4068 6320
650 352 702 391 γι

2000 334 2365 391 PROLEGOM
2374 336 2503 392 ENA
2517 378 2530 391 .

649 458 891 530 agnoscit
940 457 1188 523 Pontum,
1238 459 1363 515 ibid.
1396 472 1449 527 p.
1498 458 1621 515 182.
1655 458 1849 513 Narrat
1877 459 2105 514 Basilius
2145 462 2195 513 in
2233 466 2275 523 Α
2310 462 2590 531 aliquanto
2622 459 2722 513 fuit
2751 460 3011 531 Gregorio
3049 459 3397 516 Nazianzeno
3444 461 3536 531 (ιτ),
3564 458 3655 529 qui
3683 470 3801 513 cum
3834 455 3887 509 in

646 550 805 618 epist.
833 548 892 603 51
929 564 987 605 se
1014 564 1132 605 cum
1171 550 1352 605 multis
1385 550 1436 604 in
1483 550 1658 620 patria
1696 548 1859 603 Deum
1893 550 2207 607 timentibus

646 639 1003 695 insolabiliter
1047 640 1302 705 doluisse,
1355 641 1494 710 quod
1538 640 1761 695 Dianius
1792 640 2033 695 formulae
2065 641 2207 696 Con—

645 731 989 801 stantinopoli
1019 732 1193 787 allata:
1216 734 1657 802 subscripsisset:
1689 736 1914 800 patriam
1938 733 2209 801 appellans

646 821 798 878 Ponti
826 824 1163 879 solitudinem
1194 824 1246 878 in
1279 840 1383 894 qna
1414 833 1542 879 tunc
1575 824 1941 879 delitescebat.
1971 824 2210 893 Cumque

645 914 932 984 aliquando
984 930 1105 969 sese
1154 930 1218 969 ex
1275 916 1378 968 hac
1430 914 1718 970 solitudine
1769 918 1835 969 ad
1888 915 2207 984 Gregorium

640 1005 1041 1059 Nazianzenum
1094 1004 1409 1059 contulisset
1456 1014 1509 1059 et
1543 1008 1679 1073 apud
1732 1022 1855 1061 eum
1887 1016 2208 1070 moraretur,

644 1096 727 1148 sui
765 1094 911 1147 illum
964 1093 1159 1149 fratres
1208 1096 1490 1149 amicitiam
1542 1106 1588 1150 et
1616 1098 1838 1165 patriam
1897 1113 2207 1152 commemo-

644 1197 815 1242 rantes
846 1187 941 1256 (α),
970 1187 1131 1240 veluti
1162 1186 1447 1257 profugum
1491 1190 1774 1257 quemdam
1823 1203 2082 1245 revocare
2115 1205 2207 1244 co-

648 1279 757 1334 nati
790 1289 932 1335 sunt.
966 1277 1317 1348 Pratpositum
1340 1281 1623 1345 quemdam
1656 1295 1915 1349 pagorum
1954 1281 2006 1335 in
2041 1279 2208 1336 Ponto

643 1371 872 1439 appellat
908 1372 1094 1439 patria:
1118 1371 1485 1440 praepositum,
1516 1372 1566 1425 in
1597 1373 1757 1441 epist.
1784 1372 1872 1427 87.

715 1461 839 1515 Haec
877 1461 1177 1515 testimonia
1216 1462 1267 1515 in
1310 1464 1537 1530 speciem
1572 1464 1862 1532 pugnantia
1891 1464 1936 1517 si
1986 1463 2125 1517 inter
2151 1479 2209 1520 se

643 1552 1009 1615 Conferantur,
1068 1552 1184 1621 plus
1240 1554 1489 1622 equidem
1554 1552 1815 1623 Gregorio
1868 1550 2207 1608 Nazianzeno

646 1646 900 1707 tribuam,
948 1644 1037 1713 qui
1079 1642 1337 1698 Basilium
1372 1643 1741 1711 Cappadocem
1773 1642 2024 1712 appellat,
2057 1652 2206 1698 ante-

642 1750 802 1803 quam
830 1734 931 1787 ulla
956 1735 1002 1788 ei
1024 1735 1366 1806 necessitudo
1390 1748 1509 1786 cum
1535 1732 1867 1803 Cappadocia
1903 1734 2203 1790 intercede-

645 1838 745 1891 ret,
780 1834 974 1890 praeter
1007 1840 1124 1880 eam
1155 1839 1315 1893 quam
1349 1836 1537 1880 natura
1567 1825 1915 1881 conﬂaverat.
1960 1824 2208 1880 Nondum

639 1919 781 1973 enim
813 1919 1095 1987 episcopus
1120 1927 1238 1972 erat
1268 1926 1361 1971 aut
1388 1917 1692 1987 presbyter.
1726 1915 1947 1971 Litteris
1988 1918 2206 1986 quidem

638 2010 899 2066 Czesareze
926 2023 1142 2079 operam
1178 2009 1432 2075 dederat;
1461 2008 1556 2064 sed
1587 2008 1637 2063 id
1666 2006 1799 2061 tanti
1828 2023 1934 2064 non
1959 2018 2096 2075 erat,
2116 2023 2210 2063 cur

639 2099 925 2168 Cappadox
956 2100 1258 2153 diceretur:
1296 2098 1413 2153 aliae
1440 2099 1583 2151 enim
1620 2099 1783 2153 urbes
1811 2099 1923 2168 pari
1959 2098 2079 2167 jure
2108 2097 2209 2150 Ba-

636 2192 816 2245 silium
848 2192 948 2243 sibi
984 2191 1366 2244 vindicassent.
1398 2189 1552 2243 Aliud
1586 2204 1713 2257 ergo
1758 2205 1934 2245 causae
1968 2202 2074 2244 non
2128 2191 2206 2243 vi-

637 2280 794 2334 detur
834 2280 1103 2334 exstitisse
1141 2293 1236 2333 cur
1264 2278 1551 2349 Cappadox
1594 2278 1887 2342 diceretur,
1930 2280 2027 2334 nisi
2065 2280 2206 2349 quod

634 2371 897 2425 Caesareae
927 2369 979 2422 iu
1019 2369 1187 2423 lucem
1219 2368 1397 2424 editus
1438 2368 1630 2423 fuerat.
1659 2371 1727 2423 At
1756 2369 1964 2425 facilius
1989 2381 2070 2425 est
2110 2384 2204 2423 ex-

638 2456 837 2524 plicare
858 2472 955 2510 cur
983 2455 1205 2511 Pontum
1229 2457 1451 2525 patriam
1479 2457 1707 2526 appellet
1736 2457 1982 2521 Basilius,
2018 2472 2206 2528 quam-

638 2546 720 2601 vis
746 2557 903 2599 natus
926 2545 979 2598 in
1018 2546 1119 2599 bac
1151 2546 1367 2614 regione
1394 2559 1498 2600 non
1527 2545 1737 2601 fuisset.
1768 2546 1893 2601 Haec
1931 2549 2074 2601 enim
2110 2563 2209 2618 pa-

638 2639 740 2694 tria
768 2638 1009 2706 parentis
1036 2646 1091 2693 et
1132 2652 1355 2693 avorum
1387 2656 1401 2692 :
1443 2638 1514 2693 ibi
1564 2650 1714 2708 pater
1742 2640 2073 2694 domicilium
2107 2641 2203 2694 ha-

644 2733 839 2786 buerat
870 2749 884 2784 :
922 2731 990 2785 ibi
1018 2731 1128 2787 nati
1172 2730 1386 2787 fuerant
1412 2730 1596 2786 Basilii
1624 2730 1820 2786 fratres
1852 2748 1866 2785 :
1916 2733 1985 2787 ibi
2016 2734 2208 2788 nutrici

640 2822 862 2874 traditus
880 2820 1140 2877 alendus:
1172 2823 1242 2878 ibi
1278 2823 1450 2893 prima
1486 2822 1628 2879 illius
1661 2833 1713 2880 et
1736 2824 1949 2892 pietatis
1983 2834 2035 2879 et
2065 2824 2209 2881 litte-

638 2928 821 2969 rarum
868 2914 1115 2969 tirocinia
1153 2933 1165 2967 :
1208 2916 1280 2971 ibi
1327 2916 1521 2972 dilecta
1570 2916 1824 2983 solitudo,
1854 2917 1906 2971 in
1936 2932 2097 2986 quam
2149 2934 2208 2973 se

638 3019 936 3076 receperat.
967 3007 1069 3061 Tot
1094 3022 1220 3077 ergo
1244 3008 1551 3063 nominibus
1580 3009 1703 3062 huic
1737 3009 1853 3063 loco
1887 3009 2204 3075 obstrictus,

637 3114 743 3155 non
773 3099 1043 3154 immerito
1074 3098 1222 3153 illum
1251 3098 1429 3153 instar
1446 3097 1633 3167 patriae
1670 3098 1920 3152 habebat.
1955 3098 2044 3153 Sic
2070 3099 2203 3155 Gre-

2244 1812 2286 1866 Β

638 3190 821 3261 gorius
848 3189 1123 3261 Nyssenus
1157 3190 1358 3255 locum,
1411 3190 1464 3243 in
1517 3202 1622 3259 quo
1657 3188 2013 3259 quadraginta
2057 3204 2201 3243 mar-
2231 3168 2275 3225 (ἶ

636 3296 783 3359 tyres
830 3287 973 3357 passi
1020 3287 1253 3351 fuerant,
1295 3286 1519 3356 patriam
1556 3299 1707 3341 suam
1732 3298 1853 3340 esse
1878 3284 2028 3351 dicit,
2082 3285 2205 3353 quia

635 3386 847 3447 patrum
882 3392 1099 3431 suorum
1149 3377 1321 3445 patria
1349 3385 1490 3441 erat,
1519 3383 1647 3431 tam.
1680 3375 1769 3439 lll,
1805 3391 1858 3445 p.
1890 3374 2015 3431 500.
2059 3375 2204 3429 Idem

637 3471 689 3524 in
715 3469 956 3525 oratione
985 3471 1038 3523 in
1059 3468 1118 3524 S.
1154 3467 1500 3533 Theodorum,
1530 3483 1581 3537 p.
1605 3466 1728 3531 585,
1756 3468 2040 3521 Amaseam
2066 3467 2205 3521 illius

636 3561 862 3631 patriam
882 3569 1055 3624 vocat,
1074 3560 1218 3630 quia,
1242 3558 1507 3628 martyris,
1529 3558 1721 3628 inquit,
1751 3559 1927 3627 patria
1959 3557 2103 3611 locus
2129 3568 2205 3610 est

650 3653 928 3720 passionis.
953 3652 1090 3717 Quin
1120 3654 1282 3707 etiam
1306 3654 1419 3721 ipse
1441 3652 1668 3707 Basilius
1700 3651 2007 3707 Armeniam
2026 3650 2209 3719 appel-

639 3741 715 3795 lat
750 3744 975 3810 patriam
1014 3743 1064 3795 in
1099 3744 1257 3811 epist.
1297 3744 1421 3810 225,
1454 3759 1507 3797 η.
1546 3745 1598 3809 5,
1632 3746 1719 3797 ubi
1756 3744 1831 3797 ait
1862 3759 1921 3799 se
1943 3760 2008 3800 ex
2042 3744 2206 3797 variis

636 3834 1157 3907 peregrinationibus
1222 3836 1531 3892 redeuntem
1589 3837 1864 3891 invenisse
1923 3836 1978 3891 in
2035 3838 2206 3906 patria

637 3928 944 3990 nonnullos,
990 3928 1079 3997 qui
1136 3928 1298 3983 vitam
1360 3929 1707 3982 monasticam
1763 3924 2202 3997 profitebantur:

635 4020 830 4073 auibus
855 4019 1030 4073 verbis
1058 4019 1403 4073 Eustathium
1436 4018 1790 4074 Sebastenum
1814 4018 2082 4088 designat.
2111 4016 2207 4070 Mi-

638 4127 755 4164 rum
784 4120 963 4164 autem
995 4127 1098 4165 non
1130 4121 1212 4166 est
1242 4110 1496 4165 Basilium
1539 4109 1799 4165 Caesarea:
1830 4120 2014 4164 natum
2063 4124 2201 4177 esse,

636 4204 882 4273 quamvis
924 4204 1088 4271 ipsius
1120 4213 1267 4273 pater
1293 4204 1556 4274 praecipue
1592 4202 1645 4256 in
1669 4200 1843 4255 Ponto
1873 4200 2205 4255 domicilium

637 4301 901 4357 habuerit.
922 4296 1124 4367 Amplae
1140 4298 1285 4350 enim
1320 4294 1711 4365 possessiones,
1744 4308 1879 4363 quas
1910 4292 1963 4345 in
1999 4291 2206 4361 Cappa-

640 4395 787 4448 docia
819 4392 1069 4456 habebat,
1115 4403 1257 4459 saepe
1289 4388 1444 4442 illum
1493 4386 1793 4442 Cmsaream
1844 4392 2123 4440 traxerunt
2153 4392 2205 4437 et

638 4485 726 4538 diu
759 4485 809 4537 in
837 4484 937 4537 hac
968 4484 1100 4537 urbe
1142 4481 1517 4544 detinuernnt,
1547 4477 1696 4535 'adeo
1727 4489 1785 4531 ut
1822 4476 1966 4531 illius
1995 4484 2051 4531 et
2079 4474 2202 4527 Em»

638 4576 809 4631 metite
838 4572 1091 4643 praeclare
1150 4572 1292 4627 facta
1340 4570 1638 4641 Gregorius
1688 4572 1829 4625 inter
1872 4569 2102 4624 Pontum
2151 4576 2205 4621 et

637 4666 1032 4734 Cappadociam
1064 4664 1232 4716 divisa
1261 4662 1423 4719 fuisse
1455 4671 1680 4717 testetur
1714 4662 1813 4732 (ὁ).

708 4756 772 4810 ll.
829 4756 995 4809 Natus
1034 4764 1116 4810 est
1158 4752 1386 4808 Basilius
1434 4758 1576 4809 circa
1616 4767 1812 4807 annum
1866 4751 1996 4815 529,
2041 4750 2206 4818 idque

638 4851 771 4904 satis
790 4849 1017 4917 quadrat
1046 4864 1168 4903 cum
1204 4847 1345 4902 illius
1369 4848 1672 4902 litterarum
1702 4844 1918 4907 studiis,
1949 4857 2067 4913 qua:
2108 4854 2205 4894 an-

638 4954 707 4992 no
732 4937 836 4993 355
858 4947 1086 4993 exeunte
1113 4937 1353 4992 absoluta
1388 4938 1621 4993 fuerunt.
1661 4936 1774 4992 Non
1810 4936 1953 4991 enim
2006 4933 2207 5004 patitur

636 5028 832 5084 eximia
862 5028 1002 5083 illius
1048 5028 1242 5099 ingenii
1280 5029 1443 5091 acies,
1470 5044 1589 5098 qua:
1637 5038 1847 5082 mature
1907 5025 2207 5094 disciplinis

639 5119 946 5174 liberalibus
968 5122 1129 5189 cmpit
1159 5121 1349 5185 excoli,
1376 5130 1433 5175 ut
1461 5135 1605 5184 eum,
1630 5136 1751 5175 cum
1777 5120 1935 5175 rediit
1953 5117 2203 5184 Athenis,

636 5226 805 5265 annos
832 5220 1013 5264 natum
1051 5212 1214 5267 fuisse
1243 5212 1519 5283 plusquam
1553 5212 1741 5281 viginti
1763 5224 1969 5281 septem
2011 5208 2206 5265 existi-

636 5317 861 5358 memus.
883 5302 987 5357 Sed
1022 5302 1123 5356 alia
1144 5304 1325 5358 subest
1357 5304 1508 5375 longe
1538 5304 1760 5376 gravior
1790 5305 1949 5361 ratio.
2005 5301 2202 5358 Junior

706 5476 780 5551 (α)
939 5478 995 5551 β,
1024 5498 1076 5537 n.
1107 5480 1154 5545 1,
1184 5480 1351 5551 p.80.

708 5547 781 5615 (bl
808 5548 898 5601 0r.
932 5547 1019 5603 20.

708 5615 776 5681 (τ)
816 5617 941 5671 Naz.
974 5637 1059 5686 cp.
1088 5621 1175 5675 33.

708 5689 783 5747 td)
815 5687 936 5738 Kal.
974 5689 1043 5741 De
1070 5696 1167 5743 vim

710 5704 783 5747 td)
817 5704 936 5738 naz.
974 5704 1043 5741 ue
1070 5704 1167 5743 vim
1202 5707 1315 5743 sua.

710 5773 777 5818 (ι’)
814 5753 903 5819 lip.
946 5757 1062 5807 162.

2237 4519 2283 4577 D

2315 552 2485 607 lucem
2517 563 2669 622 patre
2691 552 2942 622 episcopo
2973 553 3148 609 editus
3172 553 3264 618 sit,
3295 553 3455 608 citius
3487 551 3633 606 nasci
3664 564 3767 603 non
3794 562 3891 616 po-

2315 642 2415 695 tuit
2442 659 2579 697 anno
2606 643 2731 705 528,
2756 658 2863 709 quo
2892 643 3060 712 ipsius
3086 652 3237 712 pater
3262 644 3544 697 ordinatus
3576 648 3679 703 est,
3704 644 3890 707 utpote

2313 746 2550 790 mortuus
2578 751 2718 790 anno
2748 735 2851 789 575
2877 747 3107 791 exeunte
3143 744 3235 789 aut
3268 737 3484 789 ineunte
3514 732 3641 795 574,
3685 727 3884 784 εωθτίο

2313 827 2379 879 tis
2401 825 2453 879 in
2494 828 2800 893 episcopatu
2850 826 3207 894 quadraginta
3263 826 3503 895 quinque
3536 822 3711 874 annis.
3764 815 3883 873 Jam

2310 932 2437 973 vero
2483 918 2800 989 Gregorium
2859 920 2909 972 in
2955 921 3266 989 episcOpatu
3308 918 3476 985 patris
3512 925 3693 968 natum
3741 925 3879 973 esse,

2308 1012 2405 1065 etsi
2435 1012 2627 1063 mirum
2663 1012 2715 1065 id
2746 1020 2801 1064 et
2825 1026 3041 1075 prorsus
3069 1011 3345 1066 insolitum
3372 1010 3603 1073 videtur,
3636 1021 3732 1059 nec
3758 1020 3881 1058 cum

2312 1104 2517 1172 legibus
2557 1102 2944 1157 ecclesiasticis
2977 1104 3129 1158 valde
3161 1116 3477 1164 consonum,
3514 1100 3660 1153 clare
3701 1106 3879 1150 tamen

2307 1173 2631 1264 perspicii'nr
2659 1208 2725 1246 ex
2761 1195 2843 1249 his
2870 1193 3113 1264 Gregorii
3142 1194 3207 1249 ad
3239 1194 3406 1248 illium
3443 1191 3620 1247 verbis
3646 1190 3722 1258 (d)
3762 1204 3774 1241 :

2448 1306 2611 1359 Οὔπω
2632 1307 2877 1378 τοσφῦτον
2906 1308 3320 1378 ἐκμεμέτρηκας
3345 1306 3475 1375 βίον,

2459 1380 2619 1440 Ὅσος
2644 1376 2823 1448 διῆλθε
2850 1377 3047 1429 Θυσιῶν
3069 1376 3188 1446 seu
3210 1376 3429 1449 χρόνος.

2468 1467 2715 1522 Nondum
2747 1478 2816 1521 tot
2849 1485 3012 1522 annos
3045 1470 3145 1521 vita
3172 1470 3424 1536 percurrit
3454 1477 3564 1526 tua.

2454 1539 2589 1605 Quot
2613 1541 2683 1591 nti
2718 1541 2771 1591 in
2799 1540 2959 1593 sacris
2989 1547 3107 1592 sunt
3116 1538 3231 1607 jam
3260 1539 3455 1607 peracti
3482 1537 3719 1592 victimis.

2305 1649 2527 1704 Frustra
2582 1648 2822 1719 Gregorii
2851 1657 2997 1704 ortus
3022 1648 3087 1703 ad
3119 1649 3318 1719 primos
3343 1650 3683 1717 episcopatus
3733 1658 3882 1698 men-

2312 1756 2398 1797 ses
2447 1742 2740 1797 referatur.
2783 1739 2860 1795 Ne
2902 1742 2979 1797 sic
3016 1742 3233 1813 quidem
3275 1741 3557 1795 diﬂicultas
3582 1740 3879 1796 minuetur.

2312 1849 2431 1888 cum
2458 1834 2751 1889 Caesarium
2789 1833 3007 1889 fratrem
3028 1833 3328 1905 Gregorius
3356 1833 3599 1887 habuerit
3622 1840 3747 1885 natu
3780 1830 3882 1883 mi-

2313 1938 2518 1978 norem.
2554 1924 2817 1980 Baronius
2838 1926 3305 1995 exaggerationem
3332 1924 3382 1975 in
3420 1922 3595 1977 verbis
3628 1920 3877 1990 Gregorii

2316 2013 2653 2081 suspicatur;
2694 2014 2789 2067 sed
2815 2015 2933 2069 sine
2966 2013 3069 2066 ulla
3096 2027 3318 2083 prorsus
3352 2011 3581 2065 ratione.
3609 2009 3878 2079 Papebro-

2312 2104 2463 2158 chius
2499 2118 2595 2173 pro
2635 2102 2835 2156 θυσιῶν
2864 2104 3141 2172 legendum
3172 2104 3391 2171 eonjicil
3413 2101 3642 2171 ἐτησίων
3678 2110 3769 2153 aut
3799 2099 3883 2161 δὶς

2313 2195 2406 2250 ιὼν
2436 2197 2558 2267 ἐμοὶ
2580 2196 2789 2267 χρόνος.
2821 2194 2925 2249 Sed
2953 2198 3121 2249 satius
3155 2205 3236 2249 est
3273 2211 3394 2249 cum
3426 2191 3770 2247 Tillomontio
3803 2190 3881 2242 fa-

2311 2289 2408 2342 teri
2452 2287 2619 2357 legem
2672 2285 3104 2342 ecclesiasticam
3148 2284 3211 2338 de
3240 2285 3568 2341 continentia
3609 2282 3885 2353 episcopo-

2312 2396 2431 2434 rum
2462 2380 2697 2434 nondum
2728 2379 2781 2434 in
2805 2379 3059 2433 omnibus
3085 2376 3304 2432 omnino
3338 2376 3594 2431 Ecclesiis
3628 2376 3882 2445 viguisse,

2310 2487 2469 2541 quam
2496 2471 2895 2539 apertissimum
2927 2469 3101 2523 locum
3135 2466 3401 2537 ejusmodi
3436 2465 3761 2533 coniecturis
3802 2474 3885 2518 at-

2314 2572 2542 2619 tentare.
2584 2560 2923 2617 Probabilior
2953 2569 3095 2615 esset
3140 2556 3466 2614 difﬁcultatis
3509 2554 3774 2610 solvenda:
3798 2570 3885 2608 ra-

2312 2654 2403 2713 tio.
2432 2654 2477 2708 si
2507 2651 2821 2721 Gregorius,
2871 2653 2963 2724 qui
3007 2667 3150 2707 anno
3186 2650 3290 2707 525
3338 2650 3645 2721 baptizatus
3674 2656 3776 2712 est,
3829 2656 3887 2699 et

2314 2749 2454 2801 inter
2502 2746 2861 2800 sacerdotium
2905 2758 2969 2797 ac
3025 2742 3298 2812 baptisma
3355 2740 3572 2810 aliquod
3625 2739 3885 2807 temporis

2310 2837 2541 2907 spatium
2576 2835 2920 2905 interposuit,
2955 2834 3007 2887 in
3030 2833 3330 2904 presbyteri
3368 2832 3535 2901 gradu
3559 2830 3663 2885 dici
3700 2837 3885 2898 posset

2312 2928 2620 2999 aliquandiu
2659 2928 3022 2988 ministrasse,
3046 2934 3100 2980 et
3127 2926 3192 2978 ad
3229 2924 3367 2979 banc
3396 2923 3712 2992 dignitatem
3744 2934 3886 2973 anno

2311 3022 2414 3077 597
2450 3020 2781 3090 pervenisse.
2816 3018 2919 3073 Sed
2966 3019 3125 3089 hujus
3159 3017 3234 3073 rei
3280 3016 3479 3071 nullum
3515 3022 3691 3069 exstat
3725 3012 3887 3066 vestio

2311 3113 2477 3183 gium.
2539 3110 2697 3165 Plura
2755 3111 2877 3165 vide
2915 3110 3055 3180 apud
3104 3107 3530 3174 Tillemontium,
3576 3114 3688 3159 not.
3743 3103 3796 3168 4,
3831 3102 3886 3156 in

2309 3202 2461 3273 Greg.
2490 3201 2630 3257 Nas.
2655 3202 2881 3257 Basilius
2904 3217 3051 3271 ergo,
3092 3200 3183 3268 qui
3217 3200 3493 3267 aliquanto
3527 3205 3650 3264 post
3676 3194 3885 3263 Grego-

2311 3293 2449 3345 rium
2498 3293 2552 3344 in
2606 3294 2779 3344 lucem
2824 3290 3000 3343 editus
3028 3297 3133 3350 est,
3174 3288 3318 3341 circa
3351 3301 3552 3340 annum
3582 3285 3688 3339 529
3728 3293 3885 3337 natus

2308 3383 2557 3448 videtur;
2604 3391 2659 3435 et
2706 3396 2826 3434 cum
2862 3393 3043 3434 senem
3073 3392 3131 3432 se
3174 3392 3295 3431 esse
3324 3376 3455 3430 dicit
3482 3375 3555 3446 (e)
3590 3390 3729 3429 anno
3754 3374 3881 3439 574,

2310 3476 2359 3529 id
2393 3490 2499 3530 non
2537 3484 2641 3529 tam
2679 3473 2821 3527 illius
2854 3471 3011 3526 annis
3040 3470 3389 3524 tribuendum
3417 3482 3577 3537 quam
3609 3477 3885 3536 perpetute

2309 3568 2522 3621 cuidam
2557 3566 2881 3631 infirmitati,
2909 3579 3029 3636 quae
3049 3564 3116 3619 ab
3142 3563 3361 3619 ineunte
3392 3569 3548 3617 aetate
3576 3558 3794 3628 incepit,
3821 3575 3886 3614 ac

2310 3666 2491 3726 postea
2534 3660 2861 3725 paenitentia:
2899 3669 2953 3714 et
3000 3657 3287 3713 sacerdotii
3328 3655 3600 3711 laboribus
3634 3662 3690 3708 et
3730 3653 3885 3709 novis

2310 3747 2812 3817 supervenientibus
2845 3747 3048 3801 morbis
3104 3748 3183 3803 sic
3240 3746 3502 3811 accrevit,
3549 3754 3607 3800 ut
3661 3746 3715 3800 in
3768 3746 3885 3815 ipso

2307 3838 2481 3894 atatis
2495 3838 2687 3892 robore
2707 3852 2870 3892 senex
2894 3837 3166 3892 videretur
3186 3835 3280 3907 (ι’),
3302 3850 3367 3890 ac
3392 3836 3642 3891 dentibus
3664 3849 3884 3892 careret

2308 3944 2481 3983 annos
2518 3939 2675 3981 natus
2705 3925 2793 3980 46.

2380 4018 2467 4073 Ill.
2490 4019 2782 4074 Paternum
2822 4030 2989 4088 genus
3026 4015 3256 4073 Basilius
3290 4029 3320 4069 c
3346 4013 3539 4079 Ponto,
3566 4022 3625 4068 ut
3650 4023 3886 4070 testatur

2308 4110 2594 4180 Gregorius
2623 4108 3001 4164 Nazianzenus
3037 4106 3133 4179 (g),
3167 4116 3467 4162 maternum
3510 4120 3574 4161 ex
3599 4105 3884 4177 Cappado-

2308 4201 2392 4256 cia
2422 4203 2663 4257 ducebat.
2709 4201 3024 4270 Quanquam
3065 4200 3360 4270 Gregorins
3402 4198 3697 4269 Nyssenus,
3748 4214 3871 4253 cum

2307 4294 2659 4363 quadraginta
2698 4302 2963 4362 martyres
3000 4293 3052 4346 in
3083 4308 3147 4349 eo
3172 4291 3287 4344 loco
3317 4289 3579 4356 laudaret,
3616 4289 3704 4344 ubi
3735 4290 3882 4357 passi

2308 4386 2539 4447 fuerant,
2579 4385 2631 4439 id
2657 4394 2735 4439 est
2762 4382 3020 4437 Sebastize
3050 4384 3103 4437 in
3138 4381 3418 4444 Armenia,
3445 4380 3585 4434 hanc
3614 4379 3879 4447 majorum

2308 4490 2526 4531 suorum
2567 4475 2795 4545 patriam
2848 4489 2967 4529 esse
3008 4482 3301 4537 asseverat,
3335 4474 3449 4527 sive
3482 4473 3607 4541 quia
3657 4470 3782 4525 inde
3827 4472 3879 4523 in

2313 4569 2538 4623 Pontum
2594 4578 2685 4621 aut
2732 4566 3125 4636 Cappadociam
3182 4566 3533 4625 transierant,
3590 4563 3701 4617 sive
3752 4566 3879 4633 quia

2311 4661 2435 4714 olim
2472 4659 2713 4714 Sebastia
2744 4659 3097 4728 Cappadocia:
3124 4659 3380 4711 attributa
3416 4665 3554 4711 erat.

2385 4751 2510 4803 Erat
2542 4760 2717 4803 autem
2749 4761 3035 4817 utrumque
3067 4749 3194 4802 illud
3225 4763 3392 4816 genus
3420 4745 3759 4807 militaribus,
3787 4759 3883 4813 pa-

2314 4840 2496 4895 latinis
2525 4850 2579 4893 et
2612 4838 3025 4906 municipalibus
3052 4837 3400 4907 dignitatibus
3437 4834 3666 4903 insigne,
3708 4850 3771 4887 ac
3800 4836 3885 4886 di-

2313 4930 2459 4985 vitiis
2500 4942 2553 4985 et
2586 4929 2803 4999 opibus,
2854 4937 2907 4983 et
2951 4928 3179 4983 excelsis
3212 4927 3417 4981 tbronis
3461 4941 3523 4981 ac
3564 4928 3882 4992 eloqttcnthe

2310 5024 2455 5077 fama
2488 5023 2692 5077 clarum
2722 5020 2835 5092 (Ιι);
2885 5022 2977 5077 sed
3018 5020 3219 5088 pietate
3267 5034 3330 5073 ac
3377 5017 3649 5089 religionis
3680 5015 3879 5080 studio,

2315 5124 2369 5169 et
2400 5114 2557 5169 rebus
2604 5128 2700 5182 pro
2749 5110 2961 5167 Christo
3013 5110 3224 5165 fortiter
3252 5110 3419 5179 gestis
3458 5109 3616 5175 longe
3660 5108 3879 5162 clarius.

2316 5204 2450 5259 Nam
2479 5216 2750 5259 maternus
2773 5202 2951 5258 Basilii
2977 5218 3108 5256 avus
3140 5204 3245 5256 vita
3282 5210 3335 5255 et
3375 5201 3528 5255 bonis
3555 5214 3649 5267 pro
3667 5201 3883 5254 Christo

2314 5295 2572 5367 spoliatus
2596 5296 2661 5349 ab
2695 5296 3017 5363 imperatore
3038 5293 3213 5349 fuerat
3249 5294 3332 5364 (ί).
3368 5292 3467 5346 Avi
3497 5302 3673 5347 autem
3709 5304 3881 5361 pater-

2378 5472 2441 5541 (ῃ
2479 5471 2574 5541 Ep.
2612 5472 2736 5525 252.

2378 5544 2449 5613 (9)
2474 5543 2565 5613 Οτι
2597 5543 2689 5596 90-

2378 5612 2453 5682 (ιι)
2488 5612 2621 5667 una.

2387 5682 2439 5751 εἰ)
2484 5682 2637 5752 Nyss.
2680 5682 2781 5736 Vit.
2817 5682 2872 5737 S.
2910 5682 3076 5735 Mirr.
3112 5694 3238 5736 tom.
3270 5681 3336 5745 ll,
3373 5700 3424 5752 p.
3465 5682 3582 5736 191.
