4068 6320
1536 349 1691 406 νιτΑ
1732 350 1766 404 S

1875 342 2087 401 ASILII.
3365 364 3433 401 vtl

208 465 253 519 ni
276 469 425 516 erant
453 460 527 514 uli
542 463 766 533 quidem
791 477 853 517 au
870 462 1045 515 omnia
1078 478 1173 534 pro
1201 462 1417 518 Christo
1446 461 1763 532 perferenda
1802 467 1837 520 Α
1871 458 2268 527 persecutionis
2306 460 2635 521 decertasse,
2673 458 2896 527 ejusque
2921 468 2971 511 et
3008 456 3182 510 mariti
3210 457 3346 511 bona
3374 462 3442 512 ul-

211 552 563 621 paratissimi;
598 556 693 610 sed
721 570 840 609 cum
885 555 1256 610 meminissent
1279 551 1595 624 Gregorium
1623 551 1767 604 Neu-

214 645 576 701 cmsariensem
611 648 664 701 in
701 645 1076 715 persecutione
1115 643 1259 697 Decii
1305 642 1596 713 (retinebat
1628 645 1768 694 enim

217 736 435 791 Macriua
476 740 621 793 illius
656 739 969 792 documenta
998 737 1095 809 (α),
1133 752 1460 806 qurecunquc
1504 735 1568 785 ad
1601 734 1769 802 ipsum

215 831 477 883 memoriae
502 829 643 881 serie
686 829 1063 893 pervenerant)
1100 836 1151 878 et
1184 824 1380 895 fugisse
1407 835 1460 877 et
1496 823 1561 876 ad
1594 822 1770 893 fugam

212 920 337 973 alios
380 921 721 972 adhortatum
765 934 923 986 esse;
959 926 1274 986 receperunt
1317 934 1373 971 se
1406 916 1456 968 in
1486 916 1770 983 quamdam

215 1008 551 1064 Ponticorum
604 1010 858 1064 montium
914 1012 1101 1065 silvam
1144 1009 1240 1079 (b),
1291 1008 1476 1078 paucis
1518 1008 1771 1061 adhibitis

215 1104 343 1167 fugae
364 1101 594 1153 consciis
621 1111 673 1155 et
702 1104 875 1159 victus
926 1102 1210 1156 ministris.
1238 1105 1293 1157 In
1329 1101 1430 1154 hoc
1466 1101 1657 1153 exsilio
1688 1114 1772 1152 se-

214 1205 350 1261 ptem
382 1205 555 1244 annos
581 1204 635 1247 et
674 1194 946 1263 aliquanto
979 1194 1209 1261 amplius
1241 1191 1340 1246 sub
1383 1191 1471 1243 dio
1502 1192 1767 1251 vixerunt,

217 1280 422 1349 pluviis,
447 1280 721 1350 algoribus
746 1295 798 1338 et
818 1282 1104 1350 frigoribus
1130 1280 1380 1350 expositi,
1414 1282 1482 1333 ab
1516 1283 1768 1334 omnibus

216 1374 331 1425 vitze
365 1378 682 1440 commodis,
720 1376 785 1431 ab
813 1374 1001 1430 amicis
1030 1386 1083 1429 et
1123 1375 1265 1428 omni
1299 1373 1575 1427 hominum
1600 1374 1771 1427 socie-

220 1474 319 1518 tate
348 1470 562 1524 remoti.
624 1469 731 1523 Sed
771 1466 1022 1523 Christus
1066 1468 1116 1521 in
1145 1480 1330 1519 eorum
1360 1462 1611 1517 solatium
1645 1481 1773 1517 mn-

216 1571 360 1612 eessa
391 1559 520 1613 olim
570 1560 828 1615 Israelitis
865 1558 1122 1612 miracula
1178 1558 1473 1609 renovavit.
1532 1559 1771 1625 Quodam

214 1652 350 1704 enirn
375 1652 461 1705 die
486 1653 755 1706 subiiteos
778 1650 1021 1705 lautioris
1047 1664 1243 1703 mensa:
1271 1650 1623 1715 desiderium;
1650 1666 1772 1703 nam

217 1745 535 1798 diuturnitas
562 1743 819 1811 temporis
846 1741 1122 1798 fastidium
1159 1744 1413 1797 attulerat
1442 1744 1772 1797 necessario-

219 1850 327 1888 rum
372 1837 638 1891 ciborum.
693 1838 762 1887 At
813 1850 1151 1906 nequaquam
1209 1838 1647 1897 mussitaverunt,
1715 1846 1772 1889 ut

218 1924 494 1987 lsra'elitre;
532 1926 625 1978 sed
653 1940 681 1977 a
710 1924 836 1988 Deo.
861 1942 1068 1981 summa
1100 1927 1239 1981 illius
1270 1928 1519 1996 potentize
1552 1926 1766 1990 fiducia,

218 2019 512 2071 suaviorem
537 2015 713 2069 cibum
740 2019 1096 2088 postularunt,
1128 2019 1209 2071 vel
1247 2033 1314 2071 ex
1346 2017 1533 2071 avibus
1560 2018 1610 2071 in
1644 2032 1772 2071 aere

218 2106 575 2171 volitantibus,
608 2108 689 2161 vel
712 2123 741 2163 e
769 2109 918 2174 feris,
953 2123 1069 2176 quae
1108 2109 1157 2159 in
1198 2107 1466 2161 montibus
1495 2108 1766 2161 errabant.

220 2195 307 2250 Vix
333 2196 492 2252 locuti
522 2210 693 2260 erant.
743 2216 861 2253 cum
899 2212 1083 2253 eorum
1120 2198 1340 2267 pedibus
1370 2199 1565 2254 accidit
1606 2199 1771 2254 obso~

218 2292 352 2346 nium
376 2306 569 2364 sponte
593 2295 851 2354 oblatum,
879 2294 1027 2347 cervi
1067 2294 1211 2348 mirae
1250 2294 1651 2365 magnitudinis,
1682 2309 1769 2349 re-

217 2396 362 2453 pente
388 2400 418 2438 e
450 2384 670 2438 tumulis
693 2394 1035 2453 apparentes,
1069 2402 1132 2440 ac
1160 2387 1511 2439 iunuentibus
1541 2401 1658 2441 sese
1680 2387 1773 2440 de-

216 2477 412 2537 dentes,
437 2487 501 2527 ex
532 2475 727 2542 quibus
743 2486 1001 2546 quantum
1028 2477 1275 2529 voluntas
1304 2476 1507 2530 ferebat
1530 2478 1771 2531 detinue-

220 2574 351 2628 runt,
391 2566 532 2635 quod
572 2576 849 2635 supererat
886 2568 936 2619 in
980 2566 1143 2619 silvas
1184 2566 1248 2617 ad
1281 2564 1422 2616 aliud
1466 2566 1769 2619 convivium

219 2657 547 2711 dimiserunt.
578 2658 653 2711 Ex
696 2660 776 2711 his
804 2657 1047 2726 Gregorii
1080 2656 1409 2711 Nazianzeni
1448 2657 1627 2711 verbis
1652 2673 1772 2725 per-

219 2750 432 2817 spicitur
462 2764 570 2803 non
604 2750 763 2803 unius
804 2748 905 2802 diei
945 2748 1125 2803 cibum
1174 2749 1276 2803 hoc
1309 2748 1568 2802 miraculo
1594 2749 1773 2818 provi-

218 2854 325 2893 sum
360 2842 439 2893 eis
483 2838 682 2901 fuisse;
715 2840 808 2894 sed
849 2840 913 2894 ad
942 2850 1144 2910 septem
1184 2840 1357 2894 exsilii
1386 2855 1557 2895 annos
1596 2840 1773 2893 minus

220 2931 488 2985 commode
515 2930 830 2984 miraculum
868 2931 1108 2985 extendit
1144 2929 1561 2997 Papebrocliius.

285 3020 402 3075 Hac
438 3033 618 3075 autem
663 3022 955 3093 contigisse
990 3031 1172 3076 narrat
1203 3022 1497 3093 Gregorius
1535 3025 1587 3075 in
1623 3031 1765 3075 atro-

1874 549 2075 605 Christi
2100 548 2489 604 confessionem
2515 551 2681 605 fuisse
2712 548 2999 616 publicata.

1943 642 2094 696 lianc
2134 640 2535 695 dimicationem
2596 641 2871 695 existimat
2919 639 3300 695 'fillemontius
3357 639 3436 691 vel

1874 736 1972 788 sub
2012 731 2304 787 Maximino
2334 732 2698 789 collocandam
2728 733 2976 800 esse,qui
3006 732 3439 799 persecutionem

1879 822 2265 893 redintegravit
2297 836 2437 876 anno
2460 820 2585 884 511,
2619 823 2807 890 paucis
2832 830 2952 890 post
2978 820 3177 875 Galerii
3209 829 3439 874 mortem

1876 920 2169 980 mensibus,
2196 916 2276 967 vel
2302 917 2400 970 sub
2426 916 2633 970 Licinio
2666 920 2756 984 qui
2799 924 3113 987 persecutus
3143 924 3225 969 est
3252 912 3440 969 Eccle-

1875 1008 2005 1063 siam
2041 1024 2183 1064 anno
2211 1006 2335 1074 59.0,
2377 1024 2439 1062 ac
2476 1007 2710 1062 maxime
2759 1011 2810 1062 in
2862 1010 3031 1065 Ponto
3065 1007 3436 1061 crudelitatem

1877 1116 2025 1155 suam
2079 1100 2346 1157 exercuit.
2382 1100 2497 1167 Quo
2545 1100 2761 1153 nomine
2810 1101 3104 1169 appellatus
3152 1099 3317 1153 fuerit
3348 1115 3440 1168 pa-

1879 1203 2059 1248 ternus
2112 1194 2199 1247 ille
2256 1205 2389 1245 avus
2450 1190 2660 1257 Basilii,
2712 1192 3005 1246 nescimus.
3053 1192 3198 1245 Avite
3246 1204 3437 1243 nomen

1876 1283 2125 1340 Macrine:
2151 1284 2269 1349 fuit,
2304 1298 2424 1354 qua:
2454 1298 2576 1337 cum
2607 1284 2862 1339 Basilium
2895 1282 3153 1337 intantem
3191 1280 3440 1337 informa-

1876 1374 2009 1427 verit
2051 1386 2105 1428 et
2159 1376 2493 1442 instituerit,
2530 1375 2740 1428 videtur
2799 1390 2971 1445 usque
3013 1376 3078 1429 ad
3110 1389 3308 1429 annum
3337 1372 3441 1425 511)

1875 1466 2087 1520 vixisse.

1943 1556 2031 1612 IV.
2066 1557 2267 1613 Horum
2322 1560 2462 1617 ﬁlius
2506 1560 2739 1615 Basilius
2767 1599 2781 1624 ,
2826 1560 2995 1613 nostri
3052 1557 3233 1612 Basilii
3266 1566 3437 1622 pater,

1875 1650 2099 1707 eximias
2125 1651 2354 1708 virtutes
2381 1666 2501 1705 cum
2531 1654 2739 1723 magnis
2761 1649 3080 1705 eruditionis
3105 1658 3159 1703 et
3180 1648 3439 1717 eloquen-

1878 1741 1963 1797 tia:
1986 1743 2319 1799 ornamentis
2350 1742 2649 1813 conjunxit.
2670 1743 2929 1798 lnclaruit
2959 1742 3101 1796 enim
3136 1742 3187 1793 in
3213 1740 3437 1808 foro(e),

1875 1848 1929 1893 et
1960 1836 2321 1907 eloquentiam
2374 1849 2582 1891 summa
2621 1833 2930 1889 celebritate
2960 1836 3010 1889 in
3038 1833 3208 1889 Ponto
3233 1832 3437 1887 docuit.

1876 1930 1980 1984 Sed
2005 1945 2211 1983 morum
2238 1930 2523 1984 sanctitate
2560 1928 2755 1983 clarior
2783 1928 3007 1985 exstitit.
3040 1930 3112 1982 ita
3145 1937 3201 1981 ut
3223 1927 3430 1996 primas

1873 2022 1920 2077 ei
1954 2022 2005 2075 in
2033 2021 2131 2074 hoc
2156 2035 2350 2090 genere
2380 2022 2526 2076 solus
2558 2020 2700 2075 filius
2740 2017 2969 2073 Basilius
2992 2018 3254 2085 eripuisse
3284 2014 3434 2066 vide-

1876 2122 2024 2169 retur
2045 2112 2140 2183 (f).
2168 2110 2339 2181 Hujus
2362 2111 2491 2166 fides
2520 2112 2777 2167 miracula
2825 2107 3154 2181 impetravit,
3187 2116 3244 2160 ut
3280 2106 3437 2158 modo

1874 2205 2195 2259 videbimus.
2228 2200 2279 2257 Is
2315 2203 2367 2256 in
2411 2203 2814 2256 matrimonium
2837 2203 2986 2257 duxit
3012 2215 3193 2270 parem
3222 2200 3438 2268 generis

1872 2307 1926 2351 et
1953 2297 2212 2351 virtutum
2260 2293 2547 2364 splendore
2596 2293 2853 2349 feminam
2877 2333 2893 2358 ,
2926 2293 3238 2349 Emmeliam
3270 2331 3285 2355 ,
3319 2304 3438 2359 quae

1875 2394 1924 2448 id
1962 2394 2103 2447 inter
2137 2390 2391 2445 mulieres
2424 2387 2540 2453 fuit,
2572 2386 2711 2457 quod
2748 2386 2979 2441 Basilius
3017 2386 3157 2439 filius
3188 2387 3329 2439 inter
3356 2385 3433 2437 vi-

1876 2498 1983 2543 ros,
2017 2491 2153 2535 teste
2185 2479 2524 2534 Nazianzeno
2554 2477 2651 2549 (g).
2689 2476 2813 2532 Haec
2836 2476 3065 2532 libenter
3091 2474 3437 2529 matrimonio

1875 2571 2235 2639 virginitatem
2268 2571 2607 2637 praetulisset.
2646 2570 2751 2625 Sed
2777 2578 2831 2623 et
2869 2578 3040 2639 patre,
3070 2582 3225 2637 quem
3261 2567 3432 2635 impe-

1875 2668 2020 2712 rator
2054 2660 2160 2711 vita
2212 2666 2268 2711 et
2324 2658 2479 2711 bonis
2513 2659 2872 2726 spoliaverat,
2906 2668 2961 2712 et
3007 2667 3178 2711 matre
3231 2657 3282 2709 in
3319 2656 3435 2724 ipso

1874 2748 2050 2804 uitatis
2079 2747 2210 2803 flore
2242 2748 2453 2814 orbata,
2487 2758 2543 2801 ut
2576 2749 2772 2802 vitaret
2812 2748 3043 2817 pericula
3073 2747 3141 2801 ob
3166 2760 3429 2801 summam

1874 2850 2206 2897 venustatem
2241 2840 2577 2895 imminentia
2603 2838 2842 2911 (plurimi
2882 2841 3023 2894 enim
3057 2838 3197 2891 illius
3224 2837 3435 2906 nuptias

1872 2934 2169 2997 ambibant,
2198 2932 2439 2987 nonnulli
2478 2932 2640 2985 etiam
2671 2942 2880 3000 raptum
2914 2929 3161 2983 meditari
3189 2928 3438 2982 videban-

1874 3029 2002 3094 tur),
2055 3026 2122 3079 ad
2154 3026 2482 3078 matrimonii
2514 3033 2725 3091 portum
2762 3022 3033 3089 confugit,
3068 3037 3131 3076 ac
3158 3023 3272 3075 viro
3321 3036 3434 3075 mo-

224 3114 425 3169 cissima
488 3116 729 3169 omnium
784 3116 1122 3183 maximeque
1180 3116 1443 3169 horrenda
1488 3114 1764 3167 Maximini
1798 3148 1840 3207 Ο
1877 3133 1991 3173 rum
2021 3117 2288 3187 gravitate
2340 3122 2580 3182 spectato
2619 3114 2784 3167 vitam
2837 3127 2988 3167 suam
3032 3113 3434 3169 custodiendam

227 3207 601 3273 persecutione,
632 3206 722 3273 qui
769 3220 890 3259 cum
932 3214 1050 3274 post
1087 3205 1266 3272 plures
1307 3205 1461 3265 alios,
1488 3205 1575 3272 qui
1611 3204 1765 3272 paulo

227 3305 336 3349 ante
374 3296 581 3349 fuerant
610 3336 625 3358 ,
664 3295 989 3363 ingruisset,
1044 3296 1253 3347 laudem
1285 3294 1363 3347 eis
1419 3293 1772 3347 humanitatis

230 3399 310 3438 sua
337 3386 656 3439 crudelitate
705 3383 1029 3437 conciliavit.
1086 3383 1176 3437 llis
1206 3384 1482 3438 coloribus
1510 3383 1655 3437 clare
1682 3383 1770 3436 de-

230 3477 444 3545 pingitur
477 3476 805 3531 Maximinus
830 3475 1118 3542 secnndus,
1146 3474 1373 3530 minime
1399 3490 1544 3540 vero,
1577 3484 1635 3529 ut
1666 3472 1770 3528 Pa-

235 3567 530 3635 pebrochius
562 3568 819 3637 opinatus
844 3578 928 3623 est
958 3610 973 3633 ,
1007 3566 1331 3620 Maximinus
1360 3566 1586 3635 primus,
1617 3566 1771 3634 cujus

234 3658 514 3723 persecutio
544 3674 646 3713 nec
679 3660 919 3713 omnium
968 3658 1341 3713 crudelissima
1390 3656 1598 3708 exstitit
1626 3695 1643 3719 ,
1676 3670 1772 3708 nec

232 3761 311 3810 per
331 3759 523 3817 septem
551 3762 761 3812 annos;
795 3764 893 3801 nec
924 3749 1056 3801 alias
1085 3746 1495 3815 persecutiones
1529 3747 1773 3814 proxime

230 3844 487 3892 subsecuta
512 3852 632 3903 est;
670 3850 1021 3907 praecesserat
1055 3838 1197 3891 enim
1236 3851 1337 3905 pax
1376 3834 1563 3904 viginti
1616 3837 1774 3903 quin-

232 3941 321 3992 que
345 3943 621 3982 annorum.
658 3926 765 3982 Sed
812 3943 931 3982 cum
977 3927 1305 3980 Maximinus
1348 3926 1617 3985 secundus
1670 3943 1772 3977 non

234 4018 511 4085 regnaverit
541 4019 592 4073 in
624 4019 797 4074 Ponto
822 4029 875 4073 et
900 4018 1025 4073 Asia
1082 4017 1283 4071 Minore
1309 4057 1323 4080 ,
1347 4018 1445 4071 nisi
1478 4033 1619 4071 anno
1648 4017 1771 4078 511,

232 4119 334 4175 post
358 4121 578 4167 mortem
610 4111 848 4177 Galerii;
903 4110 1164 4165 Baronius
1192 4110 1261 4181 (ε)
1308 4121 1363 4165 et
1396 4110 1771 4163 Tillemontius

232 4192 516 4253 existimant
558 4203 660 4254 hoc
688 4200 1001 4254 miraculum
1031 4211 1286 4269 regnante
1319 4201 1407 4253 illo
1443 4200 1493 4251 in
1534 4198 1770 4268 [Egypto

230 4297 275 4341 et
323 4288 469 4359 Syria
499 4289 831 4355 contigisse,
887 4304 949 4344 ac
1000 4305 1230 4359 proavos
1282 4290 1465 4344 Basilii
1503 4306 1644 4346 anno
1668 4291 1772 4345 304

230 4380 528 4445 secessisse,
574 4390 627 4434 et
655 4394 823 4449 usque
860 4382 927 4436 ad
965 4396 1162 4434 annum
1195 4383 1293 4436 511
1344 4384 1636 4439 delituisse.
1694 4383 1771 4437 Ex

1874 3207 2161 3263 commisit.
2208 3204 2263 3257 ln
2320 3204 2421 3257 hoc
2476 3202 2859 3265 matrimonio,
2917 3202 3055 3271 quod
3093 3218 3197 3257 non
3256 3202 3433 3256 minus

1874 3298 2089 3353 virtutis
2123 3312 2282 3368 quam
2341 3312 2625 3366 corporum
2682 3306 2842 3358 erat,
2890 3295 3086 3349 enituit
3132 3309 3431 3364 pauperum

1874 3390 2185 3445 alendorum
2227 3397 2280 3442 et
2333 3389 2605 3456 hOSpitum
2654 3386 3094 3454 excipiendorum
3148 3385 3381 3439 studium
3415 3424 3431 3449 ,

1873 3482 2064 3537 animae
2093 3481 2338 3550 purgatio
2370 3494 2464 3548 per
2508 3477 2894 3532 continentiam
2919 3516 2933 3541 ,
2965 3476 3224 3531 bonorum
3256 3478 3433 3546 portio
3486 3518 3494 3525 .

1874 3576 1986 3631 Deo
2013 3581 2348 3634 consecrata,
2395 3584 2517 3639 qua:
2542 3583 2627 3623 res
2656 3569 2842 3636 paucis
2874 3578 3002 3623 tunc
3048 3569 3308 3639 exemplis
3335 3585 3430 3624 co—

1874 3663 2022 3734 gnita
2049 3670 2203 3724 erat,
2237 3660 2361 3728 quia
2411 3660 2511 3713 sub
2565 3659 2978 3728 imperatoribus
3027 3660 3259 3714 ethnicis
3312 3670 3427 3714 tuta

1876 3770 1981 3810 non
2008 3752 2198 3808 fuisset
2220 3749 2479 3806 Ecclesiis
2510 3751 2829 3821 przediorum
2856 3754 3144 3819 possessio.
3187 3752 3309 3807 Htec
3339 3768 3435 3806 au-

1876 3858 1981 3900 tem
2011 3843 2062 3896 in
2087 3841 2356 3896 Ecclesias
2382 3852 2436 3895 et
2466 3856 2729 3911 pauperes
2775 3841 3070 3897 liberalitas
3097 3858 3433 3913 nequaquam

1872 3949 2059 3989 eorum
2112 3934 2326 3988 divitias
2355 3934 2714 3994 comminuit,
2762 3935 2853 3987 sed
2908 3934 3088 4002 potius
3147 3936 3249 3989 fide
3299 3936 3435 3989 adeo

1874 4024 2252 4094 multiplicavit
2281 4064 2295 4087 ,
2330 4034 2389 4077 ut
2416 4024 2777 4093 amplissimas
2819 4028 2870 4078 in
2919 4026 3091 4079 tribus
3143 4026 3434 4093 provinciis-

1874 4115 2239 4179 possessiones
2269 4115 2550 4167 haberent.
2587 4113 2738 4179 Quod
2761 4128 2825 4168 eo
2844 4115 3142 4171 mirabilius
3171 4122 3432 4187 est,quod

1876 4204 2149 4259 Emmelia:
2202 4206 2391 4274 patris,
2431 4204 2614 4259 Basilii
2642 4214 2924 4273 parentum
2971 4206 3105 4261 bona
3160 4209 3429 4277 publicata

1878 4298 2111 4351 fuerant.
2163 4298 2301 4363 Quin
2330 4298 2495 4351 etiam
2526 4312 2709 4351 eorum
2748 4311 2803 4350 re
2837 4297 3092 4351 familiari
3130 4298 3181 4351 in
3238 4315 3425 4354 novem

1878 4374 2059 4457 partes
2088 4405 2184 4459 pro
2212 4390 2442 4443 filiorum
2498 4403 2724 4442 numero
2755 4390 2920 4443 divisa
2950 4430 2963 4454 ,
2996 4391 3219 4455 singula:
3246 4405 3431 4462 partes

230 4468 303 4523 his
331 4483 507 4526 autem
541 4472 764 4527 latebris
816 4474 1141 4542 prodeuntes
1172 4489 1313 4528 anno
1346 4476 1470 4539 511,
1495 4485 1608 4543 post
1648 4477 1769 4529 data
1806 4494 1846 4547 ο
1879 4489 2127 4547 paternas
2148 4492 2276 4546 opes
2304 4490 2647 4546 superarunt.

230 4574 254 4613 ι
278 4559 481 4618 Galerio
512 4565 562 4617 in
588 4566 814 4633 gratiam
842 4563 1273 4619 Christianorum
1301 4566 1496 4631 edicta,
1523 4569 1772 4637 graviora

230 4650 458 4721 deinceps
502 4654 752 4707 videntur
805 4654 1036 4709 subiisse
1091 4656 1406 4711 certamina.
1472 4656 1563 4710 Ait
1625 4658 1766 4711 enim

227 4739 498 4813 Gregorius
551 4743 921 4801 Nazianzenus
965 4761 1059 4801 eos
1110 4748 1177 4800 ad
1236 4749 1601 4803 dimicandum
1652 4749 1767 4803 ala-

229 4836 410 4892 criores
436 4836 606 4891 factos
632 4850 753 4891 esse
787 4839 887 4891 hoc
918 4838 1178 4892 miracqu
1198 4879 1213 4899 .
1243 4841 1382 4906 quod
1428 4842 1506 4894 eis
1537 4841 1679 4893 hunc
1715 4842 1766 4893 in

227 4942 365 4983 usum
401 4946 428 4984 a
465 4928 575 4984 Deo
603 4942 915 4983 concessum
943 4929 1132 4985 fuerat.
1166 4930 1300 4985 Hinc
1330 4933 1490 4985 etiam
1533 4933 1608 5001 (p.
1638 4933 1763 5002 519)

230 5030 307 5070 eos
336 5033 577 5075 recenset
608 5022 745 5073 inter
769 5018 1092 5075 fortissimos
1125 5022 1384 5084 athletas,
1408 5024 1495 5091 qui
1528 5040 1648 5077 cum
1680 5039 1765 5091 pe-

232 5123 288 5161 ne
319 5091 487 5179 iisque
538 5111 603 5165 ad
652 5123 877 5165 mortem
913 5113 1323 5176 decertassent,
1376 5113 1612 5168 νὶοιοτὶυε
1660 5130 1768 5168 sute

232 5202 522 5267 superstites
577 5201 654 5272 (il)
700 5202 932 5257 fuerunt.
997 5204 1268 5271 Nyssenns
1317 5219 1445 5259 vero
1492 5207 1769 5273 conceptis

233 5292 389 5347 verbis
424 5294 500 5346 ait
532 5293 821 5349 Macrinam
848 5296 901 5348 in
941 5296 1241 5351 confitendo
1266 5296 1483 5351 Christo
1526 5309 1766 5363 tempore

294 5468 360 5537 (α)
395 5470 551 5523 Basil.
586 5486 668 5539 ep.
702 5470 833 5535 201,
870 5488 921 5526 n.
954 5472 1005 5526 6.

294 5544 358 5607 (υ)
382 5539 503 5595 Naz.
524 5556 603 5595 or.
634 5541 722 5595 20.

296 5616 360 5678 (ε)
395 5611 465 5678 Ad
500 5625 585 5662 an.
624 5611 748 5663 504.

296 5685 363 5741 (ιι)
388 5677 493 5749 Vit.
526 5678 695 5733 Maer.
728 5700 779 5749 p.
814 5682 931 5743 178,
980 5683 1093 5736 191.

300 5757 360 5817 ιε)
386 5748 529 5818 Nysa.
575 5749 678 5806 Vit.
707 5748 874 5804 λυπεῖ.
908 5768 956 5820 ιι,
990 5753 1108 5807 592.

1952 4569 2058 4623 Sed
2094 4571 2361 4638 pnecipua
2390 4569 2570 4624 Basilii
2597 4579 2647 4624 et
2684 4570 2957 4626 Emmelite
3006 4574 3193 4642 gloria,
3261 4578 3437 4646 proles

1880 4660 2107 4715 exstitit.
2156 4660 2347 4715 Decem
2399 4659 2595 4717 liberos
2650 4676 3005 4729 susceperunt
3052 4665 3149 4736 (Ii),
3205 4683 3433 4736 quorum

1881 4762 1989 4807 tres
2018 4752 2253 4822 episcopi
2302 4768 2509 4807 summa
2544 4754 2853 4807 sanctitatis
2883 4764 2935 4807 et
2968 4756 3225 4811 doctrinas
3276 4759 3435 4813 laude

1876 4844 2187 4899 ﬂoruerunt.
2218 4844 2366 4899 Unas
2398 4844 2596 4913 aliquis
2645 4861 2709 4897 ex
2745 4843 2827 4898 his
2869 4846 3049 4900 liberis
3082 4848 3294 4901 videtur
3340 4853 3435 4903 ad-

1876 4940 2091 4995 modum
2123 4941 2298 4994 infans
2328 4950 2575 4994 mortuus
2616 4958 2627 4992 :
2666 4940 2922 5009 siquidem
2976 4943 3212 4996 obeunte
3242 4944 3437 4997 marito

1878 5033 2133 5088 Emmeiia
2164 5043 2394 5101 quatuor
2423 5034 2657 5087 filiorum
2706 5044 2758 5087 et
2788 5036 3023 5103 quinque
3062 5034 3291 5087 filiarum
3324 5053 3433 5088 ma-

1873 5134 1956 5179 ter
1989 5136 2105 5179 erat
2135 5126 2222 5193 (i),
2266 5138 2563 5194 eorumque
2596 5126 2727 5179 bona
2754 5126 2806 5179 in
2845 5140 3037 5179 novem
3063 5140 3241 5194 partes
3266 5127 3429 5180 divisa

1873 5223 2015 5267 sunt.
2046 5214 2296 5268 Omnium
2347 5225 2473 5267 natu
2524 5218 2752 5269 maxima
2784 5216 2883 5269 fuit
2923 5216 2979 5269 S.
3028 5215 3282 5270 Maerina.
3316 5216 3432 5269 Pri-

1876 5320 1993 5358 mus
2041 5304 2269 5359 filiorum
2304 5304 2360 5359 S.
2404 5305 2650 5371 Basilius,
2703 5308 2972 5361 secundus
3006 5306 3323 5361 Naucratius
3365 5311 3431 5361 de

1953 5479 2019 5547 (Γ)
2045 5480 2175 5534 Naz.
2200 5496 2278 5534 or.
2304 5480 2392 5535 20.

1951 5553 2023 5617 (g)
2051 5549 2181 5603 Ibid.

1948 5622 2021 5688 (lt)
2055 5622 2202 5690 Nyss.
2258 5621 2354 5672 Vit.
2391 5621 2581 5686 Mart,
2615 5620 2735 5674 186.

1945 5690 2162 5759 (unus.
2199 5691 2465 5755 181,191.
