4094 6308
660 341 752 379 vnt
2052 317 2573 373 l‘ltttlJLCOI‘JENA.

662 460 766 511 qun
817 441 951 498 infra
1001 439 1252 495 nonnulla
1299 438 1564 501 dicentur,
1600 438 1790 493 tertius
1839 439 1897 491 S.
1928 436 2220 506 lit'cgnruts
2254 441 2291 493 Α
2328 436 2684 492 Ncocmsarcm
2714 440 2905 491 vixisse
2936 448 3252 507 argumento
3287 452 3390 507 est,
3440 447 3580 513 quod
3609 463 3666 503 sc
3723 450 3890 520 magi-

663 534 953 605 Nyssenns.
993 532 1242 587 Omnium
1298 542 1605 599 postremus
1659 528 1759 583 luit
1801 532 1856 584 S.
1895 529 2087 581 Petrus
2125 530 2219 582 Sc-

663 622 938 685 haslenus,
962 620 1051 688 qui
1076 620 1253 674 statim
1286 627 1447 687 atque
1484 617 1534 670 in
1563 618 1737 671 lucem
1772 620 1947 673 editus
1989 626 2092 680 est,
2125 634 2220 687 pa-

667 724 798 766 trem
828 712 1023 765 amisit.
1055 712 1294 777 Quatuor
1341 711 1475 763 tilias
1530 713 1826 765 honorilice
1857 709 2223 764 collocaverat

666 804 722 856 S.
755 802 1034 865 Emtnelia,
1067 801 1220 870 paulo
1248 814 1533 870 antequam
1563 802 1790 857 Basilius
1816 800 2045 854 Athenis
2082 801 2228 854 redi-

666 903 764 946 ret.
796 893 991 947 llarutn
1024 908 1086 945 ex
1126 893 1299 961 aliqua
1340 895 1630 964 progenita:
1695 893 1909 946 fuerunt
1944 891 2044 945 illa:
2082 892 2229 947 Basi-

672 984 728 1037 lii
784 986 981 1039 sororis
1049 984 1167 1038 lilia:
1192 1026 1207 1049 ,
1262 1001 1399 1056 quas
1434 985 1767 1040 Gaudentius
1798 983 1872 1054 (α)
1908 984 2227 1039 Caesariensi

668 1077 994 1133 monasterio
1041 1077 1317 1145 praefuisse
1351 1088 1595 1132 testatur.
1631 1076 1774 1132 Inter
1802 1078 2230 1146 consanguineos

668 1171 846 1226 Basilii
881 1170 1083 1224 eminet
1141 1172 1385 1240 inprimis
1431 1179 1657 1237 patruus
1694 1169 1809 1239 ejus
1842 1170 2139 1237 Gregorius
2178 1173 2227 1225 in

669 1262 1003 1331 Cappadocia
1066 1265 1349 1331 episcopus
1377 1301 1391 1322 ,
1430 1263 1519 1331 qui
1572 1280 1692 1317 cum
1737 1264 1835 1331 ipsi
1883 1278 1943 1315 ac
1970 1262 2230 1317 fratribus

669 1355 907 1424 parentis
942 1355 1058 1411 loco
1081 1357 1395 1418 exstitisset,
1422 1367 1607 1425 postea
1641 1370 1760 1409 cum
1810 1356 2056 1424 pluribus
2111 1357 2231 1408 aliis

667 1444 1016 1515 Cappadocia:
1050 1448 1312 1517 episcopis
1358 1446 1471 1515 ejus
1519 1447 1844 1500 ordinationi
1897 1448 2225 1501 iutercchit.

666 1539 938 1610 Cognatos
992 1540 1219 1594 Basilius
1272 1539 1461 1593 habuit
1508 1537 1787 1592 Atarbium
1839 1536 2233 1591 Neocarsariett-

668 1645 804 1696 sem,
864 1631 1126 1686 Soranum
1157 1630 1398 1701 Scythici
1456 1629 1640 1685 limitis
1668 1632 1877 1691 ducem,
1913 1643 1963 1680 et
2019 1628 2231 1680 Preme-

669 1723 838 1788 nium,
870 1739 1025 1794 quem
1054 1722 1315 1777 Satalcnsi
1351 1722 1602 1777 Ecclesiae
1627 1724 1934 1790 episcopum
1970 1721 2113 1772 dedit
2134 1718 2230 1789 (ὁ),

2328 539 2473 583 stros
2503 532 2878 599 mysteriorum
2909 540 2960 581 et
2985 546 3164 597 patres
3189 532 3493 600 spiritualcs
3526 540 3772 595 habuisse
3803 542 3885 596 di-

2330 619 2399 670 cit
2436 621 2532 689 (g),
2565 618 2895 687 Gregorium.
2947 637 3205 675 summum
3256 622 3403 674 illum
3441 626 3605 678 virum
3640 641 3686 682 et
3732 646 3883 701 φιυι-

2328 722 2450 781 quot
2481 723 2594 782 post
2628 729 2745 766 eum
2779 715 2887 767 sedi
2914 714 3194 781 episcopali
3226 716 3578 780 succedentes,
3610 722 3743 773 alius
3774 735 3885 788 pos!

2329 806 2489 856 alium
2519 804 2670 858 veluti
2698 807 2861 859 stellie
2896 804 3136 875 quwduttt
3168 810 3478 867 οῖσι-ἔθηκε,
3516 808 3699 860 iisdem
3736 816 3889 866 vestis

2330 899 2426 965 giis
2466 899 2785 952 institerunt.
2826 899 2966 953 Inter
3001 899 3097 951 hos
3131 898 3379 969 Gregorii
3414 915 3756 955 successores
3785 921 3884 955 tut-

2330 1001 2503 1045 mcrat
2535 994 2673 1046 haud
2704 990 2863 1044 dubie
2897 992 3196 1046 Illusooium
3228 1032 3242 1055 ,
3278 994 3781 1062 przcstantissitnuut
3811 997 3889 1046 vi-

2332 1096 2489 1142 rum,
2526 1084 2613 1136 cui
2674 1084 2828 1151 longe
2887 1083 3164 1139 dissimilis
3213 1086 3470 1140 Atarhins
3526 1094 3887 1141 successerat.

2332 1172 2498 1227 Porro
2550 1186 2773 1231 catteros
2819 1176 3038 1242 quidem
3095 1176 3374 1244 episcopos
3433 1179 3892 1235 Neocaesarienses

2332 1266 2452 1317 avia
2496 1277 2751 1322 narrante
2785 1270 3032 1334 cognovit
3060 1267 3326 1330 Basilius;
3374 1278 3426 1321 at
3457 1272 3756 1326 Musonium
3796 1286 3891 1341 per

2333 1370 2391 1409 se
2422 1356 2536 1424 ipse
2562 1373 2693 1427 puer
2719 1360 2926 1412 videtur
2957 1360 3208 1413 andiisse.
3242 1356 3290 1412 ls
3318 1362 3460 1413 enint
3491 1376 3613 1415 cum
3646 1373 3894 1417 mortuus

2333 1446 2402 1500 sit
2434 1462 2575 1500 anno
2596 1450 2701 1504 568
2732 1459 2823 1504 aut
2858 1448 2983 1511 569,
3033 1466 3132 1504 non
3161 1452 3443 1504 admodum
3476 1466 3663 1517 senex,
3694 1455 3891 1508 docere

2335 1553 2441 1593 non
2474 1541 2646 1607 putuit
2678 1540 2972 1595 Macrinam
3001 1577 3015 1601 ,
3043 1555 3160 1605 qute
3201 1542 3251 1595 in
3278 1540 3382 1594 alia
3412 1541 3635 1595 dioecesi
3667 1541 3897 1609 degebat

2336 1647 2439 1685 non
2465 1631 2632 1684 multo
2668 1642 2787 1699 post
2818 1645 3011 1685 annum
3052 1631 3176 1695 550,
3204 1647 3392 1701 nempe
3425 1633 3476 1687 in
3508 1633 3600 1687 illo
3631 1647 3769 1703 pago
3802 1633 3893 1685 tthi

2335 1718 2589 1773 Basilium
2622 1721 2889 1772 educavit.

670 1814 981 1881 Palladiam,
1014 1829 1172 1883 quam
1209 1824 1319 1867 tum
1357 1816 1425 1871 ob
1456 1788 1700 1883 egregios
1753 1827 1952 1877 mores,
1987 1822 2095 1863 tuzn
2159 1813 2226 1865 ob
2266 1788 2305 1843 Β
2406 1811 2720 1865 Translatus
2752 1810 3150 1863 Neoca-sarcatn
3190 1811 3418 1867 Basilius
3449 1813 3652 1867 invenit
3690 1814 3739 1866 iu
3768 1811 3892 1866 Eut-

669 1905 1187 1976 consanguinitatetu
1224 1906 1278 1959 in
1342 1905 1528 1957 matris
1586 1902 1700 1957 loco
1737 1902 2103 1966 reverebatur,
2174 1913 2232 1957 ut

670 1995 784 2063 ipse
817 2006 1043 2051 testatur
1075 1997 1125 2050 in
1149 1998 1304 2065 epist.
1340 1998 1463 2050 1'57.

743 2087 803 2141 V.
841 2090 934 2143 His
971 2098 1117 2143 ortus
1142 2089 1451 2157 parentibus
1476 2084 1722 2149 Basilius,
1753 2097 1911 2153 quem
1944 2085 2233 2154 Gregorius

672 2184 839 2234 l’ratcr
863 2195 981 2233 cum
1009 2178 1256 2231 Samuelc
1292 2180 1342 2230 in
1372 2192 1435 2231 eo
1467 2185 1741 2246 comparat
1771 2175 1867 2246 (c),
1893 2178 2034 2245 quod
2064 2185 2119 2228 ttt
2148 2175 2233 2227 ille

672 2272 883 2333 matris,
917 2271 985 2324 ita
1014 2269 1113 2323 istc
1136 2269 1304 2338 patris
1346 2269 1594 2337 precibus
1620 2283 1650 2322 a
1683 2268 1790 2323 Deo
1813 2283 2099 2324 concessus
2125 2268 2232 2320 luc-

677 2363 764 2415 rit.
802 2362 998 2417 Eadcm
1026 2363 1191 2431 patris
1220 2360 1323 2414 lidc
1353 2376 1420 2414 ex
1468 2360 1647 2414 lctbali
1694 2362 1879 2413 morbo
1906 2360 2085 2413 iulans
2113 2372 2231 2411 ere-

672 2464 797 2523 ptus
841 2464 956 2521 est;
1008 2470 1129 2509 cum
1170 2453 1419 2508 Christus
1470 2453 1608 2521 patri
1641 2452 1693 2505 itt
1733 2452 1937 2505 somnis
1961 2452 2104 2503 visus
2152 2446 2231 2501 di-

678 2550 845 2600 xisset
877 2586 889 2609 ,
922 2545 1127 2599 utolim
1166 2544 1351 2612 regulo
1400 2543 1813 2611 Capharnaitaa,
1878 2539 2034 2602 Vade,
2081 2539 2226 2606 ﬁlius

669 2650 789 2691 tuus
817 2636 958 2690 vivit.
994 2632 1180 2703 Reguli
1216 2634 1373 2686 [idem
1409 2632 1649 2686 imitatus
1697 2630 1927 2685 Basilius
1955 2631 2124 2683 lilium
2151 2632 2231 2684 in-

669 2728 931 2783 columem
966 2727 1181 2795 recepit.
1211 2722 1326 2779 Non
1359 2725 1410 2778 in
1431 2722 1770 2793 Cappadocia
1794 2723 2027 2777 nutritus
2070 2721 2227 2777 Basi-

671 2820 770 2873 lius
801 2819 878 2889 (ά)
900 2859 914 2883 ,
955 2819 1047 2874 sed
1099 2819 1151 2873 in
1206 2817 1440 2887 quodam
1470 2832 1607 2887 pago
1641 2857 1656 2881 ,
1685 2830 1845 2884 quem
1874 2824 2125 2883 parentes
2179 2818 2232 2867 itt

670 2911 840 2968 Ponto
863 2911 1224 2982 possidebant.
1266 2908 1530 2981 Regenda:
1559 2907 1796 2962 infantia:
1836 2907 2017 2961 Basilii
2044 2920 2231 2959 cru-am

672 3005 907 3075 suscepit
932 3005 1277 3059 ornatissima
1302 3003 1522 3067 femina,
1553 3002 1671 3056 avia
1706 3000 1969 3065 Macrino,
1994 3016 2057 3055 ac
2085 3008 2235 3054 tene-

672 3112 744 3149 ra:
791 3097 955 3149 menti
1011 3110 1159 3151 sanze
1212 3094 1468 3149 doctrinae
1522 3094 1727 3150 semina
1781 3092 2071 3155 mandavit,
2115 3107 2233 3163 qua:

672 3188 813 3241 nulla
843 3202 1077 3254 unquam
1104 3195 1401 3255 temporum
1430 3187 1800 3241 vicissitudine
1821 3187 2233 3252 itnmutata,sed

672 3289 825 3335 aucta
850 3292 1060 3347 semper
1082 3287 1135 3331 et
1162 3277 1378 3331 exculta
1414 3276 1855 3345 prmelarissimos
1896 3278 2107 3331 fructus
2137 3292 2234 3330 ex-

677 3376 931 3429 tulerunt.
977 3371 1262 3443 Permagni
1298 3372 1558 3425 intererat
1588 3369 1666 3423 sic
1698 3367 1903 3422 institui
1944 3366 2231 3429 Basiliutn,

675 3484 779 3521 non
831 3468 1002 3522 solum
1038 3477 1097 3520 ut
1142 3467 1422 3520 veritatem
1468 3473 1677 3517 mature
1703 3459 2037 3515 combiberet
2067 3498 2082 3520 ,
2138 3457 2234 3511 sed

671 3559 831 3611 etiam
884 3566 943 3611 ut
987 3557 1272 3611 calumniis
1332 3556 2026 3609 inimicorumoccurreret.
2065 3549 2235 3616 Quid-

678 3647 805 3715 quid
838 3647 979 3700 cnitn
1011 3661 1039 3698 a
1065 3646 1401 3699 sanctiSsima
1452 3644 1537 3695 illa
1580 3642 1803 3696 muliere
1846 3650 2148 3710 acceperat,
2206 3656 2235 3694 a

675 3738 935 3808 Gregorio
965 3733 1379 3791 Neocaasariensi
1433 3733 1708 3799 accepisse
1739 3731 2042 3793 videbatur,
2078 3746 2235 3799 quem

674 3831 763 3883 illa
788 3830 867 3883 sic
891 3828 1121 3891 colebat,
1158 3834 1213 3879 ttt
1238 3823 1417 3879 omnia
1468 3820 1611 3875 illius
1656 3820 1842 3881 verba,
1895 3834 2237 3888 quaecunque

675 3920 741 3973 ad
767 3918 936 3987 ipsam
962 3917 1099 3970 serie
1139 3914 1409 3969 memoria:
1438 3919 1819 3981 pervenerant,
1856 3918 2114 3961 accurate
2146 3923 2231 3961 re-

677 4012 872 4065 tineret
912 4007 1004 4079 (e).
1038 4004 1131 4061 llis
1178 4020 1236 4061 se
1290 4004 1519 4059 Basilius
1550 4002 1615 4056 ab
1646 4015 1708 4055 ea
1769 4000 2029 4053 imbutum
2074 3996 2240 4050 fuisse

678 4111 908 4158 testatur
955 4101 1007 4155 in
1044 4099 1199 4169 epist.
1229 4096 1355 4160 204,
1385 4094 1569 4149 ethoc
1631 4092 1733 4148 telo
1770 4089 1983 4160 repellit
2032 4090 2241 4145 inustas

683 4195 804 4251 lidei
839 4208 949 4249 sua;
984 4191 1405 4246 criminationes.
1442 4186 1533 4242 Sic
1560 4187 1721 4240 etiam
1750 4186 1800 4236 itt
1854 4198 1938 4253 ep.
1968 4182 2074 4236 29.5
2109 4182 2239 4235 etin

686 4286 946 4357 proccmio
1005 4282 1310 4337 Moralium.
1363 4278 1592 4333 Haeresis
1642 4278 1840 4331 Ariatta
1872 4318 1886 4341 ,
1942 4292 2059 4345 qua:
2119 4287 2243 4329 tunc

681 4379 1045 4447 grassabatur,
1075 4390 1259 4427 curant
1297 4370 1567 4440 injiciebat
1594 4369 1877 4424 catholicis
1904 4368 2237 4436 parentibus,

679 4478 735 4522 ut
774 4478 981 4522 mature
1012 4466 1238 4520 liliorum
1279 4465 1486 4518 animos
1512 4463 1923 4518 communirent.

751 4562 826 4615 Eo
864 4570 1042 4614 autem
1095 4556 1387 4611 mirabilius
1432 4554 1612 4607 Basilii
1651 4553 1703 4608 itt
1745 4554 1824 4606 lllS
1882 4553 2241 4622 percipiendis

682 4654 1015 4709 documentis
1062 4664 1285 4705 acumen
1337 4656 1392 4703 et
1451 4648 1501 4699 iu
1548 4646 1845 4701 retinendis
1905 4647 2245 4708 constantia,

683 4747 819 4816 quod
845 4746 943 4800 sub
979 4744 1097 4796 avia
1134 4743 1269 4796 ultra
1318 4749 1554 4794 teneram
1610 4737 1896 4792 infantiam
1952 4753 2054 4791 non
2122 4736 2239 4789 luit.

686 4840 818 4891 Nam
849 4837 932 4890 ubi
964 4835 1191 4903 priutum
1230 4832 1423 4886 litteris
1444 4830 1747 4885 ediscendis
1776 4830 2003 4883 idoneus
2033 4828 2148 4892 fuit,
2176 4842 2239 4878 cx

685 4931 817 4983 avia:
846 4928 1090 4982 manibus
1120 4926 1186 4979 ad
1234 4925 1403 4993 patris
1451 4922 1784 4991 disciplinam
1833 4922 2098 4983 transiit,
2150 4921 2239 4987 qui

686 5019 1011 5075 rhetoricam
1040 5031 1229 5084 magna
1259 5013 1571 5069 celebritate
1600 5014 1651 5067 in
1684 5011 1858 5065 Ponto
1896 5011 2123 5065 docebat
2150 5012 2238 5079 (ι),

684 5126 858 5180 neque
896 5110 997 5163 ltoc
1039 5121 1230 5160 munus
1258 5106 1309 5157 itt
1351 5120 1487 5174 pago
1514 5144 1527 5167 ,
1567 5103 1653 5156 ubi
1686 5103 1943 5155 educatus
1987 5100 2241 5164 Basilius,

684 5216 873 5271 gerere
906 5200 1099 5268 potuit,
1128 5198 1220 5251 sed
1250 5198 1303 5250 in
1343 5211 1533 5265 magna
1572 5195 1748 5263 aliqua
1780 5193 1937 5256 urbe,
1968 5203 2149 5261 atque,
2190 5202 2245 5243 ttt

688 5289 974 5346 verisimile
1022 5299 1147 5355 est,
1180 5288 1557 5342 Neoczesarcte.
1615 5287 1870 5341 Basiliunt
1924 5285 2237 5355 a|iquaudiu

759 5468 831 5539 (rt)
856 5470 1049 5523 Homil.
1080 5469 1163 5522 l7.

755 5538 828 5610 (υ)
866 5541 958 5610 Ep.
992 5539 1111 5610 155,
1142 5538 1276 5610 ius.
1303 5538 1417 5590 lO‘z.

756 5607 823 5679 (ε)
850 5607 1001 5678 Nyss.
1041 5609 1108 5660 De
1132 5607 1295 5679 Busil.
1330 5624 1378 5673 p.
1411 5608 1514 5661 ’292

755 5677 831 5747 (d)
863 5677 954 5746 Ep.
985 5679 1047 5731 δῖ
1072 5677 1266 5733 etZlU.
1308 5696 1354 5728 tt.
1393 5681 1435 5729 ι.

760 5764 827 5817 μη
862 5750 956 5813 εει.
992 5747 1114 5809 aut,
1156 5764 1205 5799 ιι.
1242 5750 1292 5797 o.

2338 1905 2495 1958 melia
2531 1910 2699 1956 matre
2723 1902 2947 1955 alteram
2977 1902 3289 1957 Macrinam.
3328 1905 3458 1959 Nam
3509 1905 3575 1960 ab
3597 1920 3657 1958 ea
3684 1920 3901 1973 quoque

2336 1997 2653 2053 catholicam
2710 1997 3004 2052 doctrinam
3066 1997 3337 2063 accepisse
3386 2015 3445 2053 se
3496 1999 3755 2066 gloriatur
3796 1998 3896 2067 (lt).

2336 2090 2453 2159 Ipse
2480 2092 2642 2143 etiaut
2674 2102 2827 2159 pater
2858 2105 3077 2158 operam
3117 2103 3268 2141 suam
3302 2091 3623 2160 adjungebat
3657 2093 3809 2145 uxori
3838 2094 3892 2144 ιιι

2338 2183 2665 2235 instituendo
2691 2184 2753 2235 ad
2791 2185 3042 2251 pietatem
3075 2183 3181 2238 lilio
3230 2180 3326 2253 (i);
3356 2181 3448 2235 sed
3480 2182 3621 2237 illius
3657 2185 3899 2238 animum

2335 2274 2645 2326 liberalibus
2676 2275 2972 2342 tllStIlplllllS
3009 2278 3248 2330 imbuere
3280 2275 3554 2343 proprium
3587 2290 3741 2328 suum
3779 2292 3893 2328 mu-

2335 2380 2433 2417 nus
2471 2379 2591 2417 esse
2624 2365 2871 2426 ducebat,
2902 2368 2979 2418 vir
3010 2381 3235 2434 utraque
3266 2366 3420 2421 laude
3480 2366 3532 2419 itt
3591 2363 3762 2417 Ponto
3792 2380 3893 2417 ex-

2333 2456 2552 2519 cellens,
2591 2465 2642 2509 et
2674 2456 2871 2524 pietate
2920 2465 2974 2508 et
3012 2459 3337 2523 eloquentia.
3372 2458 3484 2513 Sub
3546 2468 3697 2512 tanto
3729 2456 3904 2524 magi-

2339 2561 2452 2604 stro
2507 2549 2730 2603 mirilice
2777 2549 3004 2617 profecit
3046 2549 3306 2614 Basilius;
3342 2552 3431 2605 sed
3464 2568 3583 2606 cum
3622 2568 3743 2607 eum
3781 2552 3904 2606 nul-

2336 2642 2440 2697 lius
2470 2642 2545 2695 rei
2585 2651 2860 2711 espertem
2915 2655 3033 2693 esse
3061 2648 3351 2707 oporteret.
3381 2651 3437 2694 ut
3476 2643 3553 2695 ait
3600 2642 3901 2711 Gregorius

2336 2733 2737 2795 Nazianzenus,
2792 2733 2842 2785 itt
2903 2732 3037 2785 alias
3071 2731 3372 2800 provincias
3415 2732 3665 2795 ntittitur,
3700 2742 3757 2784 ut
3785 2730 3903 2782 γυι-

2337 2834 2393 2878 ιιι
2427 2839 2554 2891 apes
2586 2840 2647 2877 ex
2677 2825 2841 2876 variis
2876 2823 3115 2886 ﬂoribus,
3163 2824 3242 2877 sic
3268 2824 3378 2891 ipse
3402 2836 3466 2875 ex
3502 2822 3667 2876 variis
3727 2822 3897 2891 magi-

2337 2917 2465 2971 stris
2489 2914 2765 2968 utilissitna
2800 2929 3024 2983 qumque
3057 2915 3373 2983 perciperet.
3397 2912 3529 2967 Ilinc
3562 2927 3681 2967 eum
3718 2912 3901 2967 Cres-a—

2337 3023 2447 3070 rea,
2469 3023 2533 3061 ac
2557 3008 2747 3061 deinde
2772 3006 3286 3077 Constantinopolis,
3322 3016 3377 3062 ct
3431 3007 3643 3061 tandem
3672 3007 3898 3060 Athena:

2342 3102 2662 3157 habuerunt.

2412 3192 2498 3248 Vl.
2523 3192 2626 3247 Sed
2657 3201 2774 3245 utra
2803 3190 3054 3244 Basilium
3090 3190 3337 3245 habuerit
3364 3190 3627 3251 Caesarea,
3656 3203 3773 3256 qum
3796 3188 3903 3243 sita

2341 3294 2421 3338 est
2446 3287 2495 3337 itt
2524 3283 2876 3351 Cappadocia,
2903 3298 2967 3335 an
2997 3297 3115 3350 qua:
3148 3282 3199 3335 in
3227 3280 3529 3345 Palmstina,
3558 3295 3749 3349 magna
3776 3294 3904 3333 sen-

2344 3378 2628 3427 tcutiarum
2659 3376 2917 3428 varietate
2955 3375 3265 3443 ambigitur.
3316 3372 3492 3428 Multis
3536 3373 3782 3442 partibus
3812 3373 3899 3424 vi-

2341 3466 2495 3516 detur
2525 3462 2854 3530 praeferenda
2906 3480 3091 3518 eorum
3136 3466 3339 3530 opinio,
3369 3466 3457 3527 qui
3490 3465 3743 3519 Basilium
3788 3466 3908 3519 Cre-

2344 3567 2509 3606 sarea:
2539 3552 2591 3605 itt
2616 3552 2948 3620 Cappadocia
2988 3555 3183 3606 litteris
3212 3570 3429 3622 operam
3458 3557 3667 3609 dedisse
3692 3557 3901 3608 volunt.

2345 3645 2397 3698 1ο
2438 3643 2663 3697 Basilius
2686 3653 2833 3713 optat
2868 3644 2918 3696 itt
2948 3647 3106 3713 epist.
3134 3642 3200 3696 δι
3252 3654 3307 3695 ιιι
3336 3642 3652 3711 Hesychius,
3686 3646 3901 3713 quicum

2345 3752 2403 3792 se
2435 3738 2614 3791 multis
2639 3738 2799 3791 rebus
2852 3736 2918 3789 ab
2967 3737 3123 3790 initio
3163 3736 3507 3803 eoujunctutn
3558 3736 3720 3791 fuisse
3746 3739 3903 3800 dicit,

2352 3830 2638 3897 aliquando
2669 3830 2733 3881 ad
2771 3828 3021 3897 antiquos
3056 3828 3336 3898 utriusque
3366 3829 3507 3882 lares
3553 3844 3610 3881 se
3636 3828 3900 3882 conferat.

2344 3917 2637 3985 Autiquum
2664 3917 2791 3969 illud
2815 3915 2998 3969 Basilii
3031 3926 3085 3969 et
3114 3915 3359 3985 llesychii
3386 3917 3711 3969 domicilium
3760 3918 3905 3969 aliud

2343 4023 2462 4062 esse
2485 4023 2587 4061 non
2635 4018 2809 4076 p0!cst
2848 4023 3008 4074 quam
3045 4008 3314 4069 Cazsarea,
3350 4008 3487 4059 unde
3518 4009 3781 4061 scribebat
3807 4007 3907 4059 Βῑι-

2344 4098 2495 4151 silius
2526 4137 2539 4160 ,
2580 4112 2679 4151 nec
2714 4098 2854 4151 aliud
2905 4108 3114 4163 tempus
3139 4097 3399 4165 assignari
3437 4108 3629 4165 potest,
3655 4113 3759 4163 quo
3790 4112 3908 4150 sese

2345 4188 2603 4243 Ctesarete
2627 4188 2896 4246 noverint.
2926 4186 3026 4241 nisi
3061 4202 3179 4239 cum
3214 4196 3437 4256 uterque
3463 4187 3655 4240 litteris
3685 4202 3904 4254 operam

2346 4284 2514 4337 daret.

2413 4374 2473 4427 2°
2524 4372 2715 4426 Narrat
2743 4370 3037 4440 Gregorius
3082 4370 3456 4424 Nazianzenus
3490 4370 3557 4439 (j)
3584 4385 3640 4423 se
3679 4380 3729 4421 et
3760 4368 3879 4422 Ba-i

2275 4470 2318 4526 ι)
2348 4467 2495 4527 littm,
2523 4463 2680 4515 veluti
2704 4463 2909 4529 ﬂuxum
2938 4464 3209 4529 quemdam
3241 4460 3496 4528 ﬂuminis,
3525 4476 3587 4512 ex
3612 4459 3786 4512 eodem
3810 4480 3872 4523 δέη
3898 4491 3909 4499 ι

2344 4560 2455 4611 tria:
2494 4557 2635 4625 fonte
2669 4557 2720 4606 in
2768 4555 2998 4605 diversas
3049 4555 3281 4621 regiones
3331 4553 3584 4605 doctrina!
3628 4553 3855 4619 cupidini
3882 4568 3909 4603 e

2346 4649 2622 4705 dissectos,
2655 4660 2858 4704 rursus,
2896 4642 3029 4696 velut
3078 4657 3140 4694 ea:
3169 4641 3450 4705 composito
3478 4682 3492 4705 ,
3530 4639 3637 4693 Deo
3676 4638 3908 4691 videlicet

2347 4743 2422 4790 ita
2463 4736 2754 4804 impellente
2786 4775 2799 4798 ,
2840 4734 3054 4787 Athenis
3112 4732 3345 4784 coivisse.
3396 4728 3629 4799 Uterque
3680 4744 3809 4797 ergo
3856 4736 3906 4782 ιιι

2347 4830 2684 4898 Cappadocia
2714 4828 3029 4894 conjunctus
3072 4824 3269 4885 fuerat,
3314 4836 3538 4889 Uterque
3568 4823 3688 4875 inde
3720 4822 3770 4873 itt
3816 4837 3908 4871 νη-

2350 4923 2455 4973 rias
2487 4920 2732 4987 regiones
2765 4916 3057 4986 profectus,
3113 4930 3217 4967 nou
3262 4915 3396 4967 alter
3428 4931 3457 4967 e
3487 4913 3679 4976 Ponto,
3720 4912 3856 4965 alter
3883 4931 3911 4964 e

2344 5010 2699 5078 Cappadocia.
2756 5010 2929 5077 Atque
2983 5008 3031 5059 id
3087 5007 3440 5058 coulirmatur
3495 5015 3602 5056 tttnt
3660 5002 3905 5073 Gregorii

2346 5102 2646 5172 presbyteri
2674 5099 2998 5157 testimonio,
3036 5098 3122 5163 qui
3161 5095 3480 5164 Gregorium
3509 5092 3907 5147 Nazianzenuut

2348 5202 2629 5253 utramque
2652 5188 2955 5243 Caesaream
2987 5187 3284 5238 studiorum
3308 5200 3465 5238 causa
3499 5186 3716 5252 petiisse
3743 5194 3910 5237 testa-

2349 5294 2471 5348 tur;
2507 5291 2615 5335 tttttt
2643 5281 2813 5350 ipsius
2839 5279 2996 5332 etiam
3028 5276 3271 5347 Gregorii
3304 5277 3656 5340 Nazianzeni,
3689 5275 3776 5345 qui
3809 5274 3909 5326 Ba-

2416 5460 2481 5528 (f)
2520 5457 2645 5511 Naz.
2681 5475 2759 5514 or.
2798 5458 2901 5521 20;
2930 5458 3081 5529 Nyss.
3126 5455 3224 5509 Vit.
3263 5454 3457 5519 Much,
3497 5452 3617 5508 192.

2417 5535 2489 5599 (9)
2534 5530 2775 5595 Ep.'.‘.O~l,
2822 5546 2873 5581 tt.
2914 5531 2964 5582 2.

2416 5607 2491 5668 ut)
2521 5600 2613 5666 Ep.
2645 5599 2772 5665 225,
2808 5616 2859 5650 ιι.
2892 5600 2943 5651 5.

2420 5670 2479 5733 (ὁ)
2510 5670 2630 5719 λιι.
2668 5684 2747 5725 cr.
2794 5669 2873 5722 2U.

2422 5740 2480 5807 li)
2514 5743 2603 5791 Ur.
2641 5739 2725 5795 ἐϋ.
