4094 6308
1550 404 1706 459 \‘lTA
1749 410 1765 458 ἓ

1873 402 2107 454 ΞᾹΞΗΜ.
3394 410 3447 450 ῐῖ(

222 532 392 585 sum".
440 524 545 580 sibi
607 524 819 595 plenius
870 523 1098 579 Athenis
1129 525 1409 595 cognitum
1441 526 1603 581 fuisse
1629 526 1777 586 dicit,
1811 529 1852 581 Α
1886 521 2201 573 cherrimam
2234 520 2434 588 ipsique
2459 517 2683 573 maxime
2725 517 2987 585 propriam
3013 515 3279 580 eripuerit.
3306 512 3445 566 Nam

221 632 336 666 Illlll
364 624 525 667 antea
554 613 765 685 ignotus
790 629 892 668 non
920 613 1125 670 fuisset.
1162 615 1293 670 Sese
1317 628 1492 672 autem
1521 615 1647 670 alibi
1676 632 1777 670 non

220 707 463 758 tidentur
492 709 730 771 acvisse,
758 722 917 775 quam
944 708 996 761 iu
1026 708 1385 780 Cappadocia.

284 798 340 850 5⁸
370 798 575 854 Scribit
612 798 842 854 Basilius
865 800 915 852 in
948 804 1105 871 epist.
1134 802 1195 855 51
1232 817 1289 855 se
1336 819 1363 855 a
1402 804 1574 873 prima
1624 812 1779 857 tetate

220 892 474 945 nutritum
513 893 683 946 fuisse
708 891 760 945 in
791 908 973 947 amore
1001 896 1171 950 Dianii
1204 895 1437 967 episcopi
1483 896 1773 950 Caesarien-

217 983 321 1044 sis,
358 992 415 1036 et
470 982 846 1037 considerasse
892 999 1051 1052 quam
1108 993 1255 1038 esset
1292 986 1377 1040 ille
1415 985 1498 1037 vir
1558 999 1776 1056 aspectu

219 1073 567 1137 Venerabilis,
597 1082 652 1129 et
699 1085 980 1145 postquam
1025 1075 1194 1131 adfuit
1240 1080 1396 1139 ratio,
1434 1076 1580 1130 ὶΙΙιιιιι
1611 1080 1773 1133 etiam

217 1183 278 1219 ex
308 1165 665 1221 interioribus
694 1167 850 1223 bonis
883 1169 1200 1239 cognovisse
1221 1211 1234 1233 ,
1270 1172 1517 1235 illiusque
1542 1170 1779 1226 delecta—

219 1267 322 1311 tum
348 1257 757 1314 consueludine.
811 1262 903 1314 Ἐκ
939 1259 1159 1331 πρώτης
1185 1262 1401 1333 ἡλικίας
1436 1266 1774 1335 συνετράφην

215 1346 287 1416 τῷ
308 1347 439 1416 περὶ
471 1349 636 1403 αὑτὸν
665 1351 938 1423 φίλτρῳ...
971 1351 1093 1403 ἐπεὶ
1116 1354 1168 1406 δέ
1208 1372 1296 1423 μοι
1322 1352 1505 1406 λοιπὸν
1532 1356 1622 1407 καὶ
1642 1359 1669 1409 ὁ
1693 1357 1776 1409 λό-

216 1455 304 1504 γος
331 1438 541 1510 παρῆν,
570 1441 690 1496 τότε
724 1443 789 1514 δὴ
814 1444 905 1495 καὶ
931 1442 1039 1494 ἀπὸ
1074 1445 1180 1497 τῶν
1215 1444 1313 1512 τῆς
1341 1443 1517 1512 ψυχῆς
1556 1444 1775 1513 ἀγαθῶν

216 1529 370 1583 αὐτὸν
425 1534 796 1602 ἐπεγίνωσκον
842 1535 934 1587 καὶ
980 1533 1193 1609 ἔχαιρον
1254 1535 1415 1587 αὐτοῦ
1471 1538 1535 1607 τῇ
1590 1554 1775 1592 συνου-

220 1620 321 1690 σία.
356 1621 432 1675 Ex
468 1625 556 1678 Itis
588 1625 780 1694 colligo
805 1624 1056 1679 Basiliam
1092 1628 1352 1681 Caesareae
1381 1627 1773 1683 adolescentem

223 1712 464 1780 pluribus
502 1716 656 1769 annis
687 1726 1074 1770 commoratum
1098 1716 1284 1778 fuisse,
1319 1716 1494 1787 ibique
1527 1720 1660 1774 satis
1684 1722 1772 1773 diu

214 1803 517 1869 educatum,
547 1815 605 1855 ut
634 1810 816 1870 posset
846 1820 904 1857 se
952 1807 1001 1858 in
1034 1804 1264 1858 amando
1303 1805 1487 1862 Dianio
1511 1817 1565 1861 et
1595 1809 1774 1861 consi-

1884 630 2001 667 cum
2036 614 2153 665 alite
2177 611 2408 664 civitates
2440 612 2560 665 aliis
2600 610 2939 671 ornamentis,
2978 606 3052 661 vel
3091 605 3343 672 antiquis,
3372 603 3447 656 rel

1885 706 2028 757 noris
2059 704 2377 775 glorientur,
2408 713 2583 766 prout,
2613 699 2817 768 opinor,
2849 696 2924 749 rel
2965 698 3199 751 historiis
3226 736 3238 754 .
3265 694 3341 748 uel
3369 711 3447 746 re-

1885 795 1977 847 bus
2028 794 2340 864 quibusdam
2391 790 2613 844 visendis
2644 796 2849 843 ornata:
2876 794 2995 838 sunt
3024 799 3041 836 :
3078 787 3209 839 hanc
3238 794 3443 841 contra,

1883 895 1937 937 ut
1961 902 2107 936 arma
2134 883 2211 935 vel
2246 878 2529 952 tragoedias
2561 890 2695 931 nota:
2738 878 2979 948 quwdam
3002 885 3155 941 atque
3188 873 3441 944 insignia,

1881 978 1953 1028 sit:
1996 977 2291 1027 litterarum
2344 970 2513 1042 gloria
2561 968 2796 1021 nobilitat
2864 966 3217 1030 illustremque
3250 965 3439 1019 reddit.

1952 1067 2092 1122 Nihil
2114 1076 2199 1121 est
2237 1066 2321 1119 bis
2351 1065 2403 1118 in
2432 1062 2613 1118 verbis
2647 1060 2788 1128 quod
2814 1075 2915 1112 non
2943 1056 3201 1112 Cursarem
3234 1054 3443 1126 Cappa-

1888 1163 2079 1215 docmn
2112 1158 2314 1228 Optime
2344 1164 2633 1226 congruat;
2666 1151 2915 1204 nonnulla
2960 1151 3013 1206 in
3066 1148 3287 1202 alteram
3326 1146 3442 1203 Ca!-

1881 1267 2090 1305 saream
2125 1252 2301 1318 inepte
2349 1262 2571 1313 prorsus
2623 1260 2687 1300 ac
2732 1243 2991 1297 inurbane
3042 1240 3183 1296 dicta
3236 1248 3438 1293 essent.

1882 1344 2029 1399 Satis
2064 1354 2183 1409 apte
2226 1338 2520 1408 Gregorius
2550 1339 2758 1398 urbem,
2788 1336 2837 1388 in
2882 1350 2986 1402 qua
3026 1334 3342 1403 loquebatur
3389 1341 3443 1383 et

1879 1448 2007 1486 voce
2023 1443 2075 1485 et
2102 1447 2257 1485 manu
2280 1429 2569 1497 designans
2588 1428 2818 1488 dicebat,
2858 1424 3031 1490 Hanc,
3065 1426 3296 1493 inquam,
3320 1420 3442 1474 illu-

1880 1532 2032 1574 strem
2073 1516 2492 1574 civitatem.Nou
2534 1513 3237 1585 putatTillemontiushanc
3262 1514 3441 1569 Ctesa-

1880 1627 2024 1665 reatn
2049 1628 2076 1665 a
2099 1612 2290 1666 studiis
2324 1610 2623 1663 litterarum
2655 1647 2671 1671 ,
2702 1621 2758 1662 ut
2803 1622 2832 1661 a
2862 1605 3132 1676 praicipuo
3162 1607 3306 1659 urbis
3344 1620 3432 1659 or-

1880 1713 2155 1768 namento,
2189 1702 2398 1757 laudari
2446 1701 2717 1754 debuisse.
2765 1700 2870 1756 Sed
2905 1707 2962 1753 ut
2994 1698 3244 1753 omittam
3277 1699 3441 1751 Euse—

1880 1799 2045 1859 bium,
2076 1799 2164 1867 qui
2199 1798 2552 1867 Cappadocia:
2574 1795 2832 1865 prmsttles
2857 1796 3101 1850 doctrina
3135 1795 3277 1847 inter
3301 1792 3435 1845 alios

214 1894 446 1947 deranda
477 1896 621 1947 illius
649 1896 761 1949 oris
792 1896 1070 1965 majestate
1103 1897 1358 1951 nutritum
1391 1901 1588 1954 dicere.
1616 1897 1765 1954 Tille-

1883 1890 2145 1945 enituisse
2198 1901 2428 1945 testatur
2455 1890 2555 1960 (a),
2590 1890 2704 1960 ipse
2740 1888 2974 1943 Basilius
3000 1886 3245 1955 Gregorii
3282 1885 3436 1939 testi-

214 1988 464 2050 montius,
504 1996 562 2038 ut
597 1986 738 2040 hunc
764 1987 937 2042 locmn
975 1988 1205 2057 explicet
1234 2032 1248 2058 ,
1280 1980 1533 2044 Basilinm
1558 1992 1773 2061 coniicit

214 2077 499 2129 admodum
547 2075 809 2132 infantem
840 2079 1145 2134 Cmsaream
1206 2096 1235 2133 a
1289 2081 1603 2148 parentibus
1636 2099 1770 2137 non-

214 2183 483 2234 nunquam
523 2179 795 2237 portatum
848 2172 1035 2226 fuisse.
1076 2171 1181 2225 Sed
1212 2172 1372 2241 hujus
1425 2174 1767 2244 conjecturae,

214 2274 324 2325 qua:
371 2275 470 2313 sua
530 2274 719 2330 Sponte
747 2279 932 2332 parum
967 2264 1215 2331 congruit
1260 2262 1516 2333 infantiae,
1566 2268 1767 2322 nullum

212 2350 406 2415 profert
463 2363 841 2421 argumentum
903 2353 1254 2410 doctissimus
1304 2356 1770 2428 scriptor:atque

210 2442 413 2497 etiamsi
453 2444 766 2509 proferret,
816 2459 941 2497 num
991 2460 1049 2499 se
1104 2444 1157 2498 in
1196 2448 1426 2502 amando
1459 2458 1512 2502 et
1544 2449 1769 2505 videndo

223 2535 403 2586 Diania
433 2534 693 2586 nutritum
738 2545 917 2604 posset
943 2536 1123 2590 dicere
1149 2579 1163 2603 ,
1193 2553 1349 2608 quem
1385 2556 1767 2613 nonnunquam

211 2625 381 2677 infans
419 2626 691 2680 vidisset?
724 2628 827 2684 Nec
850 2628 1197 2685 Tillemontio
1227 2631 1409 2687 favent
1436 2635 1549 2689 btet:
1584 2640 1765 2705 verba,

209 2735 235 2767 ιι
266 2718 437 2784 prima
485 2731 639 2773 etate
671 2737 689 2774 :
718 2722 918 2789 optime
949 2722 1090 2775 enim
1134 2724 1447 2778 referuntur
1472 2729 1536 2779 ad
1590 2730 1767 2783 adole-

207 2809 483 2861 sttentiam.
522 2808 655 2863 Nam
690 2819 744 2863 et
778 2825 907 2877 quae
944 2824 1260 2879 sequuntur,
1292 2822 1561 2883 postquam
1595 2818 1766 2885 adfuit

210 2901 357 2962 ratio,
391 2902 695 2952 delectabar
736 2901 879 2955 illius
917 2907 1293 2959 consuetudine
1342 2922 1446 2961 non
1482 2907 1548 2961 de
1589 2910 1769 2964 adole-

208 2990 407 3040 scentia
434 3029 449 3052 ,
504 2990 596 3043 sed
625 2991 689 3044 de
738 2992 878 3045 virili
916 3002 1075 3047 aetate
1110 2997 1283 3062 accipi
1324 2997 1559 3063 debent,
1594 3015 1768 3069 neque

206 3080 343 3132 enim
401 3081 710 3138 adolescens
777 3083 1008 3139 Basilius
1061 3086 1111 3139 in
1191 3087 1364 3142 Dianii
1424 3092 1766 3145 consuetudi-

1878 1984 2056 2035 monio
2088 1996 2241 2035 suum
2274 1982 2535 2051 adiungit,
2563 1992 2616 2036 et
2649 1981 2866 2046 litteris,
2899 1980 3037 2034 inter
3060 1978 3247 2046 patria:
3277 1990 3440 2030 orna-

1877 2082 2082 2138 menta,
2143 2074 2375 2140 palmam
2428 2076 2539 2126 dat.
2569 2074 2658 2128 Sic
2700 2073 2842 2127 enim
2875 2070 2941 2125 de
2973 2069 3062 2123 illo
3096 2076 3239 2123 statu
3266 2066 3437 2134 loqui-

1876 2175 1960 2219 tur
1995 2163 2090 2237 (b),
2124 2166 2177 2219 in
2201 2180 2358 2233 quem
2388 2165 2652 2219 divisione
2673 2164 3020 2233 Cappadociae
3052 2159 3390 2231 redigebatur
3418 2175 3432 2211 :

1874 2256 2241 2324 Spectaculum
2265 2254 2607 2325 foedissimum
2644 2254 2783 2322 facta
2812 2267 2907 2318 est,
2930 2255 3127 2322 inquit,
3151 2267 3268 2324 (μίαν
3293 2250 3437 2318 prin

1875 2358 1982 2400 tum
2024 2349 2086 2401 de
2142 2349 2390 2403 litteratis
2423 2348 2553 2401 viris
2581 2386 2594 2411 ,
2628 2357 2735 2400 tum
2776 2348 2839 2401 de
2869 2347 2987 2399 aliis
3027 2347 3170 2400 bonis
3202 2386 3215 2407 ,
3249 2343 3435 2414 quibus

1886 2439 2142 2507 apulenta:
2173 2441 2328 2494 urbes
2349 2440 2642 2503 abundant,
2690 2439 3033 2509 gloriabatur.
3073 2437 3332 2493 Similiter
3379 2438 3432 2490 in

1886 2531 2044 2599 epist.
2078 2529 2166 2595 74,
2198 2546 2252 2584 n.
2283 2533 2336 2595 '5,
2360 2532 2662 2587 litterarum
2693 2531 2889 2594 studia,
2915 2532 3126 2585 interea
3157 2544 3274 2598 qum
3302 2529 3434 2583 civi-

1874 2625 1969 2678 tati
2000 2638 2192 2679 nomen
2231 2631 2287 2677 et
2341 2622 2540 2676 famam
2591 2634 2912 2694 pepererant
2943 2664 2957 2691 ,
2992 2624 3263 2693 prmeipue
3288 2638 3435 2677 com-

1872 2722 2160 2768 memorat.
2209 2713 2322 2781 Qua
2355 2725 2534 2768 autem
2591 2723 2709 2769 erat
2756 2715 3062 2770 urbanitate
3116 2712 3433 2783 Gregorius,

1872 2821 1996 2858 num
2036 2805 2228 2873 potuit,
2261 2806 2521 2861 Ctesarea:
2562 2806 2782 2861 nomine
2826 2806 3192 2875 pronuntiato,
3220 2807 3434 2859 audito-

1875 2911 1959 2949 res
1991 2898 2303 2965 admonere,
2354 2913 2458 2953 non
2485 2913 2602 2953 eam
2632 2897 2930 2955 Caesaream
2959 2940 2973 2966 ,
3007 2898 3058 2953 in
3097 2914 3201 2962 qua
3229 2899 3433 2953 oratio-

1873 3002 1991 3039 ncm
2027 2989 2281 3052 habebat,
2312 2991 2406 3046 sed
2435 2990 2696 3044 illustrem
2724 2991 2869 3044 illam
2908 2991 2958 3042 in
2994 2989 3273 3043 Pala’stiua
3302 2989 3433 3043 civi-

1877 3086 2038 3132 tatem
2066 3095 2095 3131 a
2127 3095 2185 3134 se
2216 3081 2488 3150 designari
2520 3081 2542 3133 ‘l
2589 3080 2875 3149 Nunquam
2916 3095 3038 3137 eum
3080 3090 3186 3133 tam
3217 3083 3434 3135 inurba—

212 3187 325 3224 nem
388 3174 709 3239 admissus,
785 3176 877 3229 sed
948 3189 1228 3246 postquam
1300 3180 1460 3235 rediit
1516 3184 1760 3237 Athenis.

1873 3188 1937 3224 ne
1989 3182 2204 3239 tamque
2252 3172 2431 3243 pingui
2469 3172 2713 3227 Minerva
2752 3172 2985 3227 locutum
3013 3174 3255 3228 credam.
3301 3174 3432 3241 Quae

214 3263 423 3318 Virilem
474 3274 686 3319 aetatem
738 3268 989 3322 similiter
1041 3270 1285 3339 designat
1337 3273 1387 3324 in
1442 3273 1600 3340 epist.
1638 3273 1764 3337 223,

212 3354 289 3402 ubi
317 3367 374 3405 se
396 3353 559 3403 aliam
592 3366 657 3405 ex
687 3353 789 3405 alia
818 3356 1110 3407 doctrinam
1146 3358 1293 3425 ὲνντῇ
1321 3358 1413 3409 τοῦ
1442 3359 1599 3426 λόγθυ
1633 3376 1768 3429 συμ-

211 3443 501 3516 πληρώσει,
562 3461 677 3498 cum
737 3447 1155 3512 adoleritratio,
1189 3464 1295 3501 nou
1359 3460 1614 3515 mutasse,
1671 3453 1763 3506 sed

211 3547 416 3605 accepla
454 3537 520 3589 ab
550 3537 665 3590 avia
694 3550 747 3590 et
785 3548 955 3590 matre
979 3539 1240 3609 principia
1269 3542 1554 3598 retinuisse
1588 3546 1766 3600 decla-

214 3639 305 3678 ral.

272 3719 325 3772 4⁸
355 3717 501 3773 Idem
530 3718 759 3775 efficitur
780 3736 845 3774 ex
877 3723 1008 3791 ipsis
1060 3721 1304 3794 Gregorii
1334 3725 1536 3789 verbis,
1569 3726 1762 3794 quibus

211 3823 318 3875 post
353 3812 567 3865 Billium
592 3823 646 3867 et
678 3813 965 3867 Baroniuin
992 3815 1366 3870 Tillemontius
1390 3816 1689 3871 Gmsaream
1713 3820 1763 3871 in

216 3900 491 3955 Palzestina
520 3904 747 3955 indicari
786 3904 1100 3957 arbitratur.
1136 3906 1225 3959 Sic
1275 3907 1438 3976 igitur
1474 3907 1765 3976 Gregorius

209 3995 256 4043 in
287 3994 532 4045 oratione
560 3993 812 4059 quamde
860 3992 1038 4046 Basilii
1094 3994 1336 4048 laudibus
1371 3997 1554 4050 habuit
1590 3996 1764 4050 Ca'sa-

212 4100 343 4137 me:
385 4083 508 4136 Ἐπὶ
539 4084 637 4153 τὴν
663 4086 978 4156 Καισαρέων
1020 4086 1170 4139 πόλιν
1204 4087 1499 4156 ἐπείγεται,
1532 4091 1635 4144 τῶν
1669 4095 1764 4162 τῇ·

208 4173 257 4224 δε
287 4173 522 4242 μεθέξων
554 4174 968 4246 παιδευτηρίωνν
997 4178 1196 4247 ταύτην
1226 4178 1280 4230 δὲ
1304 4178 1444 4248 λέγω
1467 4182 1562 4251 τὴν
1609 4201 1762 4253 :59"

213 4266 341 4335 ευνῆ
387 4283 445 4318 τε
492 4267 587 4318 καὶ
634 4268 905 4337 ἡμετέραν
947 4269 1099 4335 (ἐπεὶ
1139 4270 1229 4321 καὶ
1271 4270 1377 4323 τῶν
1416 4272 1562 4342 ἐμῶν
1595 4273 1762 4341 λόγων

209 4354 334 4425 αἱτη
391 4356 720 4427 καθηγεμὼν
772 4360 863 4410 καὶ
908 4358 1297 4430 διδάσκαλος),
1340 4362 1435 4432 τὴν
1478 4364 1573 4433 οὐχ
1603 4362 1763 4435 ἧττον

209 4446 366 4513 λόγων
395 4450 744 4519 μητρόπολιν,
776 4452 807 4519 ἢ
834 4450 940 4502 τῶν
973 4452 1176 4504 πόλεων
1196 4448 1269 4505 ὧν
1300 4456 1634 4525 ὑπέρκειται,
1670 4460 1761 4510 καὶ

1872 3273 2170 3330 sequuntur
2201 3264 2266 3316 de
2314 3263 2613 3317 litterarum
2649 3264 2872 3326 studiis,
2912 3278 3015 3318 non
3068 3264 3247 3319 minus
3281 3264 3429 3319 inor-

1870 3366 1990 3406 nata
2021 3364 2073 3407 et
2121 3356 2333 3425 illepida
2374 3367 2579 3421 essent,
2611 3359 2657 3411 si
2686 3357 2751 3412 ad
2783 3348 3085 3411 Caesaream
3133 3357 3433 3413 Palaestinae

1869 3446 2232 3513 referrentur;
2286 3463 2408 3502 cum
2439 3448 2803 3503 Gu'sarienses
2830 3488 2845 3512 ,
2880 3463 3015 3517 quos
3059 3447 3432 3519 alloquebatur

1868 3536 2185 3605 Grt‘goriUs,
2219 3538 2357 3590 banc
2390 3538 2605 3591 laudem
2629 3579 2643 3603 ,
2678 3549 2737 3592 ut
2771 3540 2881 3608 jam
2931 3539 3067 3608 dixi,
3096 3541 3216 3595 aliis
3248 3542 3432 3595 civita-

1869 3628 2008 3680 tibus
2039 3643 2145 3679 non
2174 3630 2555 3683 concederent.

1938 3717 2050 3770 Non
2106 3720 2457 3774 omitleudmu
2514 3723 2655 3791 quod
2711 3724 2860 3778 addit
2912 3724 3245 3796 Gregorius:
3307 3727 3429 3779 lam

1864 3824 1981 3876 qua:
2034 3823 2340 3878 sequuntur,
2388 3814 2425 3863 ii
2477 3822 2737 3881 exponant
2789 3817 2876 3884 qui
2926 3826 2971 3868 et
3025 3833 3142 3870 eum
3193 3819 3332 3885 apud
3379 3834 3433 3871 se

1866 3902 2163 3955 erudierunt
2195 3916 2239 3955 et
2272 3903 2501 3972 fructum
2536 3921 2601 3956 ex
2630 3906 2799 3973 ipsius
2841 3908 3134 3962 eruditione
3163 3919 3428 3977 ceperunt,

1865 4006 2085 4060 quantus
2121 3997 2352 4049 videlicet
2403 4000 2702 4067 magistris,
2750 4010 2977 4068 quantus
3020 4003 3303 4065 wqualibus
3348 4020 3432 4056 es-

1866 4096 1962 4149 set,
1987 4099 2089 4138 etc.
2125 4085 2243 4141 Non
2278 4101 2521 4155 superest
2552 4091 2856 4159 ambigendi
2888 4092 3040 4147 locus
3087 4093 3221 4147 utris
3251 4092 3430 4149 Gzesa-

1870 4178 2135 4231 riensibus
2183 4180 2293 4231 luec
2350 4185 2623 4236 narranda
2676 4181 2967 4251 Gregorius
3015 4184 3316 4254 relinquat;
3362 4187 3433 4241 iis

1865 4271 1953 4338 qui
1987 4271 2141 4341 longe
2179 4275 2367 4326 remoti
2400 4286 2578 4340 erant,
2607 4292 2781 4345 neque
2805 4292 2870 4331 ex
2908 4276 3093 4330 Basilii
3120 4278 3428 4332 eruditione

1867 4361 2117 4429 tiiajorem
2161 4379 2319 4433 quam
2375 4366 2490 4417 alia:
2538 4368 2785 4421 civitates
2828 4368 3112 4421 utilitatem
3174 4384 3430 4437 percepe-

1866 4468 2000 4520 rant,
2040 4471 2102 4508 au
2146 4458 2210 4510 iis
2240 4472 2375 4523 quos
2418 4458 2790 4525 alloquebatur
2869 4462 3180 4529 Gregorius,
3230 4462 3431 4531 quique

208 4535 318 4587 220'
346 4531 419 4589 ὢν
455 4540 562 4608 ἕχει
583 4539 681 4609 τὴν
706 4540 1016 4592 δυναστείαν
1044 4557 1055 4567 ·
1085 4542 1148 4611 ἣν
1180 4546 1231 4595 εἴ
1261 4561 1339 4607 τις
1369 4545 1461 4597 τοῦ
1498 4547 1552 4598 ὲν
1586 4547 1760 4614 λόγοις

1873 4556 1917 4599 et
1950 4544 2130 4598 Basilii
2173 4550 2474 4599 studiorum
2511 4560 2760 4617 poterant
2807 4554 3139 4615 meminisse,
3189 4563 3240 4607 et
3286 4554 3428 4607 illius

209 4626 430 4695 κράτους
455 4630 891 4698 ἀποστερήσειεν,
914 4631 1213 4701 ἀφῃρηκὼς
1235 4633 1381 4686 ἔσται
1401 4635 1528 4687 αὐτὸ
1548 4636 1604 4688 τὸ
1634 4638 1759 4689 κάλ-

210 4718 372 4770 μετόν
398 4736 457 4770 τε
484 4722 575 4773 καὶ
603 4721 930 4775 ἰδικώτατον.
962 4725 1146 4778 "Alia:
1170 4727 1265 4795 μὲν
1291 4726 1397 4797 γὰρ
1423 4727 1528 4779 τῶν
1556 4730 1757 4782 πόλεων

208 4810 373 4873 ἄλλοις
388 4812 708 4879 ἀγάλλονται
726 4814 1185 4886 καλλωπίσμαςιν,
1210 4820 1241 4889 ἢ
1264 4818 1530 4883 παλαιοῖς,
1550 4820 1580 4889 ἢ
1601 4823 1755 4883 νέως,

207 4904 340 4965 ὅπως
372 4903 437 4955 ἂν
463 4899 615 4973 οἶμαι
652 4905 757 4957 τῶν
782 4908 1128 4978 διηγημάτων
1158 4911 1351 4979 ἔχωσιν
1381 4912 1411 4981 ἢ
1459 4911 1564 4963 τῶν
1614 4916 1753 4981 ὀρω-

211 4993 372 5058 μηένων
390 5012 402 5023 ο
425 4994 548 5065 τῇδε
573 4995 718 5063 λόγοι
741 4998 798 5049 τὸ
814 4998 1117 5070 γνώρισμα,
1147 5001 1333 5071 ὥσπερ
1359 5006 1413 5054 ὲν
1435 5006 1545 5065 τοῖς
1575 5005 1756 5067 ὅπλοις

210 5081 237 5147 ἦ
270 5086 376 5145 τοῖς
410 5084 646 5154 δράμασι
675 5086 743 5138 τὰ
781 5088 1042 5159 ἐπίσημα.
1084 5092 1398 5154 Cu'saream,
1444 5106 1495 5145 ut
1553 5095 1759 5147 schola-

212 5190 317 5225 rum
342 5176 482 5229 urbis
516 5180 657 5233 illius
689 5182 946 5248 particeps
978 5196 1126 5249 esset,
1169 5186 1431 5237 contendit
1460 5226 1473 5249 ,
1500 5187 1634 5238 hunc
1667 5189 1751 5239 ξιτ-

208 5284 354 5325 quam
386 5269 639 5322 illustrem
667 5273 934 5324 ciuitatem
956 5315 970 5338 ,
998 5286 1042 5326 et
1072 5285 1300 5327 nostram
1350 5276 1491 5345 (nam
1523 5294 1753 5328 meorum

209 5372 400 5424 quoque
433 5361 728 5413 studiorum
763 5360 872 5414 (lux
901 5374 946 5414 et
974 5366 1219 5433 magistra
1245 5366 1491 5428 exstitit),
1514 5382 1628 5433 qua:
1654 5385 1753 5418 non

209 5450 368 5501 minus
399 5450 693 5503 litterarum
725 5469 876 5520 utque
898 5458 1171 5516 doctrinte,
1210 5473 1361 5523 quant
1406 5458 1609 5510 urbium
1640 5459 1754 5527 qui-

210 5535 295 5587 bus
340 5541 589 5605 prwcellit
642 5554 691 5594 et
741 5544 1058 5609 dominatur,
1108 5548 1456 5614 metropolis:
1504 5564 1655 5617 quam
1706 5550 1750 5599 si

208 5629 316 5689 quis
341 5629 594 5683 doctrina
620 5633 797 5699 palma
836 5633 1155 5699 spoliauerit,
1199 5652 1299 5689 rem
1351 5638 1578 5689 entuium
1634 5637 1744 5703 pul-

275 5810 344 5876 (ιτ)
382 5809 432 5867 in
476 5807 592 5869 Vita
622 5813 824 5879 Const.,
858 5828 972 5882 cap.
999 5812 1083 5869 43.

1868 4640 2109 4690 doctrina
2157 4654 2249 4705 per
2287 4651 2361 4691 tot
2396 4656 2566 4695 annos
2615 4642 2800 4696 imbuti
2838 4645 3069 4698 fuerant.
3096 4643 3229 4698 Cum
3267 4646 3430 4713 igitur

1869 4728 1951 4780 his
1992 4727 2166 4783 verbis
2195 4729 2444 4785 Caesarea
2500 4734 2880 4802 Cappadocum
2909 4734 3273 4805 dignoscatur,
3322 4736 3426 4789 im-

1868 4820 2059 4872 merito
2093 4822 2283 4888 qna-rit
2311 4820 2703 4887 'l'illemtmtius,
2732 4841 2828 4877 cur
2855 4826 3165 4895 Gregorius,
3201 4828 3289 4894 qui
3318 4824 3429 4878 Gar-

1868 4926 2033 4963 sarea:
2063 4914 2373 4979 perorabat,
2405 4912 2654 4967 Basilium
2693 4923 2744 4969 in
2785 4919 2920 4970 il'lllc
2946 4920 3126 4972 urbem
3150 4920 3427 4984 conceptis

1868 4998 2042 5051 verbis
2079 5001 2292 5055 venisse
2341 5018 2443 5055 non
2492 5005 2666 5071 dicat;
2712 5023 2809 5059 cur
2844 5024 2944 5060 non
2987 5025 3103 5061 eam
3151 5009 3421 5077 designet,

1865 5090 1969 5143 nisi
2011 5089 2268 5157 ejusmodi
2305 5094 2467 5155 notis,
2502 5112 2616 5161 qua:
2656 5098 2841 5152 saltem
2879 5100 2926 5153 ei
2954 5116 3074 5153 cum
3109 5099 3275 5153 altera
3314 5101 3425 5153 Gtt--

1861 5200 2012 5238 sarea
2046 5201 2358 5241 comnmnes
2388 5189 2515 5241 sint.

1931 5276 2035 5330 Sed
2077 5280 2216 5331 idem
2262 5279 2604 5335 doctissimus
2653 5284 2883 5348 scriptor
2930 5283 3032 5336 hoc
3085 5283 3421 5349 potissimum

1859 5381 2177 5436 argumento
2213 5372 2421 5433 nititur,
2451 5373 2588 5441 quod
2627 5374 2937 5444 Gregorius,
2978 5386 3261 5443 postquam
3306 5377 3422 5428 Gat-

1860 5476 2071 5514 saream
2114 5477 2265 5515 suam
2301 5479 2419 5517 esse
2465 5468 2630 5529 dixit,
2675 5469 2857 5519 statim
2906 5471 3066 5523 addat
3105 5472 3225 5523 ideo
3269 5488 3418 5525 suam

1859 5566 1994 5617 esse,
2020 5554 2141 5619 quia
2164 5554 2231 5607 ibi
2254 5556 2440 5609 litteris
2462 5574 2678 5625 operam
2703 5560 2923 5615 dederat
2950 5562 3152 5625 :llanc,
3188 5565 3420 5630 iuqumn,

1856 5640 2111 5693 illustrem
2147 5643 2421 5709 civitatem,
2466 5658 2510 5697 et
2550 5660 2813 5711 nostram;
2859 5668 2972 5703 nam
3024 5668 3251 5704 meorum
3293 5670 3420 5719 qui»

1934 5820 2005 5888 (b)
2047 5820 2139 5889 ῐίρ.
2177 5822 2260 5875 76.
