4068 6320
609 374 640 412 ι
1991 367 2512 427 PBOLEHUMENA.

611 492 710 542 (ἐκεῖ
757 475 1048 527 “Militum
1081 477 1186 529 (lux
1221 489 1265 530 et
1306 482 1551 549 magistra
1597 483 1817 539 exstitit.
1854 485 2022 554 Negat
2066 489 2171 542 'l‘il-
2210 499 2245 546 A
2281 496 2628 563 philosopnnc
2672 510 2890 561 cperam
2945 512 3046 550 non
3085 497 3314 562 dedisse,
3361 503 3450 556 sed
3501 505 3638 560 hanc
3681 503 3844 559 disci-

617 563 901 618 lemontius
948 565 1060 618 lta'c
1116 571 1406 625 convenire
1455 573 1507 624 in
1548 572 1846 630 Czcsaream
1895 576 2177 646 Cappado-

614 655 729 714 cize,
778 669 938 722 quam
976 656 1267 727 Gregorius
1314 676 1460 715 suam
1495 663 1616 718 aliis
1650 665 1717 720 de
1766 664 1945 719 causis
1989 681 2180 721 vocare

619 756 851 812 poterat,
907 749 1178 818 inprimis,
1217 756 1341 822 quia
1373 769 1490 806 eam
1523 758 1807 823 provincia:
1841 760 2178 827 metrOpolim

612 844 972 904 agnoscebat;
1037 846 1177 912 quod
1247 860 1366 898 cum
1434 849 1684 902 omnibus
1755 857 1938 903 notum
2001 863 2179 914 esset,

611 943 760 982 suam
792 931 972 986 dicere
1001 935 1205 997 debuit,
1234 934 1378 989 nulla
1413 937 1594 992 addita
1627 938 1858 1008 ratione,
1888 950 1944 994 ιιι
1978 940 2028 993 in
2061 941 2180 996 aliis

612 1019 747 1074 locis
785 1021 936 1077 facit.

683 1112 842 1179 Quod
880 1119 1047 1171 instar
1094 1120 1416 1175 incommodi
1451 1120 1637 1188 objicit
1689 1123 2082 1191 Tillemontius,
2123 1127 2174 1181 id

613 1210 914 1273 argumenti
957 1210 1070 1261 loco
1102 1211 1360 1266 adhibere
1400 1226 1706 1281 possumus,
1749 1216 1998 1285 quamvis
2031 1217 2178 1271 illum

613 1297 665 1347 iu
708 1298 1155 1367 interpretatione
1191 1304 1348 1372 hujus
1379 1303 1480 1357 loci
1533 1320 1843 1374 sequamur.
1890 1306 2022 1359 Nam
2057 1323 2180 1362 cum

612 1389 910 1444 Czesaream
960 1391 1248 1464 Gregorius
1290 1395 1359 1448 ob
1389 1396 1720 1466 disciplinas,
1765 1413 1900 1465 quas
1943 1399 2016 1453 ibi
2066 1416 2183 1470 per-

613 1492 848 1551 ceperat,
879 1501 984 1539 non
1019 1488 1189 1540 solum
1225 1486 1294 1539 ob
1332 1490 1722 1558 metropolitica
1751 1490 1871 1557 jura
1911 1505 2063 1544 suam
2101 1492 2182 1545 di-

612 1583 788 1639 ceret;
840 1577 1098 1632 ratiouem
1133 1577 1329 1632 addere
1359 1580 1562 1647 debuit,
1609 1596 1703 1635 cur
1739 1595 1857 1634 eam
1905 1582 2166 1649 singulari

613 1666 772 1745 modo
806 1683 953 1722 suam
979 1671 1196 1723 diceret.
1221 1670 1435 1742 Alioqui
1467 1689 1625 1729 nemo
1665 1689 1771 1728 non
1822 1676 2183 1730 exiStimasset

611 1774 732 1811 eum
764 1761 829 1814 ad
861 1761 1168 1830 metropolis
1191 1761 1316 1833 jura
1353 1766 1640 1834 rcSpicere.
1687 1763 1874 1833 Itaque
1906 1769 2006 1822 etsi
2041 1770 2181 1821 hunc

619 1850 793 1904 locum
825 1853 1188 1923 intelligimus,
1219 1869 1275 1907 ut
1321 1856 1568 1924 intelligit
1597 1829 2006 1922 Tillemontius;
2047 1857 2180 1911 nihil
2216 1829 2256 1885 Β

617 1953 760 1996 vetat
805 1944 872 1999 de
919 1945 1164 2002 Caesarea
1220 1946 1599 2016 Cappadocum
1662 1949 1907 2020 intelligi.
1993 1949 2184 2002 Verum

618 2034 863 2106 Gregorii
893 2041 1053 2092 verba
1088 2039 1165 2092 sic
1198 2038 1368 2107 accipi
1406 2051 1624 2110 possent
1654 2041 1707 2094 in
1753 2041 1886 2093 Billii
1925 2042 2187 2108 interpre-

619 2129 842 2192 tatione,
887 2137 944 2182 ut
987 2129 1111 2182 illud
1162 2141 1394 2184 nostram
1437 2131 1704 2187 referatur
1745 2133 1807 2184 ad
1856 2129 2185 2198 metropoli":

615 2221 718 2274 hoc
761 2221 945 2283 modo,
991 2232 1222 2276 nostram
1281 2241 1384 2278 nou
1428 2226 1596 2277 minus
1667 2223 1957 2276 litterarum
2029 2233 2185 2291 atque

614 2310 891 2375 doctrinm,
923 2329 1080 2382 quam
1119 2314 1347 2378 urbium,
1396 2315 1584 2382 quibus
1630 2313 1877 2380 prwcellit
1923 2323 1971 2365 ct
2017 2313 2188 2366 domi-

617 2412 796 2467 natur,
850 2403 1199 2472 metropolim.
1261 2403 1352 2458 Sic
1421 2404 1823 2472 interpretando
1887 2404 2188 2457 restituitur

616 2496 805 2560 patriae
850 2511 959 2551 suae
1003 2495 1245 2561 Basilius,
1286 2511 1387 2551 nec
1431 2496 1571 2551 illius
1606 2497 1659 2551 in
1721 2495 1918 2551 litteris
1966 2495 2186 2549 institu-

618 2585 780 2638 tionis
828 2596 1012 2653 partes
1045 2584 1183 2639 ullas
1214 2585 1455 2641 Cazsarea
1507 2586 1673 2640 altera
1725 2586 1941 2640 retinet.
1993 2585 2189 2639 Fateor

617 2683 797 2726 tamen
835 2673 967 2728 mihi
1004 2688 1112 2730 non
1142 2676 1382 2732 arridere
1417 2680 1557 2733 hanc
1597 2677 1985 2746 interpretandi
2026 2678 2188 2729 ratio-

623 2779 772 2828 nem,
800 2781 921 2828 quae
955 2781 1062 2819 non
1103 2769 1333 2834 quadrat
1363 2785 1483 2822 cum
1516 2769 1703 2822 Cra-co
1730 2776 2008 2822 contextu.
2055 2765 2186 2820 Illud

613 2854 760 2907 enim
801 2852 902 2925 τὴν
943 2855 1040 2925 οὐχ
1080 2850 1262 2928 ἦττον,
1299 2872 1402 2910 non
1458 2857 1687 2910 refertur
1730 2858 1796 2908 ad
1827 2870 2009 2908 vocem
2054 2859 2191 2924 ἡμε-

617 2948 807 3017 τέραν,
837 2937 955 3017 qua
989 2947 1230 3016 pluribus
1262 2946 1381 3003 alits
1415 2945 1714 3016 interiectis
1747 2946 2015 3016 praecedit.
2047 2946 2184 2997 Prae-

621 3048 765 3092 terea
815 3039 1115 3095 Caesaream
1171 3041 1463 3111 Gregorius
1526 3040 1784 3096 doctrina:
1845 3038 2182 3108 tnetr0polim

2291 581 2490 644 plinam
2531 598 2648 638 cum
2683 585 2948 641 rhetorica
2984 586 3448 658 Constantinopoli
3485 594 3709 663 iungere
3735 613 3843 652 cus-

2283 686 2446 739 pisse.

2361 768 2418 820 Si
2463 768 2705 840 genuinae
2743 781 2868 825 sunt
2901 771 3110 840 scripta:
3140 774 3388 829 Basilium
3423 773 3564 829 inter
3590 783 3643 829 et
3687 775 3844 832 Liba-

2292 859 2436 912 nium
2472 861 2684 922 litterae,
2712 863 2930 918 dubium
2964 880 3069 918 non
3101 877 3183 921 est
3215 872 3340 936 quin
3377 869 3521 924 hunc
3551 867 3842 936 sophistam

2295 949 2525 1006 Basilius
2551 955 3008 1025 Constantinopoli
3037 959 3331 1013 studiorum
3361 960 3565 1014 socium
3597 959 3844 1014 habuerit

2289 1051 2384 1094 aut
2427 1046 2760 1112 magistrum.
2787 1045 3184 1102 Commemorat
3228 1048 3483 1105 Libanius
3532 1051 3605 1120 (ὁ)
3658 1049 3844 1103 amici-

2286 1135 2416 1186 tiam
2451 1150 2873 1205 communesque
2901 1142 3136 1202 scholas,
3165 1138 3372 1209 sibique
3395 1142 3470 1196 ait
3497 1143 3565 1213 (ε)
3593 1143 3843 1197 Basilium

2284 1223 2684 1283 adolescentem
2718 1229 3054 1284 admirationi
3094 1229 3286 1294 fuisse;
3329 1241 3439 1284 tum
3472 1234 3610 1302 quod
3644 1242 3846 1301 tempe-

2288 1315 2462 1367 rattlia
2513 1336 2633 1372 cum
2667 1322 2883 1374 senibus
2918 1332 3178 1385 certaret,
3225 1323 3383 1391 idque
3425 1323 3477 1374 in
3513 1325 3644 1378 urbe
3693 1324 3846 1377 volo--

2289 1407 2532 1475 ptatibus
2567 1409 2854 1476 dililucnte,
2890 1421 2998 1464 tttm
3050 1414 3190 1483 quod
3241 1429 3486 1482 magnam
3539 1415 3848 1482 disciplina-

2288 1513 2402 1549 rum
2451 1510 2660 1566 partem
2707 1500 2818 1568 jam
2872 1511 2980 1556 tum
3014 1511 3157 1559 esset
3198 1512 3540 1558 consecutus.
3576 1503 3678 1558 Sed
3725 1521 3845 1559 cum

2289 1588 2564 1658 Libanius,
2592 1595 2680 1660 qui
2712 1609 2853 1648 anno
2882 1592 2987 1647 3M
3017 1605 3173 1651 natus
3201 1606 3302 1661 eSI,
3332 1605 3540 1648 mature
3584 1595 3723 1648 inter
3760 1613 3847 1651 so-

2286 1681 2490 1746 phistas
2535 1698 2727 1737 nomen
2761 1685 3029 1745 habuerit,
3075 1702 3178 1740 non
3211 1688 3422 1741 videtur
3451 1685 3635 1741 Basilii
3677 1688 3848 1742 multo

2284 1769 2516 1839 junioris
2557 1771 2720 1827 fuisse
2770 1774 3186 1844 condiscipulus.
3233 1777 3590 1844 Quamobrem
3622 1778 3665 1832 si
3699 1788 3847 1832 tanta

2285 1864 2388 1916 fuit
2437 1864 2577 1918 inter
2640 1873 2925 1934 utrumque
2982 1869 3352 1937 necessitudo,
3394 1881 3593 1940 quanta
3642 1885 3707 1925 ex
3764 1873 3850 1926 his

2285 1955 2528 2023 epistolis
2576 1957 2920 2027 perspicitur,
2974 1974 3194 2014 necesse
3240 1973 3322 2014 est
3356 1973 3414 2017 ut
3447 1980 3570 2018 eum
3619 1963 3852 2019 Basilius

2286 2051 2516 2104 audierit
2552 2051 3033 2121 Constantinopoli.
3075 2052 3181 2107 Sed
3219 2068 3339 2108 cum
3380 2058 3460 2111 ha:
3507 2059 3696 2112 litterae
3740 2072 3852 2110 non

2289 2139 2517 2205 levibus,
2561 2151 2619 2194 ut
2655 2140 2794 2195 inira
2827 2141 3112 2207 videbitur,
3143 2143 3540 2212 susriicionibus
3587 2148 3857 2213 laborent,

2288 2247 2392 2285 non
2443 2232 2671 2285 libenter
2725 2234 3042 2288 crediderim
3090 2234 3344 2303 quidquid
3404 2234 3613 2288 illarum
3662 2237 3858 2292 nititur

2288 2325 2629 2386 auctoritate,
2679 2327 2775 2377 nisi
2815 2327 2936 2382 aliis
2987 2329 3306 2383 testimoniis
3348 2326 3717 2383 conﬁrmetur.
3751 2327 3858 2384 So-

2287 2426 2465 2469 crates
2515 2417 2730 2484 quidem
2769 2415 2846 2487 (d)
2882 2427 2934 2470 et
2967 2418 3301 2473 Sozomenus
3341 2419 3410 2491 (e)
3448 2427 3669 2473 narrant
3697 2417 3857 2474 Basi-

2290 2508 2415 2560 iiuni
2444 2522 2547 2560 una
2577 2521 2699 2561 cum
2737 2505 3000 2577 Gregorio
3038 2523 3258 2580 cperam
3301 2510 3598 2567 Antiochiae
3627 2509 3857 2566 Libanio

2290 2601 2525 2657 dedisse.
2547 2601 2618 2655 At
2640 2616 2825 2656 eorum
2862 2601 3178 2657 manifestus
3203 2611 3285 2656 est
3315 2617 3491 2667 error,
3519 2618 3638 2658 cum
3665 2614 3857 2659 neuter

2291 2695 2632 2748 Antiochiam
2677 2693 2981 2749 studiorum
3017 2707 3177 2748 causa
3217 2693 3407 2758 iverit,
3463 2707 3561 2748 nec
3607 2695 3860 2748 dubitant

2292 2788 2490 2843 eruditi
2531 2787 2656 2853 viri,
2697 2789 2825 2858 quin
2861 2789 2960 2842 hos
3001 2786 3293 2854 scriptores
3331 2786 3564 2840 nominis
3606 2786 3862 2840 similitu-

2292 2879 2417 2932 dine
2465 2880 2733 2948 deceperit
2772 2878 2999 2933 Basilius
3033 2879 3202 2933 sancti
3247 2877 3466 2934 Joannis
3486 2878 3856 2949 Chrysostomi

2293 2971 2522 3036 amicus,
2568 2985 2728 3038 quem
2785 2971 2909 3024 dum
2961 2970 3296 3026 confundunt
3337 2988 3455 3026 cum
3505 2971 3856 3036 Caesariensi,

2292 3061 2608 3131 Gregorium
2643 3062 2694 3116 ei
2724 3061 3107 3130 adjunxerunt.
3160 3062 3270 3114 Non
3311 3064 3464 3116 video
3508 3077 3637 3130 ergo
3665 3063 3860 3130 quibus

619 3138 807 3230 νοῗδίς
852 3145 956 3235 '10“
1002 3131 1126 3235 qut“
1288 3129 1486 3235 ’ίιίξτίε
1514 3145 1751 3235 ,οβθτθίη
1795 3130 2046 3192 deder“!
2097 3128 2187 3183 sed
2218 3178 2262 3235 ρ
2297 3128 2658 3207 monumentis
2694 3128 2859 3206 statui
2898 3155 3066 3222 possit
3101 3153 3352 3206 Basilium
3393 3128 3858 3220 Constantinopoli

621 3217 748 3287 quia
781 3219 832 3272 in
862 3216 962 3271 hac
993 3219 1124 3272 urbe
1155 3219 1349 3273 litterae
1378 3219 1662 3275 ﬂorebant.

1264 3326 1490 3385 CAPUT
1531 3331 1591 3385 ll.

621 3426 660 3479 Ι.
695 3422 916 3493 Sanctus
931 3423 1154 3478 Basilius
1173 3440 1199 3478 e
1218 3423 1550 3493 Cappadocia
1567 3421 2064 3493 constaittinopolim
2079 3426 2190 3474 mit-

694 3486 845 3551 titur.
873 3495 936 3549 ll.
973 3493 1104 3548 Inde
1132 3486 1360 3550 Athenas
1387 3496 1546 3548 venit.
1574 3492 1658 3546 ιιι.
1689 3486 2040 3559 Coniungitur
2067 3494 2192 3542 ami-

695 3567 823 3617 citia
867 3581 984 3618 cum
1013 3565 1262 3633 Gregorio
1297 3563 1654 3633 Nazianzeno.
1684 3561 1768 3633 lV_.
1801 3561 2192 3633 infornntttudia

694 3648 742 3687 et
803 3637 1042 3701 magistri
1099 3629 1143 3684 ρί
1197 3634 1560 3696 condiscipuli.
1607 3631 1672 3684 Υ.
1721 3631 1914 3685 Scribit
1967 3629 2193 3684 Basilius

701 3703 1052 3768 Apollinario.
1079 3701 1196 3766 Quo
1227 3719 1364 3754 anno
1390 3701 1619 3754 Athenas
1650 3702 1873 3768 reliquit.

704 3792 748 3849 Ι.
782 3790 994 3845 Nemini
1042 3791 1268 3845 cedebat
1334 3789 1562 3844 Basilius
1611 3789 1848 3856 corporis
1899 3789 2194 3854 pulchritu-

629 3886 756 3939 dine
782 3895 837 3938 et
869 3885 1060 3942 robore
1102 3897 1165 3936 ac
1191 3883 1531 3952 proceritate,
1563 3892 1847 3950 antequam
1884 3880 2032 3933 illum
2080 3895 2193 3947 pce-

628 3977 865 4032 nitentiae
911 3975 1121 4030 labores
1175 3974 1573 4035 debilitassent;
1622 3973 1713 4026 sed
1763 3987 1883 4024 eum
1932 3972 2002 4024 ab
2048 3971 2191 4038 ejus-

631 4069 770 4122 modi
812 4068 1147 4124 ornamentis
1180 4066 1402 4120 Iaudarc
1437 4065 1609 4119 noluit
1649 4065 1956 4131 Gregorius.
1997 4063 2192 4116 Liben-

632 4163 735 4216 tius
764 4172 982 4215 enarrat
1013 4162 1088 4229 (a)
1121 4159 1264 4212 illius
1307 4160 1357 4211 in
1393 4159 1589 4210 virtute
1623 4173 1685 4209 ac
1720 4156 1914 4208 litteris
1949 4168 2195 4221 progres-

629 4267 744 4307 sus.
773 4250 905 4304 Cum
935 4259 1078 4304 esset
1108 4249 1392 4317 Caesarea},
1436 4249 1629 4303 charus
1673 4247 2104 4314 eratmqualibus
2147 4252 2199 4296 et

631 4343 923 4413 magistris,
952 4357 1013 4396 ac
1057 4341 1203 4396 brevi
1251 4351 1495 4409 tempore
1529 4353 1724 4408 magno
1758 4339 1809 4390 in
1852 4337 2025 4405 pretio
2056 4335 2195 4402 apud

632 4435 870 4504 plebeios
911 4442 964 4488 et
1009 4432 1268 4500 primores
1316 4433 1551 4487 civitatis
1590 4450 1601 4484 :
1653 4432 1833 4485 rhetor
1888 4430 2026 4484 inter
2079 4431 2197 4482 rhe-

2297 3260 2514 3316 operam
2546 3245 2756 3300 dedisse
2785 3243 3026 3299 Libanio.
3073 3243 3150 3298 Ne
3184 3244 3355 3313 ipsum
3391 3244 3604 3313 quidem
3653 3253 3861 3313 tempus

2298 3339 2575 3406 aptissime
2622 3339 2944 3406 quadraret,
2974 3338 3016 3390 si
3051 3336 3344 3402 Libanius,
3365 3345 3423 3390 ut
3455 3337 3665 3390 videtur
3696 3335 3862 3391 Tille-

2297 3430 2519 3493 mentio,
2566 3431 2633 3482 ab
2667 3445 2809 3483 anno
2849 3430 2953 3484 546
2989 3445 3157 3499 usque
3202 3431 3266 3483 ad
3309 3429 3405 3484 '55!
3459 3431 3725 3484 docuisset
3761 3427 3860 3482 Ni-

2295 3521 2568 3575 comediae.
2623 3520 2752 3571 Nam
2805 3524 2941 3573 intra
2994 3522 3095 3575 hoc
3148 3533 3354 3591 tempus
3400 3522 3647 3576 videntur
3690 3521 3859 3577 collo-

2297 3613 2467 3666 canda
2502 3608 2685 3663 Basilii
2716 3611 2887 3662 studia
2932 3611 3541 3679 Constantinopolitana.
3588 3611 3690 3664 Sed
3736 3627 3860 3665 cum

2300 3703 2557 3757 Libanius
2594 3701 3057 3768 Constantinopoli
3102 3702 3285 3768 pulsus
3331 3700 3489 3755 fuerit
3530 3717 3556 3754 a
3593 3701 3856 3763 Limenio,

2298 3796 2386 3862 qui
2435 3791 2721 3860 przefectus
2774 3791 2891 3844 urbi
2947 3789 3045 3843 fuit
3093 3805 3120 3842 a
3164 3790 3336 3860 pridie
3379 3791 3502 3844 ldus
3545 3789 3714 3845 Julius
3757 3789 3862 3845 347

2305 3895 2476 3949 usque
2507 3879 2571 3932 ad
2606 3895 2654 3932 vi
2683 3877 2851 3946 April.
2879 3877 3004 3944 349,
3041 3876 3154 3932 ﬁeri
3209 3878 3378 3943 potuit
3410 3886 3487 3941 ut,
3520 3892 3583 3930 eo
3613 3880 3860 3943 docente,

2299 3971 2531 4024 Basilius
2584 3967 3104 4036 Constantinopolim
3155 3983 3296 4021 anno
3328 3968 3433 4022 διδ
3485 3984 3575 4022 aut
3619 3967 3724 4022 M7
3768 3982 3864 4020 ve.

2300 4063 2472 4122 niret,
2512 4074 2764 4128 eumque,
2813 4067 2862 4110 ut
2911 4059 3051 4112 inter
3104 4059 3371 4127 sophistas
3413 4061 3822 4114 celeberrimum
3849 4098 3864 4122 ,

2297 4155 2525 4207 audiret.

2369 4246 2502 4300 Cum
2540 4243 2687 4298 brevi
2717 4253 2951 4311 tempore
2983 4240 3210 4294 Basilius
3239 4242 3290 4293 in
3316 4242 3417 4295 hac
3443 4242 3571 4295 urbe
3603 4243 3866 4294 maximas

2301 4340 2482 4393 laudes
2541 4339 2593 4390 in
2668 4337 2949 4390 rhetorica:
3017 4352 3079 4390 ac
3144 4334 3491 4403 philosophia:
3566 4333 3866 4400 disciplinis

2309 4432 2531 4497 adeptus
2561 4438 2706 4482 esset
2738 4426 2826 4497 (fl,
2868 4426 3079 4479 tandem
3118 4426 3354 4480 Athenas
3387 4425 3572 4493 petiit,
3616 4439 3732 4489 qua:
3767 4424 3865 4477 do-

633 4539 777 4581 lores
800 4528 962 4582 etiam
987 4537 1111 4579 ante
1135 4524 1461 4579 rhetoricam
1495 4523 1810 4584 exhedram,
1846 4520 2192 4590 pltilOSOphus
2228 4521 2271 4574 D
2309 4523 2564 4578 micilimn
2603 4532 2656 4574 et
2693 4522 2847 4574 sedes
2875 4521 3175 4574 litterarum
3211 4517 3561 4572 habebantur.
3595 4517 3740 4570 Illius
3772 4519 3866 4570 ad-

632 4619 773 4672 inter
806 4617 1148 4686 philosophos
1189 4615 1348 4670 etiam
1386 4623 1511 4669 ante
1554 4613 1907 4681 philosophias
1955 4613 2194 4673 decreta,

634 4719 684 4765 et
715 4710 854 4778 quod
895 4710 1188 4762 maximum
1237 4717 1352 4772 est,
1402 4705 1725 4760 Christianis
1778 4703 2028 4757 sacerdos
2075 4710 2202 4756 ante

636 4801 1017 4857 sacerdotium.
1047 4801 1195 4854 Adeo
1241 4814 1429 4855 omnes
1461 4797 1609 4852 illum
1658 4799 2016 4850 mirabantur.
2060 4793 2204 4847 Prte-

635 4895 852 4960 cipuum
885 4892 1026 4945 illius
1053 4891 1293 4945 studium
1332 4906 1435 4944 non
1469 4901 1624 4944 erant
1650 4889 1857 4951 littera;
1897 4889 1988 4942 sed
2020 4888 2197 4955 philo-

637 4985 820 5052 sophia
845 4982 1169 5044 Christiana,
1205 4984 1269 5034 ad
1307 4998 1466 5050 quam
1505 4981 1710 5043 litteras
1745 4979 2034 5033 referebat.

708 5075 834 5128 .nde
871 5074 1389 5141 Constantinopolim
1421 5074 1668 5132 mittitur,
1697 5088 1815 5140 qua}
1845 5072 2036 5123 civitas
2070 5072 2198 5123 rhe-

639 5165 845 5218 toribus
874 5182 937 5219 ac
983 5165 1310 5233 philosOpbis
1341 5164 1793 5230 pt'tcstantissitnis
1840 5160 2084 5223 ﬂorebat,
2119 5162 2200 5213 in-

638 5259 749 5322 quit
786 5253 1114 5324 Gregorius:
1146 5256 1298 5321 cujus
1335 5271 1399 5307 ex
1444 5254 1751 5308 testimonio
1781 5262 1832 5305 et
1862 5267 1926 5304 ex
1958 5251 2196 5318 superio-

644 5350 787 5400 ribus
837 5363 908 5399 ve
933 5348 1046 5413 bi.,,
1097 5348 1428 5416 philosoiihus
1483 5347 1642 5396 etiam
1689 5355 1806 5397 autc
1855 5342 2196 5407 philosophia;

640 5440 870 5500 decreta,
921 5440 1272 5506 perspicimus
1313 5438 1560 5490 Basiliam
1600 5438 1652 5492 in
1699 5437 1829 5491 urbe
1883 5435 2196 5489 Caesariensi

713 5623 788 5687 (α)
827 5618 920 5672 Or.
947 5620 1036 5672 ‘20.

714 5693 785 5756 (θ)
830 5690 992 5755 Epist.
1018 5690 1120 5743 MSS
1147 5701 1199 5744 et
1228 5691 1347 5745 558.

716 5760 784 5828 (ε)
829 5760 922 5830 Ep.
950 5760 1071 5815 550.

2309 4623 2521 4667 ventum
2560 4612 2698 4663 tanta
2756 4611 3056 4676 nuntiavit,
3103 4622 3471 4674 summamque
3504 4608 3867 4675 exspectatio-

2308 4721 2429 4761 nem
2463 4705 2716 4757 omnibus
2760 4703 2945 4766 movit,
2993 4702 3257 4771 praecipue
3304 4715 3432 4752 vero
3461 4698 3720 4768 Gregorio
3762 4697 3868 4750 Na-

2307 4796 2584 4859 zianzeno,
2619 4793 2706 4858 qui
2743 4792 2898 4860 paulo
2938 4801 3061 4845 ante
3113 4792 3161 4842 in
3195 4791 3334 4843 hanc
3371 4791 3554 4842 urbem
3589 4801 3706 4842 sese
3736 4802 3869 4840 con-

2310 4886 2526 4949 tulerat,
2558 4899 2621 4937 ac
2652 4883 2905 4936 Basiliam
2945 4883 3203 4935 Caesareae
3231 4888 3576 4944 cegnoverat.
3609 4876 3722 4930 Mos
3751 4887 3869 4930 erat

2306 4977 2548 5036 Athenis,
2596 4984 2654 5027 ut
2704 4974 3098 5033 adolescentes,
3127 4971 3252 5023 dum
3287 4970 3482 5024 scholae
3526 4981 3636 5022 sua:
3677 4981 3869 5020 nume-

2315 5084 2430 5120 rum
2465 5079 2661 5133 augere
2692 5074 2747 5117 ct
2786 5065 2865 5117 sui
2911 5065 3135 5131 quisque
3167 5062 3420 5129 sophista:
3453 5074 3558 5113 arra
3608 5058 3868 5126 ampliare

2311 5157 2556 5226 cupiunt,
2607 5163 3052 5224 praeoccuparem
3091 5154 3270 5217 urbes,
3321 5154 3452 5215 vias,
3486 5150 3747 5203 montium
3775 5163 3864 5202 ca—

2311 5250 2547 5311 ciimina,
2578 5261 2819 5316 campos,
2850 5245 3180 5308 solitudines,
3211 5260 3394 5297 omnes
3421 5244 3651 5310 denique
3677 5241 3866 5294 Attica:

2314 5358 2373 5392 ac
2407 5340 2625 5405 reliqua:
2669 5339 2890 5392 Graecae
2935 5346 3138 5402 partes.
3180 5345 3340 5400 atque
3382 5334 3524 5400 ipsos
3567 5334 3727 5385 etiam
3779 5331 3861 5383 in-

2320 5433 2485 5496 colas,
2511 5446 2738 5498 quorum
2770 5430 3054 5483 maximam
3084 5439 3288 5496 partem
3317 5431 3366 5481 in
3405 5442 3497 5481 sua
3527 5425 3702 5480 studia
3728 5425 3861 5482 scin-

2391 5612 2466 5682 (d)
2510 5613 2622 5665 Lib.
2654 5628 2724 5676 tv,
2757 5629 2802 5666 c.
2827 5611 2912 5663 26.

2393 5684 2460 5752 (ιῆ
2501 5682 2611 5733 Lib.
2643 5697 2713 5742 Vt,
2747 5699 2792 5733 ιζ.

2394 5750 2458 5822 ιξίΊ
2506 5752 2630 5806 Nil.
2658 5763 2794 5804 orat.
2820 5750 2906 5806 ‘20.
