4068 6320
1517 375 1670 430 νιΤΑ
1716 373 1745 428 S

1851 370 2079 427 ASILII.
3349 373 3396 410 ιι

197 497 390 552 dobant.
440 495 510 550 Ut
565 496 797 566 quisque
825 503 1022 564 _auteni
1064 493 1320 561 juvcnmn
1371 492 1605 544 Athenas
1652 503 1742 544 ve-
1772 493 1815 547 Δ
1848 500 1898 542 et
1933 487 2166 542 studium
2207 483 2378 535 virtus
2414 491 2531 534 erat
2564 502 2574 534 :
2616 490 2839 548 uterque
2874 481 3024 533 alteri
3060 493 3241 531 norma
3286 489 3399 531 erat

191 591 370 650 aiebat,
396 587 584 642 statim
623 603 744 642 eum
779 586 860 639 vel
910 586 957 639 vi
1002 583 1085 637 vel
1130 593 1319 647 sponte
1353 597 1504 637 suum
1557 581 1732 635 facere

191 681 525 736 conabantur.
561 676 612 732 Is
658 679 887 746 primum
938 675 1076 746 apud
1123 690 1307 728 eorum
1357 673 1609 743 aliquem,
1642 673 1730 741 qui

191 774 376 838 priores
417 784 544 825 eum
597 776 885 836 ceperant,
931 767 1162 836 hospitio
1199 765 1589 833 excipiebatur,
1620 764 1731 818 sive

190 865 374 915 amicus
423 869 591 922 esset,
638 860 750 914 sive
783 859 1132 928 propinquus,
1177 858 1291 911 sive
1321 857 1474 921 civis,
1520 855 1635 909 sive
1663 870 1729 910 ex

190 969 354 1007 eorum
402 966 651 1015 numero,
689 950 780 1018 qui
827 948 1087 1002 mercedis
1135 950 1252 1002 loco
1297 947 1551 1014 sophistis
1595 947 1733 1000 hanc

191 1043 400 1112 augendi
447 1058 636 1098 eorum
689 1042 822 1095 lucri
857 1055 1041 1094 curam
1090 1039 1483 1109 persolvebaut.
1532 1037 1733 1092 Deinde

193 1133 438 1189 conviciis
464 1150 492 1187 a
528 1133 767 1202 quolibet
810 1131 1196 1197 lacessebatur,
1225 1139 1274 1184 et
1311 1145 1404 1199 per
1451 1128 1622 1184 forum
1667 1129 1734 1182 ad

194 1223 424 1277 balneum
477 1239 600 1278 cum
663 1235 850 1291 pompa
915 1221 1299 1275 deducebatur.
1353 1217 1546 1288 Equis
1591 1219 1731 1272 enim

193 1316 360 1382 spatiis
396 1316 539 1369 inter
578 1328 639 1367 se
680 1311 951 1375 distincti,
1000 1311 1110 1365 bini
1150 1325 1271 1365 eum
1325 1309 1729 1365 antecedebant.

193 1404 466 1474 Postquam
513 1413 692 1458 autem
738 1404 956 1472 propius
1002 1415 1378 1466 accesserant,
1431 1413 1541 1456 tum
1606 1415 1735 1455 vero

194 1501 324 1566 quasi
358 1498 542 1553 furore
566 1498 798 1566 correpti
835 1497 1123 1560 saltabant,
1151 1507 1207 1550 et
1241 1497 1473 1552 maximo
1501 1498 1736 1553 clamore

195 1593 390 1646 sublato
435 1592 630 1644 sistere
661 1590 937 1657 jubebant,
977 1604 1075 1644 nec
1115 1587 1196 1643 l‘as
1226 1604 1347 1644 esse
1380 1591 1581 1660 ingredi
1611 1609 1623 1642 :
1656 1590 1734 1642 si-

195 1683 392 1751 mulque
427 1682 655 1748 pulsatis
686 1682 865 1750 januis
890 1681 1138 1748 juvenem
1174 1680 1474 1744 terrebant,
1522 1694 1584 1733 ac
1620 1686 1736 1732 tau-

195 1777 294 1827 dem
338 1770 484 1826 aditu
539 1787 792 1827 concesso
839 1773 890 1826 in
940 1771 1238 1824 libertatem
1289 1770 1627 1834 asserebant,
1675 1783 1739 1824 ac

1837 589 1891 631 et
1927 576 2104 646 regula
2142 573 2374 633 vivendi,
2399 581 2452 624 et
2487 573 2615 640 quid
2650 581 2852 624 rectum
2887 585 3052 624 necne
3085 571 3157 624 sit
3201 570 3401 622 discer-

1842 668 2026 722 nendi.
2053 665 2235 732 Neque
2263 679 2327 717 ex
2363 661 2634 716 sodalibus
2671 661 2720 712 in
2761 674 2910 712 suam
2960 659 3398 713 consuetudinem

1838 757 2213 817 asciscebant,
2264 753 2363 809 nisi
2409 752 2496 821 qui
2540 750 2827 805 castissimi
2870 759 2924 804 et
2951 749 3277 818 pacatissimi
3315 763 3401 801 es-

1839 859 1976 904 sent.
2009 847 2132 901 Duae
2170 844 2272 898 illis
2323 853 2460 898 notae
2524 850 2676 896 erant
2717 842 2846 906 vite,
2895 839 3062 894 altera
3110 841 3174 892 ad
3222 853 3405 891 sacras

1838 942 1980 995 aedes
2032 938 2505 998 Christianorum,
2561 933 2726 986 altera
2775 933 2840 984 ad
2889 932 3102 987 scholas
3151 930 3349 985 ducens
3388 947 3398 980 :

1840 1037 1997 1101 festa,
2048 1035 2280 1095 theatra,
2330 1031 2569 1084 celebres
2618 1037 2913 1083 conventus
2956 1037 3010 1078 et
3060 1023 3304 1078 convivia
3341 1022 3402 1072 li-

1842 1129 2026 1182 benter
2076 1124 2196 1177 aliis
2251 1121 2644 1190 relinquebant.
2696 1117 2838 1172 Nihil
2894 1117 3079 1185 majori
3132 1118 3398 1171 ducebant

1842 1218 2004 1280 laudi,
2034 1230 2191 1286 quam
2232 1226 2286 1268 ut
2323 1211 2615 1268 Christiani
2646 1222 2830 1265 essent
2860 1220 2913 1263 et
2944 1211 3352 1264 nominarentur
3382 1226 3394 1260 :

1841 1317 1895 1360 et
1933 1310 1985 1360 in
2030 1319 2094 1358 ea
2147 1307 2299 1363 urbe.
2349 1317 2466 1372 qua:
2521 1300 2826 1354 simulacris
2873 1316 2935 1354 ac
2988 1299 3398 1353 simulacrorum

1843 1395 2204 1453 laudatoribus
2261 1405 2314 1448 et
2370 1393 2606 1463 patronis
2667 1390 3011 1453 abundabat,
3070 1403 3170 1443 non
3243 1390 3399 1442 modo

1843 1489 1988 1545 nulla
2025 1501 2242 1557 prorsus
2273 1500 2400 1537 aura
2444 1482 2844 1551 superstitionis
2879 1479 3044 1534 afﬂati
3097 1488 3257 1544 sunt,
3305 1479 3400 1533 sed

1842 1577 2003 1632 etiam
2053 1573 2237 1630 fraude
2277 1573 2443 1626 oculis
2490 1573 2603 1625 suis
2649 1572 2762 1626 visa
2814 1585 2875 1624 ac
2933 1579 3244 1638 perspecta,
3292 1566 3398 1621 illic

1842 1668 2112 1723 damtones
2157 1668 2386 1720 maxime
2415 1671 2873 1731 contempserunt,
2907 1661 2993 1716 ubi
3034 1661 3266 1714 maxime
3312 1674 3401 1714 co-

1845 1757 2104 1813 lebantur.
2135 1757 2342 1810 Eximia
2373 1755 2551 1810 Basilii
2579 1764 2630 1808 et
2663 1752 2904 1823 Gregorii
2939 1751 3244 1819 conjunctio
3272 1765 3399 1806 con-

194 1865 430 1930 deinceps
460 1863 722 1916 sodalium
754 1875 972 1916 numero
1006 1860 1394 1915 ascribebatur.
1425 1857 1734 1929 Gregorius,
1767 1845 1809 1904 Β
1840 1850 2056 1905 [laverat
2086 1850 2228 1902 circa
2259 1862 2349 1900 eos
2385 1845 2546 1898 veluti
2594 1843 2860 1912 quoddam
2913 1842 3208 1896 amicorum
3259 1841 3396 1895 idem

195 1953 270 2021 qui
319 1951 573 2007 Basiliqu
629 1953 992 2017 reverebatur,
1047 1967 1251 2006 morum
1309 1950 1624 2020 gravitatem
1685 1958 1738 2002 et

194 2058 486 2098 sermonum
535 2043 872 2114 prudentiam
922 2043 1138 2107 videns,
1188 2043 1250 2096 iis
1297 2043 1389 2111 qui
1439 2041 1582 2096 illum
1634 2057 1737 2096 noa

197 2144 439 2188 noverant
472 2134 764 2203 persuasit,
811 2141 865 2185 ut
903 2133 1040 2185 idem
1084 2134 1151 2187 de
1191 2132 1278 2188 illo
1313 2133 1596 2188 sentirent.
1639 2133 1740 2186 Ita-

196 2240 288 2290 que
315 2225 458 2280 solus
489 2225 602 2278 fere
629 2239 695 2276 ex
741 2221 990 2277 omnibus
1021 2223 1242 2279 advenis
1275 2236 1612 2276 communem
1656 2223 1736 2276 le-

196 2333 303 2384 gem
337 2316 546 2384 eﬂ'ugit.

257 2406 332 2459 ill.
375 2405 642 2459 Amicitiae
674 2404 989 2476 Gregorium
1041 2406 1182 2460 inter
1208 2414 1262 2458 et
1306 2402 1560 2459 Basiliam
1607 2405 1741 2474 igni-

197 2498 290 2551 culi
336 2498 453 2552 inde
499 2498 870 2563 emicuerunt,
913 2512 977 2551 ac
1011 2498 1167 2566 paulo
1218 2507 1337 2565 post
1385 2499 1436 2552 in
1490 2514 1738 2569 magnam

201 2590 356 2642 facem
409 2603 548 2643 novo
619 2589 862 2658 Gregorii
927 2587 1188 2641 beneﬁcio
1241 2600 1546 2645 creverunt.
1601 2590 1734 2644 Nam

199 2693 308 2732 cum
332 2680 567 2734 Armenii
604 2680 844 2747 quidam,
878 2677 1006 2732 olim
1042 2678 1222 2733 Basilii
1256 2684 1356 2734 sub
1391 2681 1557 2750 ipsius
1591 2691 1743 2751 patre

198 2768 556 2837 condiscipuli,
592 2767 735 2820 illius
771 2766 953 2822 laudes
991 2767 1188 2822 invidis
1213 2769 1381 2824 oculis
1415 2770 1741 2840 aspicerent,

198 2873 409 2927 eumque
441 2858 554 2912 suis
583 2860 1105 2928 argumentationum
1144 2861 1296 2915 tricis
1328 2875 1522 2930 capere
1572 2872 1744 2917 tenta-

209 2960 335 3009 rent,
385 2944 702 3017 Gregorius,
755 2948 844 3016 qui
901 2948 1082 3016 gloria:
1142 2949 1468 3004 Athenarum
1522 2953 1746 3019 cupidus

205 3045 329 3101 erat,
354 3039 556 3092 veritus
587 3053 655 3093 ne
685 3037 813 3107 quid
847 3039 1035 3093 civitas
1077 3040 1355 3093 dedecoris
1383 3039 1668 3108 acciperet,
1699 3041 1744 3094 si

205 3143 357 3182 novus
414 3130 599 3184 accola
673 3129 1004 3196 antiquiores
1070 3138 1377 3196 superaret,
1427 3131 1598 3199 primo
1641 3130 1739 3186 Ar-

209 3219 380 3272 meniis
412 3234 567 3286 opem
603 3219 838 3279 ferebat;
868 3226 921 3270 at
955 3217 1042 3270 ubi
1087 3219 1348 3286 perﬁdum
1381 3220 1589 3274 illorum
1621 3237 1748 3278 con-
1775 3204 1817 3261 (ἶ

210 3305 364 3358 silium
407 3305 698 3372 perspexit,
726 3314 892 3360 totum
922 3322 981 3362 se
1021 3309 1086 3361 ad
1137 3308 1389 3363 Basiliam
1421 3314 1616 3378 vertit,
1661 3330 1750 3370 eo-

210 3408 298 3460 que
339 3395 623 3464 adjuvante
670 3395 909 3452 Armenii
965 3399 1176 3468 penitus
1220 3401 1343 3456 fusi.
1398 3403 1524 3458 lude
1562 3404 1749 3458 Arme-

212 3497 399 3536 niorum
438 3484 529 3537 ira:
559 3495 613 3539 et
643 3485 938 3541 inimicitia:
970 3490 1020 3541 in
1054 3488 1393 3557 Gregorium,
1424 3504 1481 3546 ut
1515 3507 1667 3546 suum
1697 3502 1752 3546 et

213 3577 341 3630 urbis
361 3580 712 3645 proditorem.
738 3577 990 3633 Basilium
1024 3591 1202 3634 autem
1236 3583 1566 3635 Athenarum
1602 3581 1751 3635 l‘asti-

213 3666 339 3719 dium
382 3669 561 3736 cepit,
609 3672 731 3737 quia
783 3685 904 3722 cum
943 3686 1131 3739 magna
1183 3673 1362 3724 omnia
1411 3670 1510 3726 sibi
1555 3671 1620 3728 de
1653 3673 1753 3728 hac

213 3757 328 3810 urbe
363 3759 632 3820 ﬁnxisset,
685 3759 945 3812 minorem
981 3763 1385 3828 exspectatione
1429 3765 1747 3832 reperiebat.

213 3844 377 3915 Itaque
407 3864 592 3916 parum
637 3849 737 3902 sibi
776 3850 959 3904 beatus
1001 3852 1280 3919 videbatur
1310 3854 1451 3921 quod
1498 3855 1752 3919 venisset,

211 3946 259 3989 el
301 3938 504 3992 inanem
555 3938 864 3995 felicitatem
899 3940 1138 3996 Athenas
1175 3945 1412 3999 voeabat.
1454 3942 1586 3997 Tum
1621 3944 1753 4000 Gre-

212 4029 377 4096 gorius
424 4031 564 4084 illius
598 4046 880 4085 tizmrorem
925 4032 1163 4085 consiliis
1207 4033 1317 4085 suis
1352 4035 1636 4100 abstersit,
1677 4037 1755 4089 ei-

213 4135 305 4188 que
335 4123 598 4189 persuasit
640 4137 738 4175 nec
767 4121 1042 4174 hominmu
1091 4137 1267 4175 mores
1306 4125 1454 4178 brevi
1491 4135 1747 4193 tempore,

215 4225 302 4265 nec
339 4213 632 4265 doctrinam
667 4223 722 4266 et
755 4213 1111 4268 eruditionem
1157 4215 1347 4270 leviter
1393 4214 1748 4286 degustando,

215 4305 296 4359 sed
324 4304 405 4358 diu
453 4304 786 4376 multumque
829 4308 1105 4376 probando
1143 4318 1194 4362 et
1233 4308 1583 4377 periclitando
1615 4310 1753 4377 diju-

217 4398 392 4453 dicari.
427 4399 516 4454 Sic
554 4400 695 4453 inter
723 4415 814 4454 eos
849 4399 1018 4469 magis
1056 4415 1117 4453 ac
1153 4402 1320 4469 magis
1356 4404 1757 4457 devinciebatur

217 4492 427 4546 amicitia
455 4490 647 4547 dandis
673 4500 727 4544 et
757 4491 1080 4560 accipiendis
1121 4493 1505 4547 benevolentiae
1535 4493 1745 4562 signifi-

214 4580 508 4635 cationibus.

271 4666 550 4741 Postquam
603 4680 781 4725 autem
832 4673 929 4726 sibi
987 4673 1214 4726 invicem
1262 4691 1520 4744 aperuere
1573 4677 1746 4728 consi-

215 4759 332 4813 lium
370 4763 751 4832 amplectenda:
801 4764 1179 4834 philosophiae,
1236 4775 1345 4818 tum
1396 4784 1522 4820 vero
1563 4777 1751 4820 contu-

212 4851 437 4907 hernales
462 4865 516 4910 et
549 4857 882 4910 convictores
914 4855 1082 4920 luere,
1124 4873 1185 4910 :tc
1218 4867 1362 4910 tanta
1411 4860 1507 4913 fuit
1551 4861 1754 4912 animo-

217 4959 321 4997 nim
353 4955 403 4998 et
445 4947 494 4999 in
531 4948 725 5002 litteris
764 4959 819 5000 et
869 4949 918 5000 in
957 4950 1241 5002 virtutibus
1277 4952 1581 5006 excolendis
1620 4969 1754 5006 con—

218 5038 398 5099 sensio,
428 5047 481 5090 ut
511 5055 614 5090 una
653 5043 866 5107 utrique
893 5041 1068 5092 anima
1117 5044 1291 5096 inesse
1326 5032 1615 5112 videietur,
1645 5046 1749 5098 duo

220 5138 422 5192 corpora
467 5126 666 5182 ferens.
712 5126 816 5181 Par
854 5138 969 5183 erat
1001 5132 1232 5185 studium
1266 5131 1621 5200 adipiscenda:
1661 5136 1754 5188 do-

220 5216 407 5280 ctrinae,
449 5219 540 5272 sed
603 5219 792 5274 aberat
854 5222 1072 5274 invidia.
1124 5221 1414 5276 Certabant
1472 5241 1573 5278 non
1638 5237 1758 5278 nter

221 5319 402 5373 prunas
437 5313 677 5378 haberet,
705 5313 799 5367 sed
829 5323 950 5368 uter
981 5314 1135 5368 alteri
1162 5316 1498 5369 concederet.
1529 5317 1761 5386 Uterque

222 5394 384 5454 laudes
415 5403 634 5460 alterius
674 5419 801 5460 suas
844 5405 1091 5461 ducebat.
1142 5406 1312 5461 Unum
1366 5408 1576 5474 utrique
1627 5427 1759 5479 opus

285 5666 354 5743 (ει)
384 5667 588 5743 §0€rat.
624 5671 657 5725 Ι.
693 5689 765 5738 tv,
800 5691 845 5731 c.
882 5677 949 5732 26
976 5695 988 5742 ;
1020 5677 1231 5734 Sozam.
1271 5681 1304 5732 l.
1341 5696 1411 5743 vi,
1439 5697 1484 5734 ς.
1527 5682 1607 5733 i7.

285 5736 353 5801 (θ)
384 5738 464 5804 Ep.
499 5742 585 5793 ut.

285 5804 348 5862 (ι)
376 5805 462 5875 Ep.
500 5810 624 5867 27'2.

1842 1941 2184 1997 sentientium
2238 1937 2578 2001 sodalitium,
2628 1935 2782 2003 cujus
2833 1935 2940 1987 dux
2992 1943 3046 1987 et
3097 1943 3395 2001 praeceptor

1845 2032 2089 2087 Basilius.
2121 2028 2232 2083 Non
2288 2027 2506 2082 dubium
2543 2028 2670 2096 quin
2721 2024 2961 2094 ejusdem
3023 2025 3248 2093 agminis
3295 2024 3399 2077 dux

1845 2125 1977 2178 alter
2006 2122 2272 2178 exstiterit
2318 2119 2630 2189 Gregorius,
2674 2117 2919 2188 quamvis
2951 2116 3019 2170 de
3065 2133 3122 2171 se
3168 2119 3279 2186 ipse
3320 2126 3401 2170 ta-

1845 2223 1982 2268 ceat.
2025 2212 2150 2266 lude
2200 2211 2415 2274 evenit,
2468 2224 2525 2265 ut
2557 2211 2829 2279 egregium
2870 2207 2998 2261 illud
3054 2223 3150 2277 par
3203 2208 3406 2262 amico-

1845 2320 1962 2359 rum
1993 2319 2097 2357 non
2142 2305 2194 2356 in
2229 2304 2430 2359 Graecia
2461 2301 2658 2365 solum,
2704 2302 2798 2355 sed
2847 2301 3007 2354 etiam
3054 2310 3206 2355 extra
3255 2298 3406 2356 Gm-

1845 2401 1982 2454 ciam
2017 2397 2396 2461 celebraretur,
2437 2406 2491 2450 et
2531 2410 2649 2448 cum
2681 2410 2866 2448 eorum
2916 2393 3153 2462 magistri
3201 2392 3399 2446 lautam

1847 2493 2172 2547 Athenarum
2225 2489 2601 2558 adtequarent,
2649 2487 2748 2555 ipsi
2799 2499 3052 2555 quoque,
3099 2486 3402 2554 ubicunque

1848 2583 1957 2637 noti
2003 2588 2157 2634 erant
2201 2579 2485 2649 magistri,
2526 2580 2576 2632 in
2618 2578 2894 2634 homin..m
2928 2592 3022 2632 ore
3069 2585 3410 2633 versarentur

1847 2686 1900 2729 et
1946 2670 2120 2727 Oresti
2171 2686 2233 2725 ac
2290 2670 2474 2742 Pyladi
2527 2671 2680 2739 longe
2756 2670 2823 2723 ab
2873 2669 3124 2724 omnibus
3184 2667 3412 2723 praefer-

1851 2774 2052 2819 rentur.

1921 2856 2006 2911 IV.
2053 2854 2146 2909 llis
2204 2853 2459 2924 praeditus
2524 2861 2640 2906 erat
2711 2852 2950 2907 moribus
3012 2850 3275 2914 Basilius,
3321 2850 3409 2919 qui

1852 2949 2014 3002 etiam
2049 2947 2164 3000 sine
2191 2945 2438 3000 doctrina
2470 2943 2682 2999 laudem
2711 2943 3060 3009 habuissent;
3097 2940 3187 2997 sed
3218 2941 3283 2995 ad
3316 2941 3411 2995 hos

1853 3053 2029 3093 mores
2068 3047 2122 3091 et
2153 3036 2228 3108 (p.
2255 3035 2382 3108 555)
2421 3036 2692 3108 egregiam
2731 3033 2962 3091 indolem
2999 3042 3144 3088 tanta
3188 3031 3414 3087 accessit

1853 3130 2107 3185 doctrinae
2137 3130 2310 3198 copia,
2358 3138 2414 3182 ut
2463 3143 2619 3182 nemo
2649 3142 2767 3181 cum
2797 3141 2859 3180 eo
2903 3126 3300 3195 comparandus
3325 3136 3413 3178 es-

1852 3236 1965 3287 set,
2011 3222 2126 3278 sive
2171 3223 2221 3273 in
2259 3222 2563 3284 rhetorica,
2616 3221 2728 3274 sive
2773 3220 2825 3273 in
2881 3218 3248 3288 grammatica,
3294 3229 3412 3282 quae

1852 3315 2089 3385 linguam
2123 3313 2188 3366 ad
2222 3311 2572 3368 Graecismum
2610 3313 2834 3367 format.
2881 3308 3132 3364 historias
3177 3306 3411 3374 colligit,

1855 3411 2041 3462 metris
2070 3421 2286 3475 praeest,
2321 3417 2373 3461 et
2405 3406 2736 3460 carminibus
2771 3404 2914 3476 leges
2939 3400 3266 3473 praascribit';
3302 3400 3414 3453 sive

1854 3500 1906 3551 in
1950 3499 2199 3553 omnibus
2239 3498 2587 3568 phil050phia:
2638 3498 2892 3566 partibus.
2951 3493 3026 3548 Ne
3070 3485 3415 3560 geometriam

1855 3591 2072 3659 quidem
2104 3598 2159 3644 et
2195 3590 2590 3644 astronomiam
2620 3603 2682 3643 ac
2726 3586 3122 3641 arithmeticam
3169 3583 3416 3652 neglexe-

1853 3691 1956 3748 rat,
1994 3683 2084 3737 sed
2122 3684 2187 3736 iis
2220 3684 2421 3737 relictis
2459 3697 2576 3750 quze
2607 3683 2671 3736 ad
2718 3683 2967 3750 pietatem
3014 3677 3270 3746 prodesse
3315 3691 3418 3729 non

1857 3779 2120 3838 poterant,
2167 3780 2371 3824 tantum
2403 3770 2504 3823 sibi
2533 3785 2598 3822 ex
2637 3770 2720 3822 bis
2767 3768 3061 3838 disciplinis
3093 3774 3418 3833 sumpserat,

1854 3871 2111 3928 quantum
2145 3862 2276 3914 satis
2323 3871 2476 3924 erat,
2517 3873 2573 3914 ut
2601 3862 2668 3914 al)
2703 3861 2784 3915 his
2825 3861 2916 3930 qui
2961 3876 3078 3914 sese
3110 3860 3160 3913 in
3196 3861 3294 3912 hoc
3327 3873 3418 3928 ge-

1856 3968 1980 4005 nere
2027 3952 2393 4018 venditabant,
2433 3954 2696 4023 exagitari
2730 3968 2834 4006 non
2869 3961 3068 4020 posset.
3104 3948 3419 4004 Medicinam

1857 4052 2030 4096 autem
2078 4044 2287 4097 videtur
2334 4045 2576 4114 apprime
2624 4045 2897 4106 calluisse,
2949 4053 3229 4111 propterea
3279 4040 3420 4111 quod

1859 4134 1996 4187 hanc
2025 4136 2095 4186 illi
2144 4149 2312 4188 artem
2357 4136 2599 4204 perpetui
2650 4135 2820 4188 morbi
2851 4146 2904 4187 et
2937 4135 3297 4188 necessariam
3346 4131 3423 4185 fe-

1857 4238 2075 4290 cerant,
2109 4241 2163 4279 et
2204 4228 2266 4280 ad
2303 4229 2510 4281 facilius
2545 4227 2942 4297 percipiendam
2981 4227 3315 4297 profuerant.

1931 4317 2221 4372 llimeriuni
2259 4331 2308 4370 et
2333 4318 2728 4372 Prohtei'esiuin
2759 4319 2982 4370 Athenis
3011 4318 3296 4372 audierunt
3319 4317 3423 4370 Ba-

1859 4412 2008 4463 silius
2040 4422 2086 4463 ei
2126 4410 2414 4476 Gregorius
2456 4409 2553 4478 (τι),
2605 4409 2878 4477 saphistas
2934 4408 3092 4478 longe
3130 4407 3422 4460 celeberri-

1859 4515 1992 4552 mos.
2039 4497 2110 4550 Ex
2161 4498 2341 4549 Basilii
2367 4496 2562 4549 litteris
2597 4499 2970 4567 cognoscimus
3001 4512 3120 4550 eum
3157 4515 3183 4547 a
3217 4499 3421 4552 teneris

1864 4591 2096 4643 amicitia
2131 4589 2469 4656 eonjnut'luin
2500 4588 2663 4643 fuisse
2694 4605 2813 4642 cum
2837 4588 3104 4657 llesychio
3132 4601 3184 4642 et
3213 4589 3418 4643 Tereti-

1863 4689 1934 4737 tio
1968 4687 2060 4752 (bl,
2099 4697 2218 4734 cum
2265 4683 2568 4750 Sophronia
2621 4683 2915 4737 olliciorum
2979 4684 3234 4752 magistro
3267 4684 3337 4753 (ε)
3373 4695 3425 4737 ct

1862 4773 2332 4839 Eusebioquodam
2355 4776 2604 4843 episcopo
2640 4775 2735 4843 (il).
2778 4773 3038 4828 Caesarem
3062 4775 3302 4828 eamdem
3335 4777 3430 4828 do-

1865 4879 2009 4917 mum
2042 4864 2228 4919 habuit
2257 4883 2320 4919 ac
2348 4867 2433 4918 ille
2468 4865 2788 4934 Hesychius.
2817 4867 2949 4918 Cum
2981 4867 3210 4919 Eusebio
3241 4868 3420 4920 omnia

1865 4957 1911 5008 ei
1933 4958 2235 5008 communia
2266 4954 2498 5009 fuerunt.
2544 4955 2648 5009 Sed
2673 4971 2776 5024 qua
2816 4958 2866 5009 in
2913 4955 3042 5008 urbe
3077 4957 3234 5010 simul
3280 4960 3425 5010 vixe-

1868 5048 1994 5111 rint,
2018 5062 2239 5114 prorsus
2277 5048 2564 5101 nescimus.
2585 5048 2740 5101 Celso
2772 5047 2978 5100 Lihanii
3014 5048 3275 5116 discipulo
3300 5062 3420 5114 per-

1866 5141 2035 5192 suasit
2067 5138 2295 5192 Basilius
2330 5147 2385 5191 ut
2409 5153 2589 5192 secum
2629 5139 2866 5191 Athenas
2915 5141 3123 5192 veniret
3153 5140 3246 5207 (ε),
3276 5140 3318 5192 si
3352 5150 3429 5192 ta-

1868 5245 1986 5282 men
2036 5229 2243 5284 Libauii
2292 5231 2355 5282 ad
2403 5229 2656 5284 Basiliam
2709 5230 2900 5283 litteris
2933 5230 3235 5284 adhibenda
3274 5230 3424 5284 tides.

1869 5319 2135 5375 Jttliauuin
2173 5317 2605 5387 Pera'quatorem
2647 5319 2934 5387 Gregorius
2966 5319 3331 5374 Nazianzenus
3361 5321 3429 5390 (θ’)

1874 5416 2074 5466 socium
2118 5412 2304 5466 habuit
2334 5413 2630 5468 studiorum
2667 5434 2674 5466 ;
2715 5411 2852 5478 quod
2885 5415 3015 5465 forte
3043 5413 3087 5463 ei
3119 5427 3237 5464 cum
3279 5410 3426 5466 Basi.
