4068 6320
563 330 641 376 xu
1946 318 2475 376 PROLEGOMENA.

570 435 644 492 lio
697 452 983 494 commune
1023 431 1141 496 fuit.
1194 439 1261 494 At
1315 452 1419 495 n‘on
1468 440 1690 495 dubium
1732 441 1861 511 quin
1920 445 2133 511 utrique
2166 447 2211 502 Α
2240 457 2436 495 annum
2464 440 2567 495 552
2622 451 2713 495 aut
2747 442 2851 496 545
2896 442 3196 497 referenda.
3235 442 3376 509 Quot
3428 452 3606 498 autem
3634 460 3807 501 annos

574 529 803 586 Athenis
842 534 1087 603 cognitus
1138 531 1300 587 fuerit
1352 532 1600 589 Julianus
1650 535 1975 603 imperator:
2023 550 2141 603 per-
2245 536 2410 590 luerit
2442 535 2731 599 Ctesareaa,
2764 535 2816 589 id
2842 576 2857 599 ,
2888 545 2945 591 ut
2970 536 3080 603 jam
3104 536 3238 599 dixi,
3270 535 3420 591 nullo
3442 546 3621 591 exstat
3648 539 3814 591 vesti~

570 621 755 690 spicua
784 636 870 676 res
906 633 991 678 est
1023 638 1088 679 ex
1125 622 1372 692 Gregorii
1413 624 1739 679 testimoniis
1791 623 1889 695 (α),
1918 640 2013 678 nec
2052 641 2143 680 ne;
2244 629 2351 698 gio.
2402 626 2543 683 idem
2575 628 2680 681 dici
2735 636 2912 696 potest
2942 628 3007 682 de
3030 627 3221 682 studiis
3260 627 3811 696 Constantinopolita-

570 728 723 767 cesse
750 724 907 769 estut
929 714 1283 771 conﬁrmetur
1306 714 1493 770 Basilii
1521 716 1585 770 ad
1622 714 1892 771 Julianum
1926 725 2017 769 aut
2051 714 2143 771 Ju-
2245 721 2347 774 nis.
2394 719 2543 785 Quod
2593 729 2777 774 autem
2815 728 3029 789 spectat
3068 720 3135 773 ad
3164 720 3428 787 Athenas,
3461 735 3527 776 eo
3552 720 3808 775 Basiliam

572 808 697 861 liani
738 808 804 861 ad
844 806 1095 863 Basilium
1128 808 1370 879 epistola:
1398 810 1740 864 auctoritate.
1782 809 2017 864 Cbarum
2043 808 2143 862 sibi
2246 811 2457 865 venisse
2489 820 2641 879 putat
2682 806 3061 865 Tillemon‘tius
3089 825 3232 865 anno
3263 810 3398 876 551,
3437 812 3563 882 quia
3601 811 3807 881 Grego-

572 900 640 952 ab
664 897 1023 955 adolescentia
1050 900 1215 955 fuisse
1236 900 1494 955 Basilium
1518 902 1756 956 declarat
1781 899 2143 970 Julianus(b).
2248 904 2361 957 rius
2395 901 2488 971 qui
2523 902 2683 970 paulo
2709 910 2834 956 ante
2864 900 3121 956 Basilium
3162 902 3214 955 in
3256 902 3399 956 hanc
3428 902 3613 957 urbem
3641 903 3805 956 adve-

576 988 679 1052 Sed
718 990 909 1044 mirum
938 1007 1034 1045 cur
1066 992 1295 1046 Basilius
1338 1007 1519 1047 sacras
1549 1008 1608 1047 se
1669 1009 1790 1047 cmn
1819 992 2028 1046 Juliano
2059 991 2148 1045 lit-
2248 996 2347 1058 nit,
2373 994 2666 1049 imberbem
2700 1010 2757 1049 se
2783 994 2995 1049 venisse
3026 993 3352 1067 deeiarat(f)
3370 1009 3430 1049 ac
3459 993 3684 1062 proinde
3714 1009 3814 1047 an-

578 1088 723 1136 teras
772 1082 1026 1138 didicisse
1069 1091 1301 1137 testetur
1346 1082 1438 1153 (c).
1482 1082 1673 1139 Utrum
1720 1084 1771 1137 id
1812 1085 2037 1137 Athenis
2072 1085 2149 1136 fa-
2248 1102 2347 1141 nos
2380 1096 2569 1141 natum
2599 1088 2817 1141 circiter
2837 1086 2927 1140 22.
2949 1086 3161 1141 Certior
3181 1086 3385 1143 reditus
3415 1102 3479 1141 ex
3515 1088 3615 1141 hac
3646 1088 3811 1140 urbe:

575 1180 721 1225 ctum
758 1173 1046 1229 dicemus?
1073 1185 1128 1228 at
1159 1186 1283 1230 tunc
1323 1177 1565 1245 profanis
1588 1178 1780 1232 studiis
1808 1193 2025 1247 operam
2054 1179 2150 1232 da-
2249 1192 2354 1231 non
2394 1178 2539 1231 enim
2572 1177 2729 1233 citius
2764 1178 2988 1246 contigit
3044 1193 3184 1232 anno
3211 1178 3317 1233 555
3351 1188 3580 1232 exeunte
3608 1187 3699 1231 aut
3729 1179 3815 1231 in-

579 1260 728 1317 bant.
770 1263 963 1321 Utrum
998 1266 1051 1319 in
1088 1265 1464 1335 Cappadocia?
1517 1278 1726 1337 tempus
1766 1268 1981 1337 quidem
2016 1284 2149 1337 qua-
2248 1281 2414 1326 eunte
2467 1269 2596 1337 556,
2631 1270 2893 1337 siquidem
2948 1268 3021 1322 ibi
3067 1268 3197 1323 vidit
3240 1270 3469 1324 Basilius
3505 1268 3813 1332 Julianum,

580 1354 721 1411 drat.
753 1355 890 1410 Nam
919 1356 1074 1411 circa
1104 1374 1305 1411 annum
1333 1357 1460 1422 545,
1505 1374 1614 1428 quo
1646 1368 1886 1429 tempore
1924 1358 2150 1414 Basilius
2269 1364 2358 1433 qui
2394 1364 2446 1416 in
2478 1363 2619 1417 hanc
2652 1361 2835 1416 urbem
2862 1361 3005 1415 venit
3036 1360 3147 1428 jam
3182 1362 3355 1416 media
3386 1369 3536 1430 parte
3566 1362 3689 1414 anni
3713 1361 3817 1415 555

582 1446 794 1503 videtur
816 1449 980 1505 fuisse
1005 1449 1286 1517 Caesareae,
1328 1449 1575 1507 Julianus
1600 1453 1651 1506 in
1685 1453 1962 1507 castellum
1988 1468 2153 1523 prope
2259 1456 2467 1525 elapsa.
2504 1454 2688 1523 Neque
2715 1455 2872 1510 etiam
2908 1454 3247 1523 serius,quia
3273 1453 3508 1523 spatium
3542 1452 3682 1507 inter
3701 1460 3817 1507 stu-

585 1538 893 1595 Ctesaream
927 1542 1192 1597 deductus
1214 1542 1336 1608 fuit,
1366 1542 1453 1603 ubi
1483 1558 1605 1596 cum
1639 1541 1793 1597 Gallo
1836 1543 2002 1597 fratre
2058 1558 2150 1597 sex
2251 1547 2336 1601 dia
2362 1548 2665 1601 litterarum
2719 1556 2772 1599 et
2814 1546 3177 1601 sacerdotium
3210 1545 3372 1598 nimis
3413 1545 3660 1600 contrahi
3711 1559 3819 1600 non

583 1644 754 1683 annos
789 1624 1029 1685 traduxit
1068 1634 1181 1700 (d).
1222 1632 1332 1685 Sed
1384 1647 1505 1686 cum
1543 1632 1611 1685 ibi
1656 1632 1890 1686 inclusus
1922 1633 1989 1687 ab
2008 1633 2150 1687 omni
2255 1640 2459 1707 patitur
2486 1654 2669 1693 rerum
2699 1637 2877 1693 Basilii
2902 1649 3177 1708 gestarum
3208 1636 3514 1695 multiludO.

584 1721 869 1788 aequalium
888 1724 1277 1777 consuetudine
1314 1735 1700 1789 removeretur,
1726 1725 1880 1793 copia
1910 1740 2015 1779 non
2038 1734 2153 1778 erat
2186 1794 2227 1807 ἡ
2863 1749 3087 1807 CAPUT
3122 1750 3209 1805 In.

586 1820 783 1867 uteum
807 1811 1036 1870 Basilius
1056 1816 1278 1870 videret.
1309 1816 1504 1869 Verum
1547 1818 1629 1871 his
1662 1816 1839 1870 Basilii
1879 1818 1944 1870 ad
1983 1816 2152 1871 Julia-
2186 1794 2228 1854 Β

912 1863 1628 1931 gf;;j,*,;;j;;,;_tj:;;;;;;j
1663 1863 2125 1931 ::;"'_'__f,j__;_"_'_:
2259 1864 2296 1919 l.
2336 1866 2563 1920 Sanctus
2593 1864 2824 1920 Basilius
2864 1865 2917 1918 in
2957 1866 3181 1931 patriam
3219 1863 3349 1917 redit
3380 1874 3425 1915 et
3449 1881 3614 1920 ιεεητε
3641 1864 3823 1919 mundi

587 1920 714 1958 num
744 1915 798 1959 et
822 1902 1021 1960 Iuliani
1053 1906 1118 1960 ad
1148 1906 1396 1961 Basiliam
1432 1907 1628 1961 litteris
1665 1923 1770 1962 non
1809 1908 2032 1961 multum
2061 1907 2156 1961 tri-

2330 1936 2535 2003 aliquid
2579 1936 2781 1988 tribuit.
2812 1934 2873 1989 Il.
2912 1933 3192 1988 Probabile
3223 1946 3294 1987 est
3319 1951 3433 1987 eum
3456 1949 3566 2002 post
3605 1938 3823 1989 reditum

587 1996 673 2051 Ιηιὶ
703 1998 880 2055 debet.
2334 1996 2672 2074 baptizatum
2708 2007 2889 2074 fuisse.
2936 2004 3022 2059 ΙΙΙ.
3080 2003 3405 2057 Naucratius
3454 1996 3599 2058 illius
3655 2010 3822 2074 frater

671 2087 723 2143 ν’.
758 2088 980 2144 Videtur
1014 2090 1241 2146 Athenis
1285 2092 1486 2160 scripta
1540 2093 1723 2148 Basilii
1767 2093 1833 2146 ad
1878 2092 2146 2161 Apollina-

2334 2073 2697 2161 moriturAIV.
2733 2072 2907 2127 Vitam
2938 2076 3278 2161 monasticam
3304 2072 3824 2161 Basiliusnmplect'i-

591 2183 730 2235 rium
765 2183 1016 2251 epistola,
1048 2196 1171 2252 quas
1197 2182 1297 2237 etsi
1334 2199 1362 2236 a
1392 2183 1529 2240 laico
1558 2186 1626 2239 ad
1658 2185 1852 2239 laicum
1883 2186 2157 2239 scribeba-

2334 2157 2442 2209 tur,
2473 2159 2517 2199 et
2554 2144 2779 2200 Orientis
2822 2161 2883 2196 ac
2913 2143 3131 2210 zEgypti
3174 2147 3487 2197 monasteria
3523 2146 3719 2197 invisit.
3754 2144 3821 2197 ν.

2335 2218 2673 2270 Alexandria:
2710 2214 2889 2267 morbo
2920 2213 3157 2266 detentus
3187 2216 3362 2266 scribit
3399 2213 3698 2268 Eustathio.
3738 2212 3822 2265 Vl.

590 2288 698 2338 Ittl',
735 2290 834 2330 nec
863 2275 1152 2345 quidquam
1189 2277 1421 2332 habebat
1464 2277 1565 2332 nisi
1603 2278 1833 2331 amicam
1874 2277 2156 2330 salutatiu-
2338 2287 2544 2341 δεπεάίι
2577 2288 2632 2339 in
2670 2283 2905 2338 Pontum
2967 2282 3164 2334 frustra
3194 2283 3341 2334 illum
3376 2286 3666 2338 retraheute
3698 2282 3825 2337 Gre-

588 2380 732 2431 uem,
754 2366 952 2438 elapsis
980 2378 1154 2423 tamen
1188 2370 1343 2423 annis
1382 2368 1566 2439 viginti
1605 2370 1672 2424 ab
1698 2368 1978 2423 Eustathio
2009 2368 2160 2422 adul-
2328 2358 2493 2425 9ονίο-

590 2469 783 2523 terata,
822 2470 878 2514 et
916 2461 982 2514 ad
1016 2460 1269 2514 invidiam
1297 2461 1496 2516 Basilio
1523 2462 1813 2516 creandam
1846 2477 2039 2531 magno
2070 2476 2159 2515 so-

2328 2471 2368 2525 l.
2391 2469 2620 2524 Basilius
2637 2469 2801 2538 igitur
2817 2478 2870 2522 et
2886 2464 3177 2534 Gregorius
3202 2462 3397 2535 (g),ubi
3418 2462 3675 2517 doctrina:
3693 2478 3829 2517 mer-

589 2551 702 2605 nitu
736 2552 939 2623 jactata
966 2560 1048 2605 est
1085 2550 1181 2623 (ε).
1222 2551 1455 2606 Basilius
1492 2553 1545 2606 in
1585 2553 1811 2621 epiSIola
1845 2552 1982 2618 225,
2018 2568 2073 2607 η.
2102 2552 2156 2619 4,
2266 2564 2419 2618 cibus
2451 2578 2640 2617 navem
2674 2577 2824 2616 suam
2859 2571 3110 2613 onustam
3140 2558 3408 2621 viderunt,
3442 2555 3617 2608 redire
3653 2555 3704 2606 in
3736 2570 3830 2622 pa—

585 2656 706 2713 qua:
742 2642 941 2712 scripta
966 2651 1049 2697 est
1077 2657 1219 2697 anno
1248 2640 1355 2695 575
1382 2650 1637 2708 exeunte,
1682 2644 1969 2711 scripsisse
1997 2659 2053 2697 se
2076 2645 2160 2697 di-

2273 2658 2437 2710 triam
2468 2665 2797 2718 statuerunt,
2834 2664 2890 2705 ut
2930 2652 3063 2707 inita
3116 2649 3407 2705 sanctioris
3443 2645 3673 2701 instituti
3704 2660 3832 2698 cou-

586 2735 662 2789 cit
686 2734 1018 2802 Apollinario
1049 2746 1175 2790 ante
1205 2750 1380 2791 annos
1402 2734 1589 2806 viginti
1612 2742 1667 2789 et
1687 2733 1935 2803 amplius.
1963 2732 2161 2789 Ibidem

2266 2748 2383 2802 silia
2433 2746 2774 2815 perficerent.
2822 2745 3021 2797 Aderat
3072 2744 3341 2797 discessus
3380 2739 3531 2795 dies:
3579 2736 3671 2791 sed
3705 2742 3832 2805 quia

589 2828 782 2883 iterum
813 2838 1134 2884 occurrenle
1169 2827 1333 2897 huius
1365 2828 1442 2883 rei
1493 2830 1766 2883 mentione
1810 2828 2002 2899 Viginti
2042 2838 2161 2883 1³η-
2269 2838 2425 2908 longe
2451 2835 2893 2890 molestissimum
2930 2847 3049 2887 esse
3074 2832 3283 2887 solebat
3316 2830 3558 2886 Athenas
3588 2837 3642 2883 et
3671 2824 3831 2880 soda-

591 2928 704 2974 ιυπὶ
738 2921 864 2974 anni
895 2930 1266 2975 numeranmr-
1298 2920 1353 2974 1η
1382 2920 1605 2989 cpi-5'01“
1643 2927 1825 2975 autem
1854 2920 1981 2986 226.
2011 2937 2159 2975 nm"-
2265 2931 2341 2986 lcs
2384 2930 2719 2998 relinquere;
2770 2937 2877 2981 tum
2920 2940 3041 2979 cum
3079 2924 3463 2988 valedicerent,
3521 2922 3837 2976 circumstat

592 3013 647 3072 4ο
679 3020 806 3066 Ome
852 3026 1024 3066 30005
1062 3012 1248 3080 viginti
1302 3012 1404 3066 Ιιοο
1444 3026 1474 3065 ³
1524 3026 1582 3067 80
1627 3012 1823 3066 ἴδειυιη
1854 3015 2157 3069 (ιοηίῖῑθιυΐο
2269 3039 2361 3078 eos
2409 3022 2671 3075 sodalium
2709 3031 2764 3073 et
2810 3015 3118 3086 aequalium,
3155 3031 3217 3071 ac
3264 3016 3640 3087 magistrorum
3671 3010 3832 3064 etiam

593 3105 662 3156 At
688 3102 743 3157 in
773 3101 1000 3173 epistola
1027 3101 1153 3167 224,
1186 3119 1238 3155 n.
1271 3100 1330 3168 2,
1354 3102 1577 3173 legimus
1614 3114 1737 3157 ante
1772 3120 1936 3156 annos
1981 3106 2161 3172 viginti
2191 3149 2232 3205 ο
2270 3110 2647 3165 nonnullorum
2683 3109 2902 3170 chorus,
2928 3120 2991 3160 ac
3028 3106 3278 3173 precibus
3322 3113 3377 3159 et
3404 3101 3660 3172 querelis,
3700 3099 3826 3153 lior-

592 3196 840 3265 quinque,
880 3194 986 3268 πρὸ
1008 3194 1087 3249 κε’
1112 3193 1270 3259 ἐτῶν,
1304 3195 1396 3251 sed
1434 3194 1717 3265 legendum
1744 3205 1871 3262 puto
1898 3203 1952 3246 ul
1972 3193 2021 3246 in
2046 3193 2163 3246 aliis
2194 3190 2232 3205 ν
2273 3203 2452 3263 tando,
2486 3212 2536 3252 et
2562 3200 2665 3251 vim
2688 3198 2935 3251 faciendo
2966 3196 3180 3250 illorum
3212 3194 3445 3249 reditum
3475 3190 3835 3245 intercludere

598 3288 729 3344 locis
756 3298 881 3342 ante
914 3304 1079 3343 annos
1114 3289 1318 3358 viginti.
1350 3288 1597 3343 Proclive
1626 3288 1773 3341 enim
1800 3286 1898 3340 fuit
1930 3285 2164 3341 librariis
2273 3300 2559 3343 conantur.
2594 3290 2666 3339 Ac
2703 3286 2930 3338 Basilius
2974 3284 3188 3351 quidem
3224 3281 3339 3335 haec
3372 3279 3608 3332 claustra
3645 3291 3837 3343 perru-

596 3379 829 3434 litteram
865 3397 916 3442 ε,
944 3396 1064 3450 qua:
1102 3391 1413 3449 sequentem
1463 3394 1651 3434 vocem
1688 3378 1999 3447 incipiebat,
2041 3392 2162 3432 cum
2275 3382 2372 3453 pit,
2427 3391 2482 3435 et
2528 3379 2760 3433 abeundi
2799 3367 3008 3428 veniam
3058 3372 3401 3441 impetravit,
3450 3370 3697 3439 quamvis
3731 3386 3834 3422 non

596 3471 690 3526 illo
718 3488 754 3525 κ
777 3471 1126 3541 conjungere,
1166 3472 1351 3539 sicque
1387 3484 1669 3524 numerum
1708 3470 1897 3539 viginti
1929 3471 2163 3537 quinque
2273 3478 2387 3529 sine
2434 3473 2666 3527 maxima
2716 3468 3082 3523 dimiCatione.
3120 3466 3189 3519 At
3224 3464 3518 3534 Gregorius
3552 3462 3722 3515 victus
3754 3467 3838 3513 est

597 3578 862 3619 annorum
904 3562 1180 3633 eiiingere.
1230 3564 1288 3617 Si
1328 3577 1456 3631 ergo
1506 3576 1646 3615 anno
1669 3560 1773 3615 575
1800 3570 2029 3614 exeunte
2055 3559 2163 3626 jam
2275 3567 2465 3633 partim
2485 3565 2780 3617 amicorum
2808 3560 3061 3630 precibus
3081 3556 3426 3627 etlacrymis,
3446 3553 3639 3622 partim
3674 3551 3837 3606 etiam
3863 3592 3871 3599 .

593 3656 780 3709 exacti.
800 3666 955 3711 erant
980 3656 1108 3708 anni
1153 3655 1361 3726 viginti,
1398 3670 1463 3709 ex
1486 3668 1591 3724 quo
1625 3652 1854 3707 Basilius
1876 3651 2167 3720 scripserat
2277 3656 2423 3710 illum
2459 3654 2716 3722 prodente
2745 3652 2942 3706 Basilio
2970 3650 3074 3719 (sic
3102 3650 3242 3703 enim
3271 3648 3381 3715 ipse
3401 3643 3655 3699 Basiliam
3686 3641 3840 3695 incu-

594 3746 953 3813 Apollinario,
984 3749 1125 3803 hanc
1151 3748 1433 3818 epistolam
1469 3748 1705 3801 scribere
1734 3760 1836 3798 non
1870 3745 2039 3809 potuit
2066 3744 2164 3798 nisi
2275 3748 2379 3817 sat)
2411 3755 2463 3801 et
2498 3759 2717 3814 operam
2754 3743 3153 3826 retrahentibus
3195 3750 3446 3793 uavante.
3483 3738 3683 3791 Invitus
3705 3750 3835 3805 ergo

596 3838 844 3901 Λῑιιθηίεν
869 3856 1013 3895 anno
1043 3840 1249 3894 SCi'iCPl
1280 3839 1384 3893 ’554
1406 3849 1655 3902 θιευιιιθι
1685 3847 1774 3891 θυι
1796 3837 2010 3891 “lemne
2038 3837 2161 3891 555-
2274 3839 2500 3897 Athenis
2534 3836 2791 3892 remansit
2824 3833 3137 3904 Gregorius,
3171 3832 3260 3885 sed
3284 3846 3405 3884 cum
3426 3833 3512 3882 diu
3548 3832 3614 3883 ab
3645 3830 3839 3882 animae

667 3933 810 3998 Ωιιοι
847 3949 1018 3989 annos
1067 3932 1330 3988 (Ζωϐπθω
1365 3931 1595 3985 Βειδὶιὶυε
1650 3930 1985 3991 "adﬂictu.
2036 3941 2167 3997 quot
2274 3948 2384 3988 suae
2410 3927 2629 3985 dimidio
2666 3925 2843 3981 divelli
2876 3939 2981 3979 non
3010 3928 3213 3992 posset,
3263 3934 3324 3972 ac
3348 3926 3629 3986 parentum
3657 3923 3711 3967 et
3740 3927 3837 3984 pa-

598 4024 1103 4092 Constantinopoli,
1154 4040 1259 4093 quo
1296 4022 1535 4077 Athenas
1575 4036 1715 4077 anno
1754 4020 1987 4090 petierit,
2034 4020 2168 4075 dilli-

2279 4025 2393 4080 trite
2426 4020 2696 4077 desiderio
2732 4020 2869 4073 ictus
2912 4025 3078 4082 esset,
3110 4030 3213 4068 non
3262 4011 3429 4066 multo
3460 4018 3581 4079 post
3610 4004 3839 4062 Athenis

602 4118 704 4172 cile
732 4129 816 4174 est
840 4118 1130 4186 conjicere.
1167 4117 1388 4170 Videtur
1412 4114 1716 4171 Ctesaream
1752 4115 1951 4169 missus
1974 4152 1990 4178 ,
2043 4127 2164 4167 cum
2274 4118 2411 4173 clam
2446 4130 2503 4169 se
2539 4111 2795 4168 subduxit
2828 4118 2881 4163 et
2908 4108 2962 4161 in
2986 4108 3216 4177 patriam
3249 4102 3527 4159 remeavit.

594 4211 707 4277 jam
744 4211 1005 4277 optimum
1042 4210 1360 4281 magistrum
1393 4209 1663 4263 amisisset
1706 4216 1913 4276 patrem
1944 4223 1956 4259 :
1996 4220 2168 4275 neque
2346 4208 2526 4263 Rediit
2574 4219 2781 4259 summa
2817 4202 3095 4257 celeritate
3129 4198 3358 4253 Basilius
3404 4197 3522 4265 (Ii):
3562 4193 3836 4249 Constan-

599 4302 742 4358 enim
780 4316 844 4357 eo
878 4301 1000 4356 vivo
1028 4318 1090 4355 ac
1119 4317 1329 4356 summa
1359 4300 1677 4354 celebritate
1716 4298 2037 4353 rhetoricam
2072 4300 2167 4351 do-
2279 4303 2580 4373 tinopolim,
2613 4297 2759 4352 velut
2810 4296 3030 4367 Ulysses
3072 4294 3322 4348 Sirenum
3369 4298 3581 4351 cantus,
3610 4296 3841 4357 ριιειξιειι.

599 4404 777 4461 cente,
831 4396 897 4449 ad
942 4394 1077 4448 alias
1133 4394 1370 4457 scholas,
1403 4393 1591 4447 saltem
1644 4401 1750 4445 tam
1794 4393 1923 4459 cito,
1972 4395 2167 4444 missus
2281 4398 2381 4451 iii:
2421 4390 2838 4447 admirationem
2880 4388 3021 4443 illius
3044 4385 3338 4441 commovit
3380 4382 3503 4437 Asia
3530 4421 3545 4445 ,
3573 4381 3667 4435 sed
3718 4393 3840 4432 ma-

600 4488 811 4542 l'llissel-
848 4484 903 4539 Μ
933 4497 1110 4540 autem
1139 4486 1411 4555 ρτοὶηὼίιε
1453 4496 1535 4539 εει
1570 4483 1863 4550 contigisse
1892 4484 2034 4537 circa
2073 4497 2168 4535 an-
2197 4510 2247 4567 ι)
2275 4489 2392 4557 guis
2426 4482 2710 4541 itineribus
2730 4482 3031 4538 Caesaream
3059 4477 3471 4532 contendentem
3506 4471 3702 4527 morari
3732 4486 3840 4526 non

600 4594 727 4633 num
750 4578 855 4633 542
885 4588 979 4632 aut
1011 4578 1134 4633 545.
1163 4578 1294 4632 Nam
1319 4576 1559 4642 Petrum,
1581 4578 1668 4645 qui
1692 4574 1847 4644 paulo
1875 4587 1997 4629 ante
2028 4591 2172 4629 mor-
2272 4580 2465 4649 potuit.
2532 4574 2941 4629 Perhonorilice
2985 4588 3014 4624 a
3060 4567 3483 4623 Cmsariensibus
3532 4574 3794 4632 exceptus
3822 4602 3840 4629 ,

605 4684 711 4727 lem
748 4675 921 4740 patris
965 4672 1017 4725 in
1052 4672 1223 4726 lucem
1263 4671 1439 4726 editus
1474 4678 1577 4732 est.
1617 4669 1991 4737 presbyterum
2028 4666 2173 4721 ordi-
2271 4686 2444 4727 scena:
2473 4667 2655 4724 mundi
2690 4666 2893 4735 aliquid
2920 4663 3103 4717 tribuit
3135 4662 3360 4725 invitus,
3396 4660 3509 4712 sive
3536 4654 3674 4725 quod
3715 4656 3841 4709 rue.

605 4764 752 4816 navit
785 4762 1018 4817 Basilius
1043 4762 1096 4817 in
1125 4761 1435 4830 primordiis
1461 4759 1822 4828 episcopatus,
1853 4766 1907 4808 ut
1930 4755 2069 4810 infra
2094 4757 2169 4810 vi-
2275 4764 2497 4819 loricam
2541 4759 2786 4815 docuerit
2813 4758 3090 4818 Catsarete,
3129 4753 3270 4822 quod
3311 4766 3504 4805 munus
3533 4749 3677 4802 illum
3723 4762 3839 4801 ma-

602 4851 868 4906 debimus.
914 4851 1044 4906 Cum
1071 4859 1250 4904 autem
1293 4850 1439 4916 leges
1488 4847 1905 4908 ecclesiasticae,
1939 4860 2169 4913 quarum
2272 4856 2469 4926 gniﬁce
2499 4852 2829 4913 exercuisse,
2868 4846 3190 4911 Gregorium
3232 4859 3358 4898 vero
3407 4839 3838 4911 magniﬁcentius

598 4953 721 4997 erat
744 4946 1186 4999 servantissimus
1208 4940 1455 5004 Basilius,
1478 4956 1648 4995 annos
1682 4940 1901 5009 triginta
1934 4940 1997 4991 ad
2052 4953 2173 5007 pre—
2272 4944 2661 5016 comempsisse
2711 4950 2899 4996 narrat
2950 4936 3304 5008 liuliuus(i):
3339 4937 3450 4990 sive
3478 4934 3638 5004 quod,
3683 4940 3739 4985 ut
3771 4932 3836 4987 de

610 5037 809 5104 shyteri
834 5037 1053 5103 gradum
1081 5036 1441 5105 requirerent,
1463 5032 1603 5086 hanc
1619 5040 1831 5087 aetatem
1860 5032 2057 5085 habere
2081 5033 2171 5086 de-
2275 5055 2334 5094 sc
2371 5041 2485 5109 ipse
2517 5045 2751 5091 testatur
2783 5032 3094 5102 Gregorius,
3135 5030 3477 5099 poscentibus
3510 5026 3737 5090 civibus,
3778 5032 3838 5079 ut

604 5129 719 5183 huit
747 5128 942 5196 Petrus
971 5129 1023 5181 in
1053 5128 1362 5198 primordiis
1406 5127 1748 5195 episcopatus
1775 5126 1831 5181 S.
1876 5125 2081 5188 Basilii,
2119 5124 2169 5178 id
2279 5134 2647 5197 comportatas
2678 5124 2745 5178 ab
2779 5124 2981 5177 exteris
3008 5121 3312 5188 regionibus
3327 5134 3455 5187 opes
3477 5119 3831 5185 depromeret,

605 5231 685 5275 est
720 5223 861 5277 circa
896 5238 1095 5276 annum
1135 5222 1240 5275 572
1299 5230 1389 5273 aut
1439 5218 1545 5272 575
1576 5258 1590 5282 ,
1631 5234 1695 5271 ac
1733 5218 1959 5286 proinde
2018 5228 2170 5270 ortus
2282 5218 2481 5287 ingenii
2521 5219 2600 5271 sui
2631 5214 2925 5287 specimina
2960 5214 3225 5283 denegare
3252 5227 3357 5267 non
3398 5208 3647 5281 potuerit.
3681 5205 3831 5259 Illum

610 5317 770 5380 l’etri,
810 5331 955 5369 mors
996 5315 1163 5384 patris
1188 5352 1202 5381 ,
1240 5313 1417 5368 Basilii
1476 5312 1775 5367 Cazsaream
1807 5309 2070 5367 profectio
2101 5309 2167 5363 ad
2279 5320 2427 5364 certe
2454 5310 2629 5380 patria
2670 5310 2813 5363 velut
2840 5306 3073 5361 alterum
3113 5306 3443 5361 conditorem
3471 5314 3525 5357 et
3552 5311 3806 5355 conserva

672 5498 748 5567 te)
776 5496 921 5551 Orat.
950 5496 1003 5553 4.

2346 5492 2412 5567 (θ’)
2441 5488 2704 5567 Qarmlde
2733 5489 2832 5540 vita

788 5569 881 5633 Ep.
2440 5559 2587 5641 (drat.
2618 5561 2687 5641 Elii

674 5631 741 5703 {cl
902 5639 997 5691 4i.

2348 5634 2422 5701 (lt)
2449 5632 2611 5703 lipist.
2648 5631 2700 5685 1.

676 5710 751 5765 (di
778 5701 966 5777 Julian,
1005 5727 1059 5775 ep
1110 5712 1176 5761 ad
1209 5710 1393 5761 Atium.
2353 5704 2413 5773 ti)
2449 5701 2561 5754 Lili.
2596 5717 2666 5755 λι.
2698 5720 2743 5755 c.
2787 5701 2838 5755 9.

677 5779 747 5838 (ei
785 5780 857 5833 lin
913 5780 1034 5845 2M,
1072 5798 1120 5834 n.
1164 5779 1217 5845 2,
1246 5796 1308 5847 cp
1361 5781 1485 5842 2‘26,
1525 5797 1572 5832 n.
1605 5778 1663 5830 Δ.
