4068 6320
1482 380 1637 435 γιτΑ
1678 379 1734 437 S.
1777 381 2018 437 BASllJl

3302 412 3398 450 XIII

186 516 352 570 torem,
380 511 522 559 teste
549 501 813 571 Gregorio
840 500 938 569 (α),
973 499 1245 569 complexa
1281 507 1380 553 est.
1414 497 1527 553 Non
1551 500 1727 552 minus
1769 504 1814 559 Α
1845 499 1951 553 lum
1990 518 2018 552 a
2054 515 2111 553 se
2155 501 2441 564 discernat,
2474 501 2569 557 sed
2610 503 2769 559 ambo
2796 520 2860 560 ad
2909 506 3192 563 ecclesiam
3236 512 3398 566 ivisse

186 602 227 655 ei
256 599 479 653 honoris
529 595 722 650 habuit
767 593 1109 648 Neoczesarea
1158 594 1255 662 (ὁ),
1294 608 1413 659 qua:
1443 591 1642 660 legatos
1669 590 1735 643 ad

188 708 291 745 cum
314 706 373 745 ex
402 698 595 745 senatu
626 688 793 751 misit,
818 696 875 739 ut
898 686 1189 753 juventutis
1208 699 1391 738 curam
1416 684 1733 753 susciperet.

191 784 313 851 Quin
341 785 524 846 etiam,
567 798 688 836 cum
721 783 773 834 in
824 781 959 835 hanc
1001 780 1187 832 urbem
1225 778 1499 840 venisset,
1551 791 1737 830 omnes

189 891 291 927 eum
316 876 810 936 circumsteterunt,
835 869 963 923 nihil
989 884 1093 921 non
1116 867 1435 929 deferentes.
1458 866 1590 919 nihil
1629 882 1735 920 nou

191 966 490 1034 pollicentes
525 980 540 1017 :
579 962 672 1017 sed
707 976 826 1015 eum
881 960 1115 1014 retinere
1162 974 1266 1012 non
1296 966 1604 1027 potuerunt.
1643 956 1733 1009 Vi-

192 1058 367 1109 dentur
399 1055 513 1107 ltmc
540 1052 850 1120 contigisse,
886 1050 964 1103 vel
990 1064 1112 1103 cum
1145 1048 1370 1106 Basilius
1400 1046 1626 1100 Athenis
1662 1060 1738 1099 re-

190 1149 301 1209 dux,
361 1148 417 1197 ln
471 1143 644 1198 Ponto
688 1140 919 1195 visendte
946 1141 1137 1193 matris
1178 1154 1336 1193 causa
1383 1147 1623 1191 moratus
1656 1143 1737 1189 est

192 1235 280 1304 (vix
305 1235 450 1288 enim
473 1236 691 1288 dubium
728 1232 855 1300 quin
886 1232 989 1285 hoc
1005 1229 1235 1285 ofﬁcium
1274 1239 1399 1282 tunc
1422 1229 1734 1295 matriprze-

191 1326 421 1394 stiterit),
451 1324 533 1378 vel
560 1340 678 1377 cum
698 1323 924 1375 docendi
958 1322 1094 1390 apud
1126 1318 1482 1373 Cmsarienses
1514 1333 1737 1373 munere

194 1419 418 1485 solutus,
469 1431 618 1487 spem
674 1416 858 1485 injecit
912 1412 1433 1469 Neocresariensibus
1486 1413 1567 1466 sui
1620 1411 1738 1464 alli-

193 1512 373 1566 ciendi.

255 1604 353 1657 Sed
390 1601 573 1655 mundi
601 1600 827 1654 vinculis
856 1597 1143 1667 constringi
1178 1612 1238 1652 se
1274 1611 1377 1651 non
1411 1610 1599 1664 passus
1630 1601 1742 1657 est;

193 1713 245 1751 ac
272 1698 377 1750 cito
405 1693 475 1747 ab
512 1694 803 1748 honoribus
842 1692 1054 1745 fastidio
1082 1700 1135 1743 et
1162 1691 1414 1745 satietate
1455 1688 1736 1741 abaliena-

195 1798 282 1838 Ius.
314 1784 430 1851 Qua
467 1784 520 1836 in
552 1797 606 1835 re
636 1782 920 1850 plurimum
950 1780 1095 1832 illum
1119 1779 1337 1849 adjuvit
1376 1778 1611 1831 Macrina
1648 1789 1735 1828 so-

1839 593 1995 648 simul
2042 603 2097 647 ct
2128 595 2386 648 redivisse
2410 635 2425 659 ,
2455 599 2613 652 ambo
2662 598 2834 652 sacris
2886 601 3256 667 concionibus,
3292 619 3397 656 non

1854 685 2125 753 mysteriis
2161 683 2472 739 interfuisse
2514 687 2821 741 videantur.
2865 688 2954 740 Sic.
2991 688 3129 743 enim
3164 688 3400 757 loquitur

1840 773 1923 844 (f)
1962 792 1973 826 :
2025 773 2128 826 Δύο
2165 775 2262 844 μὲν
2296 776 2646 848 ὲγνωρίζοντο
2669 781 2800 849 ἡμῖν
2832 778 2971 832 ὁδοί·
3014 782 3047 851 ἡ
3086 780 3180 850 μὲν
3210 779 3399 850 πρώτη

1848 865 1943 916 καὶ
1967 866 2282 935 τιμιωτέρα,
2311 868 2342 936 ἡ
2368 866 2424 918 δὲ
2451 866 2675 937 δευτέρα
2697 869 2791 920 καὶ
2834 869 2894 922 οὑ
2926 869 3017 923 τοῦ
3052 870 3166 923 ἴσου
3199 871 3358 938 λόγου
3382 890 3395 903 ο

1838 954 1872 1022 ἥ
1911 970 1968 1005 τε
2000 954 2133 1024 πρὸς
2158 956 2280 1018 τοὺς
2304 958 2479 1025 ἱεροὺς
2506 958 2658 1027 ἡμῶν
2686 959 2863 1021 οῐκους
2883 1001 2896 1023 ,
2930 962 3021 1013 καὶ
3068 964 3194 1025 τοὺς
3225 965 3398 1017 ἐκεῖσε

1842 1045 2198 1109 διδασκάλους
2242 1048 2502 1117 φέρουσα,
2536 1050 2629 1102 καὶ
2673 1052 2705 1120 ὴ
2741 1051 2873 1122 πρὸς
2902 1053 3028 1116 τοὺς
3050 1052 3243 1119 ἔξωθεν
3270 1071 3397 1108 παι-

1846 1135 2063 1199 δευτάς.
2093 1136 2220 1190 Dua:
2250 1140 2394 1190 nobis
2422 1140 2517 1191 vim
2564 1150 2702 1192 nota:
2727 1150 2897 1202 erant,
2949 1142 3114 1194 altera
3153 1144 3319 1210 prima
3352 1155 3398 1197 et

1839 1230 2199 1296 pm'slantior,
2234 1230 2404 1283 altera
2436 1233 2684 1293 secunda,
2715 1242 2761 1284 et
2794 1232 3056 1300 inferioris
3089 1234 3241 1301 pretii
3268 1249 3284 1286 :
3308 1236 3401 1288 illa

1844 1335 2022 1387 nempe
2050 1337 2164 1387 qua:
2197 1320 2264 1371 ad
2294 1336 2473 1374 sacras
2502 1332 2705 1375 nostras
2733 1324 2942 1387 domos,
2968 1341 3151 1394 eosque
3175 1328 3264 1394 qui
3297 1327 3401 1380 illic

1846 1422 1994 1465 erant
2020 1413 2256 1466 doctores
2301 1411 2495 1481 ferebat
2520 1428 2537 1466 :
2571 1414 2681 1469 [uec
2707 1427 2901 1485 autem,
2922 1434 3036 1487 qua:
3066 1420 3131 1471 ad
3164 1432 3403 1474 externos

1838 1514 2200 1570 pru'ceplores.

1911 1593 1965 1645 In
1996 1594 2188 1647 eadem
2226 1594 2473 1649 oratione
2520 1595 2585 1649 de
2620 1597 2780 1649 rebus
2816 1609 2935 1665 post
2981 1599 3211 1654 reditum
3237 1618 3264 1654 a
3294 1598 3399 1654 Ba-

1838 1684 1961 1737 silio
1990 1686 2155 1753 gestis
2191 1686 2439 1755 loquens,
2487 1689 2563 1743 sic
2592 1703 2713 1742 eum
2753 1691 2818 1743 ad
2849 1706 3063 1745 sacrum
3115 1696 3400 1763 presbyte-

1841 1789 2023 1828 rorum
2053 1779 2299 1830 ordiqu
2332 1783 2641 1846 pervenisse
2666 1784 2818 1849 dicil,
2852 1796 2908 1837 ut
2936 1784 3081 1838 illum
3113 1787 3291 1841 divina
3318 1789 3405 1843 be-

196 1889 288 1931 ror,
313 1840 437 1939 qua:
464 1887 584 1925 cum
618 1840 765 1923 illum
794 1869 1013 1922 vidisset
1044 1868 1202 1922 nimis
1227 1868 1510 1935 magnifice
1540 1868 1604 1919 de
1626 1864 1735 1917 elo-
1771 1840 1813 1898 Β
1845 1867 2075 1933 nignitas
2108 1885 2210 1921 non
2239 1869 2411 1923 subito
2446 1875 2516 1924 ad
2550 1876 2687 1927 hunc
2726 1875 2945 1945 gradum
2977 1878 3290 1940 subveheret.
3314 1896 3405 1935 nec

193 1963 395 2030 quentia
451 1961 650 2016 sentire
676 2001 691 2025 ,
736 1977 797 2015 ac
839 1959 1131 2027 dignitates
1164 1973 1350 2012 omnes
1381 1955 1736 2019 ﬂoccifacere,

191 2070 235 2105 et
258 2056 391 2109 fastu
430 2057 659 2125 quodam
685 2066 842 2120 supra
869 2051 1114 2103 homines
1146 2059 1411 2117 potestate
1452 2047 1628 2101 claros
1661 2046 1739 2099 ef-

192 2148 323 2211 ferri,
349 2147 603 2200 celeriter
625 2148 689 2199 ad
720 2144 1005 2196 asceticant
1048 2142 1237 2206 vitam,
1270 2158 1431 2210 quant
1466 2142 1577 2209 ipsa
1611 2156 1736 2208 pro-

193 2239 449 2299 litchatur,
477 2236 718 2288 attraxit.
756 2231 880 2287 lltec
923 2234 1182 2288 discimus
1218 2249 1283 2286 ex
1319 2233 1575 2301 Gregorio
1607 2231 1741 2301 Nys-

191 2348 325 2389 seno,
353 2329 509 2395 cujus
542 2327 702 2378 verba
744 2326 903 2377 etiam
932 2324 1118 2379 Graece
1148 2325 1446 2377 referenda.
1481 2320 1729 2375 Sicenim

193 2422 411 2488 loquitur
449 2420 499 2470 in
536 2416 651 2470 Vita
684 2418 744 2472 S.
774 2415 1027 2471 Macrinw
1056 2433 1073 2469 :
1105 2413 1357 2467 Λαὸοῠσα
1380 2414 1556 2465 τοίνυν
1582 2414 1743 2467 αὐτὸν

190 2513 464 2583 ὑπερφυῶς
489 2511 801 2583 ἐπηρμένον
823 2509 899 2578 τῷ
915 2525 977 2561 πε
988 2509 1039 2568 p‘t
1058 2509 1179 2569 τοὺς
1203 2506 1391 2574 λόγους
1415 2508 1741 2578 φρονήματι,

192 2608 271 2657 καὶ
298 2605 471 2658 πάντα
527 2601 956 2674 περιφρονοῦντα
994 2598 1061 2651 τὰ
1096 2598 1382 2670 ἀξιώματα
1407 2640 1421 2663 ,
1460 2602 1552 2653 καὶ
1604 2601 1743 2670 ὑπὲρ

190 2696 298 2757 τοὺς
321 2696 375 2745 ὲν
396 2696 464 2762 τῇ
490 2690 776 2759 δυναστείᾳ
803 2689 1084 2759 λαμπροὺς
1116 2690 1424 2760 ἐπηρμένον
1452 2689 1529 2759 τῷ
1556 2690 1703 2760 ὄγκῳ
1725 2729 1739 2752 ,

189 2786 411 2839 τοσούτω
456 2786 617 2855 τάχει
663 2783 911 2835 κάκεῖνον
962 2785 1099 2852 πρὸς
1154 2783 1241 2835 τὸν
1287 2783 1387 2852 τῆς
1430 2782 1743 2852 φιλοσοφίας

190 2879 373 2931 σκοπὸν
402 2874 776 2929 ἐπεσπάσατο.
807 2871 1026 2927 Videtur
1056 2874 1181 2926 huic
1226 2874 1533 2927 testimonio
1564 2874 1741 2943 aliqua

193 2974 349 3024 inesse
380 2965 750 3035 exaggeratio.
788 2963 921 3017 Nam
949 2974 1179 3018 te5tatur
1196 2963 1489 3032 Gregorius
1513 2964 1742 3017 Naziau.

191 3080 339 3116 zenus
370 3062 440 3130 (ε)
476 3073 537 3112 se
582 3068 636 3112 et
673 3056 930 3110 Basiliutn
985 3072 1160 3111 sceme
1190 3058 1371 3110 mundi
1405 3057 1610 3125 aliquid
1640 3058 1740 3109 tri-

191 3155 372 3215 lusisse,
406 3166 518 3204 non
552 3149 937 3205 ostentationis
969 3150 1151 3203 Studio
1181 3149 1273 3217 (ab
1311 3150 1412 3201 hoc
1440 3148 1583 3200 enim
1613 3147 1741 3201 vitio

190 3246 376 3298 atienos
424 3259 548 3298 sese
598 3243 813 3311 fuisse),
851 3244 943 3294 sed
983 3251 1039 3293 ut
1071 3239 1422 3308 plurimorum
1471 3238 1742 3293 desiderio

190 3336 545 3402 perfunctorie
569 3333 970 3389 satisfacerent.
999 3330 1271 3384 Lenienda
1303 3345 1432 3399 ergo
1454 3331 1628 3399 aliqua
1660 3331 1743 3384 ἰη-

192 3432 565 3497 terpretatione
618 3428 780 3480 verba
813 3424 1056 3495 Gregorii
1093 3422 1356 3491 Nysseni;
1406 3438 1502 3476 nec
1548 3431 1743 3491 putau-

192 3524 300 3574 dum
329 3534 478 3574 tanto
507 3520 647 3573 fastu
679 3518 881 3573 elatum
914 3516 1080 3570 fuisse
1116 3515 1369 3569 Basiliutn
1391 3554 1405 3577 ,
1438 3513 1529 3566 sed
1578 3512 1739 3576 forte,

188 3617 294 3667 dum
326 3612 659 3681 eloquentia:
712 3624 822 3663 suae
876 3606 1171 3676 specimina
1222 3604 1428 3658 civibus
1481 3602 1739 3668 exhibet,

188 3706 443 3769 plausibus
482 3702 757 3756 interdum
784 3698 1037 3751 delectari
1072 3697 1240 3749 visum
1271 3709 1429 3760 esse;
1459 3694 1598 3750 unde
1631 3711 1742 3751 me-

191 3807 262 3847 Ius
286 3797 520 3864 injectus
553 3790 753 3853 sorori,
785 3804 850 3843 ne
886 3788 970 3842 his
993 3787 1205 3857 laqueis
1234 3787 1440 3841 arctius
1475 3787 1738 3851 irretitus,

186 3887 421 3952 deinceps
455 3898 518 3938 se
547 3882 807 3952 expedire
842 3898 942 3936 una
971 3889 1170 3951 posset.
1202 3878 1466 3933 Pra'terea
1494 3894 1592 3932 nec
1628 3880 1740 3946 ipsa

188 3976 402 4031 hacriua
432 3988 627 4031 auctor
652 3974 751 4029 fuit
781 3973 997 4039 Basilio,
1022 3983 1081 4025 ut
1116 3971 1408 4025 asceticatn
1430 3968 1594 4022 vitam
1628 3985 1743 4022 am-

188 4072 521 4135 plecteretur,
556 4068 651 4121 sed
682 4076 886 4119 tantum
917 4062 1117 4118 hortari
1155 4061 1349 4130 potuit,
1376 4070 1435 4114 ut
1460 4061 1740 4115 consilium

189 4164 474 4228 perficeret,
502 4161 649 4230 quod
683 4158 885 4212 dudum
930 4156 1262 4216 intendebat,
1302 4162 1488 4224 atque,
1526 4164 1578 4208 ut
1606 4154 1741 4209 dici-

191 4262 281 4311 tur,
314 4261 631 4304 curreutent
662 4247 909 4301 incitare.

246 4340 303 4393 ll.
333 4339 531 4394 Narrat
560 4339 794 4395 Basilius
821 4337 898 4407 (ά)
941 4338 1211 4407 quomodo
1247 4335 1417 4390 elluso
1452 4337 1502 4390 in
1537 4350 1739 4405 paupe-

188 4446 262 4485 res
286 4432 615 4501 patrimonio
656 4440 823 4484 totum
870 4446 929 4483 se
979 4430 1084 4483 Deo
1120 4428 1546 4483 consecraverit.
1599 4429 1740 4481 Idem

1842 1960 1997 2013 simul
2026 1976 2140 2014 eunt
2187 1970 2237 2014 et
2285 1961 2516 2017 ablueret
2549 1974 2597 2017 et
2628 1967 2887 2033 sapientia
2936 1969 3207 2022 instrueret
3243 1971 3404 2040 (οὐδὲ

1842 2051 1979 2122 ὁμοῦ
2011 2069 2069 2105 τε
2108 2052 2353 2107 πλύνασα
2377 2054 2472 2108 καὶ
2509 2056 2822 2125 σοφίσασα).
2847 2060 3279 2126 quemadmodum
3301 2065 3405 2128 ple-

1844 2160 2030 2213 rosqu
2058 2162 2242 2199 eorum
2271 2148 2360 2213 qui
2393 2164 2528 2202 nunt.
2564 2151 2860 2202 antistitum
2911 2166 3099 2203 ntunus
3122 2163 3405 2219 appetunt:

1843 2250 2018 2286 verum
2056 2237 2238 2289 ordine
2266 2246 2315 2290 et
2349 2239 2644 2305 spiritualis
2674 2241 3058 2307 progressionis
3109 2241 3217 2310 lege
3245 2281 3261 2305 ,
3309 2244 3406 2295 hac

1844 2340 1959 2375 eum
1986 2325 2180 2379 honore
2207 2327 2448 2395 afﬁceret.
2494 2327 2605 2383 Hoc
2646 2330 2811 2382 verbo
2841 2328 3088 2383 πλύνασα
3113 2332 3408 2401 baptismus

1847 2416 2127 2470 manifeste
2159 2418 2495 2488 designatur.
2543 2417 2927 2485 Quamobrem,
2958 2437 3079 2475 cum
3114 2422 3407 2492 Gregorius

1845 2508 1910 2561 de
1940 2508 2005 2561 iis
2039 2508 2283 2576 loquatur
2316 2525 2435 2577 qua:
2467 2509 2691 2564 Basilius
2745 2511 2971 2565 Athenis
3009 2526 3256 2567 reversus
3285 2528 3407 2581 ges-

1852 2598 1942 2660 sit,
1980 2614 2208 2665 tenmque
2238 2599 2380 2652 dicat
2403 2615 2506 2653 non
2537 2601 2717 2653 statim
2746 2602 3070 2671 baptizatmn
3100 2611 3153 2656 et
3184 2606 3405 2674 presby-

1849 2697 2017 2741 terum
2057 2688 2260 2743 factmn
2289 2690 2478 2759 luisse,
2503 2704 2603 2745 nec
2628 2690 2861 2747 obscura
2892 2708 2987 2747 nec
3008 2693 3239 2748 difﬁcilis
3276 2710 3410 2749 con-

1846 2780 2018 2834 clusio
2047 2792 2130 2836 est
2158 2797 2281 2834 eum
2319 2782 2612 2852 baptismo,
2642 2794 2924 2853 postquam
2957 2786 3184 2839 Athenis
3229 2787 3405 2852 rediit,

1850 2874 2119 2927 initiatum
2176 2873 2362 2929 fuisse.
2402 2873 2668 2929 Praeterea
2706 2878 2786 2932 sic
2837 2877 3409 2949 observatGregorius

1845 2968 2187 3020 intervallum
2216 2968 2359 3035 quod
2396 2967 2535 3021 inter
2568 2967 2749 3023 Basilii
2783 2970 3105 3039 baptismum
3147 2984 3201 3027 et
3232 2988 3411 3027 sacer-

1844 3059 2046 3112 dotium
2072 3058 2301 3121 exstitit.
2341 3059 2420 3113 sic
2443 3075 2539 3114 eos
2560 3063 2729 3129 carpit
2757 3063 2847 3132 qui
2879 3079 2908 3117 a
2936 3064 3198 3131 baptismo
3227 3064 3291 3117 ad
3319 3080 3408 3119 sa-

1766 3186 1811 3245 C
1847 3151 2149 3204 cerdotium
2181 3151 2449 3215 assiliunt,
2481 3162 2539 3205 ut
2574 3153 2714 3206 laudi
2747 3164 2982 3223 apponat
3010 3154 3225 3217 Basilio,
3264 3160 3406 3227 quod

1846 3255 1953 3293 non
1986 3239 2250 3306 ejusmodi
2280 3240 2527 3295 homines
2577 3242 2817 3296 imitatus
2849 3245 2941 3307 sit,
2992 3260 3115 3299 cum
3148 3248 3407 3314 potuisset

1846 3329 2067 3383 imitari.
2099 3333 2167 3384 At
2200 3332 2287 3398 qui
2320 3331 2500 3385 infans
2523 3340 2615 3384 aut
2645 3333 2959 3387 adolescens
2982 3336 3281 3405 baptizatus
3303 3349 3408 3408 est,

1843 3435 1912 3474 an
1947 3422 2155 3474 laudem
2188 3432 2428 3475 meretur
2459 3421 2530 3475 ob
2558 3424 2919 3479 sacerdotium
2966 3443 3071 3481 non
3100 3430 3279 3483 statim
3314 3446 3409 3498 ap-

1843 3513 2062 3581 petitum
2085 3512 2107 3565 ?

1916 3604 2172 3659 Basilium
2208 3606 2501 3675 baptizavit
2537 3608 2756 3664 ltianius
2799 3608 3166 3666 Caesariensis.
3216 3611 3409 3669 Testa-

1844 3705 1930 3751 tur
1968 3698 2113 3751 enim
2143 3697 2218 3766 (g)
2254 3713 2313 3753 se
2358 3713 2387 3752 a
2443 3698 2578 3762 viro,
2625 3702 2714 3766 qui
2759 3702 2845 3753 ditt
2879 3703 2929 3753 in
2967 3704 3266 3758 ministerio
3313 3706 3405 3760 Del

1849 3790 2006 3853 vixit,
2048 3789 2379 3855 baptizatum
2409 3788 2573 3843 fuisse
2605 3801 2656 3842 et
2701 3790 2951 3845 Ecclesim
2987 3794 3285 3848 ministerio
3314 3797 3410 3848 ad-

1843 3890 2070 3933 motum.
2106 3878 2214 3933 Soli
2250 3880 2438 3933 Dianio
2464 3880 2577 3934 haec
2598 3880 2748 3949 signa
2783 3896 3100 3952 congruunt.
3134 3884 3265 3939 Nam
3284 3902 3407 3942 cum

1843 3973 1887 4026 is
1911 3973 1977 4027 ab
2003 3987 2143 4026 anno
2171 3973 2358 4028 saltem
2386 3973 2481 4027 3H
2499 4014 2511 4036 ,
2536 3989 2642 4043 quo
2674 3973 2913 4029 interfuit
2960 3976 3191 4030 concilio
3217 3978 3409 4031 Antio-

1845 4063 2020 4118 cheno
2050 4080 2218 4133 usque
2250 4067 2316 4118 ad
2342 4081 2541 4117 annum
2573 4065 2678 4117 562
2702 4063 2993 4119 Ecclesiam
3019 4065 3406 4122 Cazsariensent

1844 4157 2080 4220 rexerit;
2110 4172 2209 4210 nec
2237 4155 2351 4221 ejus
2401 4170 2681 4209 successor
2709 4155 2967 4209 Eusebius
3018 4157 3272 4211 Basilimn
3308 4160 3404 4213 ba-

1844 4249 2050 4315 ptizare
2096 4247 2289 4316 potuit,
2351 4261 2448 4301 nec
2481 4263 2601 4300 emn
2644 4247 2896 4301 decessor
2932 4247 3294 4317 Hermogenes
3330 4251 3405 4305 le-

1846 4350 2049 4396 ctorem
2086 4342 2395 4406 instituere,
2429 4342 2517 4410 qui
2548 4356 2669 4395 cum
2702 4341 2928 4396 Athenis
2959 4354 3286 4406 versaretur,
3307 4344 3407 4398 lai-

1858 4449 1952 4487 cus
2009 4435 2073 4485 ad
2112 4434 2302 4485 Iaitrum
2340 4435 2554 4499 scripsit
2602 4431 3013 4500 Apollinarium.
3069 4435 3194 4489 Inde
3224 4447 3403 4489 autent

190 4526 246 4581 de
287 4544 343 4582 se
384 4536 577 4580 narrat
627 4524 923 4593 Gregorius
974 4524 1075 4595 (e);
1115 4524 1208 4577 sed
1248 4534 1438 4576 neuter
1488 4523 1736 4591 baptismi
1773 4525 1816 4579 D
1847 4527 2201 4579 continuatur
2230 4523 2368 4593 quod
2401 4523 2465 4575 de
2492 4520 2673 4577 Basilii
2707 4524 2974 4592 baptismo
3000 4524 3250 4579 diximus.
3278 4524 3408 4578 Per-

190 4622 497 4676 tnentionetn
550 4621 702 4682 facit,
750 4620 998 4685 quamvis
1047 4615 1605 4684 constelGreguriutn
1644 4618 1741 4669 ba-

191 4714 430 4779 ptizatum
468 4713 664 4775 fuissm
695 4721 976 4778 postquam
1015 4710 1174 4761 retliit
1216 4709 1462 4762 Athenis.
1498 4708 1573 4762 De
1599 4708 1741 4761 Basi-

192 4804 251 4856 lio
283 4804 377 4856 hoc
406 4814 622 4855 tantum
653 4809 803 4853 certo
833 4799 1053 4860 scimus,
1093 4799 1209 4868 ejus
1245 4799 1572 4866 baptismum
1600 4798 1738 4851 dila—

193 4905 287 4948 tum
316 4894 499 4957 fuisse,
533 4898 726 4947 saltem
752 4906 920 4958 usque
951 4890 1013 4940 ad
1048 4891 1175 4942 illttd
1204 4900 1412 4959 tempus
1432 4906 1537 4956 quo
1562 4890 1737 4944 Czesa-

189 5004 315 5041 ream
348 4987 551 5039 missus
579 4993 682 5037 est.
727 4983 915 5037 Utrutn
950 4993 1126 5035 autem
1162 4982 1325 5034 etiam
1356 4996 1521 5049 usque
1552 4983 1619 5035 ad
1653 4996 1735 5035 rc-

190 5080 336 5132 ditum
365 5095 429 5132 ex
462 5075 699 5139 Gratciu,
731 5076 783 5127 id
817 5090 921 5126 non
976 5074 1045 5123 ita
1098 5074 1433 5141 expleratum
1477 5081 1597 5125 est:
1645 5072 1736 5125 sed

190 5181 345 5224 tamen
383 5172 626 5223 libenter
676 5166 995 5219 crediderim
1040 5181 1160 5218 eum
1210 5168 1357 5219 circa
1406 5179 1604 5216 annum
1633 5163 1735 5217 557

191 5265 441 5333 mysteriis
475 5262 761 5316 initiatum
788 5259 973 5311 fuisse.
1009 5256 1141 5310 Nam
1180 5256 1493 5325 Gregorius,
1530 5256 1619 5325 qui
1646 5271 1735 5310 ca-

193 5356 527 5410 tmhumcnus
564 5358 689 5407 erat
733 5351 979 5411 Athenis,
1031 5351 1110 5404 sic
1156 5365 1310 5404 suum
1357 5363 1476 5401 cum
1538 5347 1735 5403 Basilio

190 5446 404 5500 omnium
432 5459 621 5498 rerum
648 5455 971 5495 consensum
1005 5440 1283 5507 describit,
1308 5448 1365 5493 ut
1386 5452 1646 5509 nusquam
1674 5438 1739 5491 il-

250 5625 316 5694 (n)
340 5625 489 5681 Orat.
521 5624 613 5678 20.

251 5698 313 5761 (ὁ)
340 5698 430 5762 Ep.
463 5695 592 5754 210,
625 5694 757 5762 ".2.

247 5766 309 5832 (cl
337 5761 424 5819 (ir.
454 5766 525 5818 ‘20
555 5776 611 5817 et
653 5761 755 5816 Vit.

248 5837 318 5903 {ll}
355 5838 441 5905 l'Tp.
472 5836 603 5897 225.
647 5851 700 5887 ll.
727 5834 783 5886 9.

1849 4619 2078 4687 Spit-itur
2112 4618 2252 4669 enim
2296 4616 2411 4684 cjus
2439 4616 2763 4684 baptismum
2803 4617 3022 4670 dilatum
3050 4616 3213 4672 fuisse
3242 4632 3271 4671 a
3308 4633 3406 4682 pa-

1852 4710 2115 4764 rentibus.
2154 4710 2270 4761 Alia
2308 4717 2482 4761 autem
2517 4708 2794 4760 differendi
2826 4724 2985 4762 causa
3014 4725 3134 4764 esse
3178 4724 3280 4761 non
3309 4724 3403 4778 po—

1855 4803 1976 4861 tuit,
2010 4800 2111 4853 nisi
2150 4814 2206 4853 ut
2250 4812 2353 4852 tam
2383 4798 2635 4853 eximium
2665 4802 2861 4853 donum
2888 4801 3259 4854 adolescentiae
3284 4816 3383 4852 nau

1849 4893 2035 4962 lragiis
2070 4908 2175 4947 non
2208 4904 2561 4963 exponerent.
2592 4896 2863 4947 Atcadem
2902 4909 3062 4947 causa
3090 4894 3256 4945 multo
3284 4907 3407 4962 grav

1848 4985 1966 5037 vior
1997 4984 2238 5047 exstitit,
2305 5000 2424 5037 cum
2488 4983 3000 5053 Constantinopolim
3057 4990 3112 5033 et
3169 4982 3406 5035 Athenas

1848 5079 2043 5130 missus
2074 5088 2155 5130 est
2188 5095 2201 5130 :
2235 5079 2428 5145 quibus
2455 5077 2510 5130 in
2546 5078 2768 5131 urbibus
2796 5086 3046 5144 peruetua
3090 5076 3405 5128 innocentia:

1847 5181 1901 5223 et
1942 5168 2062 5221 fidei
2090 5170 2324 5237 pericula
2364 5169 2733 5223 imminebant.

1919 5259 2070 5324 Quod
2107 5262 2151 5314 si
2201 5259 2381 5313 Basilii
2434 5262 2732 5329 baptismus
2772 5275 2939 5327 usque
2970 5260 3033 5312 ad
3065 5256 3291 5311 reditum
3339 5271 3402 5310 cs

1846 5351 2146 5403 litterarum
2178 5351 2370 5405 studiis
2408 5353 2604 5405 dilatus
2642 5353 2759 5415 luit,
2793 5355 2875 5404 vix
2911 5352 3127 5406 dubium
3162 5359 3243 5403 est
3276 5352 3399 5416 quin

1841 5449 1952 5494 tum
1988 5440 2201 5492 demum
2232 5441 2536 5511 baptizatus
2563 5440 2745 5504 fuerit,
2794 5458 2913 5493 cum
2955 5454 3071 5494 sese
3130 5455 3159 5493 a
3217 5439 3399 5492 mundi

1913 5624 1983 5689 (e)
2015 5621 2087 5675 De
2132 5621 2233 5674 Vit.

1913 5700 1954 5762 υ
1975 5707 1991 5763 )
2016 5694 2110 5747 0r.
2136 5694 2223 5763 ‘20.

2036 5763 2150 5818 Lib.
2188 5761 2258 5815 llr
2294 5759 2491 5832 Spiritu
2522 5776 2719 5831 sancto,
2754 5781 2867 5833 cap.
2892 5763 2978 5815 ‘19.
