4068 6320
644 384 737 428 ειν

2041 364 2565 421 PBOLEGOMENA.

647 497 807 537 scena
859 482 1141 537 abstraxit.
1182 482 1315 538 Cum
1370 484 1511 538 enim
1567 483 1952 553 praeparandus
2000 486 2209 540 animus
2235 486 2279 543 Α
2315 484 2411 546 vit,
2446 491 2499 534 et
2537 478 2785 533 omnibus
2820 478 3006 532 statuit
3054 477 3254 531 nudare
3294 477 3464 541 bonis,
3509 487 3563 531 ut
3592 478 3860 533 Christum

651 573 751 627 fuit
780 573 846 627 ad
895 583 1100 628 tantum
1133 576 1469 644 mysterium,
1518 584 1628 629 tum
1662 592 1790 630 vero
1842 577 1951 645 ipse
1978 575 2204 633 Basilius

650 664 890 718 declarat
925 666 975 718 in
1007 666 1166 733 epist.
1198 664 1324 732 225,
1382 681 1437 720 se
1490 665 1709 720 intimos
1752 665 1964 734 pietatis
2017 680 2203 720 sensus

650 759 950 825 concipere,
982 768 1038 813 et
1075 758 1331 827 quidquid
1374 760 1615 813 sordium
1649 772 1711 811 ex
1741 757 1978 827 profanis
2011 758 2204 811 studiis

649 858 702 901 et
738 849 1011 903 hominum
1044 851 1408 917 improborum
1441 850 1825 903 consuetudine
1854 858 2198 917 conceperat,

652 950 904 993 excutere
926 940 1174 1007 cmpisse,
1225 956 1345 993 cum
1375 954 1467 993 sua
1514 940 1691 993 omnia
1728 941 2049 1009 pauperibus
2093 939 2201 995 dis-

652 1029 907 1093 tribuere,
944 1046 1005 1081 ac
1033 1030 1083 1081 iu
1108 1029 1448 1083 solitudinem
1485 1042 1600 1082 sese
1631 1029 1871 1094 recipere
1906 1028 2116 1081 statuit.

717 1117 912 1173 Lector
948 1120 1014 1172 ab
1038 1120 1226 1171 eodem
1264 1118 1450 1171 Dianio
1498 1118 1778 1172 institutus
1823 1127 1904 1171 est
1936 1117 2203 1183 Basilius,

647 1223 751 1262 non
788 1207 954 1260 multo
976 1216 1096 1275 post.
1114 1207 1435 1273 baptismum
1466 1207 1558 1279 (α).
1590 1208 1779 1263 Utrum
1810 1218 1985 1261 autem
2012 1211 2061 1262 id
2087 1224 2203 1262 eve-

648 1297 786 1349 nerit
818 1296 1001 1349 statim
1036 1306 1153 1364 post
1194 1297 1547 1365 baptismum,
1599 1313 1666 1350 an
1698 1306 1817 1367 post
1854 1299 2087 1353 reditum
2138 1311 2203 1351 ex

645 1385 953 1449 itineribus,
984 1401 1104 1454 qua:
1129 1387 1195 1439 ab
1226 1401 1289 1441 eo
1321 1398 1574 1457 suscepta
1614 1388 1773 1443 modo
1826 1390 2159 1445 narrabimus
2183 1431 2198 1457 ,

646 1477 696 1529 id
731 1478 976 1543 equidem
1001 1492 1105 1531 non
1140 1478 1270 1531 mihi
1303 1479 1491 1533 videor
1514 1494 1671 1549 posse
1696 1488 1951 1533 statuere.

712 1564 798 1619 Ill.
840 1564 994 1619 Circa
1038 1566 1167 1619 illud
1216 1576 1428 1637 tempus
1458 1567 1657 1621 ~amisit
1701 1568 1929 1622 Basilius
1981 1567 2199 1621 fratrem

644 1655 990 1710 Naucratium
1022 1658 1117 1727 (b),
1177 1661 1316 1714 tristi
1366 1660 1594 1727 quodam
1638 1675 1765 1714 casu
1811 1659 2097 1715 sublatum.
2152 1660 2203 1715 Is

644 1757 765 1816 post
800 1748 1054 1802 Basilium
1087 1759 1218 1804 natu
1253 1750 1544 1815 maximus,
1572 1751 1706 1805 mira
1735 1754 1964 1821 quadam
2005 1753 2196 1818 indole,

2310 582 2454 628 totus
2489 572 2753 626 indueret.
2791 570 3116 625 Promiserat
3143 570 3191 625 ei
3239 569 3529 638 Gregorius
3558 570 3779 625 Athenis
3807 586 3863 625 se

2308 680 2427 720 cum
2460 665 2605 719 eoin
2652 663 2891 717 eamdem
2947 662 3285 717 solitudinem
3334 678 3713 729 recessurum;
3769 664 3861 716 sed

2308 772 2429 812 cum
2460 755 2706 809 amicitia:
2736 754 2901 823 legem
2936 752 3125 807 debita:
3149 753 3456 821 parentibus
3498 754 3677 821 pietati
3714 762 3864 822 post-

2311 850 2514 903 habere
2542 846 2831 916 Gregorius
2852 855 3133 916 cogeretur
3161 845 3263 915 (c);
3292 846 3574 899 destitutus
3602 846 3701 898 hoc
3727 858 3861 911 pra:-

2307 942 2442 996 sidio
2494 939 2721 993 Basilius
2762 938 2862 1008 (ά),
2904 938 3224 991 monasteria
3272 934 3505 990 Orientis
3549 945 3600 991 et
3645 936 3858 1005 Egypti

2306 1032 2534 1085 invisere
2578 1030 2779 1093 statuit,
2829 1036 2887 1081 ut
2931 1028 3166 1096 perfecta
3206 1029 3465 1081 virtutum
3514 1030 3756 1095 exempla
3792 1030 3859 1080 ad

2305 1120 2625 1174 imitandum
2672 1120 2913 1173 haberet.
2962 1117 3154 1174 Narrat
3197 1119 3313 1189 ipse
3342 1116 3412 1189 (e)
3459 1132 3518 1171 se
3565 1117 3862 1171 innumeris

2306 1212 2577 1266 laboribus
2618 1211 2667 1265 in
2697 1210 2906 1281 Syriam
2944 1210 3271 1278 pervenisse,
3324 1225 3388 1263 ac
3434 1210 3554 1263 inde
3604 1210 3655 1261 in
3689 1209 3858 1278 Αἰμι-

2310 1313 2457 1374 ptum
2482 1304 2638 1372 longe
2671 1314 2725 1357 et
2750 1303 2953 1357 difficili
2995 1304 3186 1357 itinere
3212 1300 3505 1371 profectum
3536 1314 3674 1353 esse.
3719 1300 3861 1354 Vidit

2306 1394 2684 1449 sanctissimos
2710 1393 2852 1447 viros
2890 1391 3226 1446 Alexandria:
3273 1400 3327 1446 et
3380 1392 3433 1445 in
3463 1391 3662 1457 reliqua
3693 1388 3859 1458 Egy-

2307 1497 2403 1557 pto
2427 1484 2517 1554 (f),
2536 1499 2599 1540 ac
2622 1485 2673 1537 in
2696 1482 2971 1537 Palaestina
2993 1480 3346 1552 ethelesyria
3368 1492 3420 1537 et
3444 1481 3856 1548 Mesopotamia:

2305 1578 2531 1629 miratus
2558 1582 2639 1628 est
2686 1586 2868 1626 eorum
2914 1572 2965 1626 in
3002 1570 3274 1625 laboribus
3314 1571 3646 1640 perferendis
3692 1568 3857 1622 animi

2304 1665 2685 1721 fortitudinem
2715 1674 2768 1718 et
2800 1664 2849 1717 in
2884 1663 3086 1719 orando
3124 1663 3474 1716 constantiam
3504 1681 3515 1715 :
3561 1661 3858 1729 obstupuit,

2312 1770 2433 1808 cum
2479 1768 2573 1809 eos
2604 1752 2808 1807 videret
2845 1767 3091 1807 somnum
3138 1765 3411 1817 superare,
3443 1765 3539 1804 nec
3568 1750 3671 1802 ulla
3702 1757 3859 1802 natu-

642 1848 695 1889 et
730 1839 973 1907 corporis
1022 1848 1308 1892 venustate
1347 1854 1411 1893 ac
1455 1839 1658 1895 viribus
1702 1849 1757 1894 et
1795 1841 2093 1907 celeritate,
2148 1853 2202 1895 et
2235 1834 2277 1889 Β
2310 1844 2404 1896 rali
2439 1844 2763 1899 necessitate
2801 1841 3022 1905 inﬂecti,
3060 1842 3153 1898 sed
3184 1842 3236 1894 in
3285 1838 3423 1893 fame
3454 1849 3505 1891 et
3532 1840 3641 1901 siti,
3683 1839 3735 1891 in
3764 1837 3860 1891 fri-

643 1931 840 1982 eximia
869 1930 937 1984 ad
971 1932 1151 1985 omnia
1188 1930 1460 1984 habilitate
1499 1933 1709 1986 caneris
1740 1936 2049 2001 praestabat.
2095 1933 2202 1989 Sed

642 2038 765 2076 cum
810 2038 1005 2075 annum
1040 2034 1316 2079 assecutus
1355 2031 1499 2077 esset
1530 2025 1846 2077 vicesimum
1881 2025 2201 2088 secundum,

643 2130 706 2169 ac
729 2116 936 2185 publica
973 2118 1295 2187 eloquentiae
1326 2133 1435 2171 sua!
1474 2119 1763 2186 specimina
1813 2118 2047 2172 dedisset
2080 2135 2200 2173 cum

642 2222 849 2261 summa
878 2209 1209 2263 audientium
1236 2210 1612 2277 admiratione,
1646 2210 1810 2265 subiit
1842 2210 1986 2264 illum
2012 2211 2202 2267 divina:

643 2299 831 2367 gratia:
854 2299 993 2352 dono
1016 2298 1287 2354 fastidium
1314 2301 1519 2366 mundi,
1548 2316 1610 2354 ac
1636 2303 1883 2355 omnibus
1908 2303 2066 2357 rebus
2092 2303 2203 2358 suis

642 2388 916 2457 proiectis,
950 2391 1033 2445 vel
1066 2393 1245 2460 potius
1282 2392 1391 2444 Deo
1431 2392 1648 2454 dicatis,
1682 2392 1747 2445 ad
1802 2392 2093 2447 solitariam
2139 2408 2203 2448 ac

642 2496 930 2549 pauperem
962 2484 1124 2536 vitam
1152 2498 1347 2551 magno
1377 2483 1542 2536 animi
1578 2484 1770 2537 ardore
1809 2486 2064 2539 accurrit.
2100 2484 2200 2540 Se-

641 2583 798 2627 cutus
828 2582 910 2629 est
952 2574 1100 2627 illum
1133 2590 1273 2629 unus
1311 2589 1375 2629 ex
1425 2574 1659 2639 famulis,
1693 2573 2059 2646 Chrysaphius
2102 2592 2202 2631 no-

645 2666 822 2732 mine,
869 2666 961 2737 qui
1010 2681 1131 2721 eum
1166 2666 1440 2737 diligebat,
1474 2681 1536 2721 ac
1578 2666 1817 2736 ejusdem
1859 2670 1981 2723 vita:
2026 2669 2203 2724 studio

644 2756 947 2810 tenebatur.
987 2755 1223 2812 Secessit
1257 2768 1475 2826 propter
1510 2756 1703 2811 lridem
1749 2758 1966 2812 fluvium
2007 2758 2059 2811 in
2096 2757 2202 2812 col-

641 2845 747 2899 lem
798 2848 1081 2917 quemdam
1132 2851 1298 2902 denso
1345 2864 1563 2903 nemore
1610 2849 1899 2913 consitum,
1940 2858 1992 2903 et
2040 2848 2201 2903 dorso

643 2939 884 3005 praecelsi
914 2940 1112 2994 montis
1140 2940 1493 2994 reconditum.
1526 2940 1603 2994 lbi
1634 2942 1701 2995 ab
1724 2942 1936 2993 urbium
1972 2941 2201 2995 tumultu

642 3037 697 3081 et
728 3026 931 3079 militiae
967 3042 1031 3081 ac
1069 3026 1169 3080 fori
1218 3028 1663 3095 occupationibus
1706 3038 1943 3083 remotus
1981 3029 2199 3097 quibus-

644 3121 766 3172 dam
796 3118 1054 3173 solitariis
1087 3119 1312 3172 senibus
1352 3134 1409 3172 se
1441 3120 1682 3186 tradidit,
1712 3120 1905 3186 quibus
1940 3121 2117 3189 inopia
2147 3128 2203 3174 et

2309 1949 2437 2004 gore
2468 1945 2523 1990 et
2544 1936 2782 1990 nuditate
2807 1935 3121 1988 indomitum
3150 1932 3314 1987 animi
3353 1931 3513 1984 robur
3541 1945 3780 1993 servare,
3806 1940 3861 1984 et

2304 2036 2556 2093 tanquam
2584 2026 2753 2079 aliena
2796 2028 2846 2079 in
2873 2040 3038 2079 carne
3064 2025 3261 2078 vivere.
3294 2019 3399 2075 Sed
3424 2030 3677 2087 quantum
3712 2020 3857 2072 illum

2296 2114 2522 2183 iuvabat
2558 2116 2675 2168 hare
2706 2116 3002 2169 sanctitatis
3031 2112 3361 2183 exemplaria
3408 2111 3698 2177 respicere,
3745 2121 3861 2164 tan-

2304 2215 2416 2259 tum
2458 2205 2506 2259 ei
2555 2204 2809 2257 maeroris
2855 2204 3149 2258 attulerunt
3191 2202 3572 2263 dissensiones,
3614 2214 3733 2266 qute
3778 2200 3862 2254 his

2304 2296 2660 2366 temporibus,
2702 2305 2762 2347 ut
2810 2308 2931 2349 cum
2988 2294 3239 2358 maxime,
3288 2294 3585 2348 fervebant.
3641 2290 3863 2345 Videbat

2303 2390 2584 2460 episc0pos
2622 2388 2766 2456 ipsos
2792 2385 2933 2439 inter
2966 2398 3025 2437 se
3060 2382 3330 2450 digladiari
3358 2382 3452 2453 (g),
3483 2392 3534 2437 et
3567 2381 3858 2436 Ecclesiam

2310 2480 2400 2536 Dei
2425 2478 2713 2535 crudeliter
2734 2478 3052 2540 dilacerare,
3081 2490 3144 2528 ac
3173 2473 3288 2543 ejus
3310 2489 3523 2539 gregem
3549 2474 3857 2528 obturbare.

2308 2573 2412 2629 Sed
2438 2588 2558 2627 cum
2596 2573 2713 2642 ejus
2744 2571 2925 2625 animo
2951 2583 3082 2623 sana
3115 2566 3248 2621 fides
3277 2579 3307 2617 a
3342 2566 3540 2617 teneris
3567 2564 3754 2618 fuisset
3778 2566 3862 2618 in-

2306 2665 2534 2735 sculpta,
2590 2664 2732 2719 nulla
2784 2663 2930 2717 illum
2973 2662 3175 2717 erroris
3215 2673 3345 2713 aura
3394 2654 3659 2726 perﬂavit,
3698 2669 3863 2723 seque

2304 2757 2421 2825 ipse
2458 2765 2701 2821 testatur,
2737 2754 2791 2809 in
2835 2752 3373 2824 peregrinationibus,
3408 2762 3540 2818 quas
3578 2747 3656 2799 vir
3686 2745 3863 2799 factus

2304 2858 2447 2903 terra
2478 2847 2717 2915 marique
2747 2847 2980 2913 suscepit
3012 2846 3111 2915 (lt),
3141 2846 3187 2900 si
3214 2859 3348 2915 quos
3378 2842 3639 2896 inveniret
3666 2854 3862 2892 secun-

2301 2942 2428 2995 dum
2470 2939 2722 2994 traditam
2770 2938 2986 3008 pietatis
3027 2937 3267 3007 regulam
3299 2932 3657 2995 ambulantes,
3686 2944 3777 2982 eos
3807 2941 3860 2982 et

2304 3042 2515 3101 patrum
2556 3030 2677 3085 loco
2726 3028 3003 3093 habuisse,
3035 3037 3090 3083 et
3128 3028 3292 3081 duces
3343 3027 3533 3080 anima:
3573 3037 3680 3076 suae
3710 3035 3865 3074 secu-

2309 3132 2418 3176 tum
2449 3137 2587 3177 esse.
2624 3120 2738 3175 Non
2780 3120 2911 3175 vidit
2952 3120 3292 3174 Alexandria:
3331 3133 3582 3186 magnum
3622 3113 3861 3168 Athana-

646 3211 831 3265 morbo
884 3210 1256 3265 laborantibus
1313 3209 1514 3264 victum
1572 3210 1898 3281 quaeritabat
1948 3226 2202 3263 manuum
2233 3198 2277 3258 C
2311 3214 2468 3267 sium.
2521 3212 2797 3282 Significat
2835 3212 2977 3266 enim
3028 3214 3080 3265 in
3124 3212 3283 3281 epist.
3329 3209 3397 3264 80
3444 3222 3712 3275 nunquam
3759 3204 3861 3258 sibi

644 3316 860 3353 suarum
899 3300 1179 3354 industria.
1226 3298 1358 3354 Cum
1393 3300 1534 3355 enim
1581 3299 1856 3369 quodlibet
1906 3301 2203 3354 venationis

643 3406 811 3460 genus
843 3406 946 3443 non
978 3391 1107 3445 laeve
1136 3401 1435 3458 exerceret,
1472 3393 1646 3460 pisces
1680 3391 1899 3445 senibus
1931 3394 2197 3460 captabat.

646 3482 705 3532 In
739 3494 847 3548 quo
901 3481 1113 3547 quidem
1151 3489 1205 3533 et
1245 3480 1527 3533 charitatis
1557 3480 1731 3535 oflicio
1780 3480 2115 3549 fungebatur,
2148 3490 2203 3536 et

643 3569 979 3637 juventutem
1015 3570 1097 3624 his
1128 3570 1400 3624 laboribus
1443 3570 1737 3623 domabat:
1776 3585 1872 3623 nec
1921 3571 2131 3623 interim
2172 3586 2202 3623 a

646 3661 869 3715 colenda
915 3674 1086 3717 matre
1137 3662 1469 3729 discedebat,
1514 3662 1742 3732 ejusque
1801 3663 2067 3714 mandatis
2110 3677 2206 3718 ex-

648 3753 977 3815 hauriendis,
1022 3754 1063 3807 si
1118 3753 1243 3821 quid
1290 3753 1375 3806 illa
1409 3754 1743 3822 prwciperet.
1792 3750 1909 3805 Jam
1960 3754 2203 3822 quintum

646 3861 844 3899 annum
886 3846 937 3897 in
984 3847 1085 3900 hoc
1121 3845 1363 3899 instituto
1395 3846 1723 3907 traducebat,
1764 3860 1884 3898 cum
1936 3846 2203 3914 ingentem

647 3937 805 3990 matri
838 3952 900 3988 ac
932 3936 1027 3989 toti
1063 3936 1278 3991 familia:
1311 3937 1509 3991 luctum
1540 3938 1739 3991 attulit.
1773 3937 1962 3989 Subito
1996 3937 2137 3990 enim
2175 3952 2206 3991 e

644 4030 751 4082 vita
788 4029 1013 4098 rapitur,
1046 4044 1149 4081 non
1186 4029 1373 4081 morbo
1399 4039 1704 4095 correptus,
1742 4043 1845 4080 non
1894 4043 1955 4079 ex
1993 4028 2205 4081 insidiis

648 4119 1018 4187 interemptus,
1069 4120 1161 4173 sed
1210 4121 1439 4186 quodam
1485 4120 1569 4174 die
1617 4134 1737 4173 cum
1783 4119 1849 4173 ad
1890 4117 2203 4187 piscandun‘.

646 4211 915 4278 profectus
956 4220 1117 4274 esset,
1158 4221 1399 4263 mortuus
1440 4227 1541 4264 una
1590 4229 1708 4265 cum
1740 4210 2075 4280 Chrysaphio
2113 4212 2207 4264 do-

648 4316 793 4355 mum
841 4311 1161 4371 reportatur.
1200 4300 1329 4355 Tam
1370 4303 1507 4356 tristi
1554 4304 1739 4356 nuntio
1787 4304 1853 4356 ad
1892 4303 1952 4357 S.
1991 4302 2204 4356 Emme-

644 4393 795 4455 liam,
844 4406 962 4459 qua:
1012 4394 1170 4445 triutn
1222 4395 1425 4446 dierttm
1481 4390 1668 4445 itinere
1714 4392 1949 4447 distabat
2019 4392 2203 4457 allato,

649 4484 839 4537 mulier
873 4482 1008 4536 alias
1055 4482 1342 4537 fortissima
1386 4485 1623 4539 concidit
1655 4484 1937 4538 exanimis.
1983 4483 2053 4537 At
2092 4494 2201 4537 tum

645 4575 878 4629 maxime
907 4573 1101 4630 enituit
1137 4576 1306 4629 virtus
1344 4576 1400 4628 S.
1435 4575 1702 4640 Macrinus,
1734 4590 1851 4643 quae
1894 4590 1997 4631 non
2029 4576 2201 4631 solum

648 4668 896 4722 invictam
938 4684 996 4722 se
1024 4686 1052 4721 a
1084 4669 1264 4722 dolore
1312 4667 1599 4737 praestitit,
1634 4667 1724 4721 sed
1768 4668 1927 4719 etiam
1978 4676 2201 4720 matrem

648 4776 678 4814 e
726 4760 991 4829 profundo
1035 4761 1280 4813 maeroris
1324 4760 1624 4813 constantia
1669 4775 1763 4813 sua
1808 4761 2098 4813 revocavit.
2145 4760 2200 4813 Si

648 4849 969 4905 Naucratius
999 4866 1139 4904 anno
1179 4850 1305 4913 550,
1336 4862 1391 4902 ut
1419 4851 1550 4904 satis
1596 4849 1864 4917 probabile
1892 4860 1993 4909 est,
2036 4851 2088 4904 in
2118 4851 2201 4904 lu-

648 4956 765 4996 cem
789 4951 874 4993 est
902 4943 1097 5005 editus,
1130 4942 1248 5009 ejus
1303 4956 1447 4993 mors
1493 4942 1636 4995 circa
1683 4956 1877 4993 annum
1910 4939 2009 4992 557
2041 4942 2207 4995 collo-

646 5032 853 5096 cauda;
902 5035 1095 5101 quippe
1123 5049 1241 5087 cum
1287 5048 1427 5085 anno
1457 5036 1628 5087 aetatis
1671 5032 1925 5087 vicesimo
1970 5034 2205 5087 secundo

646 5125 953 5187 secesserit,
987 5126 1228 5194 quinque
1262 5140 1430 5178 annos
1477 5125 1773 5179 traduxerit
1809 5127 1859 5179 in
1894 5124 2200 5180 solitudine.

722 5216 809 5269 IV.
850 5216 928 5270 Eo
971 5214 1271 5269 afﬂuentior
1310 5225 1364 5269 et
1394 5214 1609 5269 uberior
1644 5217 1744 5271 fuit
1779 5216 1828 5270 in
1858 5215 2056 5270 Basilio
2085 5232 2205 5285 gra-

648 5308 719 5361 tia
752 5308 1019 5376 baptismi,
1050 5308 1191 5377 quod
1223 5307 1377 5360 simul
1408 5322 1465 5360 se
1492 5307 1735 5360 asceticzc
1776 5310 1897 5362 vitze
1926 5323 2204 5362 consecra-

717 5493 792 5547 (α)
823 5483 940 5535 L‘b.
976 5482 1290 5553 DeSpiritu
1322 5493 1522 5545 sancto,
1558 5498 1678 5553 cap.
1706 5484 1791 5537 ‘20.

713 5552 789 5619 (ὁ)
820 5552 974 5620 Nyss.
1028 5551 1131 5604 Vit.
1170 5554 1359 5617 Macra,
1392 5572 1441 5622 γ.
1478 5552 1595 5608 1322.

716 5626 787 5687 (τ)
832 5622 962 5673 Naz.
994 5639 1079 5687 ep.
1118 5623 1170 5677 5.

741 5692 794 5759 d)
834 5692 959 5743 Nat.
993 5709 1071 5746 or.
1106 5693 1193 5746 9.0.

741 5692 794 5759 ά)
834 5692 959 5743 ΝΜ.
993 5709 1006 5746 (

719 5692 785 5833 is)
825 5761 918 5830 Ep.
958 5766 1006 5818 1.

2305 3305 2445 3358 hanc
2494 3305 2802 3359 felicitatem
2860 3303 3142 3371 othgisse.
3192 3301 3456 3355 Praeterea
3506 3298 3861 3351 Athanasium

2305 3397 2503 3449 scimus
2553 3394 2874 3447 Alexandria
2906 3392 3203 3445 excessisse
3256 3404 3399 3442 anno
3426 3385 3552 3439 356.
3597 3386 3701 3438 Sed
3736 3386 3862 3438 dum

2304 3486 2512 3559 Syriam
2555 3491 2808 3555 peragrat
2847 3482 3096 3547 Basilius,
3138 3480 3321 3533 videre
3366 3480 3535 3547 potuit
3576 3476 3634 3530 S.
3689 3476 3860 3529 Euse-

2302 3580 2449 3634 bium
2494 3578 2946 3639 Samosatensem,
2982 3587 3211 3641 quocum
3239 3581 3294 3625 et
3320 3580 3444 3623 ante
3490 3568 3861 3637 episc0patum

2306 3684 2461 3724 suum
2498 3679 2551 3723 et
2588 3672 2638 3721 in
2666 3669 2975 3737 episcOpatu
3006 3663 3305 3720 arctissima
3337 3662 3576 3716 amicitia
3642 3656 3865 3726 conjun-

2308 3768 2425 3811 ctus
2451 3758 2569 3811 fuit.
2601 3757 2873 3811 Neminem
2906 3775 3032 3810 sane
3059 3758 3232 3821 video,
3254 3770 3411 3824 quem
3448 3753 3697 3807 libentius
3724 3752 3867 3805 inter

2305 3864 2398 3905 eos
2416 3864 2709 3914 timueram,
2736 3862 2868 3917 quos
2890 3862 2945 3901 se
2967 3848 3190 3899 Basilius
3216 3861 3421 3910 patrum
3448 3846 3565 3899 loco
3589 3846 3859 3905 habuisse,

2305 3952 2359 3997 et
2380 3941 2575 3995 animae
2602 3955 2710 3994 suae
2738 3942 2899 3993 duces
2924 3946 3167 3993 secutum
3199 3950 3317 3989 esse
3344 3938 3494 3989 dicit.

2383 4034 2448 4088 γ.
2489 4031 2745 4085 Basilium
2789 4026 3125 4083 Alexandria:
3156 4025 3372 4079 morbus
3404 4024 3631 4077 detinuit
3660 4036 3720 4076 ac
3752 4037 3865 4076 me-

2311 4133 2422 4177 tum
2449 4123 2635 4179 attulit
2668 4138 2734 4176 ne
2764 4122 2815 4174 in
2845 4122 3074 4189 patriam
3104 4118 3278 4173 hieme
3316 4114 3489 4170 redire
3520 4130 3624 4169 non
3657 4122 3862 4183 posset.

2312 4213 2447 4268 Dum
2483 4222 2659 4265 autent
2690 4212 2741 4264 in
2774 4210 2873 4265 hac
2905 4219 3146 4265 moratur
3175 4208 3304 4262 urbe
3333 4208 3416 4275 (ὅ),
3456 4206 3629 4261 allata:
3663 4217 3787 4261 sunt
3813 4207 3864 4260 ei

2310 4304 2508 4359 litterae
2562 4301 2869 4367 Eustathii,
2936 4302 3241 4371 philosophi
3289 4299 3565 4367 cujusdam
3620 4300 3862 4363 ethnici,

2311 4411 2469 4467 quem
2515 4396 2741 4450 Athenis
2787 4396 2991 4450 rediens
3042 4395 3278 4447 visurum
3322 4408 3380 4447 se
3431 4393 3484 4445 in
3525 4391 3864 4460 Cappadocia

2313 4498 2649 4559 speraverat,
2677 4486 2771 4542 sed
2794 4489 3074 4554 qumsitum
3109 4484 3348 4539 invenire
3374 4500 3477 4538 non
3499 4484 3685 4553 potuit.
3714 4481 3865 4535 Post-

2315 4590 2377 4631 ea
2408 4575 2580 4629 morbi
2610 4575 2957 4638 obstiterunt,
2982 4574 3267 4641 quominus
3293 4590 3412 4625 eum
3442 4574 3654 4625 viseret.
3682 4568 3869 4642 Neque

2312 4666 2478 4722 etiam
2516 4681 2635 4719 cum
2684 4680 2749 4720 eo
2784 4666 3015 4719 abeunte
3054 4664 3104 4716 in
3140 4664 3410 4720 Orientem
3458 4662 3719 4732 proficisci
3767 4682 3867 4734 po-

2314 4759 2431 4811 tuit.
2468 4756 2753 4825 Postquam
2788 4758 2839 4812 in
2871 4757 3078 4826 Syriam
3110 4758 3253 4811 venit
3281 4756 3522 4817 Basilius,
3554 4758 3717 4811 audiit
3749 4759 3868 4827 phi-

2315 4853 2596 4921 Iosephum
2634 4850 2759 4904 inde
2790 4848 2986 4903 abiisse
3015 4848 3064 4899 in
3107 4846 3416 4917 Egyptum.
3453 4847 3578 4900 llluc
3610 4848 3770 4900 etiam
3810 4861 3871 4900 se

2316 4946 2574 5007 contulit,
2629 4958 2691 4996 ac
2748 4956 2815 4996 ne
2869 4939 2979 4993 illic
3026 4940 3241 5008 quidem
3292 4951 3529 5007 Optatum
3566 4940 3867 5008 philosophi

2313 5050 2670 5101 congressum
2724 5032 2935 5099 assequi
2986 5032 3177 5101 potuit.
3230 5029 3279 5083 ls
3322 5032 3463 5083 enim
3496 5033 3560 5084 ad
3592 5030 3782 5083 Persas
3816 5041 3870 5081 et

2314 5134 2591 5180 extremos
2626 5125 2886 5178 barbaros
2920 5122 3145 5177 abierat.
3197 5119 3431 5174 Tandem
3468 5122 3531 5172 ab
3562 5133 3624 5171 co
3662 5117 3871 5170 litteras

2318 5217 2529 5285 accepit
2578 5213 2942 5277 Alexandriae,
2993 5228 3061 5265 ex
3113 5209 3307 5277 quibus
3351 5210 3495 5263 illum
3545 5208 3597 5261 iu
3639 5207 3867 5277 patriam

2308 5308 2529 5365 rediisse
2558 5307 2825 5379 cognovit.
2852 5304 3076 5373 Scripsit
3108 5304 3171 5357 ad
3195 5320 3313 5358 eum
3340 5302 3567 5357 Basilius
3589 5317 3654 5357 ex
3681 5303 3867 5355 eadem

2378 5486 2448 5553 (Γ)
2486 5485 2741 5555 1253.223,
2777 5503 2830 5537 ιι.
2864 5486 2917 5541 2.

2379 5558 2453 5626 (g)
2497 5556 2727 5626 Prooem.
2764 5555 2949 5610 Merui.
2964 5597 2977 5621 ,

2377 5625 2453 5695 (It)
2498 5625 2594 5690 Ep.
2629 5625 2751 5693 204,
2788 5643 2839 5679 u.
2870 5627 2921 5678 6.

2374 5698 2433 5767 (i)
2484 5700 2573 5764 lup.
2606 5696 2653 5748 l.

3008 5573 3057 5626 p.
3088 5556 3209 5612 213.
