4094 6308
1519 381 1667 437 \‘l'i‘A
1715 380 1770 434 S.
1813 379 2074 436 BASILII.
3332 407 3401 447 ιν

204 509 309 561 u-be
334 505 612 575 Epistulam
643 501 926 569 leporibus
957 500 1229 562 refertam,
1262 500 1311 552 in
1343 512 1446 565 qua
1484 513 1541 552 se
1572 499 1736 551 Athc-
1766 500 1811 556 Α

205 612 282 651 uas
322 597 597 659 reliquisse
626 630 641 652 ,
677 601 737 644 ut
768 589 1104 645 Eustathium
1156 589 1381 648 videret,
1435 602 1497 641 ac
1545 589 1733 643 eodem

205 685 407 743 consilio
448 683 502 735 in
562 682 838 739 Orientem
893 679 1288 749 peregrinatum
1319 691 1436 731 esse
1468 681 1646 748 lingit;
1683 684 1737 729 et

206 791 303 828 rum
326 788 442 826 eum
470 782 547 828 tot
576 777 630 828 in
672 775 804 827 locis
835 772 1113 840 qumsitnm
1150 787 1253 825 non
1297 770 1607 835 reperisset,
1641 768 1737 819 du-

207 869 380 919 bitasse
412 881 478 921 au
515 883 619 921 non
668 868 782 918 fato
824 871 914 916 aut
966 862 1178 918 fortuna
1224 860 1401 914 omnia
1460 868 1735 929 regantur.

205 957 325 1019 Hzec,
349 956 586 1025 inquam,
621 958 687 1006 ab
711 967 776 1006 eo
793 963 1041 1021 peracute
1072 952 1365 1020 finguntur,
1392 966 1487 1005 nec
1516 946 1738 1019 proinde

210 1045 403 1098 nimiutn
434 1047 623 1099 stricte
671 1043 838 1111 accipi
873 1042 1088 1097 debent.
1125 1042 1258 1094 l\'aut
1299 1045 1437 1105 quod
1470 1056 1527 1094 se
1568 1039 1737 1091 Athe-

206 1137 271 1189 nis
306 1134 624 1193 discessisse
659 1134 753 1199 ait,
785 1143 844 1188 ut
888 1133 1261 1203 philos0phum
1294 1136 1521 1196 videret,
1576 1131 1738 1185 urba-

206 1230 397 1282 nissima
438 1235 524 1279 est
562 1226 721 1280 amici
770 1227 1016 1281 desiderii
1064 1225 1404 1294 signiﬁcatio,
1450 1240 1554 1277 non
1598 1224 1738 1292 quod

207 1322 327 1372 aliud
356 1315 667 1371 discedendi
699 1316 982 1371 consilium
1012 1332 1115 1370 non
1161 1315 1428 1371 imbuerit.
1473 1314 1740 1371 Dubitatio

203 1419 357 1459 autem
403 1406 517 1471 illa,
555 1421 659 1476 qua
690 1419 748 1459 se
781 1404 1039 1473 agitatum
1088 1403 1255 1460 fuisse
1286 1404 1437 1464 dicit,
1483 1419 1585 1456 non
1639 1403 1741 1457 alio

201 1507 384 1567 Spectat
413 1500 544 1564 nisi,
574 1509 631 1554 ut
660 1497 875 1552 ethnico
910 1498 1225 1567 philosopho
1255 1512 1431 1549 veram
1459 1498 1521 1547 de
1551 1496 1739 1549 Provi-

204 1589 357 1642 dentia
389 1589 716 1645 sententiam
750 1587 955 1643 facilius
991 1588 1245 1644 insinuet.
1278 1587 1426 1640 Hanc
1462 1588 1737 1657 epistolam

202 1680 413 1733 oumium
485 1680 713 1747 primam
792 1678 1193 1743 collocavimns,
1248 1688 1433 1746 utpote
1486 1680 1737 1747 scriptam

204 1786 323 1822 anno
352 1769 482 1832 357,
516 1767 657 1824 inter
692 1767 872 1822 Basilii
902 1768 1375 1839 peregrinationes.

1933 496 2179 551 \‘oluerat
2217 497 2389 567 primo
2422 499 2649 553 Basilius
2680 499 2732 553 in
2765 500 3067 556 'l‘iperinaut
3108 515 3225 555 sese
3265 506 3401 558 reci-

1850 605 1994 659 pere.
2038 588 2134 642 Est
2168 599 2347 643 autem
2384 590 2636 647 Tiberina
2682 591 2829 660 regio
2853 594 3092 662 quaedam
3132 590 3402 663 Cappado-

1842 684 1964 746 (δίεπε,
1993 683 2044 734 in
2068 697 2173 749 qua
2196 686 2327 737 situs
2348 690 2430 735 est
2462 682 2721 739 Ariauzus
2739 682 2977 752 Gregorii
3003 684 3178 738 natale
3201 689 3395 739 solum.

1856 773 1999 827 Num
2039 774 2195 842 igitur
2224 774 2440 844 cogitas,
2474 776 2644 844 inquit
2671 778 2723 830 in
2760 776 2917 847 epist.
2948 776 3035 838 M,
3064 794 3165 845 quo
3194 794 3285 845 ego
3309 793 3400 842 pe-

1848 862 2003 917 riculi
2038 866 2229 919 stultus
2272 867 2525 928 venerint,
2570 881 2687 917 cum
2724 869 2892 921 sedem
2926 865 3223 934 hujusmodi
3251 865 3401 921 Tibe-

1847 959 1970 1007 rina
2003 955 2143 1008 orbis
2174 970 2432 1010 terrarum
2457 957 2703 1009 barathro
2728 970 3041 1013 commutare
3071 958 3402 1026 pertinaciter

1842 1066 1897 1101 re
1911 1046 2034 1099 [lem
2059 1047 2083 1099 ἱ)
2124 1046 2341 1103 Videtur
2367 1064 2487 1117 spes
2515 1064 2634 1102 cum
2662 1049 2918 1117 Gregorio
2960 1049 3173 1103 vivendi
3208 1048 3401 1117 praeci-

1842 1154 2005 1208 puum
2050 1136 2215 1192 fuisse
2239 1156 2355 1194 com
2377 1141 2611 1205 modum,
2644 1142 2783 1210 quod
2825 1140 2924 1195 sibi
2953 1141 3180 1195 Basilius
3210 1139 3401 1209 praefe-

1844 1230 2009 1282 renda
2051 1229 2171 1283 aliis
2226 1232 2355 1287 locis
2394 1232 2643 1286 Tiberina
2693 1242 3030 1303 proponeret.
3077 1232 3183 1287 Sed
3237 1232 3400 1301 ipsius

1843 1333 2013 1376 mater
2036 1331 2087 1374 et
2108 1336 2281 1385 soror,
2317 1342 2542 1394 quarum
2569 1326 2827 1379 intererat.
2845 1342 2964 1379 eum
2989 1339 3089 1376 non
3115 1335 3220 1377 tam
3246 1323 3401 1390 longe

1842 1415 2112 1480 secedere,
2160 1414 2284 1469 huic
2332 1419 2586 1484 consilio,
2630 1426 2687 1470 ut
2727 1416 3015 1471 verisimile
3047 1424 3151 1474 est.
3181 1413 3404 1469 obstite-

1844 1517 1986 1571 runt,
2012 1523 2074 1561 ac
2112 1512 2326 1563 orando
2352 1519 2404 1563 et
2445 1512 2693 1566 instando
2717 1510 3006 1580 perfecere,
3040 1517 3096 1561 ut
3135 1506 3281 1560 illum
3314 1515 3399 1559 at-

1846 1601 2121 1653 traherent
2152 1600 2203 1654 in
2243 1601 2418 1653 locum
2444 1603 2556 1656 solo
2578 1603 2791 1658 flumine
2836 1601 2903 1656 ab
2926 1615 3107 1655 earum
3138 1606 3403 1653 monaste-

1851 1693 1931 1745 rio
1960 1692 2228 1746 dissitum.

1922 1780 2209 1848 Postquam
2249 1778 2472 1846 degendi
2514 1790 2641 1832 cum
2684 1775 2939 1843 Gregorio
2990 1790 3113 1844 spes
3152 1776 3401 1840 evanuit,

260 1862 398 1930 Quod
431 1863 708 1917 metuebat
739 1860 989 1925 Basilius,
1034 1863 1157 1916 dum
1192 1868 1336 1914 esset
1370 1859 1735 1925 Alexandrina,

1848 1870 2082 1923 dolorem
2123 1885 2279 1923 suum
2312 1872 2536 1923 Basilius
2569 1883 2673 1921 non
2704 1866 2865 1919 corde
2895 1868 3112 1934 pressit,
3156 1869 3251 1921 sed
3288 1867 3404 1920 vio-

201 1969 257 2008 ne
286 1967 338 2006 se
364 1953 588 2009 morbus
618 1955 668 2007 in
694 1949 917 2020 patriam
945 1951 1122 2005 hieme
1151 1950 1328 2005 redire
1361 1966 1465 2004 non
1496 1950 1693 2004 sineret
1717 1965 1732 2014 ;

201 2044 244 2096 id
276 2058 586 2113 argumento
629 2051 713 2097 est
740 2057 858 2096 eum
889 2046 952 2100 de
982 2043 1139 2099 celeri
1186 2057 1250 2096 ac
1290 2051 1535 2111 prompto
1566 2040 1737 2094 reditu

198 2137 442 2206 cogitasse
494 2149 617 2189 cum
650 2135 763 2187 haec
790 2136 1069 2199 scriberet,
1106 2149 1171 2187 ac
1211 2133 1432 2200 proinde
1466 2132 1576 2197 jam
1626 2146 1739 2185 mo-

200 2230 412 2282 nasteria
441 2227 763 2294 Palzestina,
808 2228 1116 2295 leesyrim
1144 2236 1199 2279 et
1230 2223 1625 2293 MeSOpotamiaa
1658 2224 1735 2277 vi-

198 2322 387 2374 sitasse.
419 2319 527 2373 Sed
552 2336 672 2374 eum
703 2337 843 2389 sa~pe
871 2318 1133 2387 ejusmodi
1164 2317 1366 2371 morbis
1392 2316 1736 2391 laboraverit,

199 2427 283 2466 nec
330 2413 532 2466 idcirco
578 2427 705 2466 suos
749 2409 1101 2464 intermiscrit
1153 2407 1381 2472 labores,
1438 2408 1731 2463 verisimile

198 2519 289 2557 non
325 2514 406 2558 est
449 2518 574 2555 eum
622 2502 803 2555 tandiu
843 2499 1178 2555 Alexandria:
1225 2500 1499 2555 detentum
1553 2498 1736 2555 fuisse.

199 2594 445 2648 Reversus
491 2602 674 2645 autem
707 2591 758 2645 in
805 2592 1053 2661 patriam,
1097 2606 1218 2644 cum
1250 2597 1392 2644 totus
1437 2591 1650 2643 arderet
1674 2604 1739 2642 ca

199 2685 418 2739 imitandi
460 2685 640 2738 studio
669 2683 771 2753 (a),
800 2698 918 2751 qua:
957 2682 1007 2734 in
1052 2681 1272 2735 remotis
1314 2681 1627 2749 regionibus
1660 2681 1741 2731 vi-

200 2779 360 2841 dent,
403 2776 609 2830 nullam
647 2775 853 2829 videtur
875 2788 1079 2826 moram
1104 2771 1506 2841 interposuisse,
1525 2771 1616 2826 sed
1634 2779 1746 2825 sta-

198 2869 279 2920 tim
323 2869 615 2929 perlecisse
646 2866 955 2928 consilium,
995 2864 1135 2932 quod
1174 2863 1369 2917 dudum
1405 2862 1741 2928 extenderat,

196 2969 345 3010 utsua
364 2957 551 3012 omnia
576 2956 899 3025 pauperibus
928 2956 1278 3010 distribueret
1306 2969 1370 3008 ac
1412 2968 1531 3009 sese
1559 2954 1613 3008 in
1655 2968 1744 3008 so-

194 3050 453 3105 litudinem
485 3050 769 3119 reciperet.

254 3140 337 3196 V’l.
390 3141 602 3197 Locum
654 3140 815 3212 elegit
866 3138 1101 3195 secessui
1165 3139 1435 3207 idoneum,
1502 3146 1739 3193 montem

197 3235 464 3301 quemdam
492 3234 560 3288 ad
601 3210 929 3301 ripasvlridis
956 3229 1122 3293 fluvii,
1156 3231 1245 3301 qui
1279 3245 1344 3283 ex
1376 3229 1628 3283 Armenia
1654 3244 1743 3283 or—
1768 3210 1809 3267 (ἶ

198 3337 270 3379 tus
296 3327 519 3380 Pontum
566 3326 771 3392 irrigat,
802 3335 855 3376 et
896 3326 946 3374 in
982 3323 1247 3374 Euxinum
1281 3322 1506 3375 Pontum
1542 3320 1745 3373 delabi-

199 3426 270 3468 tur
295 3416 387 3487 (b).
423 3416 505 3469 Ad
541 3416 767 3467 alteram
815 3412 960 3464 fluvii
1010 3412 1179 3479 ripam
1212 3410 1315 3463 sita
1344 3417 1460 3463 erat
1508 3409 1654 3472 villa,
1690 3408 1741 3460 in

197 3522 287 3575 qua
311 3508 561 3569 Basilius,
594 3506 731 3575 apud
755 3505 928 3557 aviam
954 3501 1243 3554 Macrinam
1267 3500 1524 3552 educatus
1550 3498 1738 3551 fuerat.

175 3596 291 3651 Hac
331 3599 381 3651 in
434 3597 589 3661 villa,
627 3610 745 3663 qua:
788 3604 1009 3662 paterna
1057 3591 1338 3644 haereditas
1372 3596 1490 3642 erat
1530 3586 1745 3641 familia:

196 3686 243 3741 S.
274 3687 475 3753 Basilii,
510 3696 570 3740 et
604 3693 722 3754 post
752 3695 975 3738 mortem
1012 3681 1069 3736 S.
1103 3679 1373 3734 Entmelize
1405 3678 1482 3747 (ε)
1515 3678 1572 3731 S.
1607 3677 1740 3729 Grc-

196 3781 329 3846 gorio
374 3777 629 3848 Nysseno
675 3775 860 3839 cessit,
902 3780 1274 3827 constructum
1311 3776 1428 3821 erat
1477 3773 1747 3819 monaste-

197 3875 317 3926 rium
354 3890 382 3927 a
418 3875 636 3941 virgine
670 3867 926 3929 Macrino,
970 3868 1023 3916 iu
1055 3880 1160 3932 quo
1204 3860 1423 3915 fratrem
1454 3875 1611 3915 suum
1648 3857 1749 3912 Pe-

199 3975 321 4018 trum
352 3981 379 4017 a
412 3966 620 4018 teneris
646 3963 713 4014 ad
742 3976 955 4014 omnem
988 3960 1242 4011 virtutem
1271 3956 1447 4020 finxit,
1482 3965 1538 4008 et
1563 3967 1746 4007 sacra-

198 4072 298 4108 rum
331 4056 637 4109 litterarum
670 4051 976 4119 cognitione
1005 4046 1195 4101 imbuit
1218 4045 1317 4115 (ά).
1352 4046 1612 4100 ltemotus
1642 4058 1745 4097 non

198 4155 296 4199 erat
327 4146 413 4200 hic
446 4158 617 4213 pagus
652 4142 721 4195 ab
749 4142 877 4195 urbe
902 4138 1269 4203 Neociesarea,
1311 4136 1452 4190 unde
1486 4135 1667 4189 Basilii
1694 4135 1746 4189 in

200 4238 323 4290 hunc
361 4236 540 4290 locum
574 4233 806 4285 adventu
834 4243 974 4282 anno
1004 4227 1107 4280 575
1144 4237 1317 4279 terror
1346 4226 1577 4295 injectus
1611 4222 1747 4278 Neo-

200 4324 621 4387 caesarieusibus,
668 4320 822 4389 quasi
872 4317 1096 4371 Basilius
1133 4319 1183 4368 in
1218 4331 1403 4369 eorum
1452 4316 1638 4368 urbem
1670 4316 1748 4368 in-

197 4416 326 4481 gredi
357 4421 606 4482 pararet.
641 4409 756 4463 Non
792 4418 967 4462 tamen
1002 4406 1275 4476 subjectus
1312 4417 1429 4459 erat
1474 4405 1746 4458 Neocaesa-

199 4520 305 4569 περ,
337 4506 430 4558 sed
481 4505 682 4566 lhorae,
712 4500 918 4570 exigua:
944 4499 1147 4553 civitati
1189 4514 1292 4553 non
1329 4498 1511 4567 procul
1555 4499 1749 4552 distan-

206 4598 235 4650 ti
259 4596 349 4669 (e),
395 4598 556 4666 cujus
605 4595 887 4663 episcopus
936 4591 1167 4645 Araxius
1212 4590 1268 4645 S.
1312 4589 1560 4645 Macriua:
1602 4591 1743 4657 justa

200 4688 439 4752 persolvit
462 4701 573 4738 una
606 4699 729 4738 cum
756 4683 813 4735 S.
840 4681 1099 4751 Gregorio
1132 4678 1373 4750 Nysseno
1396 4682 1483 4748 qui
1510 4695 1630 4738 eum
1658 4695 1748 4733 vo-

201 4787 276 4829 cat
320 4778 565 4832 locorum
634 4772 845 4825 illorum
891 4773 1194 4840 episcopum
1222 4771 1310 4839 (Γ).
1356 4769 1504 4823 lluuc
1556 4784 1746 4839 pagum

203 4867 410 4920 Anxietas
483 4871 743 4917 vocatum
810 4862 973 4915 fuisse
1026 4860 1375 4930 perspicimus
1438 4874 1501 4915 ex
1568 4859 1752 4914 Basilii

200 4956 338 5023 epist.
371 4956 426 5020 3,
456 4957 509 5009 in
542 4970 654 5021 qua
692 4951 922 5017 loquitur
951 4951 1014 5005 de
1059 4949 1288 5018 quodam
1332 4949 1528 5018 agresti
1565 4966 1629 5002 ea;
1665 4950 1751 5015 iis,

201 5046 374 5115 inquit,
399 5049 489 5117 qui
518 5044 796 5097 nobiscum
825 5041 1039 5094 Anuesis
1071 5050 1475 5094 commorantur.
1504 5039 1623 5093 Haec
1659 5056 1754 5094 au-

202 5148 291 5190 tem
331 5138 396 5191 de
441 5152 588 5207 pago
627 5146 775 5190 trans
814 5137 1005 5191 lridem
1048 5135 1149 5190 sito
1186 5134 1354 5202 accipi
1398 5135 1592 5187 debere
1633 5132 1754 5186 inde

202 5233 527 5299 perspicitur,
577 5230 725 5299 quod
757 5229 938 5283 Basilii
984 5230 1214 5284 solitudo
1257 5227 1324 5280 ab
1349 5225 1496 5280 omni
1526 5238 1745 5280 prorsus

203 5325 457 5381 hominum
485 5322 897 5380 consuetudine
927 5329 1129 5378 remota
1168 5328 1329 5377 esset.

260 5450 327 5511 (al
357 5451 453 5519 Ep.
492 5449 628 5519 2‘23,
673 5464 728 5500 ll.
760 5446 813 5519 ξπ

261 5520 327 5585 (ιι)
364 5512 533 5589 (ξι-σεε.
576 5518 740 5587 Nyss.
784 5513 887 5567 Vit.
918 5512 1197 5589 S._.fl_acr.,
1231 5530 1281 5584 p.
1328 5514 1442 5568 l8'2.

262 5583 324 5657 te)
357 5592 450 5645 0r.
476 5583 533 5643 in
569 5583 644 5642 St;
680 5596 859 5657 marg,
892 5599 940 5649 p.
976 5583 1097 5636 ΞΗ.

264 5652 332 5725 (tt,
362 5661 519 5729 Nyss.
568 5659 677 5709 Vit.
802 5653 990 5716 Maca,
1024 5669 1075 5721 p.
1106 5654 1223 5729 18:5.

263 5723 324 5797 (ν)
364 5723 521 5799 N'yss.
563 5730 665 5799 0r:
700 5725 756 5776 in
782 5738 847 5776 ιι,
873 5735 1047 5799 metu,
1067 5723 1284 5799 p.312.

264 5791 322 5871 tt)
369 5791 468 5855 γῑι.
498 5801 563 5856 s.
604 5795 804 5856 Macta,
836 5808 887 5862 p.
918 5792 1038 5857 suo,
1063 5791 1185 5849 sos.

1844 1961 2001 2012 latam
2053 1960 2118 2011 ab
2164 1960 2336 2012 amico
2385 1960 2763 2028 promissorum
2828 1955 2984 2011 fidem
3036 1966 3259 2024 questus
3297 1967 3401 2009 est.

1843 2051 1955 2106 Non
1993 2051 2251 2104 habemus
2298 2048 2575 2118 epistolam
2614 2048 2665 2101 in
2700 2064 2803 2115 qua
2833 2050 2945 2101 haec
2967 2047 3267 2112 scribebat;
3302 2047 3398 2101 sed

1842 2152 2019 2196 exstat
2048 2140 2290 2211 Gregorii
2332 2139 2608 2207 reSponsio
2632 2139 2729 2207 (g),
2764 2139 2851 2207 qui
2882 2138 3148 2204 obiectum
3193 2138 3400 2192 crimen

1840 2250 1945 2289 non
1974 2234 2259 2287 inliciando
2277 2231 2507 2300 repellit,
2536 2229 2627 2283 sed
2647 2227 2860 2297 pietatis
2883 2226 3188 2297 parentibus
3214 2225 3403 2279 debita:

1838 2327 2353 2381 conuuemoratione
2403 2328 2720 2396 deprecatur
2760 2340 2774 2377 :
2832 2338 2894 2377 ac
2943 2321 3052 2377 litis
3093 2319 3405 2374 dirimenda:

1841 2434 2002 2474 causa
2033 2418 2133 2470 hoc
2174 2426 2656 2485 temperamentum
2696 2414 2966 2483 proponit,
3000 2423 3057 2466 ut
3103 2412 3298 2482 partim
3336 2413 3403 2466 ad

1842 2520 1898 2557 se
1933 2502 2178 2569 Basilius,
2211 2505 2411 2566 partim
2443 2504 2555 2571 ipse
2592 2504 2655 2556 ad
2684 2504 2935 2556 Basiliutn
2961 2502 3208 2554 ventitet.

1913 2594 2086 2647 Aliam
2112 2594 2391 2647 amisimus
2419 2591 2597 2644 Basilii
2633 2593 2937 2659 epistolam,
2969 2594 3021 2645 in
3056 2606 3159 2660 qua
3183 2587 3405 2656 iocaba-

1844 2696 1928 2737 tur
1976 2684 2026 2737 in
2058 2683 2389 2739 Tiberinam.
2434 2682 2678 2736 Vicissim
2725 2698 2847 2737 eum
2880 2682 3167 2750 Gregorius
3209 2696 3399 2751 perur-

1843 2777 2000 2831 banis
2030 2777 2085 2831 in
2114 2776 2261 2831 Carsa
2274 2791 2417 2829 ream
2438 2777 2523 2829 ubi
2546 2785 2701 2829 natus
2728 2784 2867 2840 erat,
2885 2784 2939 2830 et
2964 2777 3015 2828 iu
3034 2776 3279 2829 Pontum.
3299 2789 3407 2842 quo

1843 2866 2145 2935 secedebat,
2178 2867 2416 2922 dicteriis
2462 2867 2732 2922 remordet
2773 2866 2852 2936 (It)
2893 2884 2906 2897 ·
2958 2866 3112 2921 Ponti
3160 2868 3408 2921 tenebras

1846 2959 2104 3027 exagitat,
2135 2960 2224 3015 ubi
2255 2960 2422 3015 solem
2450 2961 2516 3013 ad
2551 2970 2757 3013 certum
2787 2960 3000 3013 modum
3040 2957 3211 3027 accipi
3250 2958 3403 3014 dicit.

1851 3047 2000 3114 Quod
2023 3064 2230 3120 spectat
2253 3051 2317 3104 ad
2346 3049 2666 3115 Caesaream,
2712 3065 2809 3120 pro
2842 3049 2953 3102 luto
2989 3048 3173 3117 objicit
3204 3062 3406 3117 caupo-

1849 3156 1965 3204 nas,
2007 3150 2063 3195 et
2108 3141 2364 3209 quidquid
2396 3142 2555 3194 urbes
2594 3150 2750 3209 turpe
2781 3151 2837 3195 et
2877 3140 3279 3195 ineonnnodum
3322 3139 3405 3193 fe-

1846 3243 1991 3286 runt.
2023 3230 2190 3286 Vocat
2222 3230 2475 3285 Basilium
2502 3232 2598 3284 luti
2633 3242 2910 3301 expertem
2939 3233 3138 3297 virum,
3171 3240 3225 3286 et
3256 3245 3407 3285 sum-

1847 3322 1949 3375 mis
1989 3322 2218 3390 pedibus
2259 3321 2617 3388 incedentem,
2654 3333 2943 3392 penuatum
2990 3337 3055 3378 ac
3078 3321 3406 3391 pendulum,

1848 3425 1906 3467 ut
1934 3413 2179 3481 quamvis
2210 3414 2278 3467 sit
2314 3412 2622 3483 Cappadox,
2667 3414 3059 3482 Cappadociam
3110 3410 3295 3481 fugiat.
3331 3410 3411 3463 Bx

1846 3508 2039 3577 quibus
2070 3507 2248 3561 verbis
2285 3506 2479 3575 colligo
2515 3505 2774 3558 Basilium
2812 3504 3045 3557 nondum
3078 3502 3407 3565 secessisse,

1846 3613 1965 3652 cum
2004 3602 2114 3650 haec
2155 3596 2415 3650 scriberet
2459 3594 2774 3664 Gregorius,
2821 3593 2914 3647 sed
2950 3600 3129 3644 tamen
3155 3591 3264 3658 jam
3299 3600 3409 3645 Sta-

1851 3689 2012 3741 tuisse
2046 3686 2435 3756 Cappadociam
2479 3685 2661 3755 fugere
2690 3693 2744 3740 et
2790 3684 2842 3739 in
2881 3683 3109 3739 Pontum
3151 3698 3211 3739 se
3260 3681 3398 3738 reci-

1850 3793 1993 3849 pere.

1919 3870 2149 3924 Basilius
2190 3870 2438 3924 omnibus
2480 3869 2643 3923 rebus
2690 3867 2764 3921 ita
2809 3882 2928 3921 sese
2974 3866 3267 3919 nudaverat
3318 3863 3407 3933 (ἱ),

1852 3972 1910 4016 ut
1942 3962 2071 4015 nihil
2103 3961 2323 4015 haberet
2353 3966 2545 4029 prater
2573 3974 2767 4027 corpus
2798 3966 2852 4011 et
2884 3957 3185 4010 necessaria
3217 3968 3409 4021 corpo-

1851 4054 1922 4107 ris
1945 4053 2333 4122 integumenta.
2360 4050 2550 4105 Cilicio
2574 4063 2768 4116 corpus
2790 4044 3107 4115 tegebat(j),
3132 4044 3222 4097 sed
3248 4053 3406 4097 noctu

1850 4152 2078 4207 tantum,
2129 4154 2187 4195 ut
2224 4141 2409 4195 oculos
2462 4139 2738 4193 hominum
2786 4139 3000 4191 vitaret.
3046 4135 3212 4191 Nemo
3260 4145 3406 4189 tanta

1852 4235 2024 4287 inedia
2058 4234 2287 4287 exstitit.
2320 4231 2453 4284 Erat
2478 4230 2580 4294 illi,
2608 4230 2778 4297 inquit
2801 4226 3199 4291 Nazianzenus,
3230 4228 3409 4280 tunica

1852 4342 1977 4388 una,
2023 4332 2070 4377 et
2105 4322 2323 4391 pallium
2362 4337 2541 4384 unum,
2586 4331 2632 4372 et
2673 4330 2869 4372 stratus
2918 4318 3062 4371 humi
3106 4316 3327 4370 lectulus
3363 4325 3411 4369 σε

1850 4417 2073 4479 illuvies,
2105 4426 2151 4468 et
2194 4414 2385 4483 vigilia:
2414 4412 2543 4482 (illa
2565 4413 2677 4480 ejus
2701 4411 2887 4464 decora
2917 4421 2967 4463 et
2998 4406 3335 4475 ornamenta)
3362 4416 3410 4459 et

1852 4506 2160 4559 suavissima
2199 4520 2339 4557 coma
2368 4512 2415 4555 et
2463 4502 2753 4563 obsonium,
2794 4499 2945 4567 panis
2984 4505 3032 4550 et
3067 4496 3168 4560 sal,
3200 4511 3408 4561 novum,

1854 4576 2086 4658 inquam,
2117 4590 2246 4642 illud
2286 4588 2687 4647 condimentum,
2720 4592 2766 4635 et
2801 4584 2941 4648 potio
2967 4581 3139 4634 sobria
3173 4590 3222 4633 et
3262 4580 3413 4633 uber-

1857 4684 2015 4746 rima,
2060 4696 2216 4749 quam
2248 4680 2391 4730 nobis
2442 4676 2572 4729 nihil
2608 4674 2960 4726 laborantibus
2996 4673 3163 4742 fontes
3190 4670 3409 4741 profun-

1860 4774 2011 4824 dunt.
2059 4769 2140 4823 Ea:
2190 4771 2393 4838 quibus,
2440 4770 2543 4820 imo
2595 4783 2710 4819 cum
2743 4767 2953 4835 quibus,
2984 4764 3150 4817 morbi
3180 4779 3241 4816 ac
3270 4777 3411 4815 mor-

1861 4860 2041 4913 borum
2104 4860 2399 4913 curationes
2451 4865 2832 4925 promanarunt
2888 4868 2905 4904 :
2964 4854 3099 4919 quod
3146 4866 3413 4905 commune

1871 4952 2137 5020 utriusque
2172 4962 2401 5003 nostrum
2433 4949 2662 5001 studium
2697 4946 2814 5014 fuit.

1929 5043 2175 5097 Testatur
2206 5042 2365 5095 etiam
2390 5038 2663 5107 Nyssenus
2712 5035 2958 5089 Basiliam
2997 5032 3069 5103 (lt)
3111 5030 3412 5101 parcissimi

1860 5136 1963 5191 cibi
2001 5135 2193 5195 fuisse,
2223 5141 2277 5186 et
2308 5146 2429 5185 cum
2462 5144 2624 5181 carne
2651 5142 2744 5181 sua
2779 5141 2880 5180 nou
2910 5126 3085 5188 aliter,
3109 5136 3268 5193 quam
3294 5136 3413 5174 cum

1862 5242 2017 5283 servo
2042 5223 2264 5294 fugitivo
2286 5219 2669 5276 inexorabilem
2688 5219 2959 5273 dominum
2984 5215 3178 5283 egisse.
3204 5211 3413 5278 Quanto

1866 5320 2167 5374 sanctitatis
2196 5318 2246 5368 in
2279 5314 2456 5366 anima
2494 5323 2538 5365 et
2574 5325 2794 5381 corpore
2822 5308 3102 5365 servanda:
3135 5304 3311 5361 studio
3336 5314 3413 5357 te-

1951 5439 1999 5507 g)
2039 5440 2170 5493 Naz.
2196 5452 2281 5504 ep.
2313 5435 2364 5483 5.

1951 5441 1999 5507 ῃ)
2039 5441 2170 5493 Naz.
2196 5452 2225 5489 e

1928 5441 2004 5579 iit)
2045 5510 2141 5576 Ep.
2174 5508 2225 5560 6.

1927 5573 1989 5650 (ἡ)
2037 5573 2169 5650 ῨΝξδκ.
2203 5591 2283 5629 or.
2314 5573 2399 5626 20.

1931 5651 1997 5719 (1')
2036 5649 2162 5719 Ιυῖάε

1930 5711 2002 5788 (λ)
2051 5718 2112 5771 In
2140 5716 2303 5769 Basil.
2338 5731 2383 5783 ιι.
2413 5713 2530 5777 490,
2564 5711 2681 5765 too.
