4094 6308
688 389 777 431 m
900 452 903 453 ί
2032 369 2558 426 I’ROLEGOMENA.

686 501 925 556 neretur,
954 490 1187 562 perspici
1224 500 1401 561 potest
1425 507 1486 548 ex
1538 492 1622 546 his
1645 492 1890 548 Cassiani
1923 492 1998 563 (η)
2026 494 2205 551 verbis
2241 511 2252 544 :
2286 498 2329 552 Α
2364 494 2497 545 ciunt
2537 491 2786 546 ducebam
2820 506 3007 545 eorum
3038 506 3154 561 qua:
3184 507 3286 544 non
3318 494 3577 560 videntur,
3602 509 3662 548 ea
3706 506 3825 561 qua'
3855 493 3921 548 ri-

687 583 881 638 Fertur
934 583 994 638 S.
1040 582 1252 647 Basilii,
1288 584 1477 653 inquit,
1530 582 1870 638 Ca’sm’iensls
1909 586 2133 655 episcopi
2176 585 2258 635 die

686 676 869 723 stricta
918 670 1192 723 sententia.
1244 670 1311 723 Et
1371 668 1661 733 mulierem,
1716 670 1907 739 inquit,
1952 670 2159 739 ignoro,
2207 680 2255 722 et

686 766 828 831 virgo
860 778 963 814 non
1010 777 1145 815 sum.
1200 761 1469 815 Intnntunt
1520 764 1769 818 intellexit
1817 762 2253 830 incorruptionem

687 855 859 906 carnis
900 869 1001 906 non
1054 864 1162 909 tant
1193 858 1247 908 in
1296 854 1532 909 mulieris
1562 871 1670 909 esse
1732 853 2069 919 abstinentia,
2101 870 2253 925 quam

686 944 738 996 in
779 943 1077 1013 integritate
1107 944 1301 1006 cordis,
1330 961 1445 1013 quae
1478 961 1589 999 t'ere
1624 944 1985 1011 incorruptam
2011 954 2253 1012 perpetuo

685 1034 1084 1087 sanctimoniam
1113 1038 1346 1102 corporis
1376 1036 1452 1091 vel
1502 1036 1685 1087 timore
1718 1033 1814 1087 Dei
1847 1036 1925 1089 vel
1962 1052 2140 1088 amore
2171 1051 2256 1087 ca-

685 1124 880 1180 stitatis
911 1126 1191 1179 custodiat.

1296 1236 1522 1293 CAPUT
1561 1237 1650 1296 IV.

687 1325 726 1379 l.
764 1324 866 1391 Qui
906 1322 1163 1379 Basiliam
1205 1338 1388 1396 negant
1432 1328 1751 1396 professione
1787 1328 2093 1381 monastica:
2139 1329 2257 1382 rita:

759 1397 1066 1449 obstrictum
1113 1397 1299 1465 fuisse,
1345 1398 1658 1462 refelluntur
1710 1414 1773 1450 ea:
1819 1399 1982 1465 ipsius
2019 1400 2257 1451 testimo-

760 1466 881 1518 niis.
937 1466 996 1518 ll.
1054 1465 1320 1519 Probatur
1364 1466 1623 1535 Basiliam
1679 1469 1809 1520 nihil
1849 1469 1948 1521 sibi
2007 1486 2071 1522 ex
2111 1470 2257 1522 bonis

756 1537 867 1590 suis
895 1539 1150 1607 reliquum
1177 1536 1377 1605 fecisse.
1413 1538 1497 1590 Ill.
1541 1536 1803 1607 Professio
1830 1539 1984 1593 etiant
2022 1541 2258 1591 nomina-

760 1607 934 1675 timqet
966 1610 1220 1676 conceptis
1252 1608 1414 1660 rerbis
1442 1624 1542 1660 non
1573 1610 1907 1676 pronuntiata
1945 1610 2129 1661 uiolari
2156 1626 2257 1661 non

760 1686 983 1742 poterat.
1024 1675 1111 1728 IV.
1162 1675 1443 1745 Gregorius
1476 1675 1701 1731 mediam
1748 1679 1883 1731 inter
1914 1678 2256 1731 anachoretus

759 1756 809 1816 et
865 1758 1070 1799 ascetas
1120 1758 1362 1800 actuosus
1414 1749 1550 1800 riam
1600 1749 1772 1814 elegit.
1828 1747 2066 1816 bligades
2115 1750 2256 1815 apud

762 1813 1071 1885 Gregorium
1101 1817 1257 1881 iidem
1290 1835 1350 1870 ac
1390 1828 1579 1870 ascetw
1610 1813 1809 1869 actioni
1842 1813 2025 1870 dediti.
2054 1816 2116 1869 Υ.
2150 1813 2257 1870 Ba-

762 1888 912 1939 silius
968 1887 1019 1939 in
1055 1889 1384 1940 monasteriis
1415 1887 1523 1939 suis
1572 1888 1801 1939 medium
1847 1889 1983 1941 inter
2027 1889 2258 1943 anacho-

762 1968 895 2008 retas
918 1972 980 2007 ac
1005 1958 1233 2025 migades
1265 1956 1465 2010 vivendi
1500 1973 1663 2024 genus
1693 1959 1925 2011 instituit

760 2046 799 2100 i.
819 2046 1169 2102 Doctissimus
1191 2048 1422 2116 scriptor
1440 2048 1829 2105 Thomassiuus
1852 2068 2043 2106 novam
2070 2068 2250 2122 quam-

692 2138 814 2193 t'aatn
853 2140 918 2194 de
946 2139 1149 2194 Basilio
1181 2150 1233 2195 et
1267 2140 1530 2209 Gregorio
1574 2140 1917 2197 Nazianzeuo
1949 2143 2256 2212 opinionem

695 2232 900 2285 invenit
920 2270 935 2294 ,
964 2246 1083 2300 qua:
1112 2234 1249 2301 apud
1286 2236 1538 2302 antiquos
1570 2235 1809 2288 inaudita
1834 2250 2053 2302 prorsus
2077 2244 2130 2290 et
2163 2237 2259 2290 im-

694 2332 1013 2387 memorata,
1047 2324 1249 2393 placuit
1282 2335 1463 2380 tamen
1497 2327 1850 2382 celeberrimo
1878 2327 2058 2383 abbati
2089 2328 2258 2398 Trapo

692 2413 866 2481 pensi.
905 2410 1157 2468 Summus
1188 2414 1307 2471 illos
1346 2418 1492 2472 viros
1538 2419 1736 2473 fatetur
1769 2419 2160 2475 Themassinus
2207 2422 2256 2474 in

700 2499 1046 2557 solitudinem
1082 2508 1395 2571 secessisse,
1430 2510 1521 2562 sed
1564 2508 1669 2563 illis
1704 2510 1989 2563 monastici
2024 2510 2259 2564 instituti

695 2615 875 2654 veram
897 2600 1285 2671 professionem
1304 2600 1523 2656 invidet.
1548 2601 1800 2671 Negat(b)
1824 2616 1932 2653 vere
1950 2602 2259 2654 monachum

691 2707 821 2757 esse,
864 2693 964 2744 nisi
1011 2694 1101 2761 qui
1147 2710 1200 2746 se
1230 2693 1298 2745 ad
1342 2702 1505 2746 totum
1552 2693 1670 2745 vitw
1710 2702 1908 2759 tempus
1941 2694 2038 2743 hac
2080 2703 2263 2745 sancta

693 2783 1009 2851 professione
1033 2782 1348 2851 obstringat,
1379 2799 1534 2850 seque
1576 2784 1821 2836 omnibus
1851 2786 2262 2848 possessionibus

694 2877 877 2942 spoliet
906 2892 967 2930 ac
988 2877 1168 2930 nudet.
1205 2874 1426 2930 Diﬂicile
1447 2875 1692 2945 proiecto
1717 2892 1821 2929 non
1848 2877 1954 2929 erit
1976 2888 2263 2947 utrumque

698 2969 763 3021 de
799 2966 1001 3022 Basilio
1034 2974 1223 3022 nostro
1249 2976 1517 3031 astruere,
1560 2976 1613 3021 et
1653 2966 1794 3035 quod
1838 2967 2081 3020 eruditus
2117 2965 2262 3021 Tho-

700 3059 972 3113 massiuus
1024 3058 1235 3125 statuit,
1286 3066 1345 3111 ut
1394 3072 1516 3112 eum
1565 3058 1889 3113 monachum
1937 3073 2040 3112 non
2099 3059 2264 3113 fuisse

698 3152 906 3219 probet,
944 3152 996 3206 id
1054 3161 1372 3207 convertere
1413 3151 1466 3205 in
1515 3161 1888 3221 argumentum
1929 3165 2070 3207 verre
2122 3150 2265 3207 illius
2291 3183 2334 3240 ρ

698 3244 1007 3297 monasticae
1034 3243 1404 3312 professionis.
1446 3241 1577 3296 Nam
1620 3243 1670 3297 in
1726 3243 1808 3297 his
1853 3258 1974 3313 qua
2034 3244 2100 3298 ad
2130 3259 2263 3299 sau-

695 3342 841 3385 ctum
871 3330 1191 3401 Gregorium
1222 3330 1620 3383 Nazianzenum
1648 3342 1899 3399 spectant
1926 3348 2030 3386 non
2075 3335 2266 3388 immo-

700 3424 879 3486 rabor,
917 3423 1167 3493 quamvis
1201 3421 1433 3489 amplam
1474 3430 1711 3489 segetem
1765 3421 1911 3475 illius
1944 3438 2107 3490 opera
2136 3439 2263 3492 snp—

698 3516 941 3586 peditent
971 3533 985 3570 :
1028 3516 1121 3570 sed
1160 3514 1243 3569 his
1278 3514 1494 3567 erudito
1523 3512 1690 3566 sodali
1723 3512 1865 3566 illius
1898 3527 2117 3583 operum
2152 3517 2266 3568 edi-

703 3609 900 3663 tionem
932 3606 1226 3661 elaboranti
1275 3606 1525 3670 servatis,
1560 3604 1813 3659 nonnulla
1854 3614 2061 3659 tantum
2096 3601 2274 3661 attiu?

698 3714 841 3769 gam,
877 3712 995 3764 quae
1022 3711 1052 3748 a
1084 3695 1285 3750 Basilio
1314 3706 1502 3750 nostro
1531 3696 1710 3750 divelli
1744 3710 1846 3749 non
1876 3707 2118 3765 possunt.

768 3791 1023 3847 Basilium
1053 3789 1226 3859 ipsum
1258 3788 1324 3841 de
1352 3802 1411 3841 se
1442 3788 1748 3856 loquentem
1778 3790 2084 3853 audiamus,
2118 3801 2270 3844 ante-

699 3898 859 3954 quam
887 3882 1111 3937 aliorum
1145 3879 1441 3935 reteramus
1464 3880 1792 3933 testimonia.
1829 3878 1921 3933 Sic
1957 3892 2266 3950 susceptum

701 3993 729 4030 a
760 3991 821 4031 se
855 3975 1165 4029 mouastics:
1193 3973 1317 4027 vita:
1359 3972 1691 4041 propositum
1734 3973 1958 4040 esponit
2008 3973 2059 4025 iu
2105 3974 2264 4038 epist.

700 4068 827 4131 225,
857 4084 910 4120 η.
939 4065 1006 4121 2:
1046 4064 1234 4135 Itaque
1271 4080 1387 4117 cum
1406 4065 1642 4133 legissem
1675 4063 2044 4132 Evangelium,
2072 4063 2265 4132 inquit,

702 4163 877 4228 ibique
903 4159 1276 4225 perspexissem
1323 4157 1611 4224 plurimum
1653 4156 1719 4208 ad
1760 4154 2125 4223 perfectionem
2180 4172 2267 4209 va-

703 4251 844 4313 lere,
892 4250 1025 4300 bona
1069 4262 1167 4300 sua
1195 4247 1493 4308 diuendere,
1546 4256 1593 4297 et
1640 4236 1757 4297 cum
1799 4247 1972 4314 egenis
2018 4248 2270 4312 fratribus

705 4342 1181 4405 communicare,ac
1205 4339 1351 4390 nulla
1380 4354 1593 4405 prorsus
1616 4338 1771 4406 hujus
1790 4341 1907 4391 vita,
1922 4341 2272 4393 sollicitudine

704 4437 969 4503 distringi,
1008 4452 1097 4487 nec
1138 4433 1246 4486 ulla
1277 4433 1550 4501 affectione
1596 4433 1665 4484 ad
1723 4449 1801 4485 res
1835 4444 2065 4487 terrenas
2099 4437 2270 4486 animo

2359 589 2565 640 dentur.

2431 681 2543 734 Non
2590 679 2746 735 video
2785 678 2910 749 quid
2954 677 3349 748 signiﬁcantius
3392 680 3555 745 possit
3592 679 3917 749 lThmnassi-

2360 789 2461 827 nus
2495 771 2790 839 requirere.
2827 769 2916 823 Vel
2950 771 3092 823 enim
3127 769 3254 824 nulli
3294 778 3419 823 tunc
3459 773 3707 826 monachi
3744 772 3914 829 fuere.

2357 864 2442 919 vel
2487 862 2715 918 Basilius
2761 862 2879 917 fuit.
2935 858 3135 915 Statuit
3175 863 3312 917 bona
3353 863 3535 916 omnia
3588 867 3827 921 vendere
3870 876 3922 919 et

2357 956 2682 1025 pauperibus
2713 955 3057 1010 distribuere.
3109 953 3311 1019 Quaerit
3354 956 3585 1027 aliquem
3630 971 3692 1008 ex
3745 959 3925 1013 fratri-

2358 1048 2493 1113 bus,
2541 1050 2628 1117 qui
2682 1048 3037 1103 monasticam
3104 1046 3409 1100 institutum
3468 1050 3804 1119 proliteatur,
3869 1062 3926 1105 ut

2358 1153 2478 1192 cum
2514 1153 2580 1193 eo
2633 1136 2851 1192 brevem
2897 1136 3055 1205 hujus
3089 1124 3212 1189 vilia:
3255 1134 3470 1192 ﬂuctum
3503 1147 3761 1192 transeat.
3794 1141 3925 1205 Quis

2359 1228 2412 1283 iu
2446 1231 2547 1283 hoc
2583 1228 2805 1284 consilio
2857 1229 2941 1282 vel
2988 1224 3302 1282 facultatum
3357 1230 3794 1293 retinendarum,
3845 1232 3924 1283 vel

2362 1324 2644 1377 monastici
2672 1319 2903 1376 instituti
2933 1322 3012 1375 'ad
3054 1328 3265 1388 tempus
3293 1320 3653 1389 amplectendi
3681 1322 3925 1377 volunta-

2361 1422 2464 1468 tem
2496 1416 2803 1485 suspicetur
2829 1412 2852 1466 ?
2879 1412 3133 1479 Quamvis
3176 1422 3359 1468 autem
3391 1412 3620 1469 Basilius
3654 1432 3758 1470 non
3786 1414 3930 1468 dicat

2359 1506 2636 1575 conceptis
2667 1505 2845 1560 verbis
2879 1505 3147 1561 imitatum
3193 1517 3251 1559 se
3282 1518 3403 1559 esse
3444 1506 3741 1574 perfectum
3796 1506 3928 1561 illud

2361 1596 2572 1650 vivendi
2600 1614 2789 1666 genus,
2818 1597 2955 1667 quod
2983 1598 3033 1650 in
3057 1598 3221 1652 variis
3266 1597 3612 1651 monasteriis
3646 1613 3931 1667 perspexe-

2361 1697 2463 1748 rat,
2494 1688 2588 1739 sed
2607 1698 2812 1743 tantum
2840 1689 3038 1742 imitari
3063 1690 3366 1753 statuisse;
3402 1703 3556 1742 nemo
3574 1697 3750 1741 tamen
3777 1688 3931 1741 dixe.

2362 1779 2431 1831 rit
2461 1791 2583 1831 eum
2625 1780 2693 1832 ab
2731 1781 2944 1848 incepto
2968 1781 3197 1849 turpiter
3224 1780 3565 1843 discessisse,
3596 1789 3650 1833 et
3675 1793 3791 1847 qua:
3816 1790 3931 1833 sta-

2290 1845 2332 1899 B
2364 1878 2472 1923 tnta
2509 1883 2568 1921 ac
2592 1845 2886 1923 deliberata
2916 1845 3199 1936 habuerat,
3231 1872 3453 1927 minime
3476 1845 3786 1941 perfecisse.

2433 1957 2576 2012 Nihil
2612 1973 2742 2013 sane
2768 1974 2904 2027 opus
2953 1970 3036 2014 est
3084 1963 3373 2029 exquisitis
3427 1964 3755 2034 argumentis
3784 1964 3837 2016 in
3874 1979 3934 2017 re

2362 2050 2678 2107 manifesta.
2715 2050 3121 2106 Monumentum
3180 2055 3444 2111 habemus
3478 2055 3789 2111 monasticae
3833 2055 3935 2109 Ba-

2361 2142 2467 2195 silii
2519 2143 2868 2212 professionis
2907 2143 3292 2211 certissimum,
3330 2148 3476 2215 ipsas
3515 2147 3727 2217 regulas
3761 2147 3828 2201 ab
3866 2162 3932 2201 eo

2363 2231 2662 2289 institutas.
2706 2235 2849 2290 Nihil
2881 2237 3121 2291 severius
3162 2246 3254 2289 aut
3294 2238 3537 2293 strictius
3573 2239 3785 2309 prmcipi
3841 2254 3937 2307 po-

2364 2333 2492 2389 test,
2532 2339 2690 2391 quam
2714 2342 2833 2395 qua;
2858 2342 2886 2380 a
2918 2328 3116 2382 Basilio
3140 2330 3204 2384 de
3231 2328 3480 2382 omnibus
3512 2344 3737 2396 prorsus
3768 2331 3934 2383 rebus

2365 2414 2733 2483 relinquendis
2772 2417 3173 2485 praecipiuntur.
3207 2418 3265 2472 Ei
3322 2418 3410 2488 qui
3452 2418 3615 2472 semel
3649 2418 3789 2471 inter
3817 2417 3933 2469 fra-

2369 2516 2480 2560 tres
2513 2507 2825 2561 monasterii
2868 2508 3133 2575 ascriptus
3180 2519 3282 2574 est,
3346 2511 3545 2564 nullum
3579 2524 3799 2579 prorsus
3835 2525 3934 2562 ex-

2361 2597 2524 2651 eundi
2554 2597 2729 2653 locum
2769 2598 3019 2668 relinquit
3048 2614 3061 2652 :
3094 2602 3187 2654 sed
3220 2605 3542 2673 sacrilegum
3589 2620 3710 2659 esse
3755 2604 3936 2658 deela-

2366 2702 2449 2744 rat
2483 2689 2576 2763 (c),
2608 2692 2698 2759 qui
2739 2692 2805 2745 ad
2834 2691 2982 2746 aliud
3010 2692 3131 2745 vita:
3158 2708 3327 2762 genus
3362 2696 3576 2759 transit,
3606 2706 3662 2747 ut
3705 2696 3796 2765 qui
3839 2696 3938 2749 do-

2366 2784 2576 2837 narium
2615 2783 2724 2837 Deo
2756 2793 3129 2838 consecratum
3178 2782 3479 2838 abstulerit.
3513 2788 3567 2837 Si
3597 2788 3717 2854 quis
3755 2796 3935 2839 autem

2366 2874 2574 2929 dubitet
2597 2890 2662 2927 an
2701 2875 2931 2929 Basilius
2957 2876 3142 2931 iisdem
3170 2876 3307 2931 votis
3340 2876 3633 2931 obstrictus
3661 2877 3842 2943 fuerit,
3874 2894 3940 2932 at:

2367 2965 2401 3018 ii
2445 2979 2580 3033 quos
2621 2967 2885 3033 regendos
2932 2978 3279 3033 susceperat;
3326 2969 3505 3038 legere
3549 2977 3725 3037 potest
3755 2984 3939 3038 proue-

2369 3058 2534 3109 mium
2570 3056 2622 3108 in
2670 3056 2903 3124 Regulus
2941 3059 3210 3127 longiores
3238 3062 3376 3128 quod
3411 3062 3488 3115 sic
3527 3062 3713 3129 incipit
3744 3081 3757 3115 ;
3795 3060 3939 3126 Quo-

2369 3147 2509 3199 niam
2557 3145 2661 3199 Deo
2703 3146 2941 3214 juvante,
2989 3148 3041 3198 in
3088 3149 3295 3200 nomine
3352 3149 3561 3202 Domini
3598 3153 3763 3203 nostri
3806 3151 3940 3202 Jesu

2369 3238 2563 3293 Christi
2596 3237 2754 3291 simul
2802 3240 3131 3292 convenimus
3163 3255 3276 3301 nos,
3306 3242 3393 3309 qui
3424 3257 3583 3292 unum
3616 3250 3664 3293 et
3697 3242 3830 3294 idem
3865 3246 3939 3311 pii

2370 3334 2594 3385 instituti
2626 3332 2945 3402 propositum
2972 3341 3220 3396 tenemus,
3255 3342 3355 3387 etc.
3378 3334 3552 3386 Οἰένα
3585 3335 3677 3386 καὶ
3700 3335 3788 3386 τὸν
3837 3336 3938 3389 αὑ·-

2376 3426 2465 3476 τὸν
2498 3426 2698 3477 σκοπὸν
2723 3424 2815 3477 τοῦ
2864 3422 2979 3493 βίου
3014 3422 3108 3474 τοῦ
3148 3425 3266 3476 κατ’
3293 3425 3569 3477 εὐσεὸείαν
3600 3426 3942 3497 ἐνστησάμεο

2370 3532 2468 3566 νοι.
2504 3517 2671 3568 Dubia
2710 3517 2949 3585 profecto
2981 3533 3083 3570 non
3118 3526 3236 3570 erat
3267 3517 3545 3571 monachis
3577 3516 3938 3573 Caesariensi-

2371 3608 2467 3660 bus
2497 3604 2677 3659 Basilii
2713 3606 2997 3674 professio,
3041 3610 3125 3661 cui
3170 3624 3292 3663 cum
3321 3624 3524 3676 magna:
3551 3611 3808 3665 molestias
3852 3628 3943 3665 ac-

2369 3698 2629 3752 cidissent
2661 3698 2727 3751 ab
2757 3696 2986 3751 Eusebio
3010 3698 3265 3767 episcopo
3288 3740 3305 3765 ,
3338 3698 3539 3752 factum
3569 3701 3633 3765 ei,
3671 3701 3759 3769 qui
3784 3703 3941 3767 prin-

2372 3792 2603 3859 cipatum
2633 3790 2766 3842 inter
2794 3791 2932 3856 ipsos
2962 3789 3246 3854 obtinebat,
3269 3789 3517 3857 iujuriam
3543 3790 3779 3859 graviter
3803 3790 3944 3843 tule-

2372 3892 2498 3935 runt
2531 3880 2636 3951 td).
2674 3880 2769 3935 His
2800 3881 2934 3934 adde
2989 3891 3229 3935 veterum
3287 3881 3600 3935 testimonia
3652 3882 3741 3949 qui
3790 3880 3942 3935 Basi-

2375 3974 2500 4026 lium
2553 3982 2607 4025 et
2656 3970 2971 4041 Gregorium
3028 3973 3190 4023 vitam
3253 3972 3606 4025 monasticam
3662 3973 3943 4041 amplexos

2371 4076 2491 4115 esse
2529 4061 2790 4113 referunt.
2827 4061 2961 4115 Vide
2988 4061 3240 4115 Rufinum
3280 4063 3370 4115 lib.
3410 4080 3449 4129 t,
3480 4078 3526 4119 c.
3561 4063 3622 4128 9;
3655 4065 3940 4117 Socratem

2372 4152 2461 4206 lib.
2496 4168 2570 4213 tv.
2600 4167 2649 4207 c.
2681 4151 2783 4215 ‘26;
2822 4153 3180 4207 Sozomenum
3223 4156 3316 4209 lib.
3351 4172 3425 4221 Vt,
3456 4172 3505 4209 c.
3535 4157 3619 4210 17.

2444 4243 2505 4297 ΙΙ.
2551 4242 2876 4312 Paupertas,
2923 4259 3085 4311 quam
3165 4249 3392 4315 requirit
3441 4246 3828 4301 Thomassiuus
3874 4252 3939 4303 a.l

2376 4336 2727 4389 monasticam
2762 4334 3174 4404 professionem,
3215 4338 3447 4389 maxime
3474 4337 3667 4390 enituit
3708 4339 3760 4391 in
3789 4338 3942 4393 Basi-

2384 4431 2472 4483 lio.
2507 4428 2759 4483 Testatur
2790 4426 3061 4498 Nysseuus
3093 4443 3213 4480 eum
3256 4430 3322 4479 ab
3354 4428 3505 4481 initio
3530 4432 3785 4485 statuisse
3807 4431 3942 4485 nihil

705 4530 958 4589 converti;
985 4527 1251 4590 cupiebam
1278 4525 1512 4578 invenire
1541 4524 1774 4592 aliquem
1797 4541 1864 4577 ea:
1890 4525 2146 4593 fratribus
2180 4527 2270 4594 qui
2303 4527 2349 4585 ι)
2378 4519 2675 4587 possidere,
2712 4527 2766 4571 et
2796 4526 2997 4586 petram
3041 4518 3373 4571 immobilem
3409 4519 3572 4572 fuisse
3611 4523 3711 4574 hoc
3752 4523 3936 4574 consi-

703 4622 839 4674 ltanc
874 4622 990 4675 rita
1018 4622 1149 4674 viam
1199 4618 1456 4686 elegisset,
1489 4626 1545 4670 ut
1589 4634 1693 4669 una
1738 4633 1852 4669 cum
1898 4618 2009 4683 ipso
2071 4617 2269 4670 brevem

704 4714 860 4782 hujus
896 4715 1014 4767 t'itte
1036 4713 1252 4781 ﬂuctum
1290 4712 1586 4762 transirent.
1625 4710 1700 4760 Ac
1733 4710 1916 4761 multos
1946 4710 2155 4777 quidem
2194 4711 2271 4762 in-

705 4804 820 4855 ceni
850 4802 1209 4867 Alexandrite,
1253 4799 1443 4852 multos
1487 4799 1643 4850 etiam
1676 4799 1732 4849 in
1762 4798 1961 4865 reliqua
1995 4796 2225 4867 A‘Igypto
2253 4814 2271 4851 :

708 4896 830 4947 etin
862 4893 1152 4947 l’alazstina
1187 4893 1320 4945 alios
1351 4903 1395 4945 et
1420 4890 1703 4959 (Imlesyria
1735 4906 1795 4941 ac
1823 4888 2221 4957 Mesopotamia.
2255 4931 2266 4942 .

712 4986 838 5040 Htec
875 5002 992 5038 cum
1026 4987 1269 5046 mirarer,
1301 5000 1362 5036 ac
1394 4982 1595 5035 beatam
1632 4991 1869 5044 putarem
1924 4984 2150 5035 virorum
2192 4984 2270 5036 ui-

709 5092 839 5139 tam,
869 5078 1005 5149 quod
1041 5076 1194 5145 factis
1228 5080 1554 5129 ostenderent
1584 5091 1637 5129 se
1669 5075 2123 5141 mortiﬁcationem
2146 5074 2272 5127 Jesu

708 5172 762 5223 in
804 5185 1017 5236 corpore
1059 5167 1415 5235 circumferre,
1463 5167 1702 5234 Optabam
1747 5176 1795 5218 et
1839 5167 1969 5233 ipse,
2022 5176 2272 5232 quantum

710 5274 908 5323 possem
956 5258 1232 5326 attingere,
1279 5258 1520 5309 imitator
1558 5273 1666 5309 esse
1722 5258 1986 5309 hominum
2037 5257 2270 5311 illorum.

713 5349 1061 5413 Quamobrem
1098 5365 1211 5401 cum
1247 5349 1487 5401 uidissem
1538 5350 1811 5401 nonnullos
1860 5350 1911 5400 in
1956 5351 2125 5414 patria
2158 5351 2274 5401 imi-

717 5444 815 5494 tari
837 5442 1047 5494 illorunt
1074 5441 1317 5493 instituta
1340 5450 1607 5503 conantes,
1646 5441 1771 5492 mihi
1802 5442 1941 5493 visus
1968 5457 2080 5492 sum
2118 5441 2274 5508 adju-

715 5535 871 5588 menti
906 5534 1107 5602 aliquid
1142 5534 1385 5601 reperisse
1421 5532 1488 5585 ad
1541 5548 1708 5585 meam
1754 5533 1991 5591 salutem,
2031 5544 2078 5585 et
2131 5534 2273 5585 indi-

809 5667 863 5733 a)
902 5666 1140 5719 lnstrtut.
1178 5666 1267 5721 lib.
1297 5682 1372 5728 vt.
1402 5682 1448 5719 (ξ.
1483 5669 1564 5722 l9.

786 5665 862 5807 ibi
900 5735 1175 5807 Disciplin.
1210 5738 1390 5794 ecclcs.
1426 5751 1561 5807 part.
1598 5753 1657 5805 tt,
1689 5738 1719 5792 li

801 5735 862 5807 ibi
900 5735 1175 5802 Disciplin.
1210 5738 1390 5794 ecclcs.
1426 5751 1561 5808 part.
1598 5753 1657 5805 It,
1689 5738 1779 5793 lib.
1814 5757 1849 5804 ι,
1880 5757 1922 5795 c.
1953 5741 2037 5793 46-

801 5808 872 5877 (c)
914 5805 1174 5876 Intert'og.
1209 5808 1323 5863 *μγ

2377 4613 2524 4663 lium.
2579 4611 2721 4663 idem
2778 4611 3034 4664 discimus
3078 4626 3139 4662 ex
3192 4609 3535 4664 Nazianzeno
3566 4611 3632 4681 (e)
3684 4610 3938 4665 Basiliam

2376 4710 2611 4761 omnibus
2649 4705 3005 4774 facultatibus,
3033 4723 3159 4775 quas
3215 4722 3441 4775 unquam
3487 4708 3754 4767 habuerat,
3791 4722 3940 4774 a'qno

2373 4803 2548 4851 animo
2581 4800 2844 4867 projectis,
2886 4796 3065 4849 leviter
3088 4795 3340 4864 facileque
3371 4796 3487 4847 vitae
3517 4797 3725 4862 pelagus
3762 4809 3940 4850 trans-

2378 4893 2599 4944 misisse.

2458 4980 2747 5033 Existimat
2794 4978 3160 5032 Tillcmoutius
3208 4976 3459 5030 Basilium
3506 4977 3687 5029 statim
3722 4978 3939 5047 quidem

2381 5091 2475 5126 sua
2521 5074 2699 5125 omnia
2729 5074 3048 5141 pauperibus
3074 5085 3437 5131 consecrasse,
3473 5086 3574 5122 non
3611 5080 3795 5123 tamen
3833 5082 3945 5125 sta-

2384 5167 2476 5218 tim
2513 5164 2873 5223 distribuisse,
2910 5161 3002 5214 sed
3038 5176 3157 5213 cum
3190 5159 3292 5213 sibi
3325 5158 3531 5226 aliquid
3584 5172 3938 5223 reservasset,

2383 5257 2548 5308 variis
2575 5255 2903 5323 temporibus
2930 5252 3178 5303 rharitati
3222 5265 3333 5302 suae
3366 5247 3711 5303 satisfecisse.
3747 5248 3940 5302 Nititur

2384 5347 2730 5401 doctissimus
2767 5344 2995 5412 scriptor
3050 5345 3357 5395 testimonio
3414 5341 3661 5411 Nys‘cui,
3697 5344 3785 5409 qui
3841 5344 3943 5394 ira-

2386 5452 2519 5492 trem
2556 5454 2711 5491 suum
2754 5447 2981 5489 testatur
3010 5435 3075 5502 (f)
3130 5435 3504 5501 patrimonium
3554 5435 3868 5500 pauperibus
3897 5442 3944 5483 et

2388 5541 2507 5585 ante
2544 5530 2892 5581 sacerdotium
2923 5530 3271 5591 distribuisse,
3313 5536 3360 5579 et
3395 5528 3619 5581 maxime
3641 5526 3798 5595 [antis
3826 5537 3944 5578 tctu-

2453 5662 2528 5731 (d)
2557 5662 2683 5731 Naz.
2711 5670 2842 5713 orat.
2868 5660 2955 5715 20.

2458 5738 2523 5801 (ε)
2568 5732 2629 5783 In
2662 5730 2825 5783 Busil.

2464 5800 2532 5871 (f)
2566 5802 2629 5853 In
2663 5802 2907 5865 liunonu,
2941 5816 2990 5868 p.
3023 5800 3145 5855 507.
