4068 6320
1491 350 1643 404 νιτΑ
1688 349 1740 401 S.
1788 349 2049 404 B.\Sll.ll.

3270 369 3379 408 ιγιι

182 494 302 545 pore,
325 488 435 525 eum
469 472 642 524 adhuc
692 486 816 528 esset
842 475 891 525 in
924 470 1341 540 presbyterorum
1379 473 1583 536 ordine,
1624 488 1711 523 nee
1743 479 1785 535 Α
1813 474 2183 543 professiones,
2226 473 2415 543 inquit,
2485 490 2583 528 non
2641 477 2895 539 novimus,
2951 483 3295 544 prreterquam
3318 467 3377 529 isi

183 580 333 637 postea
353 580 552 626 eorum,
575 582 690 627 qua:
720 567 924 620 residua
970 562 1204 630 fuerant,
1232 562 1405 616 minus
1446 564 1713 618 liberalem

186 658 339 726 fuisse.

239 743 467 812 Conjecit
511 744 911 801 Tillemontinm
962 744 1012 797 in
1068 746 1207 799 hanc
1256 744 1562 813 Opinionem
1615 757 1713 797 ana

184 836 337 886 minus
378 849 521 889 recta
567 834 750 902 OpiIIlO
784 833 847 886 de
897 845 1065 889 morte
1110 836 1168 889 S.
1206 832 1507 898 Emmelize,
1556 850 1715 902 quam

181 925 401 995 episc0p0
426 926 624 980 Basilio
653 932 806 991 putat
831 926 1049 979 obiisse.
1097 924 1201 977 Sed
1255 923 1304 976 id
1351 937 1476 979 ante
1506 925 1716 990 episco-

182 1027 336 1083 patum
367 1016 551 1071 Basilii
600 1015 916 1084 contigisse,
956 1028 1013 1070 et
1056 1013 1215 1067 famis
1258 1024 1495 1087 tempore
1546 1018 1706 1069 conti-

180 1111 319 1178 gisse,
352 1120 466 1175 qua:
505 1104 686 1161 Basilii
722 1108 972 1162 cbaritati
1022 1106 1298 1160 materiam
1334 1108 1501 1170 dedit,
1528 1109 1716 1161 certis-

180 1204 330 1261 simis,
371 1210 427 1249 ut
464 1199 593 1253 mihi
631 1200 846 1269 quidem
879 1198 1117 1260 videtur,
1145 1198 1479 1270 argumentis
1522 1198 1717 1266 proba-

178 1294 320 1349 bitur.
344 1289 521 1352 Onare
564 1308 684 1347 cum
732 1291 962 1345 Basilius
1006 1300 1303 1345 maternam
1350 1291 1714 1344 haereditate-In

179 1384 315 1439 famis
344 1392 580 1451 tempore
622 1383 965 1454 perceperit;
1021 1382 1173 1437 facile
1204 1383 1544 1453 perspicitur.
1586 1400 1717 1452 quo-

180 1478 316 1530 modo
342 1480 427 1546 qui
465 1493 525 1532 se
556 1478 667 1543 jam
720 1483 877 1527 antea
914 1475 1165 1530 omnibus
1203 1476 1360 1529 rebus
1396 1475 1713 1540 nudaverat,

178 1566 297 1618 idcnt
339 1578 461 1620 tunc
510 1564 803 1619 charitatis
854 1564 1122 1631 specimen
1174 1566 1529 1617 renovaret-it.
1597 1565 1711 1619 Non

176 1658 415 1711 dillicilins
453 1656 756 1723 explicatur
807 1655 948 1724 quod
997 1658 1073 1711 ait
1118 1655 1420 1726 Nyssenus,
1460 1655 1712 1710 Basiliam

174 1760 327 1817 postea
359 1764 536 1799 eorum
570 1764 687 1818 qute
722 1747 921 1813 reliqua
960 1758 1107 1801 erant
1153 1762 1253 1799 non
1305 1749 1475 1800 minus
1516 1748 1713 1801 libera-

1817 568 1903 635 qui
1965 581 2019 617 se
2068 564 2168 630 ipsi
2231 566 2600 620 monachorum
2651 567 2824 619 ordini
2876 565 3207 632 exscripserint
3250 567 3380 633 :qui

1816 656 2022 726 quidem
2052 655 2209 708 tacite
2232 658 2390 709 vitam
2419 659 2645 710 caelibem
2672 655 2912 710 videntur
2943 655 3248 721 suscepisse.
3288 652 3384 705 Ve-

1818 759 2111 800 rumtamen
2148 748 2199 798 in
2229 750 2337 801 illis
2368 763 2568 815 quoque
2591 748 2723 801 illud
2751 746 2936 815 Opinor
2962 746 3209 813 prtemitti
3230 761 3383 813 opor-

1819 848 1942 899 tere,
1973 846 2026 886 ut
2051 837 2149 902 ipsi
2186 839 2590 901 interrogentur,
2628 839 3013 905 accipiaturque
3050 854 3227 890 eorum
3262 852 3384 903 pro--

1818 929 1975 998 fessio
2012 928 2151 982 clara
2178 941 2222 983 et
2256 929 2531 997 perspicua
2561 944 2578 983 :
2609 937 2661 979 ut
2693 945 2808 981 cum
2843 946 2897 981 se
2926 930 2994 980 ad
3037 928 3377 981 libidinosam

1817 1023 1974 1075 vitam
2004 1024 2371 1084 converterint,
2405 1036 2584 1073 eorum
2626 1020 2714 1088 qui
2756 1020 3088 1087 fornicantur
3118 1021 3383 1087 punitioni

1816 1112 2186 1179 subjiciuntur.
2225 1114 2360 1169 Hinc
2392 1114 2443 1167 in
2483 1113 2685 1181 Begula
2723 1113 2931 1179 fusiori,
2964 1117 3221 1183 interrog.
3250 1129 3302 1176 χ,
3329 1123 3383 1165 et

1816 1204 1975 1272 epist.
1999 1203 2089 1267 23,
2116 1221 2235 1274 quae
2266 1215 2393 1258 ante
2426 1219 2660 1258 canones
2690 1205 2902 1273 scriptae
2949 1214 3098 1267 sunt,
3132 1218 3234 1257 non
3280 1204 3382 1256 alia

1818 1296 2186 1364 prmscrilvitur
2222 1297 2489 1366 professio
2541 1296 2623 1348 liis
2666 1296 2754 1364 qui
2812 1296 3162 1349 monasticam
3218 1294 3381 1347 vitam

1818 1385 2235 1455 aniplectuntur,
2268 1390 2369 1443 nisi
2398 1397 2453 1442 nt
2484 1390 2708 1441 fratrum
2740 1387 2917 1438 ordini
2946 1395 3065 1455 post
3087 1386 3381 1457 legitimam

1816 1478 2263 1545 approbationem
2323 1482 2689 1534 ascribantnr.
2736 1477 2901 1544 Ilnjns
2968 1489 3147 1532 autem
3203 1481 3381 1533 taeitte

1816 1569 2165 1639 professionis
2197 1585 2299 1622 non
2333 1573 2509 1624 minus
2548 1574 2735 1625 stricta
2767 1578 2924 1624 erant
2957 1569 3190 1633 vincula,
3220 1584 3380 1637 quam

1818 1665 1956 1717 illius
1978 1664 2137 1716 clara:
2167 1672 2219 1716 et
2241 1663 2556 1731 perspicuzn.
2589 1661 2721 1714 Nam
2748 1663 2998 1728 Basilius,
3030 1672 3084 1714 nt
3106 1661 3215 1732 jam
3250 1662 3380 1721 dixi,

1814 1768 1932 1806 eum
1966 1753 2051 1822 qui
2092 1770 2149 1807 se
2186 1753 2384 1805 dicavit
2419 1751 2525 1805 Deo
2571 1764 2623 1805 et
2655 1752 2845 1804 deinde
2878 1753 2941 1803 ad
2970 1753 3112 1805 aliud
3144 1753 3263 1805 vita:
3288 1765 3383 1820 ge-

176 1839 257 1893 lem
290 1839 467 1906 fuisse.
504 1840 692 1909 Neque
722 1838 867 1891 enim
903 1840 1120 1901 mirum.
1150 1838 1192 1891 Si
1230 1838 1457 1909 amplam
1484 1838 1712 1893 lunrcdi-
1749 1835 1789 1888 Β
1818 1858 1916 1897 nus
1950 1846 2189 1909 transiit,
2234 1845 2433 1897 factum
2471 1857 2592 1896 esse
2621 1840 2966 1905 sacrilegum,
2994 1851 3051 1893 et
3090 1856 3379 1893 consecra-

182 1939 324 1982 tatem
352 1945 453 1983 non
499 1932 687 1984 statim
719 1938 883 1981 totam
914 1930 1176 1999 percepit,
1210 1932 1301 1984 sed
1348 1930 1596 1983 nonnulla
1633 1942 1717 1979 se-

179 2021 291 2082 tius,
325 2035 375 2075 ut
414 2024 465 2075 in
502 2022 765 2090 ejusmodi
797 2023 955 2078 rebus
1008 2022 1121 2077 fieri
1173 2022 1332 2084 solet,
1364 2022 1416 2074 in
1458 2021 1574 2089 ejus
1605 2035 1716 2071 ma-

176 2126 260 2164 nus
282 2122 660 2179 pervenerunt.

232 2202 351 2254 Illud
378 2220 508 2270 ergo
538 2216 791 2260 constare
820 2207 978 2259 debet
1008 2204 1268 2256 Basilium
1313 2202 1499 2259 sedulo
1532 2204 1714 2258 obser-

174 2309 311 2349 vasse
331 2298 467 2365 quod
497 2299 624 2352 aliis
651 2299 980 2366 praescripsit
1024 2299 1073 2349 in
1113 2296 1326 2365 Begulis
1370 2307 1478 2351 tum
1515 2298 1717 2366 longio-

176 2386 303 2440 ribus
327 2396 432 2441 tum
467 2389 842 2450 brevioribus;
874 2404 1046 2457 neque
1078 2405 1198 2443 eum
1245 2392 1345 2444 hac
1396 2391 1446 2442 in
1489 2404 1546 2441 re
1578 2390 1715 2441 infe-

176 2480 344 2533 riorem
375 2479 542 2531 fuisse
570 2477 809 2531 Macrina
836 2493 1045 2545 sorore,
1073 2496 1190 2549 qum
1217 2496 1275 2533 se
1300 2496 1363 2532 ex
1390 2479 1545 2532 bonis
1567 2494 1715 2544 :eqna

175 2582 306 2638 parte
341 2570 481 2621 inter
515 2568 688 2636 ipsam
718 2584 782 2623 ac
811 2568 1010 2624 fratres
1041 2572 1224 2624 divisis
1261 2570 1395 2622 nihil
1441 2570 1541 2622 sibi
1596 2569 1718 2621 reli-

171 2672 313 2725 quum
364 2656 559 2711 fecisse
608 2665 831 2712 testatur
864 2659 965 2728 (α),
1024 2660 1115 2712 sed
1170 2658 1348 2711 omnia
1392 2671 1485 2727 per
1530 2671 1719 2711 manus

171 2748 438 2801 sacerdotis
479 2749 781 2803 secundum
853 2749 1092 2801 divinum
1163 2757 1483 2817 prmeeptum
1542 2749 1718 2802 distri-

172 2836 343 2890 buisse.
383 2837 523 2893 Cum
567 2848 749 2891 autem
789 2836 921 2891 nihil
967 2837 1186 2890 omnino
1234 2838 1531 2907 possideret
1567 2837 1717 2892 Basi-

172 2927 277 2993 lius,
307 2932 510 2983 victnm
546 2931 594 2983 ei
626 2944 693 2983 ex
734 2930 847 2999 ipsa
881 2930 1057 2989 domo,
1092 2931 1141 2982 in
1186 2944 1289 2998 qua
1332 2932 1565 2985 nutritus
1599 2931 1714 2984 fne-

172 3028 257 3083 rat,
286 3030 453 3074 mater
484 3022 720 3089 benigne
743 3020 972 3089 providit
999 3020 1097 3091 (b),
1125 3020 1311 3074 saltem
1336 3032 1615 3092 postquam
1650 3024 1715 3075 ad

174 3112 449 3181 presbyteri
516 3114 739 3180 gradum
797 3123 1018 3165 evectus
1068 3123 1168 3165 est.
1237 3112 1368 3167 Nam
1427 3115 1714 3168 maximam

1820 1944 1927 1988 ttnn
1961 1938 2065 1989 Deo
2099 1938 2381 1988 donarium
2417 1936 2707 1989 abstulisse
2735 1933 3049 2002 pronuntiat
3076 1933 3168 2001 (e).
3205 1932 3384 1998 Quare

1817 2040 1937 2080 cum
1964 2026 2191 2079 Basilius
2218 2027 2603 2080 monachorum
2631 2027 2807 2080 ordini
2856 2040 2950 2094 per
2979 2034 3057 2079 tot
3081 2040 3251 2078 annos
3279 2042 3382 2078 non

1817 2122 1988 2171 solum
2021 2116 2293 2184 ascriptus
2326 2114 2513 2175 fuerit,
2566 2116 2661 2168 sed
2715 2116 2877 2167 etiam
2931 2115 3233 2183 prazfuerit;
3273 2132 3385 2167 mo-

1817 2210 2020 2264 nas‘tica
2056 2210 2200 2263 illius
2228 2208 2498 2279 professio
2530 2206 2715 2275 negari
2742 2220 2844 2258 non
2877 2216 3053 2274 potest
3078 2223 3090 2257 :
3120 2206 3385 2271 valdeque

1818 2301 2105 2356 absurdum
2146 2313 2230 2357 est
2260 2303 2418 2356 clarae
2446 2309 2499 2356 et
2530 2300 2850 2354 nominatim
2881 2305 3151 2366 conceptae
3181 2298 3385 2365 profici-

1817 2398 1985 2449 sionis
2030 2398 2410 2449 necessitatem
2444 2396 2492 2450 ei
2525 2395 2823 2462 imponere,
2852 2405 2971 2460 qua:
3000 2389 3103 2443 illis
3129 2390 3385 2457 tempori-

1820 2488 1917 2540 bus
1967 2487 2189 2549 omissa,
2241 2486 2429 2539 Saltem
2490 2486 2541 2538 in
2593 2482 2952 2553 Cappadocia,
2984 2480 3115 2532 nihil
3142 2480 3208 2532 de
3235 2490 3386 2532 voto-

1820 2592 1936 2630 rum
1971 2578 2022 2629 vi
2054 2576 2391 2628 detrahebat.

1887 2664 1974 2722 IV.
2017 2665 2303 2719 Existimat
2342 2664 2733 2719 Thomassinus
2762 2661 3077 2733 Gregorium
3119 2663 3250 2717 nihil
3282 2664 3380 2715 lm-i

1818 2757 2099 2827 reliquisse
2138 2758 2459 2811 dubitationi
2500 2759 2553 2811 in
2595 2757 2839 2809 carmine
2872 2754 2946 2809 De
2980 2758 3086 2808 vita
3143 2772 3261 2817 sua,
3299 2754 3384 2807 ubi

1816 2867 1870 2904 se
1916 2851 2007 2903 diu
2057 2860 2372 2919 [tuctuatum
2418 2859 2644 2905 testatur
2679 2853 2875 2922 ecquod
2903 2852 3018 2903 vita:
3048 2864 3208 2923 genus
3248 2856 3385 2901 tene-

1817 2953 1912 3006 ret,
1944 2944 2080 2995 inter
2118 2944 2487 2995 monachorum
2520 2944 2743 2994 latibula
2770 2953 2816 2994 et
2860 2940 3066 2993 urbium
3094 2943 3384 2993 tumultua-

1818 3036 2003 3099 tiones,
2054 3037 2283 3087 medium
2332 3037 2540 3087 tandem
2585 3044 2819 3085 secutum
2860 3049 2968 3086 esse
3009 3033 3293 3097 tramitem,
3330 3043 3384 3084 ut

1820 3128 1938 3179 aliis
1967 3129 2041 3179 ita
2070 3129 2355 3194 prodesset,
2382 3134 2437 3178 ut
2470 3142 2531 3178 ne
2560 3127 2668 3193 ipse
2686 3142 2794 3179 sua:
2818 3126 3031 3194 ofﬁceret
3049 3124 3226 3178 saluti.
3248 3123 3385 3177 Tum

171 3213 353 3269 partem
406 3206 759 3259 servitiorum
816 3204 959 3258 illius
1012 3204 1202 3259 domus
1249 3205 1573 3277 presbytero
1603 3209 1717 3260 Clli-
1744 3188 1787 3243 C
1820 3216 2025 3287 profert
2070 3188 2168 3270 Ihns
2219 3188 2409 3270 vel-sius
2434 3188 2676 3286 Gregorii
2716 3233 2729 3269 ε

173 3295 295 3358 eain,
346 3298 622 3351 Dorotheo
679 3298 916 3359 nomine,
972 3297 1061 3367 qui
1117 3297 1298 3351 Basilii
1355 3298 1718 3354 collactaneus

171 3393 287 3445 erat,
324 3386 557 3453 ejusque
608 3388 834 3440 nutricis
878 3388 1070 3439 unicus
1107 3386 1273 3449 illius,
1308 3402 1369 3441 ea
1412 3390 1718 3445 conditione

173 3476 383 3540 tradidit,
417 3487 474 3529 ut
516 3475 715 3529 Basilio
766 3477 1019 3529 alimenta
1055 3480 1442 3547 suppeditaret.
1489 3480 1578 3535 Sic
1622 3497 1717 3534 an-

174 3576 262 3619 tein
298 3570 542 3630 tradidit,
574 3581 631 3622 ut
676 3585 1011 3638 nequaquam
1050 3572 1246 3624 donum
1274 3582 1437 3637 esset,
1470 3575 1562 3628 sed
1590 3590 1717 3628 usus

172 3674 248 3724 per
271 3661 447 3715 vitam.
484 3660 660 3727 Quam
710 3662 922 3717 alienus
973 3663 1134 3717 fuerit
1174 3662 1401 3719 Basilius
1430 3667 1499 3718 ab
1530 3679 1591 3718 ea
1638 3680 1718 3718 re-

173 3751 422 3815 missione,
456 3769 556 3807 seu
611 3755 786 3821 potius
826 3755 1201 3817 dissolutione,
1238 3771 1356 3824 qna:
1398 3756 1467 3807 illi
1502 3755 1715 3824 afﬁngi-

174 3848 259 3904 tnr,
298 3856 357 3895 ex
412 3846 519 3897 hoc
571 3842 815 3897 Cassiani
882 3832 1190 3897 testimonio
1241 3844 1563 3912 perspicitur
1589 3844 1710 3913 (c);

172 3927 346 3984 Fertur
378 3934 661 3996 sententia,
696 3934 888 4002 inquit,
925 3935 1093 3987 sancti
1136 3932 1323 3989 Basilii
1373 3934 1715 3991 Cwsariensis

171 4025 394 4091 episcopi,
422 4026 495 4077 ad
528 4026 805 4094 quemdam
834 4025 1039 4093 prolata
1083 4024 1425 4096 Syncletium,
1467 4030 1563 4081 tali
1610 4046 1711 4099 quo

171 4118 376 4171 diximus
419 4130 601 4187 tepore
645 4129 966 4186 torpentem:
992 4121 1083 4191 qui
1128 4138 1245 4175 cum
1299 4139 1352 4176 se
1393 4124 1715 4178 renuntiasse

173 4210 337 4264 diceret
375 4213 502 4265 huic
531 4213 749 4275 ntundo,
785 4215 1025 4281 quadam
1054 4214 1153 4267 sibi
1179 4216 1240 4268 de
1276 4216 1502 4283 propriis
1539 4215 1712 4281 facul-

174 4300 344 4355 tatibus
372 4304 679 4364 reservavit,
718 4302 897 4354 nolens
942 4303 1185 4355 exercitio
1219 4317 1469 4353 manuum
1496 4317 1712 4353 suarum

171 4396 451 4458 sustentari,
484 4404 534 4447 et
566 4393 921 4445 humilitatem
954 4408 1127 4445 veram
1177 4392 1416 4443 nuditate
1452 4401 1500 4444 et
1544 4392 1716 4458 operis

2030 3352 2207 3408 Media
2242 3357 2375 3407 inter
2402 3354 2538 3419 illos,
2568 3357 2763 3425 hosque
2797 3356 3018 3422 proeedo
3047 3356 3152 3417 via,

1890 3424 2151 3479 Meditans
2200 3439 2251 3478 ut
2283 3427 2388 3489 isti,
2422 3424 2753 3478 commodum
2787 3426 2999 3478 illorum
3031 3425 3287 3479 wmulans

1821 3585 2018 3638 Deinde
2041 3585 2188 3637 addit
2219 3601 2234 3637 :
2266 3584 2408 3653 Ergo
2434 3600 2551 3635 cum
2590 3587 2707 3636 vita:
2736 3585 2848 3650 ejus
2875 3583 3099 3649 scriptor
3132 3585 3229 3645 ait,
3267 3600 3383 3635 ma-

1818 3677 1976 3728 luisse
2021 3691 2139 3727 eum
2197 3676 2507 3726 monachum
2560 3690 2690 3742 esse,
2727 3691 2886 3743 quam
2948 3675 3221 3728 stecularis
3268 3678 3386 3729 vita:

1818 3781 2107 3834 sequacem,
2144 3780 2419 3833 pauperem
2447 3780 2603 3828 quam
2645 3763 2965 3833 opulentum.
3022 3779 3123 3816 non
3167 3770 3230 3816 de
3266 3782 3380 3816 nta-

1819 3858 2019 3909 nastica
2061 3857 2267 3925 preprie
2306 3855 2629 3924 professione
2669 3857 2953 3923 capiendus
2984 3855 3133 3908 nobis
3166 3868 3261 3917 est,
3296 3858 3383 3907 sed

1816 3948 1879 3999 de
1912 3950 2016 3999 vita
2048 3947 2391 4001 swcularibus
2444 3947 2583 3999 curis
2622 3948 2887 4014 expedita,
2925 3956 2971 3999 et
3018 3947 3078 3997 tle
3130 3946 3383 4013 frequenti

1817 4040 1881 4092 ab
1912 4038 2127 4091 urbibus
2154 4054 2379 4091 secessu.
2417 4037 2593 4107 Longe
2630 4040 2849 4091 aberrat
2878 4037 3221 4091 doctissimus
3249 4049 3388 4087 scri-

1819 4142 1938 4200 ptor
1970 4131 2037 4184 ab
2077 4130 2233 4197 hujus
2268 4131 2559 4185 testimonii
2601 4129 2889 4193 sententia,
2913 4131 3054 4197 quod
3086 4144 3205 4180 cmn
3239 4128 3383 4179 Basi—

1820 4221 1871 4271 lii
1908 4222 2067 4274 rebus
2111 4220 2281 4273 lucem
2312 4218 2506 4274 all'erre
2553 4222 2741 4289 possit,
2768 4218 2929 4287 paulo
2962 4216 3267 4271 accuratius
3304 4218 3382 4268 in-

1821 4313 2181 4379 resrigandum
2215 4312 2364 4366 nobis
2400 4322 2477 4366 est

1892 4406 2139 4474 Gregorii
2186 4406 2369 4468 verba,
2403 4419 2523 4472 quae
2557 4418 2736 4456 tncnm
2792 4406 3032 4455 fecerunt
3060 4401 3380 4455 Thomassi—

171 4485 471 4549 contritione,
492 4485 899 4553 monasteriique
934 4482 1249 4552 subjectione
1275 4484 1575 4551 conquirere
1596 4500 1613 4535 :
1648 4481 1711 4535 Et

1822 4514 1907 4561 no,
1938 4514 2001 4551 ex
2035 4499 2274 4551 carmine
2321 4499 2494 4567 primo
2540 4498 2817 4564 desumpta
2877 4505 3023 4555 sunt,
3059 4493 3146 4546 ubi
3198 4504 3383 4547 narrat

170 4584 453 4633 senatorem.
482 4578 671 4645 inquit,
702 4575 950 4644 Sync/eti,
983 4573 1274 4640 perdidisti,
1319 4583 1368 4627 et
1406 4572 1711 4627 monachum

172 4682 254 4719 non
281 4670 465 4735 fecisti.

230 4759 305 4812 Ill.
334 4761 465 4813 Illud
504 4772 683 4813 antem
712 4760 1126 4815 Thomassinum
1158 4758 1209 4812 in
1235 4773 1474 4814 errorem
1502 4759 1713 4812 videtur

172 4850 484 4914 pOIissimum
532 4851 834 4911 induxisse,
860 4852 1001 4919 quod
1043 4850 1323 4914 Basiliam,
1364 4848 1707 4918 Gregorium,

172 4934 404 4995 Joannem
450 4944 898 5012 Cbrysostomum
951 4953 1007 4997 et
1057 4941 1193 4995 alios
1247 4939 1512 5007 ejusmodi
1564 4941 1707 4993 nulla

171 5026 476 5091 pmfessione
508 5030 827 5084 nominatim
858 5030 1148 5084 obstrictos
1182 5028 1355 5083 fuisse
1398 5029 1707 5090 crediderit,

174 5120 249 5171 Sed
278 5122 572 5174 voluntaria
605 5123 803 5190 pietate
845 5120 1154 5188 perfecisse,
1188 5134 1308 5190 qum
1340 5120 1586 5172 monachi
1619 5122 1711 5171 ίιιι-

174 5212 319 5276 posita
348 5225 596 5268 votorum
641 5213 961 5267 necessitate
989 5212 1277 5268 faciebant.
1315 5212 1429 5267 Non
1456 5211 1711 5266 illusisset

175 5316 302 5356 error
324 5303 639 5359 doctissimo
682 5303 959 5371 scriptori,
993 5304 1035 5357 si
1068 5305 1291 5373 legisset
1322 5303 1577 5357 attentius
1617 5303 1708 5354 de-

176 5395 341 5450 timum
375 5414 574 5453 nouum
601 5398 781 5452 Basilii
817 5411 1073 5453 canonem
1101 5396 1201 5467 (ά).
1244 5394 1491 5449 Virorum
1521 5402 1695 5447 autem

229 5626 295 5696 (η)
333 5627 429 5683 Vit.
462 5630 635 5684 Macr.
665 5645 716 5697 p.
752 5628 873 5683 192.

227 5699 291 5763 (δ)
321 5699 489 5767 Ερ.57
520 5714 576 5755 et
607 5702 694 5752 ss.

230 5774 289 5835 (Cl
322 5766 544 5826 Institut.
595 5773 691 5826 lib.
732 5784 827 5835 VII,
863 5786 912 5824 c.
950 5766 1007 5824 19

1822 4590 2122 4659 Theologus
2186 4590 2310 4648 sibi,
2358 4596 2477 4655 post
2526 4598 2740 4656 captum
2794 4602 2822 4639 a
2878 4601 3043 4641 Carne
3101 4586 3381 4640 recedendi

1823 4683 2130 4741 consilium,
2180 4680 2447 4756 qiﬂicilcm
2496 4680 2749 4734 incidisse
2807 4679 3276 4740 deliberationem,
3318 4692 3384 4732 cx

1823 4776 2032 4830 dUilbllS
2060 4775 2161 4828 viis
2209 4775 2315 4827 Deo
2348 4774 2516 4845 gratis
2564 4788 2809 4842 quaenam
2848 4782 2989 4824 esset
3019 4770 3378 4841 prmstantior,

1819 4882 1984 4936 seque
2027 4867 2176 4921 initis
2219 4867 2608 4936 subductisque
2650 4865 2951 4919 rationibus
2981 4865 3061 4918 sic
3090 4864 3230 4933 apud
3257 4863 3377 4915 ani-

1818 4976 1960 5014 mum
1991 4962 2241 5015 statuisse
2268 4979 2279 5013 :

1916 5118 2101 5187 Μέσην
2134 5120 2230 5169 τιν’
2257 5115 2418 5188 ἦλθον
2448 5123 2668 5188 ᾲςὺγων
2697 5119 2790 5170 καὶ
2830 5117 3073 5188 μιγάδων

1919 5189 2037 5241 Τῶν
2060 5184 2165 5258 μὲν
2194 5188 2253 5239 τὸ
2282 5184 2525 5244 Ξτυννοῦν.
2555 5184 2661 5240 τῶν
2686 5188 2742 5240 δὲ
2776 5184 2840 5239 τὸ
2865 5185 3099 5258 χρηστὸν
3143 5184 3341 5257 φέρων.

1921 5322 2148 5376 Gradior
2188 5333 2388 5375 solutos
2420 5323 2555 5374 inter
2580 5334 2732 5391 atque
2756 5338 3014 5390 msgaaes,

1922 5394 2163 5445 Meditari
2192 5395 2347 5456 ut-hi,
2384 5394 2628 5462 prodesse
2654 5406 2705 5446 ut
2734 5394 2808 5445 illi
2836 5396 3095 5461 cogitans.

1888 5627 1963 5698 (d)
1993 5627 2091 5698 ng.
2129 5627 2248 5682 199.

1892 5696 1954 5766 le}
1980 5696 2238 5767 lnterrog.
2276 5696 2356 5751 Η.
