4068 6320
659 360 787 398 XVIII

1981 336 2507 394 PROLEGOMENA.

655 463 786 514 Cum
816 473 877 512 ex
913 457 997 514 his
1035 474 1152 530 quae
1200 457 1510 527 praecedunt
1544 465 1599 510 et
1644 464 1964 525 sequuntur,
1998 469 2107 511 tum
2150 469 2213 507 ex
2248 466 2293 517 Α
2321 455 2639 509 accuratius.
2685 454 2824 507 idem
2879 455 3166 511 discritttett
3225 457 3543 513 observatur
3591 456 3641 512 in
3683 457 3887 509 oratio-

658 550 900 619 piurihus
933 552 1052 603 aliis
1080 548 1328 619 Gregorii
1376 548 1511 602 locis
1559 547 2035 603 demonstrandum
2069 548 2222 602 nobis

656 651 739 693 est
773 640 1009 709 ἀζύγους
1052 639 1192 703 illos,
1224 640 1276 696 id
1318 648 1400 693 est
1450 638 1653 694 solutos
1695 649 1748 695 et
1791 637 1899 708 jugi
1950 648 2219 709 expertes,

658 734 1020 787 anachoretas
1055 728 1221 784 fuisse
1247 729 1359 782 sive
1383 727 1630 783 homines
1658 726 2097 795 contemplationi
2127 725 2220 779 de-

663 822 825 886 ditos,
860 821 1097 889 migades
1142 834 1291 883 vero,
1323 829 1536 873 ascetas
1570 818 1621 871 in
1651 816 1872 885 agendis
1929 818 2090 871 rebus
2128 830 2223 870 oc—

662 918 927 980 cupatos:
958 927 1056 966 nec
1089 909 1408 976 Gregorium
1445 908 1779 962 deliberasse
1822 914 2001 959 utrum
2036 921 2225 960 mona-

665 1000 857 1053 sticam
900 1001 1081 1061 vitam,
1116 1013 1184 1051 an
1234 998 1523 1053 smeulares
1572 996 1836 1050 tumultus
1870 997 2225 1065 amplectere-

667 1102 780 1154 tur,
809 1094 901 1145 sed
949 1106 1014 1144 ex
1064 1089 1273 1142 duobus
1319 1095 1622 1139 ascetarum
1652 1085 1962 1157 generibus,
1995 1100 2224 1154 quorum

668 1184 762 1239 alii
808 1179 1271 1249 contemplationi,
1325 1179 1414 1233 alii
1459 1178 1661 1234 actioni
1719 1186 1863 1233 totos
1910 1190 1968 1230 se
2008 1178 2224 1240 dabant,

665 1287 846 1331 tttrum
875 1284 1210 1342 sequeretur.

736 1366 880 1420 Luce
918 1366 1117 1421 clarius
1154 1376 1236 1420 est
1285 1363 1518 1431 ἀζύγους
1557 1370 1613 1417 et
1658 1362 1900 1433 migades
1931 1362 2036 1418 duo
2066 1362 2229 1417 fuisse

668 1459 913 1514 instituta
954 1460 1229 1512 hominum
1262 1459 1369 1510 Deo
1420 1465 1880 1511 consecratorum.
1923 1455 2058 1511 Nam
2105 1472 2228 1512 cum

666 1548 967 1618 Gregorius
992 1549 1320 1603 deliberaret
1349 1557 1529 1600 utrum
1552 1548 1799 1617 eligeret,
1824 1547 1933 1618 jam
1966 1558 2233 1603 statuerat

672 1658 793 1699 sese
820 1643 927 1696 Deo
965 1654 1309 1707 consecrare,
1344 1650 1401 1695 ut
1433 1655 1501 1696 ex
1537 1641 1619 1696 bis
1654 1642 1833 1697 verbis
1872 1642 2101 1711 perspici
2136 1654 2233 1708 po-

674 1746 775 1789 test
804 1751 818 1787 Ξ

776 1847 1021 1901 Animum
1048 1856 1303 1913 premebat
1330 1861 1447 1897 nam
1477 1861 1645 1913 grains
1668 1844 1813 1896 turbo
1842 1859 2010 1896 meum

777 1917 913 1971 Dum
939 1933 1116 1986 quaero
1139 1920 1331 1986 primas
1361 1916 1413 1966 in
1445 1917 1590 1967 battis
1615 1918 1862 1984 quidnam
1897 1916 2053 1982 ierat.

776 1989 819 2039 Α
860 1984 1014 2040 carne
1048 1984 1242 2039 dudum
1270 1984 1472 2051 longius
1508 1988 1742 2039 recedere

777 2058 1045 2109 Statntum
1077 2054 1343 2113 habebam,
1375 2066 1596 2122 tuncque
1624 2056 1875 2124 [innabar
1908 2055 2098 2125 magis.

777 2127 841 2179 At
870 2126 1115 2195 cogitanti
1146 2126 1209 2177 de
1235 2127 1329 2177 viis
1360 2126 1518 2193 gratis
1550 2125 1680 2185 Deo.

780 2196 1207 2249 Prmtantiorem
1232 2212 1334 2248 non
1367 2204 1479 2248 erat
1506 2206 1798 2263 promptum
1824 2196 1952 2247 mihi

779 2265 1036 2334 Reperire.

745 2374 991 2429 llterebat
1040 2389 1167 2445 ergo
1204 2374 1497 2444 Gregorius
1541 2388 1647 2426 non
1690 2373 1829 2428 inter
1873 2376 2229 2431 monasticam

676 2479 734 2523 et
764 2466 1076 2523 saecularem
1118 2468 1307 2533 vitam,
1340 2466 1435 2521 sed
1473 2466 1613 2520 inter
1647 2466 2086 2521 anachoreticam
2118 2468 2231 2522 sive

684 2557 1160 2623 contemplativam
1201 2567 1256 2610 et
1308 2566 1607 2612 actuosam.
1636 2555 1778 2623 Quos
1826 2557 1967 2611 enim
1998 2557 2236 2627 ἀζύγους

676 2658 856 2713 vocat,
910 2664 1097 2703 eorum
1156 2650 1385 2704 instituti
1440 2651 1681 2719 exempla
1728 2666 1795 2704 ex
1843 2649 1958 2704 Elia
2007 2660 2062 2707 et
2116 2651 2238 2705 ﬁliis

672 2740 915 2797 Jonadab
938 2750 994 2795 et
1016 2737 1221 2795 Joanne
1244 2734 1494 2808 Baptista
1514 2740 1724 2809 repetit.
1746 2741 2073 2795 Retrahebat
2094 2742 2235 2795 illum

680 2836 748 2889 ab
778 2834 880 2888 hac
911 2833 1021 2887 vita
1055 2832 1355 2886 litterarum
1399 2848 1678 2887 sacrarum
1728 2847 1900 2895 amor,
1932 2833 2124 2900 quibus
2154 2848 2241 2885 ex-

678 2928 924 2985 colendis
954 2943 1058 2983 non
1086 2927 1243 2983 valde
1282 2927 1561 2998 appositus
1589 2942 1805 2983 eremus
1833 2945 1846 2981 :
1881 2927 2114 2996 illudque
2147 2928 2231 2980 iit-

677 3019 950 3073 commodi
992 3019 1043 3073 in
1093 3019 1356 3089 ejusmodi
1386 3018 1695 3072 hominibus
1736 3018 2063 3086 reperiebat,
2095 3018 2237 3087 quod

680 3108 909 3163 multum
956 3108 1310 3180 sibimetipsis
1356 3108 1694 3179 prodessent,
1751 3116 1807 3162 at
1861 3106 1980 3163 aliis
2040 3121 2239 3177 nequa-

679 3211 863 3267 quam.
900 3196 1026 3251 Haec
1058 3199 1299 3266 profecto
1338 3198 1788 3253 attacltoretarum
1823 3207 1877 3252 et
1912 3200 2242 3269 contempla-

684 3289 813 3343 tioni
847 3288 1150 3342 deditorum
1203 3288 1481 3342 hominum
1530 3289 1745 3357 propria
1783 3300 1931 3353 sunt,
1960 3305 2095 3358 quos
2129 3306 2235 3345 me-

681 3378 791 3433 rito
820 3387 975 3431 vocat
1005 3377 1259 3446 ἀζύγους,
1292 3389 1349 3432 ιιι
1376 3380 1466 3447 qui
1499 3382 1564 3430 ab
1598 3380 1745 3432 omni
1781 3378 1909 3447 jugo
1944 3380 2117 3440 liberi,
2146 3395 2246 3434 nec

684 3469 808 3524 ullis
829 3484 1044 3541 prorsus
1070 3470 1295 3523 vinculis
1336 3468 1544 3523 astricti
1596 3476 1795 3522 essent.
1833 3467 1984 3534 Quod
2032 3478 2241 3536 spectat

682 3561 751 3614 ad
783 3560 1038 3629 migadcs,
1067 3560 1179 3615 sive
1220 3574 1317 3614 eos
1349 3559 1440 3629 qui
1474 3573 1596 3613 cum
1638 3558 1758 3614 aliis
1790 3558 2104 3621 miscentur,
2132 3573 2234 3609 non

684 3648 917 3702 dtﬂicilis
943 3659 1024 3701 est
1063 3649 1455 3716 interpretatio.
1492 3647 1617 3703 illos
1656 3648 1799 3703 enitn
1844 3648 2041 3703 ibidem
2088 3657 2243 3702 vocat

684 3734 1040 3810 πρακτικούς,
1072 3736 1123 3790 id
1155 3748 1235 3790 est
1273 3748 1549 3800 actuosos,
1578 3753 1778 3804 eosque
1807 3738 2096 3806 plurimum
2128 3736 2247 3790 aliis

684 3830 960 3897 prodesse,
1005 3835 1061 3879 at
1119 3825 1170 3879 itt
1220 3826 1428 3894 magnis
1484 3825 1800 3879 tumultibus
1834 3826 2042 3879 versari
2094 3826 2242 3879 dicit.

685 3921 862 3984 Quare
895 3919 1122 3972 inediam
1156 3918 1294 3971 inter
1321 3928 1578 3986 utrosque
1610 3919 1751 3970 viatn
1784 3926 1999 3970 secutus
2030 3926 2133 3979 est,
2159 3915 2247 3969 vel

687 4012 867 4082 potius
898 4021 1184 4079 utrumque
1216 4010 1515 4064 institutum
1568 4006 1728 4062 simul
1771 4005 2074 4075 conjunxit,
2102 4016 2160 4059 ut
2192 4015 2248 4059 et

688 4106 990 4158 litterarum
1030 4117 1306 4157 sacrarum
1355 4101 1549 4156 studiis
1582 4109 1635 4154 et
1666 4098 1907 4154 fovenda:
1953 4107 2242 4167 parentum

686 4197 981 4249 senectutis
1000 4193 1174 4249 oﬂicio
1199 4192 1556 4248 satisfaceret.

759 4284 915 4355 Sarpe
945 4286 1078 4338 alias
1120 4288 1186 4340 de
1221 4287 1412 4340 iisdem
1444 4285 1745 4354 migadibus
1789 4284 1897 4354 agit
1931 4281 2245 4354 Gregorius,

691 4393 758 4433 ac
789 4378 987 4448 ubique
1022 4377 1074 4431 in
1123 4393 1240 4432 eam
1284 4394 1445 4447 quant
1489 4378 1726 4431 diximus
1783 4378 2123 4431 sententiam.
2160 4374 2251 4429 Sic

2327 564 2391 603 nc
2417 548 2477 601 2|
2514 564 2525 599 :
2559 550 2619 600 Οί
2668 546 2943 619 μοναδικοὶ
2974 550 3065 603 καὶ
3096 548 3340 621 μιγάδες,
3364 554 3412 602 oi
3460 556 3558 622 τῆς
3588 549 3890 619 ἁπλότητος

2325 640 2417 693 καὶ
2457 640 2557 709 τῆς
2603 640 2905 713 ἀκριϐείας,
2934 641 3047 693 ὅσοι
3080 643 3174 713 τῆς
3218 639 3447 710 θεωρίας
3492 644 3586 695 καὶ
3631 644 3747 696 ὅσοι
3789 639 3892 709 τῆς

2327 729 2599 802 πράξεως.
2656 728 2902 785 Solitarii
2938 741 2986 782 et
3019 735 3269 800 migades,
3311 731 3398 801 qui
3427 732 3729 795 simpliciter
3763 730 3895 784 vivib

2326 823 2414 885 tis,
2444 831 2489 875 et
2520 821 2609 889 qui
2637 831 2912 884 accurate;
2938 821 3025 876 aui
3055 821 3496 892 contemplationi,
3524 830 3571 873 et
3602 823 3689 888 qui
3721 824 3893 875 actio-

2327 912 2382 965 ni
2409 928 2499 965 vos
2534 910 2693 963 datis.

2398 1003 2522 1058 Haec
2552 1011 2725 1057 autem
2757 1005 2942 1068 verba,
2970 1003 3020 1055 oi
3072 1002 3357 1073 μοναδικοι
3400 1004 3492 1057 καὶ
3534 1000 3776 1074 μιγάδες,
3813 1004 3894 1055 sic

2329 1097 2502 1151 reddit
2544 1096 2749 1155 Billius,
2783 1095 3024 1150 monachi
3067 1096 3193 1148 etin
3232 1096 3482 1149 sodalitio
3539 1097 3779 1149 viventes.
3824 1098 3893 1147 At

2328 1188 2576 1259 profecto
2615 1188 2884 1256 migadunt
2932 1186 3145 1241 nomine
3178 1200 3281 1239 non
3320 1186 3568 1254 intelligit
3594 1183 3895 1254 Gregorius

2330 1280 2649 1335 cmuobitas.
2690 1278 2821 1332 Nam
2853 1279 3135 1335 cmnobitze
3166 1277 3395 1331 mediam
3429 1278 3574 1331 illam
3615 1280 3756 1331 viam
3805 1277 3889 1329 in-

2332 1379 2415 1424 ter
2450 1374 2803 1425 anachoretas
2854 1379 2909 1423 et
2950 1368 3191 1440 migades
3241 1370 3514 1432 tenebant,
3557 1385 3716 1437 quam
3780 1369 3896 1438 ipse

2331 1458 2623 1530 Gregorius
2651 1461 2978 1531 sequendam
3021 1461 3121 1516 sibi
3157 1474 3276 1514 esse
3316 1460 3490 1515 duxit.
3530 1458 3682 1515 Unde
3710 1461 3763 1515 in
3794 1474 3892 1512 ea—

2333 1551 2453 1605 dem
2485 1554 2731 1608 oratione
2768 1553 2844 1606 ait
2890 1552 3189 1605 coenobitas
3234 1550 3286 1602 in
3334 1549 3564 1620 Egypto
3592 1549 3748 1601 simul
3773 1563 3898 1603 esse

2333 1645 2585 1699 eremitas
2613 1654 2671 1700 et
2710 1642 2968 1715 migades.
3015 1642 3132 1697 Duo
3178 1642 3319 1698 enim
3364 1642 3646 1712 distinguit
3702 1655 3896 1694 mona-

2337 1736 2558 1789 chorum
2591 1724 2787 1805 genera
2815 1736 2866 1789 in
2904 1732 3193 1788 solitudine
3219 1732 3511 1787 viventium
3538 1750 3552 1785 :
3585 1731 3647 1785 Ol
3673 1729 3771 1801 μὲν
3802 1730 3897 1783 τὸν

2266 1801 2309 1856 Β
2336 1826 2512 1895 πάντη
2547 1801 2828 1895 μοναδικόν
2871 1842 2930 1877 τε
2985 1824 3078 1876 καὶ
3132 1826 3361 1895 ἄμικτον
3390 1820 3726 1885 διαθλοῦντες
3756 1820 3893 1892 βίον,

2334 1921 2542 1983 ἑαυτοῖς
2577 1917 2751 1989 μόνοις
2776 1914 3197 1987 προσλαλοῦντες
3222 1919 3314 1971 καὶ
3335 1916 3413 1987 τῷ
3452 1912 3586 1984 Θεῷ,
3622 1915 3714 1966 καὶ
3738 1912 3900 1966 τοῦτο

2338 2011 2497 2079 μόνον
2533 2009 2734 2080 κόσμον
2775 2006 2991 2073 εἰδότες,
3023 2008 3144 2059 ὅσον
3188 2008 3245 2059 ὲν
3272 2012 3337 2079 τῇ
3367 2004 3569 2077 ἐρημίᾳ
3596 2002 3896 2073 γνωρίζου-

2337 2100 2527 2153 σιν.οἱ
2584 2099 2641 2151 δὲ
2694 2096 2855 2169 νόμον
2903 2096 3121 2165 ἀγάπης
3152 2096 3215 2165 τῇ
3275 2096 3524 2167 κοινωνίᾳ
3554 2092 3895 2163 στέργοντες,

2336 2191 2589 2261 ὲρημικοί
2635 2209 2695 2245 τε
2741 2190 2876 2262 ὁμοῦ
2924 2190 3015 2244 καὶ
3057 2187 3295 2259 μιγάδες.
3342 2187 3577 2249 Quarum
3619 2185 3713 2240 alii
3735 2186 3899 2239 vitam

2333 2296 2547 2349 prcrsus
2581 2281 2896 2349 solitariam,
2928 2291 2977 2335 et
3021 2280 3084 2333 ab
3132 2280 3394 2333 hominum
3433 2278 3677 2330 societate
3722 2292 3899 2330 remo—

2341 2386 2446 2430 tam
2500 2384 2680 2444 agunt,
2742 2376 2822 2426 sui
2872 2375 3107 2441 ipsorum
3164 2383 3368 2426 tantum
3428 2380 3474 2423 et
3508 2368 3604 2422 Dei
3642 2368 3902 2434 colloquio

2343 2468 2590 2535 fruentes,
2638 2476 2791 2533 atque
2840 2465 2974 2517 hanc
3042 2465 3298 2517 duntaxat
3344 2474 3494 2520 terra
3548 2469 3748 2530 partem
3805 2473 3903 2527 pro

2343 2560 2535 2613 mundo
2580 2557 2842 2616 habentes,
2897 2569 3054 2624 quam
3094 2555 3146 2606 in
3185 2555 3466 2607 solitudine
3511 2551 3774 2623 cognitam
3802 2553 3905 2601 Ita~

2345 2651 2479 2704 bent.
2504 2649 2615 2703 Alii
2657 2657 2825 2701 autem
2856 2645 3130 2698 charitatis
3168 2644 3328 2713 legem
3362 2661 3452 2712 per
3493 2642 3906 2697 communionem

2344 2752 2389 2794 et
2430 2742 2727 2792 societatem
2790 2737 3035 2799 colentes,
3087 2733 3315 2788 solitarii
3360 2734 3515 2787 simul
3565 2744 3613 2789 et
3672 2732 3908 2802 migades

2345 2839 2488 2883 sunt.
2522 2830 2653 2883 lllud
2688 2826 2854 2882 etiam
2884 2826 3133 2879 laudatur
3173 2838 3202 2876 a
3232 2822 3495 2894 Gregorio
3520 2823 3593 2894 (a)
3626 2822 3678 2875 in
3718 2834 3904 2874 mona-

2346 2921 2461 2975 chis
2506 2919 2859 2973 Nazianzenis
2887 2933 2902 2973 :
2928 2917 3115 2988 Μέτρα
3165 2915 3265 2985 τῆς
3298 2916 3377 2979 είς
3409 2916 3471 2968 τὸ
3514 2912 3688 2967 κοινὸν
3719 2913 3911 2981 ἐπιμι-

2348 3011 2466 3078 ξίας
2490 3012 2585 3065 καὶ
2618 3012 3037 3083 ὑποχωρήσεως,
3070 3008 3166 3079 τῆς
3202 3008 3300 3079 μὲν
3332 3009 3456 3070 τοὺς
3485 3005 3676 3067 ἄλλους
3709 3002 3908 3057 παιδα-

2347 3104 2647 3175 γωγούσης,
2678 3104 2776 3174 τῆς
2807 3102 2863 3155 δὲ
2892 3101 2969 3172 τῷ
2999 3099 3271 3171 Πνεύματι
3306 3094 3787 3170 μυσταγωγούσης,
3816 3096 3912 3148 καὶ

2344 3199 2440 3269 τῆς
2469 3196 2568 3268 μὲν
2612 3197 2669 3249 ὲν
2719 3192 2799 3265 τῷ
2847 3192 3010 3263 κοινῷ
3039 3192 3101 3245 τὸ
3132 3193 3345 3247 ἄκοινον
3391 3188 3781 3260 φυλαττούσης,
3810 3190 3910 3259 τῆς

2345 3288 2402 3342 δὲ
2430 3288 2487 3339 ὲν
2533 3284 2609 3357 τῷ
2655 3284 2868 3357 ἀμίκτῳ
2899 3284 2958 3338 τὸ
3002 3282 3317 3354 φιλάδελφον
3367 3282 3460 3336 καὶ
3508 3281 3909 3354 φιλάνθρωπον.

2349 3382 2537 3437 Modus
2573 3392 2684 3436 tum
2728 3386 2783 3435 in
2830 3397 3100 3435 commune
3127 3380 3438 3449 prodeundi,
3471 3388 3579 3433 tum
3608 3381 3906 3443 secedendi,

2345 3473 2497 3535 illud,
2555 3474 2623 3525 ad
2676 3473 2807 3525 alios
2855 3472 3222 3537 instituendos,
3276 3470 3391 3534 hoc,
3426 3480 3478 3523 ut
3525 3470 3626 3536 ipsi
3680 3468 3909 3537 Spiritus

2345 3560 2603 3629 mysteriis
2628 3560 2952 3626 imbuuntur,
2991 3572 3146 3630 atque
3182 3564 3255 3614 ita
3282 3568 3576 3630 utrumque,
3601 3570 3647 3614 et
3682 3562 3735 3613 in
3765 3577 3912 3614 com-

2347 3653 2490 3706 muni
2520 3650 2852 3704 solitudinem
2881 3663 3102 3714 servent,
3134 3662 3179 3703 et
3218 3653 3272 3703 in
3300 3652 3584 3705 solitudine
3622 3651 3911 3717 fraternam

2351 3742 2755 3797 benevolentiam
2798 3750 2845 3795 et
2898 3742 3227 3794 cltaritatem.
3285 3740 3539 3807 Quamvis
3571 3753 3699 3809 ergo
3738 3741 3911 3809 miga-

2352 3835 2446 3888 des
2470 3835 2630 3887 iidem
2665 3833 2935 3887 interdum
2970 3834 3081 3887 sint
3128 3833 3267 3901 apud
3302 3830 3585 3885 nonnullos
3619 3829 3911 3899 scriptores

2349 3940 2414 3980 ac
2443 3926 2747 3989 emnobitae,
2780 3935 2833 3978 at
2861 3934 3008 3979 certe
3040 3924 3299 3992 Gregorio
3326 3939 3431 3977 non
3462 3932 3638 3993 potest
3679 3922 3793 3976 haec
3826 3921 3911 3973 in-

2352 4016 2662 4081 terpretatio
2691 4012 2893 4082 aIIingi,
2926 4015 3014 4082 qui
3042 4014 3093 4067 in
3124 4014 3406 4068 cmuobitis
3442 4013 3710 4079 migadum
3742 4014 3907 4066 vitam

2350 4119 2470 4159 cum
2528 4106 2981 4159 anachoretarutn
3039 4105 3287 4158 instituto
3362 4104 3611 4172 conjungi
3673 4102 3909 4158 volebat.

2350 4196 2489 4263 Quin
2540 4197 2702 4250 etiam
2740 4195 3033 4249 Maximum
3088 4196 3485 4265 philosophum,
3526 4195 3617 4263 qui
3666 4194 3910 4263 profecto

2352 4288 2619 4343 C(Btiobita
2649 4302 2751 4343 non
2788 4298 2925 4352 erat,
2954 4286 3047 4341 sed
3080 4288 3258 4361 potius
3286 4302 3410 4342 erro
3438 4286 3654 4355 quidam
3682 4294 3734 4340 et
3762 4283 3909 4355 fugi-

2353 4380 2512 4446 tivus,
2545 4379 2683 4433 inter
2701 4379 2939 4448 migatles
2966 4389 3211 4432 numerat
3233 4378 3329 4447 (ὁ).
3361 4376 3510 4430 Hunc
3531 4376 3674 4430 enim
3702 4377 3908 4441 laudat,

687 4470 926 4537 loquitur
958 4468 1010 4523 in
1044 4468 1293 4522 oratione
1332 4468 1357 4520 1
1388 4482 1403 4521 :
1430 4467 1548 4520 Κᾶν
1590 4468 1669 4520 ἔτι
1706 4467 1944 4537 ἀκριϐῶς
1968 4467 2238 4539 ἐξετάσεως,

2352 4472 2491 4541 quod
2529 4470 2590 4522 τὸ
2619 4470 2933 4523 κοινωνικὸν
2960 4472 3054 4525 καὶ
3093 4470 3399 4540 ἐπίμικτον,
3424 4469 3741 4534 institutum,
3773 4470 3912 4537 quod

684 4562 810 4615 ὅσον
840 4559 901 4612 τὸ
932 4558 1091 4630 μέσον
1115 4557 1222 4612 τῶν
1250 4559 1307 4611 ὲν
1332 4557 1610 4626 συζυγίαις
1637 4558 1770 4628 πρὸς
1795 4559 1921 4622 τους
1968 4558 2249 4627 ἀγάμους;

686 4651 807 4707 Κᾶν
842 4650 1050 4714 τούτοις
1091 4648 1270 4713 πάλιν,
1296 4649 1403 4703 τῶν
1434 4650 1533 4720 τῆς
1563 4652 1793 4722 ἐρημίας
1819 4650 1952 4721 πρὸς
1985 4652 2111 4715 τοὺς
2136 4669 2248 4705 κοι-

686 4744 946 4806 νωνικοὺς
977 4743 1072 4795 καὶ
1109 4741 1337 4813 μιγάδας
1357 4759 1371 4771 ·
1396 4742 1503 4795 τῶν
1528 4742 1907 4813 ὲξητασμένων
1949 4744 2042 4796 καὶ
2072 4744 2250 4797 διαδε-

688 4836 932 4907 6ηκότων
964 4835 1022 4887 ὲν
1057 4833 1278 4906 Θεωρίᾳ,
1319 4834 1454 4905 πρὸς
1500 4838 1626 4897 τοὺς
1660 4834 1845 4899 ἁπλῶς
1894 4836 2249 4891 κατευθύνον-

686 4944 807 4991 τας.
846 4928 995 4994 Quod
1022 4928 1068 4980 si
1104 4929 1404 4981 accuratius
1436 4943 1541 4980 rem
1563 4931 1847 4995 expendas,
1877 4938 2133 4995 quantum
2163 4932 2247 4983 in~

690 5018 963 5074 tervallum
996 5019 1132 5070 inter
1170 5017 1477 5087 conjugatos
1506 5028 1553 5071 et
1575 5017 1817 5072 cwlibes?
1849 5017 1933 5071 Ea:
1955 5018 2036 5071 his
2068 5036 2250 5074 rursus

687 5120 947 5181 quantum
966 5112 1101 5164 inter
1121 5124 1207 5162 eos
1241 5110 1330 5177 qui
1356 5114 1409 5162 in
1431 5124 1603 5161 eremo
1642 5119 1936 5174 versantur,
1969 5120 2016 5164 et
2046 5126 2131 5164 eos
2158 5112 2249 5180 qui

688 5218 987 5257 communes
1027 5211 1143 5257 sunt
1183 5217 1244 5254 ac
1289 5202 1557 5270 migades:
1606 5201 1739 5253 inter
1762 5216 1848 5254 eos
1878 5203 1965 5270 qui
2003 5212 2265 5256 accurate

690 5295 882 5363 degunt
915 5305 963 5349 et
1003 5296 1057 5348 in
1104 5292 1535 5362 contemplatione
1575 5292 1923 5361 profecerunt,
1951 5303 2000 5347 et
2045 5311 2131 5348 eos
2158 5298 2248 5365 qui

692 5388 997 5456 simpliciter
1023 5398 1216 5441 rectam
1254 5386 1391 5439 viam
1431 5384 1634 5438 ineunt.
1677 5383 1914 5451 Migades
1950 5399 2077 5455 ergo
2108 5386 2248 5441 inter

692 5477 911 5533 ctelibes
943 5487 999 5531 et
1048 5476 1388 5531 continentes
1424 5484 1795 5539 recensentur,
1832 5490 1937 5530 non
1982 5490 2139 5531 secus
2183 5493 2248 5532 ac

694 5568 792 5639 ipsi
828 5568 1204 5633 anachoretm;
1242 5566 1334 5623 sed
1379 5566 1536 5637 primi
1569 5566 1865 5637 simplicius
1914 5569 2117 5636 vivunt,
2152 5570 2240 5625 isti

766 5686 843 5753 (α)
876 5684 968 5738 0r.
1010 5684 1095 5738 η.

764 5756 839 5827 (ὁ)
877 5755 969 5809 Or.
999 5755 1088 5809 25.
1129 5798 1141 5809 .

2336 4564 2659 4618 uocietatem
2698 4564 2819 4615 colit
2870 4576 2916 4617 et
2945 4563 3303 4631 permiscetur,
3330 4562 3619 4618 eremiticaa
3649 4572 3703 4618 οι
3725 4563 3913 4617 solita—

2356 4658 2447 4709 ri:e
2487 4656 2605 4709 vita:
2633 4657 2945 4725 praetulerit.

2426 4749 2486 4803 V.
2526 4747 2649 4802 Haec
2690 4749 2927 4818 pluribus
2964 4746 3239 4802 referenda
3284 4746 3567 4815 duximus,
3624 4755 3682 4801 ut
3731 4758 3789 4801 et
3846 4750 3911 4804 de

2355 4839 2610 4911 Gregorio
2640 4851 2695 4895 et
2732 4841 2798 4895 de
2827 4841 3021 4894 Basilio
3050 4840 3331 4905 sciremus,
3358 4840 3625 4909 quodnam
3658 4838 3783 4893 vitae
3815 4856 3908 4910 ge-

2356 4946 2455 4985 nus
2486 4931 2623 4985 alter
2649 4931 2888 5001 elegerit,
2926 4931 3058 4983 alter
3099 4931 3151 4983 in
3185 4929 3535 4985 monasteriis
3559 4929 3671 4982 suis
3705 4931 3909 4984 consti-

2355 5020 2538 5073 tuerit.
2565 5018 2695 5073 Nam
2732 5020 2957 5075 medium
2993 5018 3117 5072 illttd
3148 5020 3287 5072 inter
3319 5017 3670 5073 anachoretas
3717 5027 3775 5073 ct
3809 5020 3904 5072 uti-

2354 5114 2517 5181 gades
2545 5113 2864 5177 institutum,
2888 5112 3025 5181 quod
3049 5110 3339 5181 Gregorius
3364 5110 3496 5164 tanti
3524 5108 3777 5177 faciebat,
3800 5113 3910 5181 ipse

2354 5205 2515 5257 etiam
2568 5203 2795 5257 Basilius
2837 5203 2888 5255 itt
2936 5203 3274 5257 monasteriis
3317 5202 3429 5256 suis
3479 5202 3728 5256 instituit.
3798 5202 3910 5256 Non

2354 5295 2497 5348 enim
2532 5295 2674 5349 hanc
2705 5294 2881 5347 Basilii
2909 5293 3119 5346 laudem
3152 5293 3490 5362 praetermisit
3518 5293 3833 5364 Gregorius,
3855 5302 3911 5345 ιιι

2356 5400 2423 5440 ex
2457 5386 2540 5439 his
2573 5386 2747 5439 verbis
2776 5385 3124 5453 perspicimus
3146 5384 3216 5451 (ε)
3254 5401 3266 5436 :
3293 5383 3398 5436 Τοῦ
3422 5385 3597 5437 τοίνυν
3644 5383 3907 5455 ὲρημικοῦ

2348 5477 2465 5547 βίου
2507 5478 2599 5530 καὶ
2630 5476 2721 5530 τοῦ
2759 5476 2977 5548 μιγάδος
3009 5477 3326 5548 μαχομένων
3362 5476 3494 5547 πρὸς
3538 5475 3798 5546 ἀλλήλους
3836 5476 3905 5536 ὡς

2347 5572 2414 5623 τᾶ
2444 5568 2610 5621 πολλὰ
2657 5572 2747 5622 καὶ
2780 5569 3151 5638 διϊσταμένων,
3188 5570 3279 5621 καὶ
3310 5568 3585 5638 οὐδετέρου
3622 5567 3835 5630 πάντως
3872 5566 3902 5635 ἢ

2432 5688 2498 5759 (ε)
2540 5687 2686 5743 Orat.
2724 5688 2809 5740 “26.
