4094 6308
1532 329 1690 383 νιτΑ
1732 332 1787 386 S.
1831 330 2094 389 BASILII.

3323 349 3413 393 XIX

196 444 254 502 ee
279 442 467 511 καλὸν,
494 444 527 515 ἢ
550 443 609 497 τὸ
634 442 837 514 φαῦλον
860 442 1213 516 ἀνεπίμικτον
1238 444 1447 516 ἔχοντος
1463 463 1475 475 ·
1506 446 1641 502 ἀλλά
1664 448 1747 501 τοῐ

1862 449 2153 505 eremiticae
2169 448 2291 505 vita:
2319 449 2630 505 commoda:
2654 449 2873 505 arcebat
2913 449 3247 505 incommoda
3272 450 3423 507 Basi-

199 536 295 607 μιν
336 533 569 605 ἡσυχίου
617 533 722 605 μὲν
750 533 899 597 ὄντος
945 533 1162 604 μᾶλλον,
1211 535 1305 589 καὶ
1341 535 1755 606 καθεστηκότος,

196 625 287 681 καὶ
329 625 459 696 Θεῷ
488 627 828 694 συνάγοντος·
852 625 950 679 οὐκ
968 624 1171 696 ἀτύφου
1188 626 1243 679 δὲ
1265 625 1352 680 διὰ
1366 626 1427 680 τὸ
1441 628 1538 697 τῆς
1555 626 1758 699 ἀρετῆς

194 716 554 770 ἀῦασάνιστον
581 716 675 769 καὶ
704 716 1030 787 ἀσύγκριτον
1056 732 1070 743 ·
1105 716 1198 771 τοῦ
1226 717 1281 770 δὲ
1314 717 1755 789 πρακτικωτέρου

196 810 291 881 μὲν
314 808 519 879 μᾶλλον
548 810 644 862 καὶ
667 809 1172 880 χρησιμωτέρου,τὺ
1198 809 1498 882 θορυόὦδες
1528 812 1589 864 οὐ
1623 812 1756 881 φεύ-

192 917 397 968 γοντες,
433 901 530 954 καὶ
557 900 777 963 τούτους
801 901 998 971 ἄριστα
1032 900 1359 971 κατήλλαξεν
1390 901 1637 973 ἀλλήλοις
1663 902 1758 956 καὶ

193 988 587 1060 συνεκέρασεν
631 989 935 1060 ἀσκητήρια
964 989 1058 1043 καὶ
1087 991 1417 1061 μοναστήρια
1439 990 1758 1062 δειμάμενος

194 1079 311 1149 μὲν,
346 1079 409 1131 οὐ
438 1079 630 1151 τιόρρω
655 1079 710 1131 δὲ
732 1080 840 1134 τῶν
867 1081 1195 1135 κοινωνικῶν
1223 1083 1317 1135 καὶ
1345 1082 1606 1152 μιγάδων,
1636 1083 1757 1137 οὐδὲ

192 1165 377 1238 ὥσπερ
390 1168 580 1239 τειχίῳ
602 1168 708 1223 τινὶ
738 1168 884 1239 μέσῳ
907 1169 1076 1223 ταῦτα
1102 1169 1390 1237 διαλαϐὼν,
1420 1173 1515 1224 καὶ
1544 1173 1637 1226 ἀπ’
1660 1172 1756 1227 ἀλ-

192 1256 659 1337 λήλωνθχωρίσας,
694 1260 830 1313 ἀλλὰ
874 1260 1097 1330 πλησίον
1131 1260 1371 1330 συνάψας
1418 1263 1509 1315 καὶ
1542 1262 1756 1328 διαζεύ-

194 1348 286 1414 ξας
307 1365 323 1383 ·
360 1350 451 1403 ἴνα
480 1351 620 1421 μήτε
649 1350 708 1404 τὸ
739 1350 1021 1420 φιλόσοφον
1052 1349 1489 1423 ἀκοινώνητονῇ,
1532 1354 1668 1426 μήτε
1696 1355 1757 1407 τὸ

193 1440 493 1510 πρακτικὸν
514 1440 860 1510 ἀφιλόσοφον.
902 1441 1031 1494 Cum
1070 1442 1232 1511 igitur
1262 1442 1502 1496 solitaria
1544 1446 1672 1510 vita,
1711 1455 1757 1498 et

192 1544 248 1580 ea
272 1545 395 1598 qua
424 1531 671 1584 societate
706 1530 918 1599 gaudet,
947 1538 1005 1583 ut
1042 1530 1323 1599 plurimum
1359 1532 1495 1585 inter
1522 1548 1575 1585 se
1598 1532 1758 1586 dissi-

193 1618 392 1685 derent,
432 1637 496 1672 ac
536 1630 872 1691 pugnarent:
911 1632 1195 1692 neutraque
1231 1624 1460 1687 omnino,
1495 1624 1573 1679 vel
1617 1640 1758 1678 como

194 1712 367 1778 modo,
413 1712 493 1767 uel
520 1712 849 1767 incommoda
877 1730 975 1767 sua
998 1730 1133 1783 puro
1172 1723 1222 1769 et
1254 1716 1483 1769 immista
1514 1716 1757 1780 haberet;

1858 541 1916 596 lii
1943 556 2071 597 cura
2095 541 2149 595 in
2173 541 2253 596 eis
2284 541 2619 607 erudiendis;
2643 540 2798 611 cujus
2826 540 2904 596 rei
2930 540 3245 609 praeclarum
3282 540 3421 597 indi-

1858 631 1996 687 cium
2020 640 2103 687 est
2123 631 2349 701 epistola
2382 642 2592 696 octava,
2623 647 2783 702 quam
2811 631 3082 702 paulisper
3103 634 3293 689 abesse
3325 649 3419 691 eo-

1858 733 2011 779 actus
2048 723 2283 791 scripsit,
2320 732 2381 777 ut
2412 735 2506 777 eos
2528 724 2595 777 ad
2628 724 2947 778 evertendas
2974 724 3295 780 Arianorum
3328 741 3417 780 ar-

1857 812 2032 882 gutias
2055 812 2429 867 communiret.
2476 812 2703 866 Dubium
2747 828 2851 866 non
2892 821 2976 868 est
3020 814 3149 883 quin
3188 816 3317 871 socii
3360 824 3418 871 et

1857 903 2155 958 imitatores
2189 902 2372 958 Basilii
2404 901 2604 958 fuerint
2648 916 2769 958 cum
2818 904 2870 958 in
2912 904 3015 958 tide
3061 903 3418 969 defendenda,

1859 1003 1969 1048 tum
1994 994 2047 1048 in
2081 992 2202 1048 aliis
2219 993 2403 1057 rebus,
2427 1008 2562 1063 quas
2597 994 2848 1049 Ecclesia:
2872 1008 3033 1048 causa
3062 996 3228 1065 gessit
3250 996 3301 1048 in
3332 1010 3420 1050 so-

1858 1086 2107 1140 litudine.
2148 1084 2309 1139 Certe
2340 1098 2445 1138 non
2471 1083 2607 1138 alios
2630 1084 2899 1150 designat,
2929 1100 3049 1138 cum
3077 1084 3154 1138 ait
3184 1084 3237 1139 in
3254 1085 3415 1155 epist.

1856 1176 1946 1241 5i,
1971 1192 2025 1230 n.
2050 1175 2105 1240 2,
2141 1189 2199 1231 se
2227 1190 2348 1231 cum
2380 1175 2561 1229 multis
2598 1174 2651 1228 in
2691 1175 2859 1244 patria
2896 1175 3064 1229 Deum
3102 1176 3412 1232 timentibus

1857 1266 2208 1323 insolabiliter
2241 1266 2493 1334 doluisse,
2546 1266 2687 1335 quod
2735 1265 2952 1321 Dianius
2993 1265 3237 1321 formula
3283 1265 3418 1321 Cou-

1856 1358 2202 1429 stantinopoli
2253 1358 2424 1414 allata:
2472 1357 2901 1426 subscripsisset.
2930 1358 3108 1429 Atque
3148 1358 3266 1414 haec
3299 1358 3419 1429 qui-

1858 1445 1981 1508 dem
2006 1453 2071 1506 de
2092 1452 2289 1506 Basilio
2320 1450 2541 1519 ejusque
2562 1449 2857 1519 discipulis.

1926 1543 1996 1597 At
2017 1540 2157 1597 forte
2186 1542 2253 1596 de
2285 1540 2547 1611 Gregorio
2575 1539 2809 1593 dubitari
2843 1537 3035 1609 possit,
3058 1545 3235 1593 utrum
3265 1552 3324 1594 se
3357 1538 3411 1593 in

1858 1634 2242 1688 monasterium
2280 1632 2565 1699 receperit.
2618 1630 2811 1683 Verum
2858 1630 3071 1686 etiamsi
3125 1631 3415 1686 asceticum

1859 1724 2157 1778 institutum
2193 1722 2246 1777 in
2277 1722 2515 1793 paternis
2548 1722 2751 1778 aedibus
2795 1721 3139 1787 excoluisset,
3186 1722 3318 1777 nihil
3364 1722 3415 1777 id

193 1816 363 1856 verum
390 1801 488 1856 illa
512 1804 679 1873 magis
698 1805 904 1871 quidem
934 1804 1220 1874 tranquilla
1258 1814 1305 1859 et
1345 1808 1631 1876 composita
1675 1822 1756 1861 es-
1787 1795 1830 1849 Β
1858 1816 1923 1870 de
1952 1814 2069 1882 ejus
2104 1824 2351 1869 votorum
2384 1814 2739 1883 perpetuitate
2761 1814 3091 1879 detraheret,
3124 1827 3223 1870 nec
3252 1814 3415 1869 idcir-

187 1902 285 1959 set,
324 1910 389 1949 ac
411 1892 525 1949 Deo
554 1894 756 1949 animos
776 1894 1040 1964 copularet
1068 1911 1088 1949 :
1118 1906 1362 1951 ceterum
1394 1899 1456 1952 ob
1480 1915 1594 1953 eam
1623 1914 1753 1953 cau-

190 2001 296 2038 sam
324 1985 472 2053 {astu
502 2001 607 2041 non
637 1997 866 2051 careret,
896 1988 1033 2057 quod
1059 1988 1220 2043 uirtus
1245 2005 1346 2043 non
1372 1990 1753 2059 explorantur,

190 2093 277 2131 uec
304 2078 363 2131 in
390 2079 841 2147 comparationem
869 2080 1063 2134 ueniret
1081 2095 1101 2143 ;
1121 2080 1232 2135 [uec
1248 2092 1419 2135 autem
1442 2083 1610 2151 magis
1635 2082 1755 2152 qui-

188 2168 304 2226 dem
334 2180 563 2226 actuosa
592 2179 641 2224 et
678 2169 827 2224 utilis
849 2179 1002 2235 esset,
1039 2187 1214 2226 serum
1250 2189 1284 2227 a
1319 2174 1625 2229 tumultibus
1653 2176 1754 2231 mi-

188 2280 283 2318 nus
299 2262 473 2319 libera
498 2280 517 2317 :
544 2262 795 2333 praetore
820 2276 908 2317 eas
938 2262 1062 2316 inter
1102 2280 1157 2318 se
1179 2265 1527 2320 reconciliauit
1560 2284 1621 2322 ac
1639 2284 1754 2334 per-

187 2358 417 2423 miscuit,
441 2356 655 2426 pietatis
680 2357 926 2411 nimirum
944 2359 1215 2429 gymnasia
1240 2365 1287 2410 et
1312 2358 1626 2411 monasteria
1657 2372 1749 2412 ex-

194 2462 425 2517 strueus,
454 2466 561 2505 non
584 2460 757 2505 tamen
780 2450 930 2516 longe
956 2451 1305 2520 discrepantia
1330 2451 1395 2507 ab
1419 2452 1490 2505 iis
1517 2468 1633 2521 quae
1658 2469 1747 2507 so-

185 2544 427 2598 cietatem
476 2541 680 2606 colunt,
723 2552 774 2596 et
814 2543 1219 2610 permiscentur;
1272 2558 1363 2597 nec
1424 2549 1561 2597 velut
1603 2559 1749 2598 muro

185 2636 427 2704 quopiam
464 2632 737 2703 interjecto
771 2633 881 2689 Itcc
912 2634 1151 2690 instituta
1184 2636 1510 2705 distinguas
1543 2642 1697 2704 atque
1718 2652 1750 2689 a

186 2726 476 2781 uincirent
508 2740 774 2794 separans,
802 2740 979 2779 verum
1006 2741 1163 2796 prope
1187 2725 1502 2795 conjungens
1531 2742 1593 2779 ac
1617 2726 1750 2778 diri-

186 2833 323 2873 mens
362 2832 383 2871 :
421 2826 480 2871 ut
521 2832 614 2871 nec
641 2817 1004 2885 contemplatio
1045 2818 1523 2872 communicationis
1561 2831 1747 2887 expers

185 2919 331 2971 esset,
388 2922 483 2961 nec
528 2906 667 2960 actio
719 2906 1146 2977 contemplatione
1195 2919 1414 2964 careret.
1464 2906 1751 2963 Existimat

190 2996 573 3054 Tiliemontius
606 3001 1049 3054 anachoretarum
1076 3000 1217 3054 sedes
1242 3014 1413 3070 prope
1433 3000 1682 3057 canubia
1715 3016 1744 3055 a

187 3087 600 3181 Basili-(infirmae
643 3100 962 3181 exstructas.
1023 3089 1228 3181 inquo
1275 3092 1490 3161 quidem
1539 3092 1747 3162 decepit
1773 3125 1814 3181 ο

187 3191 302 3231 eum
334 3176 484 3231 Billii
506 3178 900 3247 interpretatio,
948 3179 1037 3247 qui
1084 3178 1171 3235 hic
1201 3195 1412 3249 quoque
1447 3182 1746 3238 ctenobitas

190 3267 460 3337 migadum
530 3269 745 3323 nomine
796 3268 1076 3325 intellexit.
1144 3267 1237 3324 Sic
1262 3271 1405 3324 enim
1467 3271 1741 3326 reddidit:

191 3354 405 3410 Pietatis
438 3356 692 3409 nimirum
714 3360 985 3427 gymnasia
1021 3367 1070 3412 et
1101 3360 1415 3413 monasteria
1449 3370 1740 3424 eastruens,

188 3455 485 3499 nontamen
517 3444 671 3516 longo
696 3446 965 3502 intervallo
988 3447 1052 3502 ab
1084 3448 1147 3501 iis
1183 3450 1273 3518 qui
1304 3449 1358 3503 in
1395 3450 1635 3502 sodalitio
1668 3452 1743 3503 si-

186 3544 321 3592 ssnt.
347 3535 645 3592 Befellitur
669 3538 785 3593 hac
818 3537 1184 3607 interpretatio
1205 3554 1273 3594 ex
1309 3548 1416 3593 tota
1452 3538 1631 3595 Basilii
1660 3540 1743 3594 hi-

193 3628 375 3695 storia,
416 3641 585 3698 quem
610 3628 894 3684 cmnobitis
914 3629 1190 3696 praefuisse
1214 3639 1443 3695 constat,
1483 3645 1587 3685 non
1612 3645 1743 3685 ana-

188 3719 418 3775 ch'oretls
469 3732 637 3789 prope
671 3719 968 3775 cmuobitas
1003 3720 1324 3776 constitutis.
1366 3720 1567 3776 Deinde
1614 3736 1744 3777 vero

189 3811 458 3881 migadum
496 3810 715 3867 nomine
747 3827 853 3867 non
879 3812 1178 3878 coenobitae,
1212 3812 1307 3868 sed
1342 3823 1540 3868 ascetse
1571 3816 1740 3870 actio-

188 3902 236 3955 ni
266 3901 455 3969 dediti,
483 3911 545 3957 ut
574 3903 627 3956 in
650 3902 1013 3972 superioribus
1043 3904 1195 3969 locis,
1217 3904 1563 3973 designantur
1593 3923 1608 3961 :
1642 3919 1743 3961 nec

188 3992 544 4048 anachoretas
565 3991 794 4049 Basilius
826 4007 997 4064 prope
1016 3995 1255 4065 migades
1285 3997 1561 4052 constituit
1595 4015 1609 4051 :
1646 3999 1742 4054 sed

187 4091 475 4151 utrumque
498 4083 798 4137 institutum
831 4083 975 4138 nullo
1003 4099 1224 4155 prorsus
1246 4101 1399 4142 muro
1419 4088 1740 4158 diremptum

186 4186 301 4229 esse
326 4176 521 4238 voluit,
559 4175 741 4247 sicque
775 4186 1078 4246 utrumque,
1100 4177 1358 4233 coenobiis
1381 4181 1739 4246 exstruendis,

188 4264 489 4334 coniunxit,
540 4276 601 4318 ut
636 4278 737 4319 nec
764 4265 1209 4320 anachoretarum
1239 4266 1451 4322 deesset
1488 4268 1737 4334 solitudo,

188 4366 283 4408 nec
336 4353 626 4423 mlgadum-
665 4353 906 4411 ofllciosa
971 4353 1225 4422 cbaritas,
1284 4357 1577 4427 primorum
1644 4374 1741 4413 au-

1855 1920 1921 1961 co
1950 1906 2121 1960 videri
2153 1905 2393 1969 deberet,
2429 1913 2523 1960 aut
2559 1905 2901 1960 continentia:
2940 1904 3271 1974 professione
3319 1904 3415 1959 obv

1855 1998 2075 2052 strictus
2115 2012 2219 2052 non
2257 1996 2445 2061 fuisse,
2482 2005 2574 2051 aut
2608 2013 2713 2052 non
2752 2011 2810 2052 se
2843 1996 3093 2051 omnibus
3125 1996 3283 2050 rebus
3316 2009 3415 2065 pro

1854 2090 2070 2146 Christo
2110 2090 2361 2145 nudasse.
2409 2089 2550 2157 Quot
2592 2090 2736 2145 enim
2777 2089 2947 2145 tribus
2987 2087 3175 2158 primis
3204 2086 3415 2143 smeulis

1852 2179 2114 2248 ejusmodi
2145 2181 2305 2234 vitam
2335 2188 2461 2234 ante
2488 2188 2762 2235 exstructa
2800 2179 3125 2234 monasteria
3166 2186 3412 2248 egerunt,

1853 2274 1920 2328 de
1972 2272 2164 2342 quibus
2204 2281 2383 2327 tamen
2416 2272 2521 2326 dici
2557 2287 2663 2327 non
2703 2280 2881 2342 potest
2918 2270 3060 2341 quod
3098 2271 3165 2326 de
3192 2269 3411 2337 Basilio,

1851 2361 2134 2432 Gregorio,
2169 2361 2374 2419 Joanne
2419 2362 2809 2433 Chrysos'temo
2851 2370 2906 2416 et
2950 2361 3070 2417 aliis
3101 2362 3413 2432 pronuntiat

1851 2450 2258 2517 Thomassinus,
2304 2454 2448 2508 nulla
2504 2468 2598 2509 eos
2643 2454 2753 2508 voti
2797 2454 3118 2509 necessitate
3162 2454 3413 2510 astrictos

1850 2541 2060 2599 fuisse?
2097 2543 2228 2610 Quis
2254 2543 2460 2599 dubitet
2486 2543 2614 2613 quin
2640 2542 2699 2598 S.
2729 2541 3028 2614 Cyprianus
3056 2549 3313 2613 perpetuo
3333 2557 3413 2599 se-

1849 2647 1909 2688 se
1950 2634 2263 2705 obligaverit
2305 2642 2451 2701 voto,
2496 2650 2616 2689 cum
2641 2635 2783 2690 bona
2815 2648 2912 2689 sua
2951 2634 3273 2704 pauperibus
3302 2634 3412 2689 dis-

1850 2725 2059 2789 tribuit,
2108 2740 2171 2780 ac
2203 2726 2586 2781 continentiam
2634 2726 2805 2781 adhuc
2836 2726 3254 2781 catechumenus
3292 2741 3413 2779 am-

1847 2816 2040 2886 plexus
2070 2817 2192 2872 est?
2218 2816 2441 2871 Miratur
2471 2816 2690 2872 Pontius
2716 2826 2919 2872 tantum
2944 2817 2995 2871 in
3023 2817 3412 2873 catechumeno

1847 2905 2131 2962 fervorem.
2162 2905 2308 2960 Inter
2335 2907 2459 2976 ﬁdei
2487 2925 2617 2974 sure,
2663 2907 2856 2979 inquit,
2900 2909 3071 2977 prima
3111 2907 3407 2961 rudimenta

1847 2997 1977 3051 nihil
2002 2998 2149 3051 aliud
2180 3000 2400 3052 credidit
2444 2998 2552 3053 Deo
2579 3000 2818 3070 dignum,
2850 3016 3007 3069 quam
3054 3000 3099 3053 si
3144 2998 3411 3054 continen-

1849 3092 1976 3142 tiam
2017 3096 2310 3143 tueretur...
2349 3087 2480 3155 Quis
2513 3107 2741 3160 unquam
2778 3091 2914 3144 tanti
2957 3091 3198 3143 miraculi
3228 3090 3409 3143 memi-

1849 3176 1965 3229 nit?
2013 3175 2193 3247 Inepta
2224 3192 2445 3246 prorsus
2492 3188 2549 3232 et
2588 3180 2819 3233 absurda
2858 3178 3105 3234 laudandi
3158 3179 3316 3245 ratio,
3358 3180 3405 3234 si

1847 3268 2227 3322 continentiam
2248 3268 2552 3339 Cyprianus
2574 3279 2884 3339 perpetuam
2910 3284 3016 3324 non
3043 3282 3282 3336 voverat,
3309 3269 3405 3326 sed

1846 3356 1910 3409 ad
1937 3366 2144 3425 tempus
2164 3358 2389 3413 colebat.
2420 3359 2597 3425 Quare
2621 3360 2836 3415 etiamsi
2881 3359 3195 3431 Gregorium
3222 3376 3407 3417 mona-

1845 3447 2007 3502 steria
2046 3463 2153 3502 non
2195 3449 2528 3514 habuissent,
2570 3464 2676 3504 non
2702 3450 2924 3525 idcirco
2972 3464 3223 3518 magnum
3274 3450 3405 3507 illud

1843 3546 2219 3592 ornamentum
2251 3541 2551 3595 monastico
2588 3540 2833 3597 instituto
2872 3541 3009 3611 eripi
3048 3551 3246 3612 posset.
3298 3542 3405 3600 Sed

1844 3637 2023 3682 tamen
2058 3629 2272 3698 probari
2305 3638 2477 3699 potest
2520 3645 2642 3686 eum
2687 3648 2793 3688 non
2824 3632 3101 3688 minimam
3126 3634 3250 3689 vita:
3278 3647 3405 3704 pan-

1857 3726 1967 3774 tem
2008 3721 2060 3774 in
2086 3721 2409 3776 monasterio
2434 3722 2752 3778 traduxisse.
2776 3723 2830 3778 In
2859 3726 3184 3781 monasterio
3216 3724 3399 3779 Basilii

1841 3818 2201 3865 commoratus
2255 3819 2338 3866 est
2397 3810 2705 3880 aliquandiu
2764 3823 3051 3882 antequam
3120 3816 3401 3886 presbyter

1842 3910 2139 3965 crearetur,
2177 3912 2233 3956 et
2274 3901 2484 3971 qualem
2528 3904 2600 3959 ibi
2646 3905 2810 3959 vitam
2830 3916 3021 3973 egerit,
3051 3908 3265 3976 egregie
3295 3907 3392 3961 de-

1840 3991 2028 4047 scribit
2053 3991 2106 4046 in
2129 4006 2214 4061 ep.
2236 3990 2270 4046 8
2302 4002 2353 4047 et
2381 3993 2433 4049 9.
2461 3992 2614 4050 Unde
2651 4008 2755 4049 non
2787 3995 3055 4050 immerito
3080 3996 3311 4051 Basilius
3335 3996 3389 4050 in

1841 4080 1997 4150 epist.
2023 4080 2151 4146 223,
2174 4096 2230 4135 ιι.
2264 4082 2320 4149 5,
2352 4091 2576 4137 testatur
2613 4098 2794 4138 secum
2830 4084 2883 4138 in
2910 4086 3234 4140 monasterio
3261 4085 3396 4141 Gre-

1841 4172 2048 4239 gorium
2099 4172 2239 4227 idem
2276 4172 2399 4227 vitae
2439 4173 2740 4229 institutum
2785 4184 3025 4228 secutum
3068 4189 3208 4230 esse.
3243 4175 3399 4245 Fugit

1838 4261 2129 4331 Gregorius
2176 4262 2228 4317 iu
2272 4264 2514 4320 eamdem
2552 4264 2890 4319 solitudinem
2926 4267 3205 4337 presbyter
3237 4280 3392 4321 crea-

1841 4360 1943 4406 tus.
1981 4351 2129 4407 Haud
2154 4353 2265 4408 scio
2293 4369 2359 4407 an
2382 4356 2435 4408 in
2469 4355 2806 4410 solitudinem
2829 4357 3138 4412 monasterii
3164 4372 3222 4411 se
3246 4371 3394 4411 rece-

189 4451 286 4497 tete
334 4442 550 4497 abesset
602 4440 770 4499 fastus
800 4443 1117 4513 periculum.
1162 4455 1217 4500 et
1254 4446 1608 4516 posteriorum
1653 4458 1734 4503 tu-
1765 4457 1811 4513 ι)
1837 4441 1995 4512 perit,
2020 4457 2140 4497 cum
2170 4458 2356 4499 rursus
2376 4444 2431 4499 in
2454 4455 2684 4500 montem
2708 4445 2844 4516 fugit
2863 4454 2982 4514 post
3003 4446 3392 4501 ordinationem

186 4531 396 4595 mulli!!-

249 4623 391 4679 idem
426 4638 559 4694 ergo
605 4624 932 4696 propositum
982 4624 1082 4682 fuit
1122 4625 1384 4697 Gregorio
1414 4635 1465 4683 et
1502 4626 1729 4685 Basilio.

187 4711 409 4787 Utrique
448 4716 791 4772 solitudinem
824 4732 943 4773 cum
978 4720 1149 4775 sacris
1185 4720 1381 4777 litteris
1412 4721 1735 4793 conjungere

186 4803 376 4859 volenti
406 4818 504 4859 nec
525 4806 969 4863 anachoretarum
996 4809 1266 4865 arridebat
1287 4812 1392 4866 vita
1432 4826 1531 4867 nec
1564 4813 1736 4884 mlga-

183 4895 324 4948 dum.
361 4894 440 4949 Ac
474 4894 543 4950 de
567 4895 763 4952 Basilio
786 4897 1001 4967 quidem
1042 4908 1190 4955 certa
1232 4909 1286 4956 et
1321 4901 1591 4971 explorata
1644 4917 1730 4958 res

180 4992 274 5048 est,
316 4998 441 5039 eum
488 4985 683 5041 vixisse
724 4987 779 5042 in
814 4991 1138 5046 monasterio
1187 5000 1242 5047 et
1291 4992 1569 5063 discipulis
1617 4994 1731 5049 suis

181 5074 418 5129 eamdem
468 5076 679 5131 vivendi
723 5076 950 5133 tormam
995 5081 1403 5152 praescripsisse,
1450 5098 1614 5155 quam
1674 5084 1728 5138 in

183 5174 446 5222 monaster
475 5197 515 5222 ..ι
546 5165 762 5239 Egypt]
792 5170 1023 5236 viderat,
1068 5172 1141 5226 ita
1172 5181 1230 5227 ut
1274 5187 1374 5229 nec
1410 5175 1731 5230 necessariis

184 5257 245 5310 ad
284 5271 467 5313 sacras
506 5258 716 5315 litteras
758 5261 1037 5330 pmidiis,
1076 5272 1132 5317 ut
1159 5264 1522 5334 anachoreta},
1574 5281 1731 5322 cerea

184 5352 321 5407 rent,
368 5359 463 5400 nec
509 5355 568 5402 ut
618 5348 878 5418 migades,
930 5351 1150 5405 nimium
1201 5352 1479 5409 charitatis
1536 5355 1729 5411 officiis

184 5439 559 5495 uersarentur.
598 5435 694 5488 sed
724 5434 1111 5492 meditarentur
1133 5448 1188 5494 ut
1209 5442 1390 5511 primi,
1411 5442 1728 5509 prodessent

183 5522 235 5567 ut
266 5518 502 5573 secundi.
544 5517 664 5590 Ipse
703 5526 1010 5582 monasterii
1059 5527 1192 5585 situs
1242 5528 1500 5585 alierehat
1545 5534 1724 5587 omnia

242 5698 321 5772 (tt)
357 5705 529 5755 Carm.
562 5704 625 5756 de
654 5704 779 5757 vita.

1839 4531 2198 4588 Suslmensem
2226 4533 2324 4604 (a),
2360 4544 2452 4589 aut
2484 4550 2605 4589 cum
2640 4522 2781 4589 anno
2820 4536 2927 4590 515
2970 4535 3269 4591 Seleuciam
3304 4550 3393 4591 se-

1838 4624 2019 4690 cessit,
2051 4634 2109 4679 ut
2131 4626 2273 4696 quod
2306 4626 2502 4681 dudum
2537 4631 2850 4683 decreverat
2879 4628 3083 4683 amicos
3105 4636 3159 4683 et
3181 4626 3390 4697 negotia

1837 4712 2039 4783 lugere,
2070 4714 2123 4768 id
2150 4715 2360 4769 tandem
2385 4714 2683 4784 perliceret.
2719 4715 2823 4770 Sed
2844 4726 2989 4771 certe
3021 4716 3251 4771 dubitari
3286 4730 3389 4770 non

1836 4812 2012 4872 potest
2039 4804 2188 4873 quin,
2233 4805 2454 4873 abiectis
2499 4806 3100 4876 ConstantinOpolitanm
3139 4806 3389 4862 Ecclesia

1835 4891 2232 4961 gubernaculis,
2263 4895 2373 4948 ruri
2399 4897 2644 4950 monachi
2671 4897 2833 4950 vitam
2860 4895 3047 4967 egerit,
3078 4904 3137 4951 ut
3163 4903 3391 4950 testatur

1835 4981 2211 5055 Hieronymus,
2246 4995 2302 5040 et
2336 5000 2457 5042 cum
2484 4987 2763 5044 monachis
2788 4987 3002 5043 vixerit.
3040 4996 3099 5041 ut
3132 4986 3388 5043 discimus

1833 5085 1900 5127 ex
1927 5072 2205 5143 Facundo,
2230 5074 2326 5132 lib.
2360 5091 2457 5143 vu,
2480 5092 2533 5133 c.
2565 5077 2622 5132 7.
2655 5097 2667 5108 ο

2399 5243 2402 5246 ρ
2438 5169 2666 5226 CAPUT
2706 5168 2771 5226 v.

1834 5254 1874 5313 1.
1915 5255 1972 5311 S.
2001 5257 2230 5313 Basilius
2256 5277 2372 5314 cum
2401 5260 2676 5315 Eustathio
2708 5261 2988 5317 Sebasteno
3015 5258 3249 5315 amicitia
3268 5276 3386 5313 con-

1896 5327 2158 5398 iungitur.
2208 5329 2266 5383 ll.
2312 5331 2495 5398 Qualis
2535 5332 2614 5385 vir
2669 5331 2866 5385 exstitit
2920 5328 3248 5383 Eustathius.
3294 5329 3379 5383 Ill.

1902 5396 2113 5464 Decepit
2142 5402 2297 5451 etiam
2326 5396 2385 5454 S.
2414 5400 2695 5454 Eusebium
2736 5400 3151 5455 Samosatensent
3188 5398 3383 5453 Eusta-

1901 5468 2046 5538 tlt_ius_
2064 5468 2187 5533 ﬁdei
2224 5472 2453 5522 studium
2495 5480 2542 5524 et
2580 5474 2907 5525 sanctitatem
2945 5485 3054 5538 pra:
3088 5484 3151 5538 se
3191 5472 3378 5535 ferens.

1902 5533 1986 5588 IV.
2020 5535 2307 5592 Damnatus
2341 5543 2539 5593 videtur
2565 5540 2720 5594 ’uisse
2749 5540 2801 5591 in
2824 5533 3041 5593 concilio
3070 5533 3375 5607 Gangremi.
