4094 6308
759 346 828 385 ιι
2091 331 2612 390 PROLEGOMENA.

831 448 910 527 V._
948 445 1219 527 Nonnulla
1265 447 1725 527 qdvers‘usnhanq
1759 450 2076 527 sententiam.
2100 449 2317 527 _objecta_
2346 454 2392 509 Α
2418 449 2575 513 ciam,
2600 464 2663 504 ac
2686 449 2875 504 iterum
2908 465 2966 506 se
2997 452 3182 507 eodem
3206 455 3435 511 artiﬁcio
3458 458 3724 527 purgavit.
3753 459 3972 515 Addixit

831 518 1121 640 zolvuntur.
1159 516 1241 570 Vl.
1278 517 1389 569 Non
1413 518 1553 571 Aetii
1589 518 1834 587 magister
1864 516 2195 583 Eustathius,
2229 522 2317 573 sed

880 604 997 640 erit.

880 604 997 640 ενιι.

840 741 881 780 ι.
919 725 1139 779 Videtur
1168 723 1392 778 Basilius
1417 732 1543 777 tunc
1572 724 1799 793 primttm
1841 722 2133 777 amicitiam
2165 721 2317 776 iniis-

762 829 823 869 se
882 829 1003 869 cum
1069 814 1344 867 Eustatltio
1406 813 1705 868 Sebasteno
1742 813 1968 881 ejusque
2021 812 2316 882 discipulis,

763 921 885 962 cum
932 905 1089 961 rediit
1130 920 1195 958 es
1234 904 1471 960 Oriente.
1521 903 1634 972 Ipse
1680 904 1821 959 enim
1861 907 1927 958 ad
1972 904 2072 959 hoc
2108 912 2320 976 tempus

762 997 972 1053 initium
1008 996 1171 1051 refert
1198 994 1354 1064 hujus
1379 995 1795 1062 conjunctionis,
1828 996 1896 1051 ob
1924 1010 2083 1065 quam
2110 1000 2316 1066 gravis-

762 1086 910 1141 simae
942 1085 990 1141 ei
1022 1087 1276 1140 molestia:
1306 1094 1360 1139 et
1406 1100 1435 1139 a
1477 1086 1713 1153 pluribus
1740 1084 1857 1139 aliis
1890 1099 1944 1140 et
1975 1086 2043 1142 ab
2067 1086 2183 1158 ipso
2220 1090 2316 1144 de-

761 1193 907 1233 mum
932 1178 1210 1234 Eustathio
1233 1179 1558 1231 acciderunt.
1583 1177 1864 1248 Narrat(a)
1891 1192 1949 1233 se
1968 1193 2031 1233 ex
2059 1192 2321 1237 monaste-

761 1267 859 1323 riis
878 1268 1114 1323 Orientis
1144 1277 1199 1322 et
1226 1266 1443 1336 Egypti
1481 1268 1810 1333 redeuntem,
1852 1284 1973 1323 cum
2022 1272 2176 1337 hujus
2200 1274 2318 1328 vita:

764 1359 1058 1413 imitatores
1084 1359 1135 1411 in
1168 1360 1334 1427 patria
1371 1358 1678 1427 reperisset,
1705 1359 1905 1430 aliquid
1938 1360 2223 1428 adjumenti
2251 1365 2317 1417 ad

759 1450 985 1505 salutem
1029 1451 1130 1504 sibi
1163 1450 1332 1503 visum
1370 1463 1488 1503 esse
1516 1452 1773 1517 reperire.
1816 1450 1962 1504 Multi
2002 1466 2121 1505 eum
2152 1453 2318 1507 abdu-

760 1544 953 1596 cehant
994 1540 1062 1594 ab
1106 1541 1207 1594 hac
1235 1540 1640 1603 consuetudine,
1669 1548 1722 1593 et
1761 1554 1792 1592 a
1837 1540 2075 1594 moribus
2117 1555 2179 1595 ac
2216 1540 2318 1595 ﬁde

757 1630 1021 1687 Lustatltii
1056 1632 1351 1683 cavendum
1385 1631 1698 1682 monebant.
1722 1628 1827 1683 Sed
1851 1627 2081 1683 Basilius
2105 1629 2170 1682 de
2208 1628 2313 1681 vita

759 1721 1025 1775 Eustathii
1069 1718 1332 1787 judicium
1383 1717 1589 1772 ferebat
1634 1732 1699 1772 ex
1744 1718 1829 1773 his
1864 1732 1982 1786 qua:
2007 1717 2174 1773 oculis
2206 1719 2315 1772 suis

2419 554 2480 594 se
2502 540 2695 595 Basilio
2724 541 3029 611 Ancyrano,
3062 545 3222 612 eique
3249 560 3466 615 operam
3498 550 3712 603 navavit
3742 552 3795 605 in
3820 550 3974 605 refel-

2419 632 2577 686 lendo
2610 632 2788 695 Aetio,
2835 648 2991 700 quem
3043 633 3193 689 falsis
3222 637 3536 694 criminibus
3581 641 3719 707 apud
3763 640 3971 695 Gallum

2417 723 2680 779 Caesarem
2717 723 2771 775 in
2806 722 3056 777 invidiam
3094 726 3446 791 adduxerunt,
3487 728 3532 781 si
3562 729 3692 783 ﬁdes
3717 730 3971 785 adhiben-

2418 811 2483 864 da
2528 810 2882 881 Philostorgio
2929 810 3028 882 (d).
3071 811 3344 869 Dederunt
3379 816 3426 871 ei
3468 818 3673 879 Ariani.
3726 828 3861 873 teste
3914 821 3971 873 ὃ.

2416 903 2706 959 Athanasio
2726 901 2815 975 (c),
2839 905 3199 974 episcopatum
3217 904 3589 974 Sebastenum,
3618 921 3673 964 ut
3697 924 3974 965 eum.e0n-

2416 995 2661 1050 siliorum
2712 1011 2927 1051 suorum
2981 996 3272 1065 adjutorem
3336 998 3613 1054 haberent.
3666 1000 3771 1056 Sed
3817 1001 3975 1069 paulo

2419 1095 2544 1153 post
2586 1100 2707 1141 cum
2752 1086 2964 1156 plurimi
2992 1089 3224 1157 episcopi
3276 1089 3345 1143 ab
3389 1090 3602 1147 Arianis
3646 1093 3972 1162 impietatem

2419 1188 2602 1247 aperte
2629 1179 3045 1248 pra-dicantibus
3069 1196 3187 1237 sese
3217 1183 3599 1252 disjungerent,
3625 1198 3688 1239 ac
3716 1185 3887 1254 gratia
3922 1195 3977 1238 et

2417 1270 2738 1325 auctoritate
2786 1271 3071 1341 plurimum
3125 1272 3383 1337 valerent,
3421 1276 3600 1343 junxit
3649 1289 3707 1330 se
3743 1290 3865 1330 cum
3896 1278 3975 1331 eis

2419 1358 2751 1424 Eustathius,
2782 1375 3079 1430 eorumque
3104 1371 3285 1431 partes
3323 1373 3560 1418 sectatus
3585 1374 3668 1419 est
3699 1365 3750 1419 in
3788 1366 3974 1421 conci-

2416 1451 2486 1505 lio
2509 1451 2813 1521 Ancyrano,
2841 1451 2927 1505 ubi
2953 1452 3413 1507 Consubstautiale
3456 1456 3974 1510 anathematizatum

2414 1551 2517 1604 est,
2550 1554 2604 1595 et
2632 1543 2686 1596 in
2714 1541 3061 1609 Seleucieusi,
3090 1544 3177 1598 ubi
3214 1545 3482 1613 proposita
3514 1555 3596 1599 est
3634 1545 3975 1600 Antiochena

2416 1632 2536 1685 ﬁdei
2561 1630 2809 1686 formula.
2846 1631 3010 1686 Paulu
3047 1643 3168 1703 post
3194 1634 3409 1689 Arianis
3436 1634 3835 1689 dominantibus
3854 1651 3978 1689 suc-

2415 1722 2600 1776 cubuit
2643 1723 2979 1790 Eustathius,
3036 1739 3100 1779 ac
3141 1727 3404 1780 haeretica:
3442 1725 3685 1780 formula:
3734 1727 3977 1781 subscri-

759 1812 1006 1877 videbat;
1035 1809 1356 1866 humilitatis
1382 1818 1755 1879 argumentum
1798 1823 1917 1864 esse
1959 1810 2189 1863 ducebat
2219 1810 2316 1863 hu-
2347 1820 2387 1874 Β
2418 1816 2545 1882 psit.
2592 1828 2691 1868 nec
2734 1823 2913 1868 tamen
2960 1817 3343 1885 depositionem
3383 1825 3437 1871 et
3469 1816 3716 1870 exsilium
3767 1815 3975 1886 eﬂ‘ngit.

758 1904 937 1957 milem
979 1912 1182 1958 vestem
1221 1918 1235 1953 :
1268 1900 1626 1970 suspicionem
1673 1914 1884 1955 omnem
1938 1900 2193 1955 arcebant
2244 1902 2313 1955 ab

755 1996 874 2066 ejus
903 1996 1083 2049 animo
1104 1995 1475 2049 vestimentum
1510 2008 1775 2059 crassum,
1826 2007 1980 2059 zona,
2018 2007 2050 2049 e
2080 1994 2194 2047 rudi
2222 2008 2312 2047 co-

760 2091 841 2142 rio
887 2089 1275 2152 calceamenta,
1328 2096 1599 2141 austerum
1640 2086 1852 2139 vivendi
1887 2100 2073 2154 genus.
2129 2085 2313 2154 Itaque

761 2193 1007 2235 morosus
1048 2187 1167 2233 erat
1206 2179 1375 2233 laudis
1404 2177 1667 2231 Eustathii
1704 2176 1985 2242 defensor;
2030 2191 2091 2232 ac
2131 2192 2196 2231 ne
2224 2178 2313 2231 illa

757 2271 971 2340 quidem
1005 2270 1284 2337 probabat,
1310 2284 1429 2339 quae
1453 2271 1521 2325 de
1542 2268 1681 2324 illius
1704 2270 1805 2325 ﬁde
1831 2270 2161 2333 dicebantur,
2189 2282 2310 2322 eum

753 2362 822 2418 ab
853 2362 980 2416 Ario
1008 2362 1256 2416 edoctum
1287 2375 1426 2425 esse,
1466 2376 1531 2415 ac
1561 2362 1673 2415 Arii
1706 2362 1951 2432 dogmata
1986 2360 2123 2414 clam
2156 2375 2309 2427 spar-

754 2464 917 2518 gere;
946 2450 1039 2503 sed
1074 2464 1194 2503 cum
1235 2451 1349 2503 hmc
1383 2448 1611 2504 Basilius
1659 2464 1929 2518 nunquam
1969 2450 2083 2517 ipse
2122 2463 2219 2518 per
2252 2464 2311 2504 se

756 2540 1033 2603 audiisset.
1068 2541 1431 2611 sycophantas
1472 2554 1592 2596 esse
1629 2540 1867 2611 putabat,
1898 2542 1987 2609 qui
2025 2542 2136 2595 Itzec
2162 2550 2311 2594 nun—

758 2634 981 2685 tiabant.
1004 2629 1262 2700 Equidem
1287 2644 1391 2685 nou
1426 2632 1593 2687 miror
1622 2633 1676 2686 in
1703 2631 1987 2686 candidum
2008 2630 2190 2686 Basilii
2219 2646 2310 2702 pe-

757 2735 876 2779 ctus
900 2724 1101 2778 aditum
1142 2738 1246 2779 non
1278 2724 1548 2791 habuisse,
1586 2740 1705 2794 quae
1737 2725 1805 2780 de
1843 2724 2123 2781 Eustathio
2167 2727 2312 2780 dice-

759 2817 971 2870 bantur.
1004 2815 1249 2882 Accepta:
1290 2814 1432 2868 enim
1477 2815 1545 2869 ab
1585 2816 1715 2870 Ario
1753 2816 2042 2886 disciplina
2073 2825 2193 2883 post
2236 2826 2311 2871 tot

755 2921 925 2961 artutos
945 2908 1030 2960 vix
1054 2906 1166 2976 jam
1194 2905 1283 2959 ulli
1308 2914 1472 2960 testes
1506 2908 1557 2959 in
1579 2905 1915 2977 Cappadocia
1950 2917 2265 2977 supererant
2291 2925 2305 2961 :

754 2998 1020 3055 occultum
1066 3000 1302 3069 ejusdem
1353 3000 1569 3054 haeresis
1605 3001 1838 3056 studium
1886 3016 1989 3056 non
2022 3002 2175 3057 facile
2215 3003 2309 3057 de-

758 3091 1011 3164 prehendi
1039 3100 1267 3161 poterat.
1300 3089 1404 3145 Sed
1442 3106 1677 3146 amorem
1723 3093 1775 3145 in
1814 3092 2150 3148 Eustathium
2196 3092 2311 3147 Ion-

2418 1903 2599 1957 Rediit
2618 1905 2717 1957 sub
2738 1902 2974 1967 Juliano,
3009 1920 3071 1959 ac
3096 1906 3256 1959 variis
3278 1907 3527 1975 deinceps
3561 1905 3806 1959 formulis
3845 1909 3979 1973 sub-

2417 1996 2629 2065 scripsit
2656 1996 2799 2050 Zelis
2824 2005 2877 2049 et
2904 1995 3203 2066 Lampsaci,
3234 1998 3448 2053 Arianis
3469 2013 3680 2066 semper
3706 1998 3975 2054 infensus.

2416 2096 2469 2141 et
2493 2101 2611 2140 cum
2640 2089 2705 2141 iis
2734 2088 2823 2156 qui
2861 2086 3181 2142 Setniariaui
3215 2088 3549 2154 dicebantur,
3578 2099 3723 2143 arcte
3742 2091 3978 2158 conjun-

2416 2185 2557 2232 ctus.
2584 2176 2690 2231 Sed
2727 2186 2900 2231 tamen
2940 2179 3309 2247 persecutione
3339 2186 3459 2246 post
3489 2178 3778 2233 concilium
3808 2177 3979 2233 Lam-

2417 2283 2705 2339 psacenum
2736 2270 3155 2339 ingravescente,
3203 2270 3520 2339 subscripsit
3562 2271 3831 2325 haeretica:
3865 2272 3981 2327 for-

2418 2360 2573 2415 mulae
2604 2377 2619 2415 :
2655 2370 2851 2415 etcum
2876 2375 2940 2415 ea
2969 2376 3055 2415 res
3083 2376 3330 2431 magnum
3368 2362 3484 2431 ejus
3512 2362 3711 2416 nomini
3739 2362 3981 2417 dedecus

2416 2452 2674 2515 inureret,
2709 2449 2932 2506 Romam
2965 2452 3136 2519 petiit,
3161 2453 3248 2507 ubi
3275 2453 3542 2508 Nicaeuam
3586 2453 3742 2507 ﬁdem
3766 2456 3983 2523 profes-

2414 2557 2509 2597 sus
2551 2551 2652 2606 est,
2705 2556 2768 2596 ac
2795 2557 2857 2596 ea
2892 2543 3197 2599 conditione
3228 2557 3259 2597 a
3290 2542 3503 2598 Liberio
3538 2558 3671 2613 papa
3704 2549 3980 2616 receptus.

2415 2631 2646 2687 Rediens
2669 2632 2922 2697 libellum,
2947 2633 3037 2703 qui
3059 2635 3303 2689 eamdem
3326 2634 3482 2688 ﬁdem
3511 2635 3850 2700 continebat,
3886 2638 3985 2691 ob-

2417 2723 2535 2777 tulit
2560 2724 2767 2793 synodo
2799 2721 3128 2793 Tbyanensi.
3158 2724 3342 2779 Crevit
3381 2725 3704 2779 Arianorum
3734 2728 3981 2795 potentia

2413 2814 2513 2868 sub
2544 2813 2789 2878 Valente,
2836 2829 2902 2868 ac
2943 2824 3141 2870 metum
3187 2815 3364 2869 intulit
3394 2815 3698 2880 Eustatbio,
3755 2833 3824 2873 ne
3853 2834 3983 2873 scn-

2416 2905 2577 2959 tentia
2601 2906 2652 2957 in
2682 2897 2803 2959 cui.)
2838 2904 2968 2960 olim
2997 2905 3100 2960 lata
3134 2917 3501 2961 renovaretur.
3538 2906 3716 2974 Quare
3739 2910 3982 2965 medium

2412 3008 2471 3047 se
2489 3008 2609 3048 esse
2636 2994 2939 3049 Catholicos
2962 2996 3100 3050 inter
3129 3004 3182 3050 et
3212 2997 3495 3052 haereticos
3517 2998 3704 3063 voluit,
3730 3008 3790 3051 ut
3812 3009 3869 3054 et
3895 2999 3983 3052 fa-

2415 3097 2513 3137 mae
2544 3098 2653 3138 sua:
2680 3083 3002 3149 consuleret,
3052 3099 3151 3139 nec
3182 3085 3413 3139 Arianos
3446 3085 3703 3139 irritaret.
3730 3086 3985 3141 Detraxit

756 3157 876 3254 gius
905 3157 1242 3251 promovebit
1276 3178 1524 3245 Basilius,
1569 3181 1659 3249 qui
1694 3197 1814 3235 cum
1854 3196 1974 3237 eum
2002 3179 2309 3236 Constanti-
2337 3157 2378 3227 (ἶ
2412 3176 2458 3229 ei
2495 3174 2720 3229 Basilius
2757 3175 2898 3228 hunc
2942 3175 3101 3229 medii
3133 3175 3363 3229 hominis
3400 3184 3596 3229 statum
3631 3186 3688 3231 et
3718 3178 3770 3231 in
3808 3180 3983 3233 verba

757 3272 934 3344 nopoli
973 3271 1077 3326 labi
1120 3280 1174 3325 ct
1204 3273 1303 3325 sub
1336 3271 1558 3329 Valente
1589 3272 1751 3325 relabi
1783 3272 2004 3337 videbit,
2048 3273 2167 3325 Iictu
2196 3272 2309 3338 ejus

757 3365 1070 3435 pamitentia
1111 3365 1365 3433 deceptus
1397 3363 1463 3416 ab
1490 3378 1554 3417 eo
1582 3363 1849 3430 diligendo
1894 3372 1948 3417 et
1978 3363 2311 3418 defendendo

757 3470 861 3510 non
887 3454 1148 3517 discedet,
1172 3469 1271 3507 nec
1297 3453 1346 3507 ei
1373 3452 1799 3508 communionem
1832 3453 2175 3519 renuntiabit,
2209 3453 2307 3507 nisi

758 3561 880 3601 cum
912 3545 1060 3599 illius
1088 3545 1381 3615 nequitiam
1414 3558 1519 3598 non
1547 3544 1717 3598 solum
1752 3542 1920 3597 oculis
1962 3558 2025 3597 ac
2068 3544 2310 3597 manibus

757 3637 1193 3705 comprehendet.
1231 3635 1324 3691 sed
1361 3634 1524 3689 etiam
1548 3633 1893 3689 insanabilem
1927 3648 2045 3687 esse
2073 3633 2310 3687 animad-

758 3737 1083 3869 veliif‘iﬂihil
1114 3814 1259 3868 enim
1294 3810 1434 3867 aliud
1458 3811 1558 3866 fuit
1591 3812 1698 3866 vita
1728 3811 2011 3876 Eustathii,
2056 3811 2154 3866 nisi
2185 3826 2309 3883 per—

757 3917 915 3979 petua
965 3905 1185 3960 heresis
1237 3917 1293 3959 et
1342 3905 1618 3959 catholica
1670 3904 1928 3959 doctrina
1980 3905 2309 3970 vicissitudo,

757 4010 915 4069 prout
954 3999 1263 4053 alterutrum
1314 3998 1614 4053 ambitiosis
1650 3998 1763 4067 ejus
1799 3997 2039 4052 consiliis
2078 3995 2306 4049 favebat.

758 4092 1017 4163 Egressus
1042 4088 1389 4152 Alexandria,
1430 4088 1519 4142 ubi
1570 4089 1707 4142 inter
1754 4089 1966 4143 intimos
1999 4087 2114 4141 Arii
2157 4087 2311 4141 disci.

755 4183 907 4254 pulos
944 4182 1137 4245 fuerat,
1180 4183 1233 4236 iu
1276 4182 1480 4236 clerum
1515 4181 1906 4235 Antiochenum
1950 4191 2174 4235 conatus
2225 4190 2307 4235 est

752 4274 1018 4343 obrepere
1048 4272 1147 4343 (ὁ),
1193 4272 1392 4335 oblata,
1434 4280 1491 4325 ut
1523 4271 1809 4326 verisimile
1852 4280 1956 4335 est,
2000 4285 2145 4326 sane
2188 4271 2310 4326 ﬁdei

753 4363 1115 4428 confessione,
1142 4364 1237 4419 sed
1275 4380 1303 4417 a
1335 4363 1393 4417 S.
1431 4362 1706 4417 Eustathio
1736 4364 1964 4431 rejectus
2000 4373 2083 4417 est
2110 4364 2178 4417 ob
2209 4364 2308 4417 im-

754 4456 1028 4526 pietatem.
1061 4450 1259 4509 Verum
1294 4455 1361 4509 ab
1402 4455 1615 4509 Arianis
1651 4464 1832 4523 postea
1864 4462 2111 4523 receptus
2136 4454 2310 4508 credi-

757 4556 865 4609 tur,
892 4562 954 4598 ac
991 4545 1130 4599 forte
1158 4546 1227 4600 ab
1256 4544 1481 4609 Eulalio,
1512 4546 1602 4614 qui
1637 4544 1857 4601 Paulino
1881 4545 2141 4601 successit
2169 4561 2307 4601 anno

750 4638 878 4701 551,
908 4638 959 4690 iu
1002 4637 1141 4690 hunc
1183 4636 1383 4690 clerum
1421 4638 1618 4692 ascitus
1652 4645 1754 4691 est.
1784 4636 1976 4693 Pulsus
2020 4637 2120 4692 hac
2152 4636 2305 4702 urbe,

754 4726 842 4780 uhi
885 4726 1096 4781 Aetium
1142 4725 1337 4778 dicitur
1371 4725 1635 4790 docuisse,
1675 4724 1831 4780 rediit
1870 4726 1921 4779 in
1960 4728 2208 4796 patriam,
2242 4742 2306 4782 ac

756 4814 1074 4883 Hermogcni
1129 4814 1455 4882 impietatem
1506 4814 1647 4869 illius
1695 4816 2071 4870 condemnanti
2122 4831 2304 4871 sanam

754 4904 875 4957 iidei
922 4902 1315 4957 confessionem
1359 4902 1554 4958 obtulit
1608 4901 1700 4973 (c),
1733 4913 1786 4957 et
1830 4904 1897 4956 ab
1923 4919 1987 4959 eo
2030 4906 2307 4960 ordinatus

753 5005 855 5050 est.
892 4993 967 5049 Eo
992 5003 1201 5049 mortuo
1239 4994 1460 5049 contulit
1496 5009 1555 5051 se
1588 4994 1654 5048 ad
1695 4992 1977 5048 Eusebium
2002 4994 2303 5050 Constanti-

756 5086 1141 5154 nupolitanum,
1183 5099 1213 5138 a
1249 5100 1356 5155 quo
1384 5085 1567 5156 pulsus
1594 5086 1663 5141 ob
1687 5086 1893 5155 aliquas
1926 5101 2137 5150 causas,
2170 5101 2303 5155 quas

756 5174 982 5229 Basilius
1031 5173 1231 5229 referre
1275 5174 1444 5227 noluit
1476 5172 1796 5244 (depositum
1846 5172 2006 5226 fuisse
2033 5173 2106 5225 ait
2134 5172 2301 5227 Sozo-

759 5282 945 5321 mentis
968 5281 1033 5320 eo
1064 5267 1205 5336 quod
1234 5267 1410 5320 minus
1433 5266 1601 5321 fidelis
1627 5266 1680 5321 in
1704 5266 2003 5322 commissis
2026 5266 2300 5335 dispensa-

758 5359 992 5416 tionibus
1040 5360 1397 5429 deprehensus
1444 5357 1649 5421 fuisset)
1728 5360 1884 5417 rediit
1930 5360 1983 5415 in
2025 5359 2301 5430 Cappado-

827 5541 905 5609 (α)
943 5540 1040 5607 Ep.
1062 5538 1189 5600 ass,
1224 5556 1276 5593 η.
1298 5539 1353 5593 s.

824 5615 900 5678 ibi
941 5612 1194 5665 Albanas.
1226 5609 1325 5676 Ep.
1356 5610 1424 5661 ad
1449 5609 1588 5665 solit.

830 5685 899 5749 ir)
940 5680 1034 5749 Ep.
1066 5678 1190 5741 ἥδ,
1221 5695 1274 5731 ιι.
1298 5679 1351 5730 9.

824 5748 904 5822 id)
944 5748 1057 5805 Lib.
1088 5764 1169 5809 tu.
1196 5764 1243 5801 c.
1281 5749 1365 5813 16,
1390 5748 1476 5803 27.

2409 3265 2619 3321 Nicaeus
2642 3267 2826 3333 iurare
2865 3267 3039 3335 coegit
3067 3279 3209 3320 anno
3236 3265 3359 3320 575.
3410 3268 3478 3319 At
3509 3266 3597 3320 ille
3628 3269 3715 3320 ubi
3740 3270 3875 3323 vidit
3912 3286 3981 3325 ex

2408 3371 2470 3411 ea
2502 3372 2560 3410 re
2611 3370 2864 3426 magnum
2911 3354 3125 3425 aliquod
3170 3356 3561 3411 incommodum
3609 3360 3740 3413 oriri
3792 3376 3979 3429 posse.

2409 3458 2622 3497 omnem
2645 3442 2993 3497 acerbitatem
3030 3444 3082 3496 in
3105 3442 3360 3496 Basiliam
3389 3441 3599 3507 effudit,
3641 3453 3699 3497 ut
3735 3445 3983 3513 placaret

2410 3532 2661 3587 Arianos.
2691 3532 2897 3586 Secutae
2924 3541 3049 3586 sunt
3078 3532 3241 3587 varia:
3275 3530 3539 3597 formulae,
3581 3548 3811 3601 quarum
3843 3535 3985 3589 alte-

2414 3637 2552 3687 ram,
2582 3622 2795 3679 Gelasio
2827 3624 3055 3691 quodam
3088 3633 3451 3693 proponente,
3475 3626 3526 3677 in
3557 3624 3740 3679 Cilicia
3770 3630 3983 3696 recepit

2411 3716 2595 3770 eodem
2619 3729 2784 3782 anno,
2814 3716 3034 3769 alteram
3071 3716 3250 3786 (ἐγιίςὶ
3291 3716 3500 3772 duobus
3540 3727 3656 3787 post
3676 3720 3855 3774 annis.
3889 3719 3985 3774 ln-

2414 3807 2571 3861 terim
2603 3816 2801 3868 tamen,
2825 3820 2924 3861 nec
2951 3806 3165 3860 Arianis
3194 3808 3444 3862 catholici
3480 3808 3747 3878 dogmatis
3782 3812 3980 3865 defea—

2411 3909 2521 3960 sor.
2566 3911 2666 3952 nec
2706 3896 2995 3951 Catholicis
3028 3897 3257 3952 Arianus
3302 3898 3473 3954 videri
3524 3899 3755 3966 volebat,
3799 3901 3980 3956 donec

2413 3988 2629 4045 tandem
2657 4002 2799 4042 anno
2820 3987 2925 4042 575
2960 4000 3189 4045 exeunte
3211 3990 3491 4059 perfractis
3517 3993 3768 4047 omnibus
3801 3997 3979 4063 pudo-

2410 4082 2485 4136 ris
2514 4080 2782 4151 repagulis
2802 4095 2922 4136 sese
2948 4096 3068 4137 cum
3093 4081 3307 4137 Arisuis
3340 4083 3517 4152 palam
3541 4092 3596 4139 et
3627 4093 3814 4154 aperte
3837 4101 3978 4140 con-

2403 4172 2602 4240 junxit.

2477 4261 2565 4317 Ill.
2602 4261 2747 4318 Talis
2781 4273 2900 4318 crat
2923 4263 3259 4329 Eustathius,
3309 4266 3393 4318 cui
3428 4264 3659 4321 Basilius
3690 4269 3742 4323 in
3792 4273 3974 4324 maxi-

2409 4354 2510 4409 mis
2575 4354 2736 4409 rebus
2804 4354 3103 4409 conlidebat
3144 4358 3237 4424 (1),
3294 4357 3447 4426 cujus
3502 4359 3789 4429 discipulos
3842 4362 3973 4417 vita:

2409 4460 2519 4500 sua:
2539 4444 2842 4514 praesidium
2864 4458 2985 4498 esse
3017 4447 3246 4499 ducebat
3280 4448 3375 4515 (g).
3409 4446 3513 4501 Sed
3551 4464 3653 4502 non
3684 4450 3782 4504 soli
3816 4450 3975 4507 Basi-

2410 4533 2481 4587 lio
2505 4534 2811 4588 Eustathius
2839 4532 3026 4589 illusit.
3051 4533 3249 4587 Praeter
3278 4538 3409 4590 duos
3446 4536 3813 4594 Caesarienses
3851 4544 3977 4612 epi-

2410 4640 2621 4695 scopos,
2677 4640 2814 4695 quos
2848 4640 3006 4694 supra
3058 4625 3293 4682 diximus
3329 4627 3610 4684 Eustathio
3647 4630 3924 4700 ignovisse
3955 4678 3970 4702 ,

2417 4718 2729 4773 amicissimi
2749 4717 2918 4772 eidem
2940 4725 3097 4772 erant
3114 4719 3541 4787 praestantissimi
3560 4722 3681 4787 viri,
3710 4722 3973 4782 Silvanus

2412 4808 2713 4875 Tarsensis,
2768 4824 2831 4864 ac
2883 4808 2996 4878 ipse
3022 4810 3204 4873 etiam,
3257 4824 3413 4880 quem
3443 4811 3675 4869 Basilius
3710 4816 3974 4874 Ecclesiae

2409 4903 2570 4956 decus
2599 4909 2654 4955 et
2678 4900 2920 4956 columen
2944 4914 3062 4955 esse
3084 4903 3309 4966 sciebat,
3339 4903 3398 4956 S.
3427 4902 3687 4961 Eusebius
3707 4908 3975 4965 Samosa-

2411 4991 2594 5046 tensis.
2620 4989 2782 5045 Multa
2813 4991 2864 5043 in
2894 4989 3085 5047 litteris
3108 4990 3287 5046 Basilii
3325 5005 3536 5050 exstant
3575 4997 3827 5053 amicitia:
3856 5002 3977 5055 Eoo

2408 5083 2539 5138 scbii
2593 5090 2649 5137 et
2695 5081 2957 5136 Eustathii
3006 5083 3198 5137 indicia
3233 5082 3331 5155 (It).
3375 5085 3425 5141 ls
3474 5098 3782 5143 nascentem
3826 5093 3977 5146 inter

2407 5171 2658 5228 Basiliam
2694 5181 2750 5226 et
2782 5171 3115 5228 Eustathiun.
3160 5174 3482 5231 discordiam
3523 5181 3714 5235 sedare
3736 5195 3972 5238 conatus

2406 5276 2508 5320 est.
2556 5263 2787 5319 Vocatus
2829 5280 2968 5318 anno
2998 5265 3102 5319 372
3126 5266 3179 5320 in
3214 5269 3521 5324 Armeniam
3554 5268 3851 5329 Basiliusa
3906 5277 3969 5330 S.

2410 5356 2618 5411 Μοιριίο
2640 5366 2693 5410 et
2719 5354 3016 5423 Theodoto,
3052 5368 3160 5413 tum
3194 5370 3252 5416 ut
3276 5362 3470 5417 festum
3493 5365 3784 5433 quemdam
3819 5366 3968 5422 diem

2503 5541 2555 5602 ι)
2584 5536 2711 5589 Ibid.

2504 5605 2549 5673 f)
2585 5604 2681 5671 Ep.
2715 5606 2834 5659 119.

2482 5680 2555 5740 (9)
2593 5674 2689 5741 Ep.
2723 5676 2841 5729 151.

2483 5745 2558 5815 (ιι)
2590 5740 2683 5799 or.
2721 5745 2801 5798 12.
