4068 6320
1516 365 1674 420 ῊΤᾹ
1719 367 1775 421 S.
1824 366 1859 418 l‘.
1880 361 2081 416 'tSllJi.

3319 378 3411 416 ut

201 508 303 548 cum
338 493 413 546 eis
459 487 781 550 celebraret,
823 494 930 541 tum
977 493 1033 535 ιιι
1061 482 1126 536 de
1158 484 1434 538 Eustatbio
1474 495 1746 556 ageretur,
1778 497 1824 553 Α
1856 490 1907 542 in
1942 484 2148 552 synodo
2201 480 2617 536 Neocmsariensi
2657 477 3173 534 excommunicatum
3202 514 3216 538 ,
3267 485 3318 531 et
3358 478 3409 529 in

201 589 367 639 adesse
394 580 586 645 noluit,
622 592 900 651 preptcrea
940 578 1082 642 quod
1112 578 1394 637 Eusebius,
1433 595 1460 633 a
1495 595 1601 647 quo
1632 577 1747 645 plu-

203 677 373 728 rimum
422 674 660 741 priesidii
726 675 790 723 ad
844 670 1103 723 Eustathii
1159 670 1519 724 defensionem
1567 684 1748 737 spera-

202 766 279 818 bnl
310 763 401 829 (η).
437 780 499 818 eo
534 764 721 816 venire
753 776 856 813 non
899 763 1086 828 potuit.
1134 760 1399 814 llabemus
1438 763 1487 815 in
1518 762 1744 831 cpistola

206 852 289 907 ΙΟὸ
336 850 698 925 Sephronium
758 852 1019 907 Eustatltii
1090 851 1403 919 discipulum
1464 855 1745 906 Samosata

201 946 631 1013 proficiscentem,
681 945 906 1010 visendi,
960 954 1015 998 ιιι
1052 943 1343 997 verisimile
1376 955 1480 1005 est,
1535 944 1745 997 Eusebii

201 1052 360 1093 causa.
390 1038 540 1092 llanc
573 1039 640 1091 de
671 1038 953 1092 Eustathio
982 1036 1252 1091 hominum
1280 1036 1745 1107 priestantissimo-

202 1146 302 1186 rum
354 1131 661 1197 opinionem
708 1132 1079 1184 commovebat
1126 1128 1368 1181 simulata
1426 1143 1529 1179 non
1577 1127 1746 1180 solum

202 1224 491 1275 orthodoxae
530 1222 658 1275 fidei
702 1223 983 1289 professio.
1027 1218 1117 1272 sed
1149 1221 1306 1273 etiam
1359 1219 1618 1271 acerrima
1656 1221 1747 1270 dc-

203 1311 372 1365 fensio.
408 1308 621 1366 Nemini
656 1329 787 1367 sane
833 1314 883 1365 in
915 1314 1015 1364 hoc
1046 1325 1240 1378 genere
1267 1309 1616 1368 concedebat.
1657 1308 1745 1360 ubi

202 1418 249 1455 se
280 1404 547 1459 catholiris
573 1406 855 1458 addicebat
892 1402 1161 1471 partibus;
1199 1420 1260 1456 ac
1300 1402 1527 1452 mirabili
1582 1400 1745 1454 animi

202 1495 373 1549 ardore
407 1498 861 1563 consequebatur,
904 1505 960 1547 ut
999 1503 1051 1547 et
1093 1494 1375 1563 prieterita:
1422 1493 1560 1544 illius
1601 1492 1745 1545 labes

203 1584 477 1640 infirmitati
523 1587 893 1639 tribuerentur
924 1586 1193 1650 humanm,
1229 1599 1325 1637 nec
1360 1597 1597 1652 presens
1641 1587 1744 1637 ulla

202 1678 245 1730 in
266 1680 616 1746 suspicionem
641 1680 862 1748 perfidia
892 1678 1117 1733 veniret.

258 1771 392 1832 Quod
444 1771 591 1823 enim
639 1769 1016 1825 subscribendo
1043 1769 1503 1839 Constantinopoli
1554 1786 1743 1837 perca-

1850 577 2183 633 Antiochena
2238 576 2537 628 convictum
2592 569 2832 644 perjurii.
2887 570 2990 623 Sed
3042 572 3152 623 haec
3182 570 3410 622 concilia

1852 668 2007 725 nobis
2037 668 2269 721 tenebrae
2300 676 2442 719 sunt.
2474 667 2648 737 Longe
2680 666 2871 720 clarior
2893 674 2947 719 et
2988 663 3246 716 illustrior
3276 678 3404 731 syn-

1850 762 1985 816 odus
2043 760 2371 829 Gangrensis
2412 757 2464 809 in
2510 758 2893 829 Paphlagonia,
2950 759 3013 812 ad
3078 771 3236 825 quam
3284 768 3407 809 Cum

1849 850 2041 905 delata:
2073 849 2299 904 fuissent
2328 865 2531 920 inagnre
2578 850 2643 901 de
2682 850 2945 905 Eustathii
2974 847 3248 917 discipulis
3278 861 3408 915 que-

1852 943 2009 1005 rel:c,
2046 941 2229 1008 viginti
2262 956 2496 995 canones
2529 941 2593 991 ad
2640 940 2751 992 hcce
2785 944 3068 997 resecanda
3109 941 3237 994 vitia
3278 954 3408 992 con~

1850 1035 2045 1094 stitnti,
2089 1047 2223 1100 quos
2270 1036 2504 1101 synodus
2542 1030 2807 1083 Armeniae
2835 1032 3099 1100 CplSCOIJlS
3140 1030 3406 1085 inscribit.

1850 1126 2190 1179 Eustatltium
2254 1124 2607 1177 Sebastenutn
2682 1121 2837 1187 hujus
2899 1123 3085 1190 synodi
3144 1122 3407 1175 sententia

1850 1226 2087 1270 notatum
2147 1215 2308 1269 fuisse
2370 1214 2605 1268 referunt
2655 1214 2903 1267 Socrates
2951 1215 3028 1282 (ἱ)
3079 1213 3407 1269 ctSozome--

1854 1323 1955 1361 nus
1978 1309 2045 1377 (j)
2075 1326 2087 1361 :
2120 1309 2211 1363 sed
2232 1322 2415 1361 eorum
2443 1306 2740 1360 testimonia
2771 1320 2990 1375 prorsus
3030 1309 3274 1372 rejiciunt
3308 1303 3405 1357 Ba-

1850 1402 2035 1454 ronius
2064 1400 2158 1471 (Ιί),
2181 1401 2417 1469 Dupinus
2449 1409 2502 1454 et
2531 1398 2959 1465 BlondellusU),
2990 1411 3209 1462 quorum
3229 1397 3407 1466 opinio

1850 1492 2002 1545 valde
2036 1493 2326 1561 probabilis
2349 1494 2557 1543 videtur
2582 1492 2944 1545 Tillemontio.
2982 1488 3087 1541 Sed
3121 1492 3407 1554 quominus

1848 1584 2072 1638 eruditis
2122 1582 2226 1635 illis
2257 1582 2389 1635 viris
2439 1586 2649 1649 penitus
2693 1584 2990 1646 assentiar,
3046 1581 3284 1634 detinent
3321 1597 3405 1634 me

1849 1675 2103 1730 nonnulla
2140 1675 2407 1729 rationum
2438 1683 2730 1727 momenta.

1921 1773 1978 1823 1ο
2028 1770 2243 1824 Somnia
2281 1778 2362 1822 est
2394 1768 2732 1821 necessitudo
2760 1776 3057 1833 temporum
3089 1778 3135 1817 et
3167 1766 3404 1819 locorum

199 1870 349 1922 verat,
393 1860 441 1915 id
469 1862 844 1917 celeberrimis
873 1873 1058 1915 contra
1087 1861 1405 1925 Eudoxium,
1438 1863 1739 1931 Enippium,
1777 1842 1815 1894 Β
1848 1875 1967 1914 cum
2017 1860 2296 1914 Eustathio
2348 1860 2665 1913 Sebasteno.
2708 1858 2753 1911 ls
2805 1858 2946 1911 enim
2997 1856 3274 1907 monastici
3326 1858 3405 1905 in-

199 1950 481 2023 Georgium,
518 1966 571 2006 et
594 1953 849 2004 Acacium
882 1951 1075 2006 litteris
1109 1952 1183 2022 (b)
1216 1955 1434 2021 expiare
1465 1954 1611 2004 visus
1638 1960 1738 2015 est,

198 2060 311 2114 quas
338 2050 399 2099 al
426 2060 620 2100 omnes
653 2044 915 2098 Ecclesias
947 2044 1111 2099 misit.
1146 2045 1380 2114 Negabat
1410 2057 1502 2095 eos
1529 2044 1736 2110 episco-

196 2152 277 2206 pos
306 2154 416 2192 esse
458 2146 521 2191 et
555 2136 789 2204 Spiritus
835 2138 1006 2192 sancti
1044 2136 1354 2204 participes.
1388 2132 1539 2187 Unde
1578 2134 1740 2187 etiam

198 2230 389 2282 minime
414 2229 581 2282 cessit
611 2228 728 2283 lata:
757 2231 808 2281 in
841 2244 897 2281 se
926 2226 1206 2279 sententia:
1226 2264 1239 2285 ,
1268 2226 1515 2293 quamvis
1538 2241 1566 2277 a
1593 2227 1743 2291 quiu-

198 2322 347 2385 3entis
375 2322 643 2391 episcopis
684 2321 968 2371 damnatus
998 2325 1161 2369 esset.
1196 2314 1429 2370 Rediens
1473 2331 1502 2368 e
1540 2315 1743 2368 Darda-

198 2411 288 2477 nia,
313 2428 465 2481 quam
501 2412 554 2464 in
600 2406 868 2475 regionem
907 2406 1172 2476 relegatus
1212 2404 1418 2459 videtur
1448 2404 1635 2469 fuisse,
1667 2404 1743 2457 al-

198 2502 314 2555 taria
339 2499 584 2553 Basilidis
620 2499 907 2554 evertit.et
946 2499 998 2552 in
1037 2499 1269 2567 propriis
1301 2499 1502 2551 mensis
1535 2502 1741 2553 sacrifi-

196 2592 315 2643 cavit
347 2589 435 2660 (c).
492 2589 809 2658 Segregavit
851 2590 1012 2640 etiam
1044 2602 1072 2639 a
1109 2602 1201 2640 sua
1247 2589 1624 2641 communione
1655 2592 1741 2642 El-

196 2682 371 2749 pidium
418 2682 759 2736 Satalcnsetn
818 2679 1151 2749 episcopum,
1204 2694 1268 2735 eo
1324 2681 1466 2748 quod
1518 2681 1563 2734 is
1618 2696 1739 2735 cum

194 2774 410 2829 Amasene
459 2775 713 2843 episcopo
765 2773 1207 2828 communicaret.
1262 2772 1563 2838 Quinetiam
1633 2789 1739 2828 non

197 2867 341 2922 multo
383 2877 677 2936 antequam
728 2882 758 2919 a
790 2864 972 2919 Basilii
1002 2865 1384 2919 communione
1416 2865 1737 2931 discederet,

193 2959 428 3013 ecclesias
448 2961 692 3012 Atnasea:
723 2967 777 3011 et
803 2957 1053 3011 Zelorum
1084 2956 1376 3009 insectatus
1412 2955 1608 3020 fuerat,
1640 2956 1741 3011 ibi-

191 3064 281 3117 que
321 3050 661 3118 presbyteros
702 3059 755 3103 et
795 3050 1053 3102 diaconos
1103 3048 1481 3102 constituerat.
1532 3048 1738 3117 Lapsus

192 3142 277 3196 sub
303 3140 665 3209 \'alente(d),
703 3140 941 3195 fraudem
989 3140 1090 3195 sibi
1138 3140 1335 3194 factam
1379 3141 1433 3194 in
1482 3144 1805 3237 concioneC

192 3232 501 3301 deploravit,
538 3242 699 3301 atque
724 3232 859 3287 hanc
886 3232 1146 3302 purgandi
1172 3234 1334 3287 errati
1363 3234 1623 3288 rationem
1654 3234 1735 3287 in-

193 3327 345 3392 venit,
387 3339 444 3380 ut
475 3328 699 3381 Romam
734 3326 1001 3393 profectus
1037 3326 1161 3378 inde
1199 3326 1416 3378 Patrum
1460 3326 1619 3379 fidem
1653 3340 1738 3379 re.-

195 3414 355 3472 l'erret.
402 3420 522 3484 Quo
554 3418 721 3485 magis
755 3418 1067 3469 crederetur
1094 3416 1217 3468 huic
1242 3415 1444 3468 homini
1480 3417 1563 3485 (e)
1591 3457 1605 3479 ,
1643 3417 1738 3469 ad-

190 3508 388 3576 iuvabat
418 3519 697 3562 austerum
724 3507 935 3560 vivendi
978 3522 1145 3575 genus
1171 3548 1185 3571 ,
1215 3518 1267 3561 et
1306 3508 1471 3561 multa
1520 3524 1737 3579 magna—

194 3616 294 3653 rum
325 3601 615 3655 simulacra
646 3601 925 3654 virtutum.
952 3599 1179 3654 Tantam
1206 3602 1520 3655 charitatem
1545 3617 1653 3669 prae
1678 3616 1735 3654 se

194 3692 376 3748 ferebat
396 3694 478 3764 (f)
508 3702 563 3747 ut
594 3708 691 3762 pro
714 3693 901 3763 quavis
927 3693 1105 3747 anima
1141 3693 1399 3747 sollicitus
1425 3694 1731 3757 videretur;

203 3787 269 3855 (ς)
304 3787 657 3842 constantiam
698 3788 747 3840 in
785 3787 887 3839 vita
919 3802 1155 3849 scrvare,
1203 3795 1255 3839 et
1283 3786 1615 3837 mendacium
1652 3785 1734 3838 vel

194 3876 239 3929 in
272 3879 499 3932 minimis
530 3880 690 3932 rebus
719 3887 773 3930 ut
810 3875 1067 3930 horribile
1098 3875 1348 3944 quiddam
1381 3878 1618 3929 aversari
1651 3877 1731 3928 vi—

191 3967 414 4022 debatur.

251 4058 326 4113 IV.
356 4059 669 4114 Eustathius
690 4059 1017 4114 Sebastenus
1038 4060 1178 4115 circa
1210 4059 1335 4114 illud
1368 4068 1594 4127 tempus,
1624 4074 1729 4128 quo

192 4164 242 4204 se
269 4150 486 4205 Basilius
521 4152 585 4203 ad
636 4152 749 4219 ejus
785 4152 1074 4206 amicitiam
1120 4154 1410 4220 applicuit,
1457 4154 1729 4219 depositus

195 4252 263 4296 est
298 4244 348 4297 in
388 4242 622 4298 concilio
650 4241 995 4295 Melitinensi.
1049 4242 1151 4295 Sed
1187 4245 1299 4296 huic
1326 4243 1612 4311 ignominia
1652 4245 1730 4296 ni-

195 4333 256 4385 hil
290 4345 411 4391 tunc
456 4335 639 4389 nocuit
669 4333 971 4398 Eustatbio,
1021 4336 1109 4403 qui
1162 4336 1525 4404 episc0patum
1574 4352 1726 4390 suum

196 4427 385 4481 retinuit
424 4445 439 4481 :
479 4429 588 4481 imo
622 4427 785 4480 decus
811 4427 857 4481 ei
888 4428 1027 4495 apud
1059 4428 1225 4481 bonos
1255 4428 1458 4481 addidit
1486 4470 1499 4493 ,
1548 4438 1728 4495 utpote

1847 1954 2016 2007 stitnti
2053 1968 2241 2006 auctor
2267 1953 2474 2006 exstitit
2500 1952 2638 2019 apud
2672 1950 2954 2005 Armenios
2978 1990 2991 2013 ,
3023 1949 3171 2002 Ponti
3204 1947 3405 2000 incolas

1844 2054 1897 2097 et
1934 2027 2321 2112 l'aphlagonas,
2349 2053 2403 2095 ιιι
2437 2059 2503 2098 ex
2546 2042 2844 2095 Sozumeno
2871 2042 3124 2094 discimus
3153 2040 3265 2109 (in).
3301 2039 3401 2092 So-

1845 2137 2053 2190 zou‘teni
2090 2138 2455 2190 testimonium
2489 2135 2769 2189 confirmat
2803 2134 3031 2188 Basilius
3079 2136 3155 2201 (η)
3179 2173 3193 2195 ,
3226 2134 3312 2199 qui
3345 2146 3403 2183 se

1847 2229 1911 2279 ad
1942 2228 2276 2281 Eustathium
2301 2270 2315 2293 ,
2372 2239 2429 2281 ιιι
2466 2228 2790 2297 prmcipuum
2828 2226 2911 2278 his
2959 2225 3009 2277 in
3048 2224 3181 2278 locis
3213 2238 3399 2276 mona—

1845 2318 1993 2370 sticzn
2027 2319 2149 2371 vita:
2186 2321 2536 2386 magistrum,
2588 2319 2836 2371 contulit.
2887 2316 3000 2370 Non
3047 2315 3202 2385 pauci
3246 2322 3403 2367 erant

1843 2410 2128 2464 Eustathio
2156 2411 2426 2478 discipuli.
2459 2426 2686 2478 quorum
2713 2410 3013 2463 charissimi
3040 2410 3239 2477 quique
3260 2423 3402 2461 sem-

1843 2522 1936 2575 per
1966 2522 2085 2561 cum
2117 2504 2314 2560 Basilio
2346 2506 2560 2559 fuerunt
2589 2506 2661 2575 (0)
2691 2525 2702 2558 :
2741 2505 2976 2558 nonnulli
3008 2521 3138 2556 vero
3172 2505 3246 2573 (ιτ)
3279 2519 3402 2570 pra-
3462 2505 3470 2511 ’

1844 2600 1923 2652 vis
1952 2600 2063 2652 suis
2097 2598 2338 2653 moribus
2368 2598 2722 2653 monasticum
2771 2598 3070 2650 institutum
3110 2597 3401 2650 dedecora-

1844 2699 1987 2742 ruut.
2044 2691 2199 2743 Plura
2234 2694 2560 2745 monasteria
2585 2734 2598 2756 ,
2640 2694 2753 2745 sive
2797 2692 2973 2758 plures
3012 2690 3395 2752 fraternitates,

1844 2792 1903 2835 ιιι
1935 2784 2166 2852 appellat
2199 2785 2449 2847 Basilius,
2488 2786 2764 2837 l-lustathin
2814 2785 3080 2851 subjectas
3115 2784 3278 2835 fuisse
3313 2784 3397 2833 vel

1842 2875 2031 2927 saltem
2077 2876 2283 2943 magnis
2324 2890 2444 2929 cum
2484 2890 2547 2927 eo
2578 2875 3060 2929 necessitudinibus
3098 2874 3393 2936 devinctae,

1842 2965 2191 3019 observamus
2229 2967 2294 3019 ad
2344 2966 2499 3034 epist.
2529 2965 2667 3029 2'23,
2721 2983 2775 3018 n.
2915 2966 3069 3019 Stare
3119 2983 3246 3034 ergo
3286 2982 3391 3019 non

1838 3067 2013 3125 potest
2046 3056 2255 3110 Baronii
2286 3059 2572 3119 sententia,
2605 3058 2692 3125 qui
2718 3073 2781 3109 ne
2810 3059 2857 3108 ιιι
2888 3059 3097 3125 quidem
3126 3058 3401 3123 concedit,

1840 3148 2178 3201 Eustathium
2244 3149 2598 3201 monasticam
2660 3148 2824 3199 vitam
2897 3146 3196 3215 professum
3255 3162 3392 3199 esse.

1839 3236 2041 3289 Prmter
2069 3234 2246 3289 Basilii
2298 3240 2672 3290 auctoritatem
2723 3238 2981 3290 habemus
3009 3236 3283 3305 Epiphanii
3318 3246 3396 3289 te-

1841 3328 2153 3380 stimonium
2192 3327 2303 3397 (q),
2333 3329 2423 3397 qui
2476 3328 2810 3381 Eustathium
2863 3339 2911 3381 et
2958 3328 3177 3379 Aeriam
3237 3328 3394 3379 simul

1838 3422 2121 3474 asceticam
2170 3421 2333 3474 vitam
2371 3420 2676 3474 exercuisse
2705 3420 2835 3472 dicit
2868 3458 2884 3484 ,
2917 3429 2971 3471 ut
3005 3418 3259 3473 adversus
3294 3418 3397 3471 Ba-

1839 3515 2047 3566 ronimn
2085 3515 2337 3566 observat
2367 3512 2762 3567 Tillemontius.
2796 3512 2948 3578 Quod
2980 3522 3157 3565 autem
3192 3522 3398 3579 spectat

1838 3605 1903 3656 ad
1932 3604 2121 3672 synodi
2157 3603 2487 3669 Gangrensis
2539 3613 2768 3671 tempus,
2802 3619 2994 3672 magna
3034 3612 3118 3657 est
3148 3618 3207 3657 ea
3243 3604 3308 3658 de
3338 3618 3397 3659 re

1836 3697 2229 3751 sententiarum
2262 3698 2500 3750 varietas
2524 3736 2539 3759 ,
2582 3697 2700 3749 a‘liis
2739 3696 2881 3750 circa
2917 3712 3114 3748 annum
3148 3696 3253 3749 540
3278 3697 3397 3765 ,Ιιοο

1837 3787 2121 3841 concilium
2155 3787 2572 3850 eollocantibus,
2594 3786 2726 3839 aliis
2758 3795 2874 3855 post
2898 3802 3095 3839 annum
3121 3786 3258 3841 560:
3299 3787 3392 3840 sed

1834 3894 1991 3932 nemo
2038 3878 2165 3933 illud
2203 3880 2269 3933 ab
2312 3889 2471 3933 aetate
2520 3878 2783 3932 Eustatbii
2839 3878 3117 3933 Sebasteni
3167 3878 3391 3933 divellit.

1832 3969 1964 4025 Cum
1993 3984 2122 4038 ergo
2150 3960 2385 4039 synodus
2424 3968 2752 4038 Gangrensis
2782 3969 3140 4033 Eustathium,
3174 3969 3257 4024 vel
3287 3972 3394 4025 sal-

1835 4073 1941 4118 tem
1976 4065 2117 4118 illius
2152 4064 2444 4132 discipulos
2478 4063 2742 4118 sententia
2772 4079 2866 4117 sua
2902 4064 3204 4131 notaverit;
3238 4080 3389 4119 cum-

1832 4168 1937 4222 que
1970 4154 2157 4208 iisdem
2190 4154 2241 4206 in
2288 4154 2421 4208 locis
2468 4155 2763 4221 eodemque
2814 4164 3052 4224 tempore
3081 4156 3391 4209 Eustathius

1835 4242 2164 4298 Sehastenus
2192 4245 2479 4298 monastici
2509 4244 2734 4298 instituti
2768 4245 2868 4299 dux
2905 4255 2958 4298 et
2992 4255 3179 4299 auctor
3206 4244 3387 4308 fuerit,

1832 4352 1928 4389 cur
1966 4337 2103 4389 alius
2132 4346 2405 4405 qumratur
2438 4336 2789 4390 Eustathius?

1903 4430 1962 4481 2·
2017 4427 2129 4482 Non
2160 4443 2345 4495 magna
2371 4441 2486 4481 erat
2513 4427 2651 4482 inter
2674 4427 2938 4481 Eustatbii
2964 4427 3247 4492 discipulos
3270 4443 3390 4482 sen-

196 4518 250 4572 ab
277 4520 528 4589 improbis
561 4520 779 4574 Arianis
833 4521 1030 4575 inusta.
1075 4520 1170 4575 llis
1217 4522 1359 4574 enim
1404 4522 1535 4576 adeo
1579 4523 1725 4576 cordi
1758 4527 1805 4585 ι)
1836 4522 2121 4573 tentiarutn
2168 4520 2491 4573 consensio:
2528 4518 2666 4571 unde
2712 4517 2977 4571 nonnullis
3021 4519 3260 4586 quaedam
3305 4528 3388 4569 at-

196 4609 275 4664 fuit
302 4614 412 4667 hinc
463 4615 734 4683 synodus,
793 4625 849 4667 ut
899 4616 1143 4682 quamvis
1180 4614 1490 4667 Eustathius
1538 4629 1721 4668 eorum

199 4700 407 4760 formulae
437 4720 579 4759 anno
608 4706 711 4759 560
744 4708 1152 4775 subscripsisset
1182 4706 1274 4775 (It)
1301 4746 1316 4769 ,
1370 4720 1489 4759 eum
1542 4714 1716 4759 tamen

198 4798 470 4869 episcopatu
513 4800 725 4867 penitus
765 4799 1084 4867 deiecerint,
1126 4808 1404 4866 prepterea
1446 4795 1583 4865 quod
1627 4812 1723 4847 an-

202 4898 267 4941 tea
291 4891 338 4944 in
362 4892 585 4947 concilio
621 4890 938 4946 Melitinensi
972 4892 1245 4960 depositus
1283 4890 1475 4943 fuerat.
1529 4889 1722 4941 Narrat

201 4979 419 5036 Socrates
444 5000 561 5039 eum
591 4985 657 5037 ab
683 4984 886 5037 Eulalio
914 4995 1084 5051 patre,
1112 4982 1717 5051 episcopo-Csesariensi,

200 5072 473 5130 damnatum
502 5095 517 5129 :
546 5078 598 5131 id
624 5076 910 5132 confirmat
936 5076 1286 5140 Sozomenus,
1319 5076 1571 5145 additque
1600 5089 1720 5127 eum

254 5252 318 5320 (α)
356 5253 444 5317 Ep.
472 5253 560 5313 98,
604 5270 655 5305 ιι.
689 5255 737 5305 l.

255 5325 317 5385 (ο)
348 5322 438 5385 Ep.
461 5324 585 5376 2H.
622 5344 673 5376 ιι.
702 5332 764 5381 bi
826 5323 952 5381 231,
984 5338 1036 5373 ιι.
1065 5320 1098 5372 ἓ

258 5338 317 5385 ιοι
348 5338 438 5389 ιιι.
461 5338 585 5376 2H.
622 5344 673 5376 ιι,
702 5338 764 5381 υς
826 5338 952 5381 2.”,
984 5338 1036 5373 lt.
1065 5338 1117 5372 Ζ.

348 5393 601 5477 ﬁli.
634 5410 686 5446 ιι.
712 5396 786 5477 "2;
839 5394 963 5453 iiii,
1000 5410 1050 5443 ιι.
1085 5392 1133 5444 5.

256 5462 300 5527 (ά
355 5462 441 5528 Ep.
470 5462 595 5525 Ξιιιι,
630 5481 679 5515 ιι.
708 5463 759 5514 5.

254 5466 327 5599 (el
350 5532 437 5599 Ep.
460 5533 583 5594 225,
623 5551 675 5584 ιι.
708 5532 761 5583 2.

251 5601 318 5669 (ri
350 5602 438 5669 Ep.
468 5604 551 5657 79.

257 5610 551 5735 “lii;
683 5672 713 5684 -

257 5688 317 5806 li)
353 5688 438 5806 sli:
470 5689 757 5803 eos,"§..°'s

248 5760 317 5809 νυ
353 5760 438 5807 np.
471 5760 592 5803 τοο,
634 5760 686 5792 ιι.
727 5760 779 5793 ί».

247 5810 284 5880 (ι
308 5810 325 5877 )
352 5809 458 5867 Lib.
490 5828 550 5874 ιι.
584 5827 628 5864 c.
658 5812 741 5863 Mi.

443 5928 700 5986 PATROL.
732 5925 847 5986 Gn.
881 5923 1113 5984 XXIX.

1837 4613 2025 4665 tribuit
2059 4614 2315 4680 synodus,
2350 4627 2467 4679 qua:
2493 4612 2543 4663 in
2578 4610 2709 4663 alios
2733 4625 2836 4663 non
2871 4609 3095 4663 confert.
3127 4612 3213 4661 Ait
3245 4612 3384 4663 enim

1831 4719 1933 4755 non
1975 4719 2295 4755 communem
2321 4720 2428 4755 esse
2451 4704 2677 4754 omnium
2708 4704 3050 4765 sententiam,
3080 4704 3166 4754 sed
3197 4720 3382 4755 unum-

1824 4810 2073 4862 quemque
2100 4795 2237 4862 quod
2259 4795 2355 4846 sibi
2381 4794 2629 4860 placuerit
2653 4796 2706 4846 id
2729 4795 3017 4855 asciscere;
3048 4796 3181 4845 unde
3210 4803 3259 4845 ct
3283 4792 3386 4845 Ec-

1828 4888 1994 4939 clesia:
2026 4887 2279 4951 ritttpert’a
2306 4897 2350 4938 el
2374 4887 2597 4953 sibiipsis
2629 4887 2875 4938 damnum
2901 4885 3179 4938 conciliant
3206 4902 3224 4937 :
3246 4884 3385 4937 Οὔτε

1829 4977 1935 5047 γὰρ
1964 4978 2111 5046 κοινὴ
2142 4976 2331 5045 γνώμη
2362 4976 2537 5028 αὐτῶν
2568 4976 2818 5028 ἁπάντων
2850 4975 3079 5041 ἐγένετο,
3111 4974 3223 5025 ἀλλ’
3257 4974 3385 5025 ἔκαε

1831 5086 1982 5131 στος,
2030 5070 2165 5136 ὅπερ
2214 5068 2279 5119 ἂν
2325 5068 2662 5137 ἐνεθυμήθη,
2719 5066 2871 5118 τοῦτο
2917 5065 3251 5135 προσέθηκεν
3295 5068 3380 5117 ἐπὶ

1900 5246 1977 5314 (j)
2020 5244 2135 5297 Lib.
2165 5260 2245 5305 ιιι,
2278 5244 2443 5314 c._t4.

1896 5312 1967 5384 (lt)
2021 5314 2097 5384 Ad
2131 5331 2255 5365 ann.
2277 5312 2405 5365 564.

1894 5382 1981 5449 (ί)
2019 5383 2091 5435 Dc
2116 5386 2360 5448 primatu,
2401 5382 2601 5448 p.458.

1891 5456 1987 5526 (mi
2021 5454 2257 5526 bibant,
2290 5466 2339 5505 c.
2374 5452 2453 5526 [4.

1888 5522 1990 5599 (ιη)
2020 5522 2355 5599 βρηεὲὗκη.
2386 5522 2439 5575 3.

1891 5592 1966 5663 (ο)
2021 5594 2151 5645 lbitl.
2188 5610 2239 5663 ιι.
2267 5592 2322 5644 5.

1894 5665 1968 5733 (ρ)
2020 5664 2113 5733 sp.
2148 5662 2267 5715 tta.

1883 5738 1954 5805 (ᾳ)
2018 5732 2217 5787 llzeres.
2244 5746 2393 5787 Lxxv.
