  <div class='ocr_page' id='page_1' title='image "/cluster/home/n/w/nwhite01/storage/ocr_20150623/29/pst.000005712274/029.png"; bbox 0 0 4094 6308; ppageno 0'>
   <div class='ocr_carea' id='block_1_1' title="bbox 696 388 805 427">
    <p class='ocr_par' dir='ltr' id='par_1_1' title="bbox 696 388 805 427">
     <span class='ocr_line' id='line_1_1' title="bbox 696 388 805 427; baseline -0.037 1"><span class='ocrx_word' id='word_1_1' title='bbox 696 388 805 427; x_wconf 64' lang='lat' dir='ltr'><strong>XX&quot;</strong></span> 
     </span>
    </p>
   </div>
   <div class='ocr_carea' id='block_1_2' title="bbox 2037 358 2569 415">
    <p class='ocr_par' dir='ltr' id='par_1_2' title="bbox 2037 358 2569 415">
     <span class='ocr_line' id='line_1_2' title="bbox 2037 358 2569 415; baseline 0 -4"><span class='ocrx_word' id='word_1_2' title='bbox 2037 358 2569 415; x_wconf 75' lang='lat' dir='ltr'><strong>PRULECOMENA.</strong></span> 
     </span>
    </p>
   </div>
   <div class='ocr_carea' id='block_1_3' title="bbox 696 472 2267 561">
    <p class='ocr_par' dir='ltr' id='par_1_3' title="bbox 696 477 2262 561">
     <span class='ocr_line' id='line_1_3' title="bbox 696 477 2262 561; baseline -0.008 -15"><span class='ocrx_word' id='word_1_3' title='bbox 696 491 911 561; x_wconf 69' lang='grc' dir='ltr'>διαϐολῇ</span> <span class='ocrx_word' id='word_1_4' title='bbox 941 489 1037 557; x_wconf 72' lang='grc' dir='ltr'><strong>τῆς</strong></span> <span class='ocrx_word' id='word_1_5' title='bbox 1080 485 1432 554; x_wconf 77' lang='grc' dir='ltr'>Ἐκκλησίας,</span> <span class='ocrx_word' id='word_1_6' title='bbox 1480 482 1569 534; x_wconf 70' lang='grc' dir='ltr'><strong>καὶ</strong></span> <span class='ocrx_word' id='word_1_7' title='bbox 1603 478 1795 533; x_wconf 72' lang='grc' dir='ltr'>ἑαυτοῦ</span> <span class='ocrx_word' id='word_1_8' title='bbox 1835 477 2024 548; x_wconf 68' lang='grc' dir='ltr'>βλάϐῃ.</span> <span class='ocrx_word' id='word_1_9' title='bbox 2074 480 2125 532; x_wconf 87' lang='lat' dir='ltr'><strong>Id</strong></span> <span class='ocrx_word' id='word_1_10' title='bbox 2168 496 2262 533; x_wconf 87' lang='lat' dir='ltr'><strong>atl-</strong></span> 
     </span>
    </p>
   </div>
   <div class='ocr_carea' id='block_1_4' title="bbox 2373 472 3925 561">
    <p class='ocr_par' dir='ltr' id='par_1_4' title="bbox 2373 472 3925 542">
     <span class='ocr_line' id='line_1_4' title="bbox 2373 472 3925 542; baseline -0.001 -15"><span class='ocrx_word' id='word_1_11' title='bbox 2373 494 2468 530; x_wconf 88' lang='lat' dir='ltr'><strong>non</strong></span> <span class='ocrx_word' id='word_1_12' title='bbox 2501 492 2584 530; x_wconf 85' lang='lat' dir='ltr'><strong>eos</strong></span> <span class='ocrx_word' id='word_1_13' title='bbox 2629 474 2885 527; x_wconf 83' lang='lat' dir='ltr'><strong>abstinere</strong></span> <span class='ocrx_word' id='word_1_14' title='bbox 2928 475 3054 526; x_wconf 73' lang='lat' dir='ltr'><strong>dicit</strong></span> <span class='ocrx_word' id='word_1_15' title='bbox 3096 473 3419 542; x_wconf 76' lang='lat' dir='ltr'><strong>Epiphanius</strong></span> <span class='ocrx_word' id='word_1_16' title='bbox 3455 492 3473 528; x_wconf 89' lang='lat'><strong><em>:</em></strong></span> <span class='ocrx_word' id='word_1_17' title='bbox 3509 472 3773 528; x_wconf 72' lang='lat' dir='ltr'><strong>Philoster</strong></span> <span class='ocrx_word' id='word_1_18' title='bbox 3811 489 3925 527; x_wconf 79' lang='lat' dir='ltr'><strong>vero</strong></span> 
     </span>
    </p>
   </div>
   <div class='ocr_carea' id='block_1_5' title="bbox 700 569 2257 652">
    <p class='ocr_par' dir='ltr' id='par_1_5' title="bbox 700 569 2257 652">
     <span class='ocr_line' id='line_1_5' title="bbox 700 569 2257 652; baseline -0.008 -15"><span class='ocrx_word' id='word_1_19' title='bbox 700 597 804 639; x_wconf 90' lang='lat' dir='ltr'><strong>tem</strong></span> <span class='ocrx_word' id='word_1_20' title='bbox 832 583 1088 652; x_wconf 68' lang='lat' dir='ltr'><strong>praeclare</strong></span> <span class='ocrx_word' id='word_1_21' title='bbox 1132 578 1379 647; x_wconf 89' lang='lat' dir='ltr'><strong>congruit</strong></span> <span class='ocrx_word' id='word_1_22' title='bbox 1410 590 1530 630; x_wconf 88' lang='lat' dir='ltr'><strong>cum</strong></span> <span class='ocrx_word' id='word_1_23' title='bbox 1565 571 1823 627; x_wconf 71' lang='lat' dir='ltr'><strong>linslathii</strong></span> <span class='ocrx_word' id='word_1_24' title='bbox 1857 569 2139 627; x_wconf 82' lang='lat' dir='ltr'><strong>Sebasteni</strong></span> <span class='ocrx_word' id='word_1_25' title='bbox 2180 575 2257 625; x_wconf 85' lang='lat' dir='ltr'><strong>in-</strong></span> 
     </span>
    </p>
   </div>
   <div class='ocr_carea' id='block_1_6' title="bbox 698 664 2257 743">
    <p class='ocr_par' dir='ltr' id='par_1_6' title="bbox 698 664 2257 743">
     <span class='ocr_line' id='line_1_6' title="bbox 698 664 2257 743; baseline -0.01 -12"><span class='ocrx_word' id='word_1_26' title='bbox 698 678 921 739; x_wconf 89' lang='lat' dir='ltr'><strong>stitulis,</strong></span> <span class='ocrx_word' id='word_1_27' title='bbox 958 673 1091 743; x_wconf 93' lang='lat' dir='ltr'><strong>qui,</strong></span> <span class='ocrx_word' id='word_1_28' title='bbox 1132 681 1189 725; x_wconf 92' lang='lat' dir='ltr'><strong>ut</strong></span> <span class='ocrx_word' id='word_1_29' title='bbox 1219 669 1355 723; x_wconf 84' lang='lat' dir='ltr'><strong>infra</strong></span> <span class='ocrx_word' id='word_1_30' title='bbox 1391 667 1707 728; x_wconf 82' lang='lat' dir='ltr'><strong>videbimus,</strong></span> <span class='ocrx_word' id='word_1_31' title='bbox 1746 683 1851 722; x_wconf 91' lang='lat' dir='ltr'><strong>non</strong></span> <span class='ocrx_word' id='word_1_32' title='bbox 1890 664 2133 719; x_wconf 70' lang='lat' dir='ltr'><strong>emnobia</strong></span> <span class='ocrx_word' id='word_1_33' title='bbox 2170 664 2257 717; x_wconf 90' lang='lat' dir='ltr'><strong>ubi</strong></span> 
     </span>
    </p>
   </div>
   <div class='ocr_carea' id='block_1_7' title="bbox 698 758 2256 835">
    <p class='ocr_par' dir='ltr' id='par_1_7' title="bbox 698 758 2256 835">
     <span class='ocr_line' id='line_1_7' title="bbox 698 758 2256 835; baseline -0.009 -13"><span class='ocrx_word' id='word_1_34' title='bbox 698 784 884 824; x_wconf 82' lang='lat' dir='ltr'><strong>omnes</strong></span> <span class='ocrx_word' id='word_1_35' title='bbox 920 767 1077 821; x_wconf 84' lang='lat' dir='ltr'><strong>unius</strong></span> <span class='ocrx_word' id='word_1_36' title='bbox 1114 764 1379 835; x_wconf 66' lang='lat' dir='ltr'><strong>prmpositi</strong></span> <span class='ocrx_word' id='word_1_37' title='bbox 1419 769 1581 815; x_wconf 86' lang='lat' dir='ltr'><strong>nutus</strong></span> <span class='ocrx_word' id='word_1_38' title='bbox 1616 760 1925 822; x_wconf 88' lang='lat' dir='ltr'><strong>intuentur,</strong></span> <span class='ocrx_word' id='word_1_39' title='bbox 1971 758 2063 811; x_wconf 90' lang='lat' dir='ltr'><strong>sed</strong></span> <span class='ocrx_word' id='word_1_40' title='bbox 2099 759 2256 812; x_wconf 89' lang='lat' dir='ltr'><strong>aliam</strong></span> 
     </span>
    </p>
   </div>
   <div class='ocr_carea' id='block_1_8' title="bbox 696 848 2254 927">
    <p class='ocr_par' dir='ltr' id='par_1_8' title="bbox 696 848 2254 927">
     <span class='ocr_line' id='line_1_8' title="bbox 696 848 2254 927; baseline -0.007 -16"><span class='ocrx_word' id='word_1_41' title='bbox 696 861 929 927; x_wconf 80' lang='lat' dir='ltr'><strong>speciem</strong></span> <span class='ocrx_word' id='word_1_42' title='bbox 964 856 1209 912; x_wconf 75' lang='lat' dir='ltr'><strong>asceticze</strong></span> <span class='ocrx_word' id='word_1_43' title='bbox 1245 856 1396 917; x_wconf 70' lang='lat' dir='ltr'><strong>vitm,</strong></span> <span class='ocrx_word' id='word_1_44' title='bbox 1450 854 1536 906; x_wconf 90' lang='lat' dir='ltr'><strong>ubi</strong></span> <span class='ocrx_word' id='word_1_45' title='bbox 1584 849 1757 919; x_wconf 82' lang='lat' dir='ltr'><strong>major</strong></span> <span class='ocrx_word' id='word_1_46' title='bbox 1803 848 1968 903; x_wconf 90' lang='lat' dir='ltr'><strong>multo</strong></span> <span class='ocrx_word' id='word_1_47' title='bbox 2013 848 2254 909; x_wconf 88' lang='lat' dir='ltr'><strong>libertas,</strong></span> 
     </span>
    </p>
   </div>
   <div class='ocr_carea' id='block_1_9' title="bbox 699 953 949 1006">
    <p class='ocr_par' dir='ltr' id='par_1_9' title="bbox 699 953 949 1006">
     <span class='ocr_line' id='line_1_9' title="bbox 699 953 949 1006; baseline 0.004 -1"><span class='ocrx_word' id='word_1_48' title='bbox 699 953 949 1006; x_wconf 75' lang='lat' dir='ltr'><strong>instituit.</strong></span> 
     </span>
    </p>
   </div>
   <div class='ocr_carea' id='block_1_10' title="bbox 768 1030 2257 1103">
    <p class='ocr_par' dir='ltr' id='par_1_10' title="bbox 768 1030 2257 1103">
     <span class='ocr_line' id='line_1_10' title="bbox 768 1030 2257 1103; baseline -0.011 -6"><span class='ocrx_word' id='word_1_49' title='bbox 768 1048 823 1097; x_wconf 79' lang='grc'><strong>5·</strong></span> <span class='ocrx_word' id='word_1_50' title='bbox 869 1044 922 1095; x_wconf 90' lang='lat' dir='ltr'><strong>In</strong></span> <span class='ocrx_word' id='word_1_51' title='bbox 950 1039 1209 1094; x_wconf 83' lang='lat' dir='ltr'><strong>Enstathii</strong></span> <span class='ocrx_word' id='word_1_52' title='bbox 1254 1032 1525 1103; x_wconf 81' lang='lat' dir='ltr'><strong>discipulis</strong></span> <span class='ocrx_word' id='word_1_53' title='bbox 1565 1036 1678 1089; x_wconf 73' lang='lat' dir='ltr'><strong>hzec</strong></span> <span class='ocrx_word' id='word_1_54' title='bbox 1730 1030 2072 1100; x_wconf 79' lang='lat' dir='ltr'><strong>reprehendit</strong></span> <span class='ocrx_word' id='word_1_55' title='bbox 2124 1043 2257 1099; x_wconf 85' lang='lat' dir='ltr'><strong>syn—</strong></span> 
     </span>
    </p>
   </div>
   <div class='ocr_carea' id='block_1_11' title="bbox 699 1122 2255 1204">
    <p class='ocr_par' dir='ltr' id='par_1_11' title="bbox 699 1122 2255 1204">
     <span class='ocr_line' id='line_1_11' title="bbox 699 1122 2255 1204; baseline -0.012 -13"><span class='ocrx_word' id='word_1_56' title='bbox 699 1140 853 1199; x_wconf 70' lang='lat' dir='ltr'><strong>odus,</strong></span> <span class='ocrx_word' id='word_1_57' title='bbox 885 1136 1024 1204; x_wconf 86' lang='lat' dir='ltr'><strong>quod</strong></span> <span class='ocrx_word' id='word_1_58' title='bbox 1062 1131 1274 1198; x_wconf 88' lang='lat' dir='ltr'><strong>nuptias</strong></span> <span class='ocrx_word' id='word_1_59' title='bbox 1298 1129 1685 1195; x_wconf 85' lang='lat' dir='ltr'><strong>vituperarent,</strong></span> <span class='ocrx_word' id='word_1_60' title='bbox 1717 1124 1859 1177; x_wconf 90' lang='lat' dir='ltr'><strong>viros</strong></span> <span class='ocrx_word' id='word_1_61' title='bbox 1896 1126 1961 1179; x_wconf 90' lang='lat' dir='ltr'><strong>ab</strong></span> <span class='ocrx_word' id='word_1_62' title='bbox 1980 1122 2255 1183; x_wconf 80' lang='lat' dir='ltr'><strong>uxoribus,</strong></span> 
     </span>
    </p>
   </div>
   <div class='ocr_carea' id='block_1_12' title="bbox 699 1215 2257 1281">
    <p class='ocr_par' dir='ltr' id='par_1_12' title="bbox 699 1215 2257 1281">
     <span class='ocr_line' id='line_1_12' title="bbox 699 1215 2257 1281; baseline -0.011 0"><span class='ocrx_word' id='word_1_63' title='bbox 699 1243 895 1281; x_wconf 75' lang='lat' dir='ltr'><strong>uxores</strong></span> <span class='ocrx_word' id='word_1_64' title='bbox 926 1243 953 1279; x_wconf 90' lang='lat' dir='ltr'><strong>a</strong></span> <span class='ocrx_word' id='word_1_65' title='bbox 986 1224 1120 1277; x_wconf 86' lang='lat' dir='ltr'><strong>viris</strong></span> <span class='ocrx_word' id='word_1_66' title='bbox 1157 1221 1557 1279; x_wconf 90' lang='lat' dir='ltr'><strong>abstrahercnt,</strong></span> <span class='ocrx_word' id='word_1_67' title='bbox 1589 1218 1729 1269; x_wconf 89' lang='lat' dir='ltr'><strong>unde</strong></span> <span class='ocrx_word' id='word_1_68' title='bbox 1759 1215 2021 1270; x_wconf 87' lang='lat' dir='ltr'><strong>adulteria</strong></span> <span class='ocrx_word' id='word_1_69' title='bbox 2050 1230 2077 1266; x_wconf 89' lang='lat' dir='ltr'><strong>a</strong></span> <span class='ocrx_word' id='word_1_70' title='bbox 2120 1226 2257 1265; x_wconf 78' lang='lat' dir='ltr'><strong>non-</strong></span> 
     </span>
    </p>
   </div>
   <div class='ocr_carea' id='block_1_13' title="bbox 698 1308 2258 1381">
    <p class='ocr_par' dir='ltr' id='par_1_13' title="bbox 698 1308 2258 1381">
     <span class='ocr_line' id='line_1_13' title="bbox 698 1308 2258 1381; baseline -0.013 -5"><span class='ocrx_word' id='word_1_71' title='bbox 698 1323 859 1376; x_wconf 86' lang='lat' dir='ltr'><strong>nullis</strong></span> <span class='ocrx_word' id='word_1_72' title='bbox 903 1316 1189 1372; x_wconf 89' lang='lat' dir='ltr'><strong>commissa</strong></span> <span class='ocrx_word' id='word_1_73' title='bbox 1226 1333 1238 1367; x_wconf 91' lang='lat'>:</span> <span class='ocrx_word' id='word_1_74' title='bbox 1285 1314 1422 1381; x_wconf 88' lang='lat' dir='ltr'><strong>quod</strong></span> <span class='ocrx_word' id='word_1_75' title='bbox 1464 1309 1553 1362; x_wconf 86' lang='lat' dir='ltr'><strong>Dei</strong></span> <span class='ocrx_word' id='word_1_76' title='bbox 1615 1308 1803 1361; x_wconf 91' lang='lat' dir='ltr'><strong>domos</strong></span> <span class='ocrx_word' id='word_1_77' title='bbox 1854 1311 2258 1361; x_wconf 75' lang='lat' dir='ltr'><strong>contemnerent</strong></span> 
     </span>
    </p>
   </div>
   <div class='ocr_carea' id='block_1_14' title="bbox 700 1393 2258 1481">
    <p class='ocr_par' dir='ltr' id='par_1_14' title="bbox 700 1393 2258 1481">
     <span class='ocr_line' id='line_1_14' title="bbox 700 1393 2258 1481; baseline -0.013 -14"><span class='ocrx_word' id='word_1_78' title='bbox 700 1424 753 1467; x_wconf 84' lang='lat' dir='ltr'><strong>et</strong></span> <span class='ocrx_word' id='word_1_79' title='bbox 783 1413 1021 1481; x_wconf 87' lang='lat' dir='ltr'><strong>privatos</strong></span> <span class='ocrx_word' id='word_1_80' title='bbox 1055 1414 1351 1461; x_wconf 89' lang='lat' dir='ltr'><strong>conventus</strong></span> <span class='ocrx_word' id='word_1_81' title='bbox 1375 1401 1661 1461; x_wconf 77' lang='lat' dir='ltr'><strong>haberent,</strong></span> <span class='ocrx_word' id='word_1_82' title='bbox 1682 1398 1977 1453; x_wconf 74' lang='lat' dir='ltr'><strong>oblationes</strong></span> <span class='ocrx_word' id='word_1_83' title='bbox 2009 1395 2062 1447; x_wconf 93' lang='lat' dir='ltr'><strong>in</strong></span> <span class='ocrx_word' id='word_1_84' title='bbox 2094 1393 2258 1450; x_wconf 84' lang='lat' dir='ltr'><strong>eccle-</strong></span> 
     </span>
    </p>
   </div>
   <div class='ocr_carea' id='block_1_15' title="bbox 697 1486 2256 1557">
    <p class='ocr_par' dir='ltr' id='par_1_15' title="bbox 697 1486 2256 1557">
     <span class='ocr_line' id='line_1_15' title="bbox 697 1486 2256 1557; baseline -0.013 0"><span class='ocrx_word' id='word_1_85' title='bbox 697 1506 791 1557; x_wconf 84' lang='lat' dir='ltr'><strong>siis</strong></span> <span class='ocrx_word' id='word_1_86' title='bbox 825 1503 937 1556; x_wconf 86' lang='lat' dir='ltr'><strong>ﬁeri</strong></span> <span class='ocrx_word' id='word_1_87' title='bbox 979 1499 1169 1555; x_wconf 82' lang='lat' dir='ltr'><strong>solitas</strong></span> <span class='ocrx_word' id='word_1_88' title='bbox 1204 1496 1303 1551; x_wconf 89' lang='lat' dir='ltr'><strong>sibi</strong></span> <span class='ocrx_word' id='word_1_89' title='bbox 1345 1504 1398 1548; x_wconf 90' lang='lat' dir='ltr'><strong>et</strong></span> <span class='ocrx_word' id='word_1_90' title='bbox 1426 1492 1558 1555; x_wconf 83' lang='lat' dir='ltr'><strong>suis,</strong></span> <span class='ocrx_word' id='word_1_91' title='bbox 1604 1499 1661 1544; x_wconf 93' lang='lat' dir='ltr'><strong>ut</strong></span> <span class='ocrx_word' id='word_1_92' title='bbox 1686 1488 2045 1545; x_wconf 89' lang='lat' dir='ltr'><strong>sanctioribus</strong></span> <span class='ocrx_word' id='word_1_93' title='bbox 2076 1486 2256 1541; x_wconf 75' lang='lat' dir='ltr'><strong>vindi-</strong></span> 
     </span>
    </p>
   </div>
   <div class='ocr_carea' id='block_1_16' title="bbox 698 1580 2255 1660">
    <p class='ocr_par' dir='ltr' id='par_1_16' title="bbox 698 1580 2255 1660">
     <span class='ocr_line' id='line_1_16' title="bbox 698 1580 2255 1660; baseline -0.011 -13"><span class='ocrx_word' id='word_1_94' title='bbox 698 1604 893 1647; x_wconf 82' lang='lat' dir='ltr'><strong>carent</strong></span> <span class='ocrx_word' id='word_1_95' title='bbox 928 1610 940 1645; x_wconf 93' lang='lat'>:</span> <span class='ocrx_word' id='word_1_96' title='bbox 973 1590 1113 1660; x_wconf 88' lang='lat' dir='ltr'><strong>quod</strong></span> <span class='ocrx_word' id='word_1_97' title='bbox 1143 1588 1416 1641; x_wconf 89' lang='lat' dir='ltr'><strong>insolitum</strong></span> <span class='ocrx_word' id='word_1_98' title='bbox 1447 1580 1753 1637; x_wconf 88' lang='lat' dir='ltr'><strong>vestimenti</strong></span> <span class='ocrx_word' id='word_1_99' title='bbox 1785 1592 1951 1648; x_wconf 85' lang='lat' dir='ltr'><strong>genus</strong></span> <span class='ocrx_word' id='word_1_100' title='bbox 1966 1586 2255 1648; x_wconf 79' lang='lat' dir='ltr'><strong>gestarent,</strong></span> 
     </span>
    </p>
   </div>
   <div class='ocr_carea' id='block_1_17' title="bbox 698 1670 2257 1739">
    <p class='ocr_par' dir='ltr' id='par_1_17' title="bbox 698 1670 2257 1739">
     <span class='ocr_line' id='line_1_17' title="bbox 698 1670 2257 1739; baseline -0.008 -3"><span class='ocrx_word' id='word_1_101' title='bbox 698 1684 952 1737; x_wconf 84' lang='lat' dir='ltr'><strong>mulieres</strong></span> <span class='ocrx_word' id='word_1_102' title='bbox 985 1680 1123 1733; x_wconf 81' lang='lat' dir='ltr'><strong>virili</strong></span> <span class='ocrx_word' id='word_1_103' title='bbox 1158 1688 1305 1732; x_wconf 80' lang='lat' dir='ltr'><strong>veste</strong></span> <span class='ocrx_word' id='word_1_104' title='bbox 1335 1678 1647 1739; x_wconf 85' lang='lat' dir='ltr'><strong>induerent,</strong></span> <span class='ocrx_word' id='word_1_105' title='bbox 1686 1672 1920 1739; x_wconf 83' lang='lat' dir='ltr'><strong>virgines</strong></span> <span class='ocrx_word' id='word_1_106' title='bbox 1952 1670 2257 1733; x_wconf 91' lang='lat' dir='ltr'><strong>tonderent,</strong></span> 
     </span>
    </p>
   </div>
   <div class='ocr_carea' id='block_1_18' title="bbox 696 1757 2257 1828">
    <p class='ocr_par' dir='ltr' id='par_1_18' title="bbox 696 1757 2257 1828">
     <span class='ocr_line' id='line_1_18' title="bbox 696 1757 2257 1828; baseline -0.011 -1"><span class='ocrx_word' id='word_1_107' title='bbox 696 1788 880 1827; x_wconf 89' lang='lat' dir='ltr'><strong>servos</strong></span> <span class='ocrx_word' id='word_1_108' title='bbox 923 1787 952 1825; x_wconf 91' lang='lat' dir='ltr'><strong>a</strong></span> <span class='ocrx_word' id='word_1_109' title='bbox 993 1768 1226 1825; x_wconf 90' lang='lat' dir='ltr'><strong>dominis</strong></span> <span class='ocrx_word' id='word_1_110' title='bbox 1249 1766 1585 1821; x_wconf 72' lang='lat' dir='ltr'><strong>abducerent</strong></span> <span class='ocrx_word' id='word_1_111' title='bbox 1619 1778 1633 1814; x_wconf 88' lang='lat'><strong>:</strong></span> <span class='ocrx_word' id='word_1_112' title='bbox 1670 1760 1809 1828; x_wconf 90' lang='lat' dir='ltr'><strong>quod</strong></span> <span class='ocrx_word' id='word_1_113' title='bbox 1860 1759 1945 1812; x_wconf 90' lang='lat' dir='ltr'><strong>die</strong></span> <span class='ocrx_word' id='word_1_114' title='bbox 1980 1757 2257 1812; x_wconf 88' lang='lat' dir='ltr'><strong>Dominico</strong></span> 
     </span>
    </p>
   </div>
   <div class='ocr_carea' id='block_1_19' title="bbox 2367 565 3297 620">
    <p class='ocr_par' dir='ltr' id='par_1_19' title="bbox 2367 565 3297 620">
     <span class='ocr_line' id='line_1_19' title="bbox 2367 565 3297 620; baseline -0.003 -1"><span class='ocrx_word' id='word_1_115' title='bbox 2367 579 2412 619; x_wconf 85' lang='lat' dir='ltr'><strong>ct</strong></span> <span class='ocrx_word' id='word_1_116' title='bbox 2443 571 2576 620; x_wconf 86' lang='lat' dir='ltr'><strong>hanc</strong></span> <span class='ocrx_word' id='word_1_117' title='bbox 2594 568 2665 619; x_wconf 84' lang='lat' dir='ltr'><strong>eis</strong></span> <span class='ocrx_word' id='word_1_118' title='bbox 2702 568 2881 618; x_wconf 83' lang='lat' dir='ltr'><strong>tribuit</strong></span> <span class='ocrx_word' id='word_1_119' title='bbox 2913 565 3297 620; x_wconf 79' lang='lat' dir='ltr'><strong>abstinentiam.</strong></span> 
     </span>
    </p>
   </div>
   <div class='ocr_carea' id='block_1_20' title="bbox 2437 701 3925 776">
    <p class='ocr_par' dir='ltr' id='par_1_20' title="bbox 2437 701 3925 776">
     <span class='ocr_line' id='line_1_20' title="bbox 2437 701 3925 776; baseline 0.002 -19"><span class='ocrx_word' id='word_1_120' title='bbox 2437 704 2568 757; x_wconf 88' lang='lat' dir='ltr'><strong>Cum</strong></span> <span class='ocrx_word' id='word_1_121' title='bbox 2593 718 2720 771; x_wconf 76' lang='lat' dir='ltr'><strong>ergo</strong></span> <span class='ocrx_word' id='word_1_122' title='bbox 2757 703 2886 757; x_wconf 88' lang='lat' dir='ltr'><strong>nihil</strong></span> <span class='ocrx_word' id='word_1_123' title='bbox 2912 701 3022 756; x_wconf 88' lang='lat' dir='ltr'><strong>fere</strong></span> <span class='ocrx_word' id='word_1_124' title='bbox 3056 704 3106 756; x_wconf 91' lang='lat' dir='ltr'><strong>in</strong></span> <span class='ocrx_word' id='word_1_125' title='bbox 3138 702 3401 758; x_wconf 89' lang='lat' dir='ltr'><strong>Eustathii</strong></span> <span class='ocrx_word' id='word_1_126' title='bbox 3433 701 3704 771; x_wconf 88' lang='lat' dir='ltr'><strong>discipulis</strong></span> <span class='ocrx_word' id='word_1_127' title='bbox 3738 718 3925 776; x_wconf 84' lang='lat' dir='ltr'><strong>repre-</strong></span> 
     </span>
    </p>
   </div>
   <div class='ocr_carea' id='block_1_21' title="bbox 2367 794 3925 865">
    <p class='ocr_par' dir='ltr' id='par_1_21' title="bbox 2367 794 3925 865">
     <span class='ocr_line' id='line_1_21' title="bbox 2367 794 3925 865; baseline 0.002 -18"><span class='ocrx_word' id='word_1_128' title='bbox 2367 795 2562 849; x_wconf 82' lang='lat' dir='ltr'><strong>hendat</strong></span> <span class='ocrx_word' id='word_1_129' title='bbox 2602 798 2836 865; x_wconf 86' lang='lat' dir='ltr'><strong>synodus</strong></span> <span class='ocrx_word' id='word_1_130' title='bbox 2864 794 3193 862; x_wconf 79' lang='lat' dir='ltr'><strong>Gangrensis</strong></span> <span class='ocrx_word' id='word_1_131' title='bbox 3220 836 3234 860; x_wconf 97' lang='lat'><strong>,</strong></span> <span class='ocrx_word' id='word_1_132' title='bbox 3275 796 3414 863; x_wconf 91' lang='lat' dir='ltr'><strong>quod</strong></span> <span class='ocrx_word' id='word_1_133' title='bbox 3469 809 3571 848; x_wconf 92' lang='lat' dir='ltr'><strong>non</strong></span> <span class='ocrx_word' id='word_1_134' title='bbox 3618 797 3821 861; x_wconf 87' lang='lat' dir='ltr'><strong>pariter</strong></span> <span class='ocrx_word' id='word_1_135' title='bbox 3872 797 3925 851; x_wconf 89' lang='lat' dir='ltr'><strong>in</strong></span> 
     </span>
    </p>
   </div>
   <div class='ocr_carea' id='block_1_22' title="bbox 2366 881 3927 950">
    <p class='ocr_par' dir='ltr' id='par_1_22' title="bbox 2366 881 3927 950">
     <span class='ocr_line' id='line_1_22' title="bbox 2366 881 3927 950; baseline 0 -14"><span class='ocrx_word' id='word_1_136' title='bbox 2366 885 2525 938; x_wconf 85' lang='lat' dir='ltr'><strong>Aerio</strong></span> <span class='ocrx_word' id='word_1_137' title='bbox 2574 884 2838 938; x_wconf 83' lang='lat' dir='ltr'><strong>Eustathii</strong></span> <span class='ocrx_word' id='word_1_138' title='bbox 2896 883 3174 939; x_wconf 84' lang='lat' dir='ltr'><strong>Sebasteni</strong></span> <span class='ocrx_word' id='word_1_139' title='bbox 3242 883 3499 949; x_wconf 79' lang='lat' dir='ltr'><strong>discipulo</strong></span> <span class='ocrx_word' id='word_1_140' title='bbox 3549 881 3927 950; x_wconf 87' lang='lat' dir='ltr'><strong>reprehensum</strong></span> 
     </span>
    </p>
   </div>
   <div class='ocr_carea' id='block_1_23' title="bbox 2366 972 3929 1047">
    <p class='ocr_par' dir='ltr' id='par_1_23' title="bbox 2366 972 3929 1047">
     <span class='ocr_line' id='line_1_23' title="bbox 2366 972 3929 1047; baseline 0.001 -22"><span class='ocrx_word' id='word_1_141' title='bbox 2366 972 2561 1038; x_wconf 86' lang='lat' dir='ltr'><strong>fuerit,</strong></span> <span class='ocrx_word' id='word_1_142' title='bbox 2603 972 2815 1029; x_wconf 82' lang='lat' dir='ltr'><strong>diﬂicile</strong></span> <span class='ocrx_word' id='word_1_143' title='bbox 2844 985 2926 1029; x_wconf 92' lang='lat' dir='ltr'><strong>est</strong></span> <span class='ocrx_word' id='word_1_144' title='bbox 2959 972 3269 1028; x_wconf 82' lang='lat' dir='ltr'><strong>existimare</strong></span> <span class='ocrx_word' id='word_1_145' title='bbox 3294 972 3635 1047; x_wconf 41' lang='lat' dir='ltr'><strong>.Eustathium</strong></span> <span class='ocrx_word' id='word_1_146' title='bbox 3659 1010 3675 1036; x_wconf 94' lang='lat'><strong>,</strong></span> <span class='ocrx_word' id='word_1_147' title='bbox 3724 972 3789 1024; x_wconf 88' lang='lat' dir='ltr'><strong>de</strong></span> <span class='ocrx_word' id='word_1_148' title='bbox 3820 989 3929 1041; x_wconf 92' lang='lat' dir='ltr'><strong>quo</strong></span> 
     </span>
    </p>
   </div>
   <div class='ocr_carea' id='block_1_24' title="bbox 2367 1060 3931 1133">
    <p class='ocr_par' dir='ltr' id='par_1_24' title="bbox 2367 1060 3931 1133">
     <span class='ocr_line' id='line_1_24' title="bbox 2367 1060 3931 1133; baseline -0.001 -17"><span class='ocrx_word' id='word_1_149' title='bbox 2367 1065 2605 1133; x_wconf 82' lang='lat' dir='ltr'><strong>synodus</strong></span> <span class='ocrx_word' id='word_1_150' title='bbox 2642 1062 2896 1133; x_wconf 88' lang='lat' dir='ltr'><strong>loquitur,</strong></span> <span class='ocrx_word' id='word_1_151' title='bbox 2934 1078 3037 1117; x_wconf 92' lang='lat' dir='ltr'><strong>non</strong></span> <span class='ocrx_word' id='word_1_152' title='bbox 3086 1060 3248 1114; x_wconf 85' lang='lat' dir='ltr'><strong>fuisse</strong></span> <span class='ocrx_word' id='word_1_153' title='bbox 3277 1062 3419 1114; x_wconf 88' lang='lat' dir='ltr'><strong>Acrii</strong></span> <span class='ocrx_word' id='word_1_154' title='bbox 3454 1065 3786 1131; x_wconf 78' lang='lat' dir='ltr'><strong>magistrum.</strong></span> <span class='ocrx_word' id='word_1_155' title='bbox 3835 1062 3931 1114; x_wconf 73' lang='lat' dir='ltr'><strong>At~</strong></span> 
     </span>
    </p>
   </div>
   <div class='ocr_carea' id='block_1_25' title="bbox 2364 1150 3931 1223">
    <p class='ocr_par' dir='ltr' id='par_1_25' title="bbox 2364 1150 3931 1223">
     <span class='ocr_line' id='line_1_25' title="bbox 2364 1150 3931 1223; baseline -0.003 -17"><span class='ocrx_word' id='word_1_156' title='bbox 2364 1169 2469 1223; x_wconf 87' lang='lat' dir='ltr'><strong>que</strong></span> <span class='ocrx_word' id='word_1_157' title='bbox 2497 1157 2621 1210; x_wconf 93' lang='lat' dir='ltr'><strong>hinc</strong></span> <span class='ocrx_word' id='word_1_158' title='bbox 2646 1158 2807 1210; x_wconf 88' lang='lat' dir='ltr'><strong>etiam</strong></span> <span class='ocrx_word' id='word_1_159' title='bbox 2838 1165 2988 1223; x_wconf 89' lang='lat' dir='ltr'><strong>patet</strong></span> <span class='ocrx_word' id='word_1_160' title='bbox 3019 1154 3284 1208; x_wconf 85' lang='lat' dir='ltr'><strong>immerito</strong></span> <span class='ocrx_word' id='word_1_161' title='bbox 3310 1151 3699 1208; x_wconf 90' lang='lat' dir='ltr'><strong>Tillemontium</strong></span> <span class='ocrx_word' id='word_1_162' title='bbox 3739 1150 3931 1207; x_wconf 83' lang='lat' dir='ltr'><strong>existi-</strong></span> 
     </span>
    </p>
   </div>
   <div class='ocr_carea' id='block_1_26' title="bbox 2367 1241 3928 1311">
    <p class='ocr_par' dir='ltr' id='par_1_26' title="bbox 2367 1241 3928 1311">
     <span class='ocr_line' id='line_1_26' title="bbox 2367 1241 3928 1311; baseline -0.003 -12"><span class='ocrx_word' id='word_1_163' title='bbox 2367 1262 2513 1300; x_wconf 86' lang='lat' dir='ltr'><strong>mare</strong></span> <span class='ocrx_word' id='word_1_164' title='bbox 2558 1248 2695 1303; x_wconf 92' lang='lat' dir='ltr'><strong>hanc</strong></span> <span class='ocrx_word' id='word_1_165' title='bbox 2728 1256 2927 1303; x_wconf 83' lang='lat' dir='ltr'><strong>sectam</strong></span> <span class='ocrx_word' id='word_1_166' title='bbox 2965 1248 3073 1303; x_wconf 90' lang='lat' dir='ltr'><strong>cito</strong></span> <span class='ocrx_word' id='word_1_167' title='bbox 3101 1246 3421 1301; x_wconf 82' lang='lat' dir='ltr'><strong>exstinctam</strong></span> <span class='ocrx_word' id='word_1_168' title='bbox 3463 1244 3653 1311; x_wconf 85' lang='lat' dir='ltr'><strong>fuisse,</strong></span> <span class='ocrx_word' id='word_1_169' title='bbox 3706 1260 3805 1299; x_wconf 88' lang='lat' dir='ltr'><strong>nec</strong></span> <span class='ocrx_word' id='word_1_170' title='bbox 3844 1241 3928 1297; x_wconf 87' lang='lat' dir='ltr'><strong>ul-</strong></span> 
     </span>
    </p>
   </div>
   <div class='ocr_carea' id='block_1_27' title="bbox 2366 1334 3931 1407">
    <p class='ocr_par' dir='ltr' id='par_1_27' title="bbox 2366 1334 3931 1407">
     <span class='ocr_line' id='line_1_27' title="bbox 2366 1334 3931 1407; baseline -0.002 -19"><span class='ocrx_word' id='word_1_171' title='bbox 2366 1336 2469 1389; x_wconf 87' lang='lat' dir='ltr'><strong>lam</strong></span> <span class='ocrx_word' id='word_1_172' title='bbox 2504 1338 2569 1390; x_wconf 92' lang='lat' dir='ltr'><strong>de</strong></span> <span class='ocrx_word' id='word_1_173' title='bbox 2613 1338 2699 1390; x_wconf 93' lang='lat' dir='ltr'><strong>illa</strong></span> <span class='ocrx_word' id='word_1_174' title='bbox 2736 1347 2854 1407; x_wconf 90' lang='lat' dir='ltr'><strong>post</strong></span> <span class='ocrx_word' id='word_1_175' title='bbox 2897 1339 3157 1406; x_wconf 82' lang='lat' dir='ltr'><strong>synodum</strong></span> <span class='ocrx_word' id='word_1_176' title='bbox 3183 1335 3545 1403; x_wconf 86' lang='lat' dir='ltr'><strong>Gangrcnsem</strong></span> <span class='ocrx_word' id='word_1_177' title='bbox 3595 1337 3644 1389; x_wconf 94' lang='lat' dir='ltr'><strong>in</strong></span> <span class='ocrx_word' id='word_1_178' title='bbox 3689 1334 3931 1391; x_wconf 78' lang='lat' dir='ltr'><strong>historiae</strong></span> 
     </span>
    </p>
   </div>
   <div class='ocr_carea' id='block_1_28' title="bbox 2366 1425 3932 1483">
    <p class='ocr_par' dir='ltr' id='par_1_28' title="bbox 2366 1425 3932 1483">
     <span class='ocr_line' id='line_1_28' title="bbox 2366 1425 3932 1483; baseline -0.001 -2"><span class='ocrx_word' id='word_1_179' title='bbox 2366 1430 2727 1483; x_wconf 87' lang='lat' dir='ltr'><strong>monumentis</strong></span> <span class='ocrx_word' id='word_1_180' title='bbox 2768 1429 3087 1483; x_wconf 86' lang='lat' dir='ltr'><strong>mentionem</strong></span> <span class='ocrx_word' id='word_1_181' title='bbox 3138 1440 3438 1482; x_wconf 88' lang='lat' dir='ltr'><strong>occurrere.</strong></span> <span class='ocrx_word' id='word_1_182' title='bbox 3485 1427 3596 1482; x_wconf 88' lang='lat' dir='ltr'><strong>Etsi</strong></span> <span class='ocrx_word' id='word_1_183' title='bbox 3645 1429 3787 1481; x_wconf 87' lang='lat' dir='ltr'><strong>enim</strong></span> <span class='ocrx_word' id='word_1_184' title='bbox 3831 1425 3932 1479; x_wconf 87' lang='lat' dir='ltr'><strong>sub</strong></span> 
     </span>
    </p>
   </div>
   <div class='ocr_carea' id='block_1_29' title="bbox 2371 1516 3931 1589">
    <p class='ocr_par' dir='ltr' id='par_1_29' title="bbox 2371 1516 3931 1589">
     <span class='ocr_line' id='line_1_29' title="bbox 2371 1516 3931 1589; baseline -0.003 -15"><span class='ocrx_word' id='word_1_185' title='bbox 2371 1522 2636 1576; x_wconf 85' lang='lat' dir='ltr'><strong>Eustathii</strong></span> <span class='ocrx_word' id='word_1_186' title='bbox 2674 1524 2889 1577; x_wconf 88' lang='lat' dir='ltr'><strong>nomine</strong></span> <span class='ocrx_word' id='word_1_187' title='bbox 2934 1522 3143 1589; x_wconf 85' lang='lat' dir='ltr'><strong>COgnita</strong></span> <span class='ocrx_word' id='word_1_188' title='bbox 3184 1536 3284 1575; x_wconf 90' lang='lat' dir='ltr'><strong>non</strong></span> <span class='ocrx_word' id='word_1_189' title='bbox 3328 1519 3428 1572; x_wconf 82' lang='lat' dir='ltr'><strong>fuit</strong></span> <span class='ocrx_word' id='word_1_190' title='bbox 3460 1519 3786 1589; x_wconf 85' lang='lat' dir='ltr'><strong>Epiphanio,</strong></span> <span class='ocrx_word' id='word_1_191' title='bbox 3813 1516 3931 1572; x_wconf 79' lang='lat' dir='ltr'><strong>Au-</strong></span> 
     </span>
    </p>
   </div>
   <div class='ocr_carea' id='block_1_30' title="bbox 2366 1609 3933 1682">
    <p class='ocr_par' dir='ltr' id='par_1_30' title="bbox 2366 1609 3933 1682">
     <span class='ocr_line' id='line_1_30' title="bbox 2366 1609 3933 1682; baseline 0 -19"><span class='ocrx_word' id='word_1_192' title='bbox 2366 1613 2579 1682; x_wconf 80' lang='lat' dir='ltr'><strong>gustino</strong></span> <span class='ocrx_word' id='word_1_193' title='bbox 2614 1622 2667 1665; x_wconf 92' lang='lat' dir='ltr'><strong>et</strong></span> <span class='ocrx_word' id='word_1_194' title='bbox 2694 1612 2980 1667; x_wconf 87' lang='lat' dir='ltr'><strong>Philastrio</strong></span> <span class='ocrx_word' id='word_1_195' title='bbox 3004 1650 3018 1673; x_wconf 99' lang='lat'><strong>,</strong></span> <span class='ocrx_word' id='word_1_196' title='bbox 3050 1623 3197 1666; x_wconf 90' lang='lat' dir='ltr'><strong>certe</strong></span> <span class='ocrx_word' id='word_1_197' title='bbox 3234 1612 3297 1664; x_wconf 87' lang='lat' dir='ltr'><strong>ab</strong></span> <span class='ocrx_word' id='word_1_198' title='bbox 3328 1609 3441 1674; x_wconf 79' lang='lat' dir='ltr'><strong>ejus</strong></span> <span class='ocrx_word' id='word_1_199' title='bbox 3480 1610 3743 1679; x_wconf 90' lang='lat' dir='ltr'><strong>discipulo</strong></span> <span class='ocrx_word' id='word_1_200' title='bbox 3766 1610 3933 1663; x_wconf 87' lang='lat' dir='ltr'><strong>Acrio</strong></span> 
     </span>
    </p>
   </div>
   <div class='ocr_carea' id='block_1_31' title="bbox 2368 1698 3399 1771">
    <p class='ocr_par' dir='ltr' id='par_1_31' title="bbox 2368 1698 3399 1771">
     <span class='ocr_line' id='line_1_31' title="bbox 2368 1698 3399 1771; baseline -0.007 -16"><span class='ocrx_word' id='word_1_201' title='bbox 2368 1702 2565 1755; x_wconf 80' lang='lat' dir='ltr'><strong>fatuam</strong></span> <span class='ocrx_word' id='word_1_202' title='bbox 2597 1701 2829 1771; x_wconf 87' lang='lat' dir='ltr'><strong>aliquam</strong></span> <span class='ocrx_word' id='word_1_203' title='bbox 2860 1711 2912 1756; x_wconf 93' lang='lat' dir='ltr'><strong>et</strong></span> <span class='ocrx_word' id='word_1_204' title='bbox 2945 1714 3135 1753; x_wconf 90' lang='lat' dir='ltr'><strong>nomen</strong></span> <span class='ocrx_word' id='word_1_205' title='bbox 3180 1698 3399 1766; x_wconf 90' lang='lat' dir='ltr'><strong>accepit.</strong></span> 
     </span>
    </p>
   </div>
   <div class='ocr_carea' id='block_1_32' title="bbox 690 1831 3934 1936">
    <p class='ocr_par' dir='ltr' id='par_1_32' title="bbox 690 1831 3934 1936">
     <span class='ocr_line' id='line_1_32' title="bbox 690 1831 3934 1936; baseline -0.012 -15"><span class='ocrx_word' id='word_1_206' title='bbox 690 1867 1020 1936; x_wconf 83' lang='lat' dir='ltr'><strong>jejunarent,</strong></span> <span class='ocrx_word' id='word_1_207' title='bbox 1067 1872 1120 1915; x_wconf 88' lang='lat' dir='ltr'><strong>et</strong></span> <span class='ocrx_word' id='word_1_208' title='bbox 1161 1860 1362 1927; x_wconf 86' lang='lat' dir='ltr'><strong>jejunia</strong></span> <span class='ocrx_word' id='word_1_209' title='bbox 1412 1858 1461 1909; x_wconf 92' lang='lat' dir='ltr'><strong>in</strong></span> <span class='ocrx_word' id='word_1_210' title='bbox 1497 1854 1739 1909; x_wconf 88' lang='lat' dir='ltr'><strong>ecclesiis</strong></span> <span class='ocrx_word' id='word_1_211' title='bbox 1776 1850 2088 1921; x_wconf 82' lang='lat' dir='ltr'><strong>praescripta</strong></span> <span class='ocrx_word' id='word_1_212' title='bbox 2122 1862 2251 1903; x_wconf 85' lang='lat' dir='ltr'><strong>con-</strong></span> <span class='ocrx_word' id='word_1_213' title='bbox 2288 1847 2329 1901; x_wconf 83' lang='grc' dir='ltr'><strong>Β</strong></span> <span class='ocrx_word' id='word_1_214' title='bbox 2428 1838 2694 1895; x_wconf 88' lang='lat' dir='ltr'><strong>Eustathii</strong></span> <span class='ocrx_word' id='word_1_215' title='bbox 2728 1837 3007 1893; x_wconf 88' lang='lat' dir='ltr'><strong>Sebasteni</strong></span> <span class='ocrx_word' id='word_1_216' title='bbox 3054 1835 3341 1903; x_wconf 76' lang='lat' dir='ltr'><strong>discipulos</strong></span> <span class='ocrx_word' id='word_1_217' title='bbox 3385 1835 3467 1889; x_wconf 89' lang='lat' dir='ltr'><strong>his</strong></span> <span class='ocrx_word' id='word_1_218' title='bbox 3518 1833 3812 1886; x_wconf 88' lang='lat' dir='ltr'><strong>canonibus</strong></span> <span class='ocrx_word' id='word_1_219' title='bbox 3853 1831 3934 1883; x_wconf 83' lang='lat' dir='ltr'><strong>lo-</strong></span> 
     </span>
    </p>
   </div>
   <div class='ocr_carea' id='block_1_33' title="bbox 703 1943 2253 2022">
    <p class='ocr_par' dir='ltr' id='par_1_33' title="bbox 703 1943 2253 2022">
     <span class='ocr_line' id='line_1_33' title="bbox 703 1943 2253 2022; baseline -0.009 -11"><span class='ocrx_word' id='word_1_220' title='bbox 703 1964 1000 2011; x_wconf 88' lang='lat' dir='ltr'><strong>tcmnerent</strong></span> <span class='ocrx_word' id='word_1_221' title='bbox 1044 1966 1059 2006; x_wconf 88' lang='lat'><strong>:</strong></span> <span class='ocrx_word' id='word_1_222' title='bbox 1098 1952 1237 2022; x_wconf 90' lang='lat' dir='ltr'><strong>quod</strong></span> <span class='ocrx_word' id='word_1_223' title='bbox 1289 1948 1528 2003; x_wconf 89' lang='lat' dir='ltr'><strong>nonnulli</strong></span> <span class='ocrx_word' id='word_1_224' title='bbox 1569 1958 1754 2003; x_wconf 87' lang='lat' dir='ltr'><strong>eorum</strong></span> <span class='ocrx_word' id='word_1_225' title='bbox 1795 1943 2037 1997; x_wconf 91' lang='lat' dir='ltr'><strong>carnium</strong></span> <span class='ocrx_word' id='word_1_226' title='bbox 2079 1958 2253 2009; x_wconf 89' lang='lat' dir='ltr'><strong>usum,</strong></span> 
     </span>
    </p>
   </div>
   <div class='ocr_carea' id='block_1_34' title="bbox 697 2042 2255 2118">
    <p class='ocr_par' dir='ltr' id='par_1_34' title="bbox 697 2042 2255 2118">
     <span class='ocr_line' id='line_1_34' title="bbox 697 2042 2255 2118; baseline -0.006 -17"><span class='ocrx_word' id='word_1_227' title='bbox 697 2061 751 2101; x_wconf 87' lang='lat' dir='ltr'><strong>ut</strong></span> <span class='ocrx_word' id='word_1_228' title='bbox 786 2047 1153 2118; x_wconf 79' lang='lat' dir='ltr'><strong>illegitimum,</strong></span> <span class='ocrx_word' id='word_1_229' title='bbox 1209 2050 1622 2105; x_wconf 84' lang='lat' dir='ltr'><strong>aversarentur,</strong></span> <span class='ocrx_word' id='word_1_230' title='bbox 1662 2054 1716 2097; x_wconf 88' lang='lat' dir='ltr'><strong>et</strong></span> <span class='ocrx_word' id='word_1_231' title='bbox 1762 2045 1817 2097; x_wconf 91' lang='lat' dir='ltr'><strong>in</strong></span> <span class='ocrx_word' id='word_1_232' title='bbox 1852 2042 2099 2097; x_wconf 89' lang='lat' dir='ltr'><strong>domibus</strong></span> <span class='ocrx_word' id='word_1_233' title='bbox 2129 2054 2255 2095; x_wconf 82' lang='lat' dir='ltr'><strong>con-</strong></span> 
     </span>
    </p>
   </div>
   <div class='ocr_carea' id='block_1_35' title="bbox 691 2132 2255 2210">
    <p class='ocr_par' dir='ltr' id='par_1_35' title="bbox 691 2132 2255 2210">
     <span class='ocr_line' id='line_1_35' title="bbox 691 2132 2255 2210; baseline -0.004 -19"><span class='ocrx_word' id='word_1_234' title='bbox 691 2143 999 2210; x_wconf 79' lang='lat' dir='ltr'><strong>jugatorum</strong></span> <span class='ocrx_word' id='word_1_235' title='bbox 1027 2154 1093 2192; x_wconf 90' lang='lat' dir='ltr'><strong>nc</strong></span> <span class='ocrx_word' id='word_1_236' title='bbox 1130 2150 1317 2206; x_wconf 87' lang='lat' dir='ltr'><strong>preces</strong></span> <span class='ocrx_word' id='word_1_237' title='bbox 1343 2134 1556 2203; x_wconf 89' lang='lat' dir='ltr'><strong>quidem</strong></span> <span class='ocrx_word' id='word_1_238' title='bbox 1588 2133 1701 2187; x_wconf 87' lang='lat' dir='ltr'><strong>ﬁeri</strong></span> <span class='ocrx_word' id='word_1_239' title='bbox 1736 2135 1931 2189; x_wconf 90' lang='lat' dir='ltr'><strong>debere</strong></span> <span class='ocrx_word' id='word_1_240' title='bbox 1960 2132 2255 2188; x_wconf 81' lang='lat' dir='ltr'><strong>contende-</strong></span> 
     </span>
    </p>
   </div>
   <div class='ocr_carea' id='block_1_36' title="bbox 697 2224 2258 2295">
    <p class='ocr_par' dir='ltr' id='par_1_36' title="bbox 697 2224 2258 2295">
     <span class='ocr_line' id='line_1_36' title="bbox 697 2224 2258 2295; baseline -0.004 -10"><span class='ocrx_word' id='word_1_241' title='bbox 697 2243 851 2285; x_wconf 82' lang='lat' dir='ltr'><strong>rcnt:</strong></span> <span class='ocrx_word' id='word_1_242' title='bbox 881 2235 945 2285; x_wconf 85' lang='lat' dir='ltr'><strong>de</strong></span> <span class='ocrx_word' id='word_1_243' title='bbox 998 2229 1277 2284; x_wconf 87' lang='lat' dir='ltr'><strong>sacriﬁciis</strong></span> <span class='ocrx_word' id='word_1_244' title='bbox 1318 2233 1493 2278; x_wconf 90' lang='lat' dir='ltr'><strong>autem</strong></span> <span class='ocrx_word' id='word_1_245' title='bbox 1526 2224 1597 2278; x_wconf 88' lang='lat' dir='ltr'><strong>ibi</strong></span> <span class='ocrx_word' id='word_1_246' title='bbox 1640 2240 1781 2295; x_wconf 66' lang='lat' dir='ltr'><strong>smpe</strong></span> <span class='ocrx_word' id='word_1_247' title='bbox 1811 2225 2003 2280; x_wconf 91' lang='lat' dir='ltr'><strong>oblatis</strong></span> <span class='ocrx_word' id='word_1_248' title='bbox 2039 2233 2258 2295; x_wconf 79' lang='lat' dir='ltr'><strong>tangere</strong></span> 
     </span>
    </p>
   </div>
   <div class='ocr_carea' id='block_1_37' title="bbox 699 2319 2261 2392">
    <p class='ocr_par' dir='ltr' id='par_1_37' title="bbox 699 2319 2261 2392">
     <span class='ocr_line' id='line_1_37' title="bbox 699 2319 2261 2392; baseline -0.003 -15"><span class='ocrx_word' id='word_1_249' title='bbox 699 2326 934 2378; x_wconf 82' lang='lat' dir='ltr'><strong>nollent:</strong></span> <span class='ocrx_word' id='word_1_250' title='bbox 963 2322 1328 2392; x_wconf 88' lang='lat' dir='ltr'><strong>presbyteros,</strong></span> <span class='ocrx_word' id='word_1_251' title='bbox 1384 2320 1472 2389; x_wconf 90' lang='lat' dir='ltr'><strong>qui</strong></span> <span class='ocrx_word' id='word_1_252' title='bbox 1516 2334 1711 2374; x_wconf 81' lang='lat' dir='ltr'><strong>uxores</strong></span> <span class='ocrx_word' id='word_1_253' title='bbox 1744 2319 1973 2383; x_wconf 81' lang='lat' dir='ltr'><strong>duxere,</strong></span> <span class='ocrx_word' id='word_1_254' title='bbox 2017 2329 2261 2374; x_wconf 87' lang='lat' dir='ltr'><strong>contem-</strong></span> 
     </span>
    </p>
   </div>
   <div class='ocr_carea' id='block_1_38' title="bbox 699 2412 2256 2482">
    <p class='ocr_par' dir='ltr' id='par_1_38' title="bbox 699 2412 2256 2482">
     <span class='ocr_line' id='line_1_38' title="bbox 699 2412 2256 2482; baseline -0.004 -12"><span class='ocrx_word' id='word_1_255' title='bbox 699 2427 905 2479; x_wconf 85' lang='lat' dir='ltr'><strong>nerent,</strong></span> <span class='ocrx_word' id='word_1_256' title='bbox 956 2431 1053 2470; x_wconf 91' lang='lat' dir='ltr'><strong>nec</strong></span> <span class='ocrx_word' id='word_1_257' title='bbox 1077 2430 1261 2469; x_wconf 89' lang='lat' dir='ltr'><strong>eorum</strong></span> <span class='ocrx_word' id='word_1_258' title='bbox 1288 2414 1532 2469; x_wconf 90' lang='lat' dir='ltr'><strong>sacriﬁcii</strong></span> <span class='ocrx_word' id='word_1_259' title='bbox 1558 2413 1840 2482; x_wconf 86' lang='lat' dir='ltr'><strong>participes</strong></span> <span class='ocrx_word' id='word_1_260' title='bbox 1875 2428 1991 2467; x_wconf 82' lang='lat' dir='ltr'><strong>esse</strong></span> <span class='ocrx_word' id='word_1_261' title='bbox 2030 2412 2256 2466; x_wconf 85' lang='lat' dir='ltr'><strong>vellent:</strong></span> 
     </span>
    </p>
   </div>
   <div class='ocr_carea' id='block_1_39' title="bbox 698 2488 2261 2580">
    <p class='ocr_par' dir='ltr' id='par_1_39' title="bbox 698 2488 2261 2580">
     <span class='ocr_line' id='line_1_39' title="bbox 698 2488 2261 2580; baseline -0.006 -17"><span class='ocrx_word' id='word_1_262' title='bbox 698 2520 992 2580; x_wconf 84' lang='lat' dir='ltr'><strong>martyrum</strong></span> <span class='ocrx_word' id='word_1_263' title='bbox 1040 2508 1289 2562; x_wconf 88' lang='lat' dir='ltr'><strong>basilicas</strong></span> <span class='ocrx_word' id='word_1_264' title='bbox 1331 2518 1384 2561; x_wconf 91' lang='lat' dir='ltr'><strong>et</strong></span> <span class='ocrx_word' id='word_1_265' title='bbox 1431 2522 1549 2574; x_wconf 86' lang='lat' dir='ltr'><strong>quae</strong></span> <span class='ocrx_word' id='word_1_266' title='bbox 1590 2506 1697 2559; x_wconf 92' lang='lat' dir='ltr'><strong>illic</strong></span> <span class='ocrx_word' id='word_1_267' title='bbox 1729 2508 1897 2568; x_wconf 86' lang='lat' dir='ltr'><strong>ﬁunt,</strong></span> <span class='ocrx_word' id='word_1_268' title='bbox 1939 2488 2261 2558; x_wconf 81' lang='lat' dir='ltr'><strong>cendcmna-</strong></span> 
     </span>
    </p>
   </div>
   <div class='ocr_carea' id='block_1_40' title="bbox 700 2592 2261 2669">
    <p class='ocr_par' dir='ltr' id='par_1_40' title="bbox 700 2592 2261 2669">
     <span class='ocr_line' id='line_1_40' title="bbox 700 2592 2261 2669; baseline -0.007 -13"><span class='ocrx_word' id='word_1_269' title='bbox 700 2616 851 2666; x_wconf 83' lang='lat' dir='ltr'><strong>rent,</strong></span> <span class='ocrx_word' id='word_1_270' title='bbox 886 2603 1111 2669; x_wconf 89' lang='lat' dir='ltr'><strong>denique</strong></span> <span class='ocrx_word' id='word_1_271' title='bbox 1157 2600 1411 2652; x_wconf 86' lang='lat' dir='ltr'><strong>divitibus</strong></span> <span class='ocrx_word' id='word_1_272' title='bbox 1458 2613 1562 2651; x_wconf 92' lang='lat' dir='ltr'><strong>non</strong></span> <span class='ocrx_word' id='word_1_273' title='bbox 1594 2596 1770 2651; x_wconf 86' lang='lat' dir='ltr'><strong>omnia</strong></span> <span class='ocrx_word' id='word_1_274' title='bbox 1802 2610 1895 2649; x_wconf 91' lang='lat' dir='ltr'><strong>sua</strong></span> <span class='ocrx_word' id='word_1_275' title='bbox 1930 2592 2261 2663; x_wconf 85' lang='lat' dir='ltr'><strong>projicienti-</strong></span> 
     </span>
    </p>
   </div>
   <div class='ocr_carea' id='block_1_41' title="bbox 698 2684 2262 2761">
    <p class='ocr_par' dir='ltr' id='par_1_41' title="bbox 698 2684 2262 2761">
     <span class='ocr_line' id='line_1_41' title="bbox 698 2684 2262 2761; baseline -0.005 -14"><span class='ocrx_word' id='word_1_276' title='bbox 698 2696 797 2748; x_wconf 88' lang='lat' dir='ltr'><strong>bus</strong></span> <span class='ocrx_word' id='word_1_277' title='bbox 832 2709 980 2759; x_wconf 89' lang='lat' dir='ltr'><strong>spem</strong></span> <span class='ocrx_word' id='word_1_278' title='bbox 1020 2691 1159 2761; x_wconf 88' lang='lat' dir='ltr'><strong>apud</strong></span> <span class='ocrx_word' id='word_1_279' title='bbox 1193 2691 1359 2745; x_wconf 90' lang='lat' dir='ltr'><strong>Deum</strong></span> <span class='ocrx_word' id='word_1_280' title='bbox 1414 2690 1823 2759; x_wconf 66' lang='lat' dir='ltr'><strong>praecluderent.</strong></span> <span class='ocrx_word' id='word_1_281' title='bbox 1874 2687 1983 2742; x_wconf 87' lang='lat' dir='ltr'><strong>Cur</strong></span> <span class='ocrx_word' id='word_1_282' title='bbox 2028 2686 2141 2740; x_wconf 67' lang='lat' dir='ltr'><strong>huic</strong></span> <span class='ocrx_word' id='word_1_283' title='bbox 2195 2684 2262 2739; x_wconf 90' lang='lat' dir='ltr'><strong>ad</strong></span> 
     </span>
    </p>
   </div>
   <div class='ocr_carea' id='block_1_42' title="bbox 708 2778 2261 2855">
    <p class='ocr_par' dir='ltr' id='par_1_42' title="bbox 708 2778 2261 2855">
     <span class='ocr_line' id='line_1_42' title="bbox 708 2778 2261 2855; baseline -0.005 -14"><span class='ocrx_word' id='word_1_284' title='bbox 708 2788 969 2843; x_wconf 77' lang='lat' dir='ltr'><strong>Eustatbii</strong></span> <span class='ocrx_word' id='word_1_285' title='bbox 1002 2786 1282 2840; x_wconf 87' lang='lat' dir='ltr'><strong>Sebasteni</strong></span> <span class='ocrx_word' id='word_1_286' title='bbox 1317 2784 1610 2855; x_wconf 90' lang='lat' dir='ltr'><strong>discipulos</strong></span> <span class='ocrx_word' id='word_1_287' title='bbox 1646 2781 1965 2845; x_wconf 85' lang='lat' dir='ltr'><strong>referamus,</strong></span> <span class='ocrx_word' id='word_1_288' title='bbox 2002 2794 2107 2835; x_wconf 91' lang='lat' dir='ltr'><strong>non</strong></span> <span class='ocrx_word' id='word_1_289' title='bbox 2143 2778 2261 2833; x_wconf 89' lang='lat' dir='ltr'><strong>leve</strong></span> 
     </span>
    </p>
   </div>
   <div class='ocr_carea' id='block_1_43' title="bbox 698 2871 2264 2949">
    <p class='ocr_par' dir='ltr' id='par_1_43' title="bbox 698 2871 2264 2949">
     <span class='ocr_line' id='line_1_43' title="bbox 698 2871 2264 2949; baseline -0.004 -17"><span class='ocrx_word' id='word_1_290' title='bbox 698 2888 1072 2949; x_wconf 78' lang='lat' dir='ltr'><strong>argumentum</strong></span> <span class='ocrx_word' id='word_1_291' title='bbox 1132 2880 1438 2947; x_wconf 86' lang='lat' dir='ltr'><strong>suppeditat</strong></span> <span class='ocrx_word' id='word_1_292' title='bbox 1492 2878 1686 2929; x_wconf 85' lang='lat' dir='ltr'><strong>Aerins</strong></span> <span class='ocrx_word' id='word_1_293' title='bbox 1745 2877 1797 2928; x_wconf 92' lang='lat' dir='ltr'><strong>in</strong></span> <span class='ocrx_word' id='word_1_294' title='bbox 1854 2879 1955 2927; x_wconf 90' lang='lat' dir='ltr'><strong>hoc</strong></span> <span class='ocrx_word' id='word_1_295' title='bbox 2013 2871 2264 2927; x_wconf 88' lang='lat' dir='ltr'><strong>sodalitio</strong></span> 
     </span>
    </p>
   </div>
   <div class='ocr_carea' id='block_1_44' title="bbox 698 2962 2264 3042">
    <p class='ocr_par' dir='ltr' id='par_1_44' title="bbox 698 2962 2264 3042">
     <span class='ocr_line' id='line_1_44' title="bbox 698 2962 2264 3042; baseline -0.008 -16"><span class='ocrx_word' id='word_1_296' title='bbox 698 2974 854 3042; x_wconf 87' lang='lat' dir='ltr'><strong>longe</strong></span> <span class='ocrx_word' id='word_1_297' title='bbox 912 2970 1325 3034; x_wconf 89' lang='lat' dir='ltr'><strong>celeberrimus,</strong></span> <span class='ocrx_word' id='word_1_298' title='bbox 1382 2969 1462 3021; x_wconf 89' lang='lat' dir='ltr'><strong>cui</strong></span> <span class='ocrx_word' id='word_1_299' title='bbox 1515 2967 1677 3020; x_wconf 92' lang='lat' dir='ltr'><strong>multa</strong></span> <span class='ocrx_word' id='word_1_300' title='bbox 1732 2966 2043 3020; x_wconf 87' lang='lat' dir='ltr'><strong>tribuuntur</strong></span> <span class='ocrx_word' id='word_1_301' title='bbox 2091 2962 2264 3017; x_wconf 86' lang='lat' dir='ltr'><strong>simil-</strong></span> 
     </span>
    </p>
   </div>
   <div class='ocr_carea' id='block_1_45' title="bbox 704 3052 2265 3133">
    <p class='ocr_par' dir='ltr' id='par_1_45' title="bbox 704 3052 2265 3133">
     <span class='ocr_line' id='line_1_45' title="bbox 704 3052 2265 3133; baseline -0.006 -17"><span class='ocrx_word' id='word_1_302' title='bbox 704 3069 828 3119; x_wconf 87' lang='lat' dir='ltr'><strong>lima</strong></span> <span class='ocrx_word' id='word_1_303' title='bbox 871 3066 935 3119; x_wconf 82' lang='lat' dir='ltr'><strong>iis</strong></span> <span class='ocrx_word' id='word_1_304' title='bbox 986 3080 1102 3133; x_wconf 74' lang='lat' dir='ltr'><strong>quce</strong></span> <span class='ocrx_word' id='word_1_305' title='bbox 1157 3063 1387 3131; x_wconf 82' lang='lat' dir='ltr'><strong>synodus</strong></span> <span class='ocrx_word' id='word_1_306' title='bbox 1427 3059 1754 3130; x_wconf 82' lang='lat' dir='ltr'><strong>Gangrensis</strong></span> <span class='ocrx_word' id='word_1_307' title='bbox 1796 3056 2167 3127; x_wconf 88' lang='lat' dir='ltr'><strong>reprehendit.</strong></span> <span class='ocrx_word' id='word_1_308' title='bbox 2218 3052 2265 3107; x_wconf 88' lang='lat' dir='ltr'><strong>ls</strong></span> 
     </span>
    </p>
   </div>
   <div class='ocr_carea' id='block_1_46' title="bbox 700 3144 2267 3222">
    <p class='ocr_par' dir='ltr' id='par_1_46' title="bbox 700 3144 2267 3222">
     <span class='ocr_line' id='line_1_46' title="bbox 700 3144 2267 3222; baseline -0.006 -14"><span class='ocrx_word' id='word_1_309' title='bbox 700 3160 866 3217; x_wconf 78' lang='lat' dir='ltr'><strong>enim,</strong></span> <span class='ocrx_word' id='word_1_310' title='bbox 893 3166 1027 3208; x_wconf 88' lang='lat' dir='ltr'><strong>teste</strong></span> <span class='ocrx_word' id='word_1_311' title='bbox 1051 3154 1344 3222; x_wconf 87' lang='lat' dir='ltr'><strong>Epiphanio</strong></span> <span class='ocrx_word' id='word_1_312' title='bbox 1373 3153 1471 3219; x_wconf 80' lang='grc' dir='ltr'><strong>(α),</strong></span> <span class='ocrx_word' id='word_1_313' title='bbox 1492 3166 1736 3221; x_wconf 84' lang='lat' dir='ltr'><strong>magnam</strong></span> <span class='ocrx_word' id='word_1_314' title='bbox 1759 3148 2037 3204; x_wconf 87' lang='lat' dir='ltr'><strong>hominum</strong></span> <span class='ocrx_word' id='word_1_315' title='bbox 2064 3144 2267 3201; x_wconf 86' lang='lat' dir='ltr'><strong>utrius-</strong></span> 
     </span>
    </p>
   </div>
   <div class='ocr_carea' id='block_1_47' title="bbox 701 3236 2264 3311">
    <p class='ocr_par' dir='ltr' id='par_1_47' title="bbox 701 3236 2264 3311">
     <span class='ocr_line' id='line_1_47' title="bbox 701 3236 2264 3311; baseline -0.004 -16"><span class='ocrx_word' id='word_1_316' title='bbox 701 3260 803 3311; x_wconf 85' lang='lat' dir='ltr'><strong>que</strong></span> <span class='ocrx_word' id='word_1_317' title='bbox 840 3258 999 3297; x_wconf 79' lang='lat' dir='ltr'><strong>sexus</strong></span> <span class='ocrx_word' id='word_1_318' title='bbox 1034 3244 1431 3295; x_wconf 86' lang='lat' dir='ltr'><strong>multitudinem</strong></span> <span class='ocrx_word' id='word_1_319' title='bbox 1467 3243 1764 3304; x_wconf 83' lang='lat' dir='ltr'><strong>abstraxit,</strong></span> <span class='ocrx_word' id='word_1_320' title='bbox 1799 3239 2117 3309; x_wconf 89' lang='lat' dir='ltr'><strong>quibuscum</strong></span> <span class='ocrx_word' id='word_1_321' title='bbox 2152 3236 2264 3307; x_wconf 90' lang='lat' dir='ltr'><strong>pri-</strong></span> 
     </span>
    </p>
   </div>
   <div class='ocr_carea' id='block_1_48' title="bbox 704 3326 2266 3387">
    <p class='ocr_par' dir='ltr' id='par_1_48' title="bbox 704 3326 2266 3387">
     <span class='ocr_line' id='line_1_48' title="bbox 704 3326 2266 3387; baseline -0.004 -1"><span class='ocrx_word' id='word_1_322' title='bbox 704 3345 860 3387; x_wconf 84' lang='lat' dir='ltr'><strong>vatos</strong></span> <span class='ocrx_word' id='word_1_323' title='bbox 892 3342 1183 3386; x_wconf 88' lang='lat' dir='ltr'><strong>conventus</strong></span> <span class='ocrx_word' id='word_1_324' title='bbox 1230 3329 1476 3382; x_wconf 81' lang='lat' dir='ltr'><strong>habebat.</strong></span> <span class='ocrx_word' id='word_1_325' title='bbox 1528 3328 1747 3381; x_wconf 73' lang='lat' dir='ltr'><strong>Pascha:</strong></span> <span class='ocrx_word' id='word_1_326' title='bbox 1787 3328 2151 3381; x_wconf 85' lang='lat' dir='ltr'><strong>celebritatem</strong></span> <span class='ocrx_word' id='word_1_327' title='bbox 2188 3326 2266 3379; x_wconf 88' lang='lat' dir='ltr'><strong>ri-</strong></span> 
     </span>
    </p>
   </div>
   <div class='ocr_carea' id='block_1_49' title="bbox 705 3418 2270 3493">
    <p class='ocr_par' dir='ltr' id='par_1_49' title="bbox 705 3418 2270 3493">
     <span class='ocr_line' id='line_1_49' title="bbox 705 3418 2270 3493; baseline -0.006 -14"><span class='ocrx_word' id='word_1_328' title='bbox 705 3428 864 3481; x_wconf 86' lang='lat' dir='ltr'><strong>debat</strong></span> <span class='ocrx_word' id='word_1_329' title='bbox 891 3466 905 3491; x_wconf 92' lang='lat'><strong>,</strong></span> <span class='ocrx_word' id='word_1_330' title='bbox 934 3423 1209 3493; x_wconf 84' lang='lat' dir='ltr'><strong>jejunabat</strong></span> <span class='ocrx_word' id='word_1_331' title='bbox 1236 3422 1321 3477; x_wconf 91' lang='lat' dir='ltr'><strong>die</strong></span> <span class='ocrx_word' id='word_1_332' title='bbox 1359 3421 1635 3475; x_wconf 89' lang='lat' dir='ltr'><strong>Dominica</strong></span> <span class='ocrx_word' id='word_1_333' title='bbox 1660 3459 1675 3484; x_wconf 92' lang='lat'><strong>,</strong></span> <span class='ocrx_word' id='word_1_334' title='bbox 1704 3418 1897 3488; x_wconf 90' lang='lat' dir='ltr'><strong>quibus</strong></span> <span class='ocrx_word' id='word_1_335' title='bbox 1932 3429 2112 3470; x_wconf 86' lang='lat' dir='ltr'><strong>autem</strong></span> <span class='ocrx_word' id='word_1_336' title='bbox 2157 3418 2270 3471; x_wconf 88' lang='lat' dir='ltr'><strong>die-</strong></span> 
     </span>
    </p>
   </div>
   <div class='ocr_carea' id='block_1_50' title="bbox 704 3506 2268 3588">
    <p class='ocr_par' dir='ltr' id='par_1_50' title="bbox 704 3506 2268 3588">
     <span class='ocr_line' id='line_1_50' title="bbox 704 3506 2268 3588; baseline -0.008 -18"><span class='ocrx_word' id='word_1_337' title='bbox 704 3521 804 3570; x_wconf 89' lang='lat' dir='ltr'><strong>bus</strong></span> <span class='ocrx_word' id='word_1_338' title='bbox 828 3517 1026 3588; x_wconf 83' lang='lat' dir='ltr'><strong>jejunia</strong></span> <span class='ocrx_word' id='word_1_339' title='bbox 1074 3516 1379 3569; x_wconf 83' lang='lat' dir='ltr'><strong>indicuntur</strong></span> <span class='ocrx_word' id='word_1_340' title='bbox 1421 3514 1487 3568; x_wconf 87' lang='lat' dir='ltr'><strong>ab</strong></span> <span class='ocrx_word' id='word_1_341' title='bbox 1514 3511 1748 3567; x_wconf 85' lang='lat' dir='ltr'><strong>Ecclesia</strong></span> <span class='ocrx_word' id='word_1_342' title='bbox 1778 3550 1792 3575; x_wconf 98' lang='lat'><strong>,</strong></span> <span class='ocrx_word' id='word_1_343' title='bbox 1821 3508 2154 3564; x_wconf 85' lang='lat' dir='ltr'><strong>vescebatur.</strong></span> <span class='ocrx_word' id='word_1_344' title='bbox 2202 3506 2268 3559; x_wconf 93' lang='lat' dir='ltr'><strong>ll-</strong></span> 
     </span>
    </p>
   </div>
   <div class='ocr_carea' id='block_1_51' title="bbox 703 3597 2267 3671">
    <p class='ocr_par' dir='ltr' id='par_1_51' title="bbox 703 3597 2267 3671">
     <span class='ocr_line' id='line_1_51' title="bbox 703 3597 2267 3671; baseline -0.006 -11"><span class='ocrx_word' id='word_1_345' title='bbox 703 3608 807 3661; x_wconf 86' lang='lat' dir='ltr'><strong>lius</strong></span> <span class='ocrx_word' id='word_1_346' title='bbox 834 3617 1131 3661; x_wconf 84' lang='lat' dir='ltr'><strong>sectatores</strong></span> <span class='ocrx_word' id='word_1_347' title='bbox 1155 3606 1277 3658; x_wconf 91' lang='lat' dir='ltr'><strong>vino</strong></span> <span class='ocrx_word' id='word_1_348' title='bbox 1295 3613 1348 3657; x_wconf 92' lang='lat' dir='ltr'><strong>et</strong></span> <span class='ocrx_word' id='word_1_349' title='bbox 1368 3604 1621 3657; x_wconf 88' lang='lat' dir='ltr'><strong>carnibus</strong></span> <span class='ocrx_word' id='word_1_350' title='bbox 1648 3600 1997 3671; x_wconf 80' lang='lat' dir='ltr'><strong>indulgebant</strong></span> <span class='ocrx_word' id='word_1_351' title='bbox 2020 3597 2267 3662; x_wconf 88' lang='lat' dir='ltr'><strong>diluculo,</strong></span> 
     </span>
    </p>
   </div>
   <div class='ocr_carea' id='block_1_52' title="bbox 707 3689 2271 3760">
    <p class='ocr_par' dir='ltr' id='par_1_52' title="bbox 707 3689 2271 3760">
     <span class='ocr_line' id='line_1_52' title="bbox 707 3689 2271 3760; baseline -0.005 -9"><span class='ocrx_word' id='word_1_352' title='bbox 707 3708 832 3751; x_wconf 87' lang='lat' dir='ltr'><strong>tum.</strong></span> <span class='ocrx_word' id='word_1_353' title='bbox 856 3712 975 3751; x_wconf 89' lang='lat' dir='ltr'><strong>cum</strong></span> <span class='ocrx_word' id='word_1_354' title='bbox 1012 3694 1191 3749; x_wconf 90' lang='lat' dir='ltr'><strong>ﬁdeles</strong></span> <span class='ocrx_word' id='word_1_355' title='bbox 1234 3692 1431 3759; x_wconf 86' lang='lat' dir='ltr'><strong>jejunla</strong></span> <span class='ocrx_word' id='word_1_356' title='bbox 1473 3693 1745 3760; x_wconf 88' lang='lat' dir='ltr'><strong>paschalia</strong></span> <span class='ocrx_word' id='word_1_357' title='bbox 1774 3693 2130 3745; x_wconf 88' lang='lat' dir='ltr'><strong>celebrarent.</strong></span> <span class='ocrx_word' id='word_1_358' title='bbox 2165 3689 2271 3743; x_wconf 80' lang='lat' dir='ltr'><strong>lm-</strong></span> 
     </span>
    </p>
   </div>
   <div class='ocr_carea' id='block_1_53' title="bbox 708 3780 2274 3855">
    <p class='ocr_par' dir='ltr' id='par_1_53' title="bbox 708 3780 2274 3855">
     <span class='ocr_line' id='line_1_53' title="bbox 708 3780 2274 3855; baseline -0.007 -12"><span class='ocrx_word' id='word_1_359' title='bbox 708 3790 1041 3843; x_wconf 89' lang='lat' dir='ltr'><strong>moderatum</strong></span> <span class='ocrx_word' id='word_1_360' title='bbox 1090 3782 1415 3855; x_wconf 82' lang='lat' dir='ltr'><strong>paupertatis</strong></span> <span class='ocrx_word' id='word_1_361' title='bbox 1446 3780 1677 3836; x_wconf 90' lang='lat' dir='ltr'><strong>studium</strong></span> <span class='ocrx_word' id='word_1_362' title='bbox 1706 3821 1720 3845; x_wconf 86' lang='lat'><strong>,</strong></span> <span class='ocrx_word' id='word_1_363' title='bbox 1759 3782 1896 3847; x_wconf 80' lang='lat' dir='ltr'><strong>quod</strong></span> <span class='ocrx_word' id='word_1_364' title='bbox 1934 3780 2274 3849; x_wconf 90' lang='lat' dir='ltr'><strong>reprehendit</strong></span> 
     </span>
    </p>
   </div>
   <div class='ocr_carea' id='block_1_54' title="bbox 709 3871 2273 3952">
    <p class='ocr_par' dir='ltr' id='par_1_54' title="bbox 709 3871 2273 3952">
     <span class='ocr_line' id='line_1_54' title="bbox 709 3871 2273 3952; baseline -0.008 -17"><span class='ocrx_word' id='word_1_365' title='bbox 709 3880 965 3952; x_wconf 83' lang='lat' dir='ltr'><strong>synodus,</strong></span> <span class='ocrx_word' id='word_1_366' title='bbox 992 3879 1122 3933; x_wconf 90' lang='lat' dir='ltr'><strong>satis</strong></span> <span class='ocrx_word' id='word_1_367' title='bbox 1150 3877 1352 3931; x_wconf 89' lang='lat' dir='ltr'><strong>redolet</strong></span> <span class='ocrx_word' id='word_1_368' title='bbox 1382 3876 1649 3944; x_wconf 83' lang='lat' dir='ltr'><strong>ingenium</strong></span> <span class='ocrx_word' id='word_1_369' title='bbox 1674 3872 1816 3926; x_wconf 86' lang='lat' dir='ltr'><strong>Aerii</strong></span> <span class='ocrx_word' id='word_1_370' title='bbox 1847 3911 1861 3935; x_wconf 94' lang='lat'><strong>,</strong></span> <span class='ocrx_word' id='word_1_371' title='bbox 1892 3871 1982 3940; x_wconf 89' lang='lat' dir='ltr'><strong>qui</strong></span> <span class='ocrx_word' id='word_1_372' title='bbox 2009 3884 2131 3924; x_wconf 89' lang='lat' dir='ltr'><strong>cum</strong></span> <span class='ocrx_word' id='word_1_373' title='bbox 2161 3884 2273 3923; x_wconf 84' lang='lat' dir='ltr'><strong>ma-</strong></span> 
     </span>
    </p>
   </div>
   <div class='ocr_carea' id='block_1_55' title="bbox 707 3959 2274 4045">
    <p class='ocr_par' dir='ltr' id='par_1_55' title="bbox 707 3959 2274 4045">
     <span class='ocr_line' id='line_1_55' title="bbox 707 3959 2274 4045; baseline -0.009 -20"><span class='ocrx_word' id='word_1_374' title='bbox 707 3974 935 4045; x_wconf 77' lang='lat' dir='ltr'><strong>gistrum</strong></span> <span class='ocrx_word' id='word_1_375' title='bbox 962 3984 1115 4024; x_wconf 93' lang='lat' dir='ltr'><strong>suum</strong></span> <span class='ocrx_word' id='word_1_376' title='bbox 1145 3965 1481 4022; x_wconf 86' lang='lat' dir='ltr'><strong>Eustathium</strong></span> <span class='ocrx_word' id='word_1_377' title='bbox 1524 3959 1729 4019; x_wconf 78' lang='lat' dir='ltr'><strong>videret</strong></span> <span class='ocrx_word' id='word_1_378' title='bbox 1765 3959 2163 4017; x_wconf 87' lang='lat' dir='ltr'><strong>ecclesiasticos</strong></span> <span class='ocrx_word' id='word_1_379' title='bbox 2189 3971 2274 4011; x_wconf 88' lang='lat' dir='ltr'><strong>re-</strong></span> 
     </span>
    </p>
   </div>
   <div class='ocr_carea' id='block_1_56' title="bbox 710 4052 2277 4122">
    <p class='ocr_par' dir='ltr' id='par_1_56' title="bbox 710 4052 2277 4122">
     <span class='ocr_line' id='line_1_56' title="bbox 710 4052 2277 4122; baseline -0.007 -8"><span class='ocrx_word' id='word_1_380' title='bbox 710 4064 855 4115; x_wconf 85' lang='lat' dir='ltr'><strong>ditus</strong></span> <span class='ocrx_word' id='word_1_381' title='bbox 890 4058 1219 4113; x_wconf 87' lang='lat' dir='ltr'><strong>inmanibus</strong></span> <span class='ocrx_word' id='word_1_382' title='bbox 1267 4057 1591 4119; x_wconf 85' lang='lat' dir='ltr'><strong>habentem,</strong></span> <span class='ocrx_word' id='word_1_383' title='bbox 1639 4056 1761 4110; x_wconf 91' lang='lat' dir='ltr'><strong>inde</strong></span> <span class='ocrx_word' id='word_1_384' title='bbox 1804 4069 1989 4108; x_wconf 82' lang='lat' dir='ltr'><strong>ansam</strong></span> <span class='ocrx_word' id='word_1_385' title='bbox 2034 4052 2277 4122; x_wconf 88' lang='lat' dir='ltr'><strong>capiebat</strong></span> 
     </span>
    </p>
   </div>
   <div class='ocr_carea' id='block_1_57' title="bbox 710 4146 2277 4210">
    <p class='ocr_par' dir='ltr' id='par_1_57' title="bbox 710 4146 2277 4210">
     <span class='ocr_line' id='line_1_57' title="bbox 710 4146 2277 4210; baseline -0.006 -4"><span class='ocrx_word' id='word_1_386' title='bbox 710 4157 775 4207; x_wconf 87' lang='lat' dir='ltr'><strong>de</strong></span> <span class='ocrx_word' id='word_1_387' title='bbox 802 4166 863 4205; x_wconf 90' lang='lat' dir='ltr'><strong>eo</strong></span> <span class='ocrx_word' id='word_1_388' title='bbox 892 4148 1243 4210; x_wconf 86' lang='lat' dir='ltr'><strong>detrahendi,</strong></span> <span class='ocrx_word' id='word_1_389' title='bbox 1290 4162 1353 4201; x_wconf 89' lang='lat' dir='ltr'><strong>ac</strong></span> <span class='ocrx_word' id='word_1_390' title='bbox 1410 4147 1661 4201; x_wconf 80' lang='lat' dir='ltr'><strong>erunibus</strong></span> <span class='ocrx_word' id='word_1_391' title='bbox 1713 4146 1990 4200; x_wconf 87' lang='lat' dir='ltr'><strong>dictitandi</strong></span> <span class='ocrx_word' id='word_1_392' title='bbox 2024 4160 2129 4197; x_wconf 92' lang='lat' dir='ltr'><strong>non</strong></span> <span class='ocrx_word' id='word_1_393' title='bbox 2157 4158 2277 4197; x_wconf 92' lang='lat' dir='ltr'><strong>eum</strong></span> 
     </span>
    </p>
   </div>
   <div class='ocr_carea' id='block_1_58' title="bbox 709 4236 2281 4313">
    <p class='ocr_par' dir='ltr' id='par_1_58' title="bbox 709 4236 2281 4313">
     <span class='ocr_line' id='line_1_58' title="bbox 709 4236 2281 4313; baseline -0.006 -14"><span class='ocrx_word' id='word_1_394' title='bbox 709 4260 829 4299; x_wconf 84' lang='lat' dir='ltr'><strong>esse</strong></span> <span class='ocrx_word' id='word_1_395' title='bbox 858 4243 946 4313; x_wconf 88' lang='lat' dir='ltr'><strong>qui</strong></span> <span class='ocrx_word' id='word_1_396' title='bbox 983 4242 1244 4295; x_wconf 87' lang='lat' dir='ltr'><strong>hactenus</strong></span> <span class='ocrx_word' id='word_1_397' title='bbox 1279 4239 1483 4301; x_wconf 87' lang='lat' dir='ltr'><strong>fuerat,</strong></span> <span class='ocrx_word' id='word_1_398' title='bbox 1529 4237 1619 4291; x_wconf 91' lang='lat' dir='ltr'><strong>sed</strong></span> <span class='ocrx_word' id='word_1_399' title='bbox 1652 4236 1717 4289; x_wconf 90' lang='lat' dir='ltr'><strong>ad</strong></span> <span class='ocrx_word' id='word_1_400' title='bbox 1760 4251 1871 4289; x_wconf 92' lang='lat' dir='ltr'><strong>rem</strong></span> <span class='ocrx_word' id='word_1_401' title='bbox 1903 4244 2162 4289; x_wconf 89' lang='lat' dir='ltr'><strong>attentum</strong></span> <span class='ocrx_word' id='word_1_402' title='bbox 2183 4275 2200 4301; x_wconf 90' lang='lat'><strong>,</strong></span> <span class='ocrx_word' id='word_1_403' title='bbox 2227 4244 2281 4289; x_wconf 90' lang='lat' dir='ltr'><strong>et</strong></span> 
     </span>
    </p>
   </div>
   <div class='ocr_carea' id='block_1_59' title="bbox 710 4326 2279 4397">
    <p class='ocr_par' dir='ltr' id='par_1_59' title="bbox 710 4326 2279 4397">
     <span class='ocr_line' id='line_1_59' title="bbox 710 4326 2279 4397; baseline -0.006 -8"><span class='ocrx_word' id='word_1_404' title='bbox 710 4333 1045 4389; x_wconf 83' lang='lat' dir='ltr'><strong>cumulandis</strong></span> <span class='ocrx_word' id='word_1_405' title='bbox 1089 4331 1276 4397; x_wconf 90' lang='lat' dir='ltr'><strong>opibus</strong></span> <span class='ocrx_word' id='word_1_406' title='bbox 1322 4338 1489 4383; x_wconf 90' lang='lat' dir='ltr'><strong>totum</strong></span> <span class='ocrx_word' id='word_1_407' title='bbox 1544 4329 1871 4381; x_wconf 89' lang='lat' dir='ltr'><strong>incumbere.</strong></span> <span class='ocrx_word' id='word_1_408' title='bbox 1912 4326 2157 4380; x_wconf 91' lang='lat' dir='ltr'><strong>Libertas</strong></span> <span class='ocrx_word' id='word_1_409' title='bbox 2199 4327 2279 4380; x_wconf 86' lang='lat' dir='ltr'><strong>vi-</strong></span> 
     </span>
    </p>
   </div>
   <div class='ocr_carea' id='block_1_60' title="bbox 714 4418 2279 4487">
    <p class='ocr_par' dir='ltr' id='par_1_60' title="bbox 714 4418 2279 4487">
     <span class='ocr_line' id='line_1_60' title="bbox 714 4418 2279 4487; baseline -0.005 -10"><span class='ocrx_word' id='word_1_410' title='bbox 714 4427 865 4479; x_wconf 67' lang='lat' dir='ltr'><strong>vendi</strong></span> <span class='ocrx_word' id='word_1_411' title='bbox 893 4426 956 4477; x_wconf 91' lang='lat' dir='ltr'><strong>ad</strong></span> <span class='ocrx_word' id='word_1_412' title='bbox 983 4423 1262 4477; x_wconf 90' lang='lat' dir='ltr'><strong>arbitrium</strong></span> <span class='ocrx_word' id='word_1_413' title='bbox 1285 4430 1339 4475; x_wconf 91' lang='lat' dir='ltr'><strong>et</strong></span> <span class='ocrx_word' id='word_1_414' title='bbox 1362 4418 1646 4481; x_wconf 73' lang='lat' dir='ltr'><strong>sentiendi,</strong></span> <span class='ocrx_word' id='word_1_415' title='bbox 1679 4433 1836 4487; x_wconf 90' lang='lat' dir='ltr'><strong>quam</strong></span> <span class='ocrx_word' id='word_1_416' title='bbox 1856 4418 1907 4471; x_wconf 94' lang='lat' dir='ltr'><strong>in</strong></span> <span class='ocrx_word' id='word_1_417' title='bbox 1932 4427 2075 4471; x_wconf 88' lang='lat' dir='ltr'><strong>secta</strong></span> <span class='ocrx_word' id='word_1_418' title='bbox 2098 4432 2126 4469; x_wconf 87' lang='lat' dir='ltr'><strong>a</strong></span> <span class='ocrx_word' id='word_1_419' title='bbox 2154 4433 2279 4486; x_wconf 86' lang='lat' dir='ltr'><strong>syn-</strong></span> 
     </span>
    </p>
   </div>
   <div class='ocr_carea' id='block_1_61' title="bbox 710 4508 2279 4575">
    <p class='ocr_par' dir='ltr' id='par_1_61' title="bbox 710 4508 2279 4575">
     <span class='ocr_line' id='line_1_61' title="bbox 710 4508 2279 4575; baseline -0.006 -8"><span class='ocrx_word' id='word_1_420' title='bbox 710 4518 812 4568; x_wconf 90' lang='lat' dir='ltr'><strong>odo</strong></span> <span class='ocrx_word' id='word_1_421' title='bbox 858 4514 1108 4567; x_wconf 84' lang='lat' dir='ltr'><strong>damnata</strong></span> <span class='ocrx_word' id='word_1_422' title='bbox 1155 4509 1649 4573; x_wconf 87' lang='lat' dir='ltr'><strong>animadvertimus,</strong></span> <span class='ocrx_word' id='word_1_423' title='bbox 1702 4522 1806 4561; x_wconf 90' lang='lat' dir='ltr'><strong>non</strong></span> <span class='ocrx_word' id='word_1_424' title='bbox 1843 4508 2081 4562; x_wconf 86' lang='lat' dir='ltr'><strong>aberata</strong></span> <span class='ocrx_word' id='word_1_425' title='bbox 2119 4519 2279 4575; x_wconf 87' lang='lat' dir='ltr'><strong>grege</strong></span> 
     </span>
    </p>
   </div>
   <div class='ocr_carea' id='block_1_62' title="bbox 2364 1924 3933 1996">
    <p class='ocr_par' dir='ltr' id='par_1_62' title="bbox 2364 1924 3933 1996">
     <span class='ocr_line' id='line_1_62' title="bbox 2364 1924 3933 1996; baseline -0.008 -9"><span class='ocrx_word' id='word_1_426' title='bbox 2364 1949 2483 1988; x_wconf 89' lang='lat' dir='ltr'><strong>cum</strong></span> <span class='ocrx_word' id='word_1_427' title='bbox 2510 1933 2721 1989; x_wconf 88' lang='lat' dir='ltr'><strong>dedisse</strong></span> <span class='ocrx_word' id='word_1_428' title='bbox 2751 1932 2875 1985; x_wconf 88' lang='lat' dir='ltr'><strong>hinc</strong></span> <span class='ocrx_word' id='word_1_429' title='bbox 2906 1931 3069 1984; x_wconf 91' lang='lat' dir='ltr'><strong>etiam</strong></span> <span class='ocrx_word' id='word_1_430' title='bbox 3103 1927 3424 1981; x_wconf 86' lang='lat' dir='ltr'><strong>confirmare</strong></span> <span class='ocrx_word' id='word_1_431' title='bbox 3448 1939 3752 1996; x_wconf 88' lang='lat' dir='ltr'><strong>possumus,</strong></span> <span class='ocrx_word' id='word_1_432' title='bbox 3788 1924 3933 1993; x_wconf 87' lang='lat' dir='ltr'><strong>quod</strong></span> 
     </span>
    </p>
   </div>
   <div class='ocr_carea' id='block_1_63' title="bbox 2364 2016 3932 2097">
    <p class='ocr_par' dir='ltr' id='par_1_63' title="bbox 2364 2016 3932 2097">
     <span class='ocr_line' id='line_1_63' title="bbox 2364 2016 3932 2097; baseline -0.008 -18"><span class='ocrx_word' id='word_1_433' title='bbox 2364 2026 2476 2095; x_wconf 85' lang='lat' dir='ltr'><strong>ipsa</strong></span> <span class='ocrx_word' id='word_1_434' title='bbox 2525 2024 2759 2097; x_wconf 91' lang='lat' dir='ltr'><strong>synodus</strong></span> <span class='ocrx_word' id='word_1_435' title='bbox 2798 2022 2933 2076; x_wconf 89' lang='lat' dir='ltr'><strong>nihil</strong></span> <span class='ocrx_word' id='word_1_436' title='bbox 2978 2023 3042 2075; x_wconf 92' lang='lat' dir='ltr'><strong>de</strong></span> <span class='ocrx_word' id='word_1_437' title='bbox 3068 2020 3349 2074; x_wconf 88' lang='lat' dir='ltr'><strong>Eustathio</strong></span> <span class='ocrx_word' id='word_1_438' title='bbox 3374 2062 3388 2082; x_wconf 85' lang='lat'><strong>,</strong></span> <span class='ocrx_word' id='word_1_439' title='bbox 3425 2029 3481 2072; x_wconf 91' lang='lat' dir='ltr'><strong>ut</strong></span> <span class='ocrx_word' id='word_1_440' title='bbox 3522 2016 3643 2070; x_wconf 89' lang='lat' dir='ltr'><strong>mali</strong></span> <span class='ocrx_word' id='word_1_441' title='bbox 3688 2026 3932 2076; x_wconf 86' lang='lat' dir='ltr'><strong>auctore,</strong></span> 
     </span>
    </p>
   </div>
   <div class='ocr_carea' id='block_1_64' title="bbox 2364 2105 3934 2187">
    <p class='ocr_par' dir='ltr' id='par_1_64' title="bbox 2364 2105 3934 2187">
     <span class='ocr_line' id='line_1_64' title="bbox 2364 2105 3934 2187; baseline -0.009 -17"><span class='ocrx_word' id='word_1_442' title='bbox 2364 2119 2606 2187; x_wconf 90' lang='lat' dir='ltr'><strong>asperius</strong></span> <span class='ocrx_word' id='word_1_443' title='bbox 2634 2122 2854 2171; x_wconf 88' lang='lat' dir='ltr'><strong>statuat.</strong></span> <span class='ocrx_word' id='word_1_444' title='bbox 2891 2112 2982 2167; x_wconf 90' lang='lat' dir='ltr'><strong>Sic</strong></span> <span class='ocrx_word' id='word_1_445' title='bbox 3009 2112 3151 2166; x_wconf 90' lang='lat' dir='ltr'><strong>enim</strong></span> <span class='ocrx_word' id='word_1_446' title='bbox 3179 2109 3363 2177; x_wconf 90' lang='lat' dir='ltr'><strong>incipit</strong></span> <span class='ocrx_word' id='word_1_447' title='bbox 3396 2108 3632 2179; x_wconf 87' lang='lat' dir='ltr'><strong>synodus</strong></span> <span class='ocrx_word' id='word_1_448' title='bbox 3662 2125 3673 2159; x_wconf 90' lang='lat'>:</span> <span class='ocrx_word' id='word_1_449' title='bbox 3712 2105 3934 2173; x_wconf 81' lang='grc' dir='ltr'>Ἐπειδὴ</span> 
     </span>
    </p>
   </div>
   <div class='ocr_carea' id='block_1_65' title="bbox 2367 2200 3936 2278">
    <p class='ocr_par' dir='ltr' id='par_1_65' title="bbox 2367 2200 3936 2278">
     <span class='ocr_line' id='line_1_65' title="bbox 2367 2200 3936 2278; baseline -0.01 -16"><span class='ocrx_word' id='word_1_450' title='bbox 2367 2210 2691 2263; x_wconf 71' lang='grc' dir='ltr'>συνελθοῦσα</span> <span class='ocrx_word' id='word_1_451' title='bbox 2742 2212 2773 2278; x_wconf 82' lang='grc' dir='ltr'>ἡ</span> <span class='ocrx_word' id='word_1_452' title='bbox 2826 2206 3100 2276; x_wconf 80' lang='grc' dir='ltr'><strong>ἀγιωτάτη</strong></span> <span class='ocrx_word' id='word_1_453' title='bbox 3148 2202 3361 2264; x_wconf 78' lang='grc' dir='ltr'>σύνοδος</span> <span class='ocrx_word' id='word_1_454' title='bbox 3394 2202 3499 2252; x_wconf 81' lang='grc' dir='ltr'>τῶν</span> <span class='ocrx_word' id='word_1_455' title='bbox 3534 2200 3845 2253; x_wconf 72' lang='grc' dir='ltr'>ἐπισκόπων</span> <span class='ocrx_word' id='word_1_456' title='bbox 3879 2200 3936 2249; x_wconf 77' lang='grc' dir='ltr'>ἐν</span> 
     </span>
    </p>
   </div>
   <div class='ocr_carea' id='block_1_66' title="bbox 2364 2290 3935 2370">
    <p class='ocr_par' dir='ltr' id='par_1_66' title="bbox 2364 2290 3935 2370">
     <span class='ocr_line' id='line_1_66' title="bbox 2364 2290 3935 2370; baseline -0.009 -20"><span class='ocrx_word' id='word_1_457' title='bbox 2364 2301 2428 2370; x_wconf 81' lang='grc' dir='ltr'><strong>τῇ</strong></span> <span class='ocrx_word' id='word_1_458' title='bbox 2464 2296 2601 2350; x_wconf 74' lang='grc' dir='ltr'>κατὰ</span> <span class='ocrx_word' id='word_1_459' title='bbox 2632 2297 2883 2367; x_wconf 81' lang='grc' dir='ltr'>Γάγγραν</span> <span class='ocrx_word' id='word_1_460' title='bbox 2912 2294 3174 2364; x_wconf 74' lang='grc' dir='ltr'>ἐκκλησίᾳ</span> <span class='ocrx_word' id='word_1_461' title='bbox 3198 2333 3212 2357; x_wconf 90' lang='grc'><em>,</em></span> <span class='ocrx_word' id='word_1_462' title='bbox 3246 2291 3334 2344; x_wconf 80' lang='grc' dir='ltr'><strong>διά</strong></span> <span class='ocrx_word' id='word_1_463' title='bbox 3377 2306 3525 2352; x_wconf 83' lang='grc' dir='ltr'>τινας</span> <span class='ocrx_word' id='word_1_464' title='bbox 3555 2290 3935 2357; x_wconf 73' lang='grc' dir='ltr'>ἐκκλησιαστι-</span> 
     </span>
    </p>
   </div>
   <div class='ocr_carea' id='block_1_67' title="bbox 2367 2379 3935 2460">
    <p class='ocr_par' dir='ltr' id='par_1_67' title="bbox 2367 2379 3935 2460">
     <span class='ocr_line' id='line_1_67' title="bbox 2367 2379 3935 2460; baseline -0.011 -15"><span class='ocrx_word' id='word_1_465' title='bbox 2367 2390 2468 2455; x_wconf 79' lang='grc' dir='ltr'><strong>κὰς</strong></span> <span class='ocrx_word' id='word_1_466' title='bbox 2512 2388 2736 2460; x_wconf 81' lang='grc' dir='ltr'><strong>χρείας,</strong></span> <span class='ocrx_word' id='word_1_467' title='bbox 2787 2388 3127 2458; x_wconf 78' lang='grc' dir='ltr'><strong>ζητουμένων</strong></span> <span class='ocrx_word' id='word_1_468' title='bbox 3178 2386 3271 2439; x_wconf 72' lang='grc' dir='ltr'>καὶ</span> <span class='ocrx_word' id='word_1_469' title='bbox 3316 2384 3421 2437; x_wconf 82' lang='grc' dir='ltr'><strong>τῶν</strong></span> <span class='ocrx_word' id='word_1_470' title='bbox 3466 2383 3581 2434; x_wconf 85' lang='grc' dir='ltr'>κατ’</span> <span class='ocrx_word' id='word_1_471' title='bbox 3614 2379 3935 2441; x_wconf 80' lang='grc' dir='ltr'>Εὑστὰοιον,</span> 
     </span>
    </p>
   </div>
   <div class='ocr_carea' id='block_1_68' title="bbox 2367 2468 3939 2554">
    <p class='ocr_par' dir='ltr' id='par_1_68' title="bbox 2367 2468 3939 2554">
     <span class='ocr_line' id='line_1_68' title="bbox 2367 2468 3939 2554; baseline -0.01 -18"><span class='ocrx_word' id='word_1_472' title='bbox 2367 2483 2588 2554; x_wconf 71' lang='grc' dir='ltr'>εὕρισκε</span> <span class='ocrx_word' id='word_1_473' title='bbox 2635 2479 2802 2533; x_wconf 82' lang='grc' dir='ltr'>πολλὰ</span> <span class='ocrx_word' id='word_1_474' title='bbox 2870 2480 3121 2548; x_wconf 79' lang='grc' dir='ltr'><strong>ἀθέσμως</strong></span> <span class='ocrx_word' id='word_1_475' title='bbox 3170 2478 3425 2548; x_wconf 80' lang='grc' dir='ltr'>γινόμενα</span> <span class='ocrx_word' id='word_1_476' title='bbox 3470 2475 3570 2528; x_wconf 78' lang='grc' dir='ltr'>ὑπὸ</span> <span class='ocrx_word' id='word_1_477' title='bbox 3603 2472 3805 2525; x_wconf 78' lang='grc' dir='ltr'>τούτων</span> <span class='ocrx_word' id='word_1_478' title='bbox 3840 2468 3939 2521; x_wconf 54' lang='lat' dir='ltr'><strong>ab-</strong></span> 
     </span>
    </p>
   </div>
   <div class='ocr_carea' id='block_1_69' title="bbox 2366 2560 3940 2643">
    <p class='ocr_par' dir='ltr' id='par_1_69' title="bbox 2366 2560 3940 2643">
     <span class='ocr_line' id='line_1_69' title="bbox 2366 2560 3940 2643; baseline -0.008 -16"><span class='ocrx_word' id='word_1_479' title='bbox 2366 2575 2474 2628; x_wconf 82' lang='grc' dir='ltr'><strong>τῶν</strong></span> <span class='ocrx_word' id='word_1_480' title='bbox 2518 2575 2625 2627; x_wconf 87' lang='grc' dir='ltr'><strong>τῶν</strong></span> <span class='ocrx_word' id='word_1_481' title='bbox 2665 2574 2793 2643; x_wconf 73' lang='grc' dir='ltr'>περὶ</span> <span class='ocrx_word' id='word_1_482' title='bbox 2830 2571 3156 2623; x_wconf 78' lang='grc' dir='ltr'>Εὑστάθιον·</span> <span class='ocrx_word' id='word_1_483' title='bbox 3208 2570 3515 2635; x_wconf 76' lang='grc' dir='ltr'>ἀναγκαίως</span> <span class='ocrx_word' id='word_1_484' title='bbox 3564 2567 3796 2638; x_wconf 75' lang='grc' dir='ltr'><strong>ὥρισεν,</strong></span> <span class='ocrx_word' id='word_1_485' title='bbox 3847 2560 3940 2615; x_wconf 77' lang='grc' dir='ltr'>καὶ</span> 
     </span>
    </p>
   </div>
   <div class='ocr_carea' id='block_1_70' title="bbox 2369 2657 3939 2735">
    <p class='ocr_par' dir='ltr' id='par_1_70' title="bbox 2369 2657 3939 2735">
     <span class='ocr_line' id='line_1_70' title="bbox 2369 2657 3939 2735; baseline -0.011 -14"><span class='ocrx_word' id='word_1_486' title='bbox 2369 2670 2501 2721; x_wconf 80' lang='grc' dir='ltr'>πᾶσι</span> <span class='ocrx_word' id='word_1_487' title='bbox 2555 2666 2784 2735; x_wconf 80' lang='grc' dir='ltr'>φανερὸν</span> <span class='ocrx_word' id='word_1_488' title='bbox 2843 2663 3063 2731; x_wconf 73' lang='grc' dir='ltr'>ποιῆσαι</span> <span class='ocrx_word' id='word_1_489' title='bbox 3112 2660 3471 2722; x_wconf 75' lang='grc' dir='ltr'>ἐσπούδασεν,</span> <span class='ocrx_word' id='word_1_490' title='bbox 3526 2660 3604 2721; x_wconf 75' lang='grc' dir='ltr'><strong>εἰς</strong></span> <span class='ocrx_word' id='word_1_491' title='bbox 3658 2657 3939 2727; x_wconf 77' lang='grc' dir='ltr'>ἀναίρεσιν</span> 
     </span>
    </p>
   </div>
   <div class='ocr_carea' id='block_1_71' title="bbox 2370 2749 3938 2823">
    <p class='ocr_par' dir='ltr' id='par_1_71' title="bbox 2370 2749 3938 2823">
     <span class='ocr_line' id='line_1_71' title="bbox 2370 2749 3938 2823; baseline -0.015 -8"><span class='ocrx_word' id='word_1_492' title='bbox 2370 2761 2475 2815; x_wconf 80' lang='grc' dir='ltr'>τῶν</span> <span class='ocrx_word' id='word_1_493' title='bbox 2515 2760 2603 2813; x_wconf 82' lang='grc' dir='ltr'><strong>ὑπ’</strong></span> <span class='ocrx_word' id='word_1_494' title='bbox 2647 2756 2808 2811; x_wconf 72' lang='grc' dir='ltr'>αὑτοῦ</span> <span class='ocrx_word' id='word_1_495' title='bbox 2850 2754 3033 2817; x_wconf 80' lang='grc' dir='ltr'>κακῶς</span> <span class='ocrx_word' id='word_1_496' title='bbox 3076 2752 3393 2823; x_wconf 82' lang='grc' dir='ltr'>γινομένων.</span> <span class='ocrx_word' id='word_1_497' title='bbox 3443 2749 3703 2815; x_wconf 70' lang='lat' dir='ltr'><strong>Quoniam</strong></span> <span class='ocrx_word' id='word_1_498' title='bbox 3752 2761 3938 2799; x_wconf 71' lang='lat' dir='ltr'><strong>conve-</strong></span> 
     </span>
    </p>
   </div>
   <div class='ocr_carea' id='block_1_72' title="bbox 2372 2836 3939 2920">
    <p class='ocr_par' dir='ltr' id='par_1_72' title="bbox 2372 2836 3939 2920">
     <span class='ocr_line' id='line_1_72' title="bbox 2372 2836 3939 2920; baseline -0.014 -11"><span class='ocrx_word' id='word_1_499' title='bbox 2372 2856 2521 2909; x_wconf 87' lang='lat' dir='ltr'><strong>niens</strong></span> <span class='ocrx_word' id='word_1_500' title='bbox 2570 2854 2899 2907; x_wconf 83' lang='lat' dir='ltr'><strong>sanctissima</strong></span> <span class='ocrx_word' id='word_1_501' title='bbox 2946 2849 3171 2920; x_wconf 76' lang='lat' dir='ltr'><strong>synodus</strong></span> <span class='ocrx_word' id='word_1_502' title='bbox 3223 2848 3573 2914; x_wconf 84' lang='lat' dir='ltr'><strong>episcoporum</strong></span> <span class='ocrx_word' id='word_1_503' title='bbox 3618 2844 3671 2893; x_wconf 87' lang='lat' dir='ltr'><strong>in</strong></span> <span class='ocrx_word' id='word_1_504' title='bbox 3718 2836 3939 2891; x_wconf 73' lang='lat' dir='ltr'><strong>ecclesia</strong></span> 
     </span>
    </p>
   </div>
   <div class='ocr_carea' id='block_1_73' title="bbox 2373 2935 3942 3017">
    <p class='ocr_par' dir='ltr' id='par_1_73' title="bbox 2373 2935 3942 3017">
     <span class='ocr_line' id='line_1_73' title="bbox 2373 2935 3942 3017; baseline -0.013 -17"><span class='ocrx_word' id='word_1_505' title='bbox 2373 2947 2665 3017; x_wconf 83' lang='lat' dir='ltr'><strong>Gangrensi</strong></span> <span class='ocrx_word' id='word_1_506' title='bbox 2718 2954 2922 3012; x_wconf 82' lang='lat' dir='ltr'><strong>propter</strong></span> <span class='ocrx_word' id='word_1_507' title='bbox 2961 2940 3337 2995; x_wconf 85' lang='lat' dir='ltr'><strong>ecclesiasticas</strong></span> <span class='ocrx_word' id='word_1_508' title='bbox 3380 2935 3631 3005; x_wconf 79' lang='lat' dir='ltr'><strong>quasdam</strong></span> <span class='ocrx_word' id='word_1_509' title='bbox 3672 2940 3719 2983; x_wconf 87' lang='lat' dir='ltr'><strong>et</strong></span> <span class='ocrx_word' id='word_1_510' title='bbox 3764 2946 3942 2983; x_wconf 82' lang='lat' dir='ltr'><strong>neces-</strong></span> 
     </span>
    </p>
   </div>
   <div class='ocr_carea' id='block_1_74' title="bbox 2372 3019 3941 3096">
    <p class='ocr_par' dir='ltr' id='par_1_74' title="bbox 2372 3019 3941 3096">
     <span class='ocr_line' id='line_1_74' title="bbox 2372 3019 3941 3096; baseline -0.013 -7"><span class='ocrx_word' id='word_1_511' title='bbox 2372 3039 2542 3089; x_wconf 84' lang='lat' dir='ltr'><strong>sarias</strong></span> <span class='ocrx_word' id='word_1_512' title='bbox 2579 3050 2802 3096; x_wconf 78' lang='lat' dir='ltr'><strong>causas,</strong></span> <span class='ocrx_word' id='word_1_513' title='bbox 2846 3048 2961 3084; x_wconf 86' lang='lat' dir='ltr'><strong>cum</strong></span> <span class='ocrx_word' id='word_1_514' title='bbox 3006 3039 3053 3082; x_wconf 91' lang='lat' dir='ltr'><strong>et</strong></span> <span class='ocrx_word' id='word_1_515' title='bbox 3104 3030 3164 3079; x_wconf 88' lang='lat' dir='ltr'><strong>de</strong></span> <span class='ocrx_word' id='word_1_516' title='bbox 3203 3028 3266 3078; x_wconf 84' lang='lat' dir='ltr'><strong>iis</strong></span> <span class='ocrx_word' id='word_1_517' title='bbox 3320 3040 3433 3093; x_wconf 76' lang='lat' dir='ltr'><strong>qua:</strong></span> <span class='ocrx_word' id='word_1_518' title='bbox 3482 3023 3547 3075; x_wconf 83' lang='lat' dir='ltr'><strong>ad</strong></span> <span class='ocrx_word' id='word_1_519' title='bbox 3597 3019 3941 3073; x_wconf 79' lang='lat' dir='ltr'><strong>Eustathium</strong></span> 
     </span>
    </p>
   </div>
   <div class='ocr_carea' id='block_1_75' title="bbox 2373 3116 3941 3194">
    <p class='ocr_par' dir='ltr' id='par_1_75' title="bbox 2373 3116 3941 3194">
     <span class='ocr_line' id='line_1_75' title="bbox 2373 3116 3941 3194; baseline -0.008 -15"><span class='ocrx_word' id='word_1_520' title='bbox 2373 3131 2640 3194; x_wconf 75' lang='lat' dir='ltr'><strong>spectant,</strong></span> <span class='ocrx_word' id='word_1_521' title='bbox 2667 3133 2984 3191; x_wconf 70' lang='lat' dir='ltr'><strong>qurereretur</strong></span> <span class='ocrx_word' id='word_1_522' title='bbox 3005 3160 3018 3180; x_wconf 95' lang='lat'><strong>,</strong></span> <span class='ocrx_word' id='word_1_523' title='bbox 3051 3118 3215 3171; x_wconf 86' lang='lat' dir='ltr'><strong>multa</strong></span> <span class='ocrx_word' id='word_1_524' title='bbox 3254 3119 3443 3184; x_wconf 80' lang='lat' dir='ltr'><strong>reperit</strong></span> <span class='ocrx_word' id='word_1_525' title='bbox 3479 3116 3677 3186; x_wconf 79' lang='lat' dir='ltr'><strong>nefarie</strong></span> <span class='ocrx_word' id='word_1_526' title='bbox 3705 3117 3768 3167; x_wconf 93' lang='lat' dir='ltr'><strong>ab</strong></span> <span class='ocrx_word' id='word_1_527' title='bbox 3811 3118 3941 3183; x_wconf 80' lang='lat' dir='ltr'><strong>ipsis</strong></span> 
     </span>
    </p>
   </div>
   <div class='ocr_carea' id='block_1_76' title="bbox 2296 3208 3945 3279">
    <p class='ocr_par' dir='ltr' id='par_1_76' title="bbox 2296 3208 3945 3279">
     <span class='ocr_line' id='line_1_76' title="bbox 2296 3208 3945 3279; baseline -0.005 -12"><span class='ocrx_word' id='word_1_528' title='bbox 2296 3208 2338 3267; x_wconf 84' lang='lat' dir='ltr'><strong><em>C</em></strong></span> <span class='ocrx_word' id='word_1_529' title='bbox 2373 3219 2477 3274; x_wconf 87' lang='lat' dir='ltr'><strong>illis</strong></span> <span class='ocrx_word' id='word_1_530' title='bbox 2509 3215 2777 3272; x_wconf 83' lang='lat' dir='ltr'><strong>Eustathii</strong></span> <span class='ocrx_word' id='word_1_531' title='bbox 2798 3212 3068 3279; x_wconf 80' lang='lat' dir='ltr'><strong>discipulis</strong></span> <span class='ocrx_word' id='word_1_532' title='bbox 3092 3212 3241 3279; x_wconf 78' lang='lat' dir='ltr'><strong>ﬁeri;</strong></span> <span class='ocrx_word' id='word_1_533' title='bbox 3272 3211 3557 3264; x_wconf 87' lang='lat' dir='ltr'><strong>necessario</strong></span> <span class='ocrx_word' id='word_1_534' title='bbox 3580 3226 3641 3263; x_wconf 93' lang='lat' dir='ltr'><strong>ea</strong></span> <span class='ocrx_word' id='word_1_535' title='bbox 3664 3210 3725 3261; x_wconf 86' lang='lat' dir='ltr'><strong>de</strong></span> <span class='ocrx_word' id='word_1_536' title='bbox 3755 3224 3809 3260; x_wconf 85' lang='lat' dir='ltr'><strong>re</strong></span> <span class='ocrx_word' id='word_1_537' title='bbox 3831 3219 3945 3260; x_wconf 86' lang='lat' dir='ltr'><strong>sta-</strong></span> 
     </span>
    </p>
   </div>
   <div class='ocr_carea' id='block_1_77' title="bbox 2378 3297 3942 3378">
    <p class='ocr_par' dir='ltr' id='par_1_77' title="bbox 2378 3297 3942 3378">
     <span class='ocr_line' id='line_1_77' title="bbox 2378 3297 3942 3378; baseline -0.011 -13"><span class='ocrx_word' id='word_1_538' title='bbox 2378 3312 2494 3378; x_wconf 83' lang='lat' dir='ltr'><strong>tuit,</strong></span> <span class='ocrx_word' id='word_1_539' title='bbox 2534 3327 2594 3364; x_wconf 89' lang='lat' dir='ltr'><strong>ac</strong></span> <span class='ocrx_word' id='word_1_540' title='bbox 2624 3318 2748 3362; x_wconf 87' lang='lat' dir='ltr'><strong>nota</strong></span> <span class='ocrx_word' id='word_1_541' title='bbox 2778 3307 3015 3361; x_wconf 87' lang='lat' dir='ltr'><strong>omnibus</strong></span> <span class='ocrx_word' id='word_1_542' title='bbox 3058 3304 3228 3373; x_wconf 79' lang='lat' dir='ltr'><strong>facere</strong></span> <span class='ocrx_word' id='word_1_543' title='bbox 3272 3304 3525 3363; x_wconf 80' lang='lat' dir='ltr'><strong>decrevit,</strong></span> <span class='ocrx_word' id='word_1_544' title='bbox 3560 3316 3676 3369; x_wconf 73' lang='lat' dir='ltr'><strong>qua:</strong></span> <span class='ocrx_word' id='word_1_545' title='bbox 3714 3297 3848 3349; x_wconf 80' lang='lat' dir='ltr'><strong>male</strong></span> <span class='ocrx_word' id='word_1_546' title='bbox 3874 3297 3942 3349; x_wconf 87' lang='lat' dir='ltr'><strong>ab</strong></span> 
     </span>
    </p>
   </div>
   <div class='ocr_carea' id='block_1_78' title="bbox 2376 3389 3941 3470">
    <p class='ocr_par' dir='ltr' id='par_1_78' title="bbox 2376 3389 3941 3470">
     <span class='ocr_line' id='line_1_78' title="bbox 2376 3389 3941 3470; baseline -0.011 -14"><span class='ocrx_word' id='word_1_547' title='bbox 2376 3419 2435 3456; x_wconf 85' lang='lat' dir='ltr'><strong>eo</strong></span> <span class='ocrx_word' id='word_1_548' title='bbox 2461 3402 2616 3470; x_wconf 79' lang='lat' dir='ltr'><strong>ﬁunt.</strong></span> <span class='ocrx_word' id='word_1_549' title='bbox 2659 3398 2969 3467; x_wconf 86' lang='lat' dir='ltr'><strong>Legendum</strong></span> <span class='ocrx_word' id='word_1_550' title='bbox 2998 3411 3117 3450; x_wconf 89' lang='lat' dir='ltr'><strong>esse</strong></span> <span class='ocrx_word' id='word_1_551' title='bbox 3156 3395 3248 3448; x_wconf 81' lang='grc' dir='ltr'><strong>ὑπ’</strong></span> <span class='ocrx_word' id='word_1_552' title='bbox 3270 3392 3477 3453; x_wconf 79' lang='grc' dir='ltr'>αὐτῶν,</span> <span class='ocrx_word' id='word_1_553' title='bbox 3513 3402 3563 3444; x_wconf 93' lang='lat' dir='ltr'><strong>et</strong></span> <span class='ocrx_word' id='word_1_554' title='bbox 3597 3389 3941 3453; x_wconf 90' lang='lat' dir='ltr'><strong>vertendum,</strong></span> 
     </span>
    </p>
   </div>
   <div class='ocr_carea' id='block_1_79' title="bbox 2376 3483 3945 3561">
    <p class='ocr_par' dir='ltr' id='par_1_79' title="bbox 2376 3483 3945 3561">
     <span class='ocr_line' id='line_1_79' title="bbox 2376 3483 3945 3561; baseline -0.008 -17"><span class='ocrx_word' id='word_1_555' title='bbox 2376 3508 2491 3561; x_wconf 73' lang='lat' dir='ltr'><strong>qua:</strong></span> <span class='ocrx_word' id='word_1_556' title='bbox 2524 3492 2659 3545; x_wconf 87' lang='lat' dir='ltr'><strong>male</strong></span> <span class='ocrx_word' id='word_1_557' title='bbox 2697 3491 2758 3544; x_wconf 87' lang='lat' dir='ltr'><strong>ab</strong></span> <span class='ocrx_word' id='word_1_558' title='bbox 2790 3490 2894 3543; x_wconf 83' lang='lat' dir='ltr'><strong>illis</strong></span> <span class='ocrx_word' id='word_1_559' title='bbox 2933 3489 3089 3555; x_wconf 77' lang='lat' dir='ltr'><strong>ﬁunt,</strong></span> <span class='ocrx_word' id='word_1_560' title='bbox 3131 3486 3450 3556; x_wconf 83' lang='lat' dir='ltr'><strong>perspicitur</strong></span> <span class='ocrx_word' id='word_1_561' title='bbox 3483 3498 3546 3537; x_wconf 80' lang='lat' dir='ltr'><strong>ex</strong></span> <span class='ocrx_word' id='word_1_562' title='bbox 3576 3483 3658 3536; x_wconf 87' lang='lat' dir='ltr'><strong>bis</strong></span> <span class='ocrx_word' id='word_1_563' title='bbox 3692 3495 3810 3550; x_wconf 66' lang='lat' dir='ltr'><strong>qua:</strong></span> <span class='ocrx_word' id='word_1_564' title='bbox 3852 3494 3945 3533; x_wconf 85' lang='lat' dir='ltr'><strong>se-</strong></span> 
     </span>
    </p>
   </div>
   <div class='ocr_carea' id='block_1_80' title="bbox 2377 3570 3947 3653">
    <p class='ocr_par' dir='ltr' id='par_1_80' title="bbox 2377 3570 3947 3653">
     <span class='ocr_line' id='line_1_80' title="bbox 2377 3570 3947 3653; baseline -0.008 -17"><span class='ocrx_word' id='word_1_565' title='bbox 2377 3590 2633 3653; x_wconf 91' lang='lat' dir='ltr'><strong>quuntur,</strong></span> <span class='ocrx_word' id='word_1_566' title='bbox 2671 3584 2765 3635; x_wconf 70' lang='grc' dir='ltr'><strong>καὶ</strong></span> <span class='ocrx_word' id='word_1_567' title='bbox 2803 3582 2908 3649; x_wconf 87' lang='grc' dir='ltr'><strong>γὰρ</strong></span> <span class='ocrx_word' id='word_1_568' title='bbox 2938 3583 3001 3635; x_wconf 79' lang='grc' dir='ltr'><strong>ὲκ</strong></span> <span class='ocrx_word' id='word_1_569' title='bbox 3025 3579 3116 3633; x_wconf 81' lang='grc' dir='ltr'><strong>τοῦ</strong></span> <span class='ocrx_word' id='word_1_570' title='bbox 3154 3575 3605 3647; x_wconf 66' lang='grc' dir='ltr'>καταμέμφεσθαι</span> <span class='ocrx_word' id='word_1_571' title='bbox 3630 3574 3826 3636; x_wconf 75' lang='grc' dir='ltr'>αὐτοὺς</span> <span class='ocrx_word' id='word_1_572' title='bbox 3850 3570 3947 3624; x_wconf 79' lang='grc' dir='ltr'><strong>τὸν</strong></span> 
     </span>
    </p>
   </div>
   <div class='ocr_carea' id='block_1_81' title="bbox 2378 3663 3946 3746">
    <p class='ocr_par' dir='ltr' id='par_1_81' title="bbox 2378 3663 3946 3746">
     <span class='ocr_line' id='line_1_81' title="bbox 2378 3663 3946 3746; baseline -0.01 -15"><span class='ocrx_word' id='word_1_573' title='bbox 2378 3677 2589 3746; x_wconf 82' lang='grc' dir='ltr'>γάμον·</span> <span class='ocrx_word' id='word_1_574' title='bbox 2626 3690 2748 3727; x_wconf 88' lang='lat' dir='ltr'><strong>nam</strong></span> <span class='ocrx_word' id='word_1_575' title='bbox 2775 3689 2838 3725; x_wconf 70' lang='lat' dir='ltr'><strong>ex</strong></span> <span class='ocrx_word' id='word_1_576' title='bbox 2874 3690 2929 3726; x_wconf 89' lang='lat' dir='ltr'><strong>eo</strong></span> <span class='ocrx_word' id='word_1_577' title='bbox 2961 3674 3099 3737; x_wconf 89' lang='lat' dir='ltr'><strong>quod</strong></span> <span class='ocrx_word' id='word_1_578' title='bbox 3133 3672 3339 3739; x_wconf 80' lang='lat' dir='ltr'><strong>nuptias</strong></span> <span class='ocrx_word' id='word_1_579' title='bbox 3377 3671 3687 3737; x_wconf 75' lang='lat' dir='ltr'><strong>vituperant,</strong></span> <span class='ocrx_word' id='word_1_580' title='bbox 3721 3676 3822 3720; x_wconf 90' lang='lat' dir='ltr'><strong>etc.</strong></span> <span class='ocrx_word' id='word_1_581' title='bbox 3850 3663 3946 3716; x_wconf 84' lang='lat' dir='ltr'><strong>Ni-</strong></span> 
     </span>
    </p>
   </div>
   <div class='ocr_carea' id='block_1_82' title="bbox 2381 3762 3948 3837">
    <p class='ocr_par' dir='ltr' id='par_1_82' title="bbox 2381 3762 3948 3837">
     <span class='ocr_line' id='line_1_82' title="bbox 2381 3762 3948 3837; baseline -0.011 -11"><span class='ocrx_word' id='word_1_582' title='bbox 2381 3773 2455 3827; x_wconf 93' lang='lat' dir='ltr'><strong>hil</strong></span> <span class='ocrx_word' id='word_1_583' title='bbox 2487 3785 2617 3826; x_wconf 86' lang='lat' dir='ltr'><strong>sane</strong></span> <span class='ocrx_word' id='word_1_584' title='bbox 2656 3770 2709 3825; x_wconf 91' lang='lat' dir='ltr'><strong>in</strong></span> <span class='ocrx_word' id='word_1_585' title='bbox 2748 3769 2852 3822; x_wconf 87' lang='lat' dir='ltr'><strong>hac</strong></span> <span class='ocrx_word' id='word_1_586' title='bbox 2876 3766 3063 3837; x_wconf 88' lang='lat' dir='ltr'><strong>synodi</strong></span> <span class='ocrx_word' id='word_1_587' title='bbox 3096 3762 3410 3833; x_wconf 72' lang='lat' dir='ltr'><strong>praefatione</strong></span> <span class='ocrx_word' id='word_1_588' title='bbox 3438 3762 3705 3830; x_wconf 87' lang='lat' dir='ltr'><strong>reperias,</strong></span> <span class='ocrx_word' id='word_1_589' title='bbox 3736 3773 3802 3811; x_wconf 80' lang='lat' dir='ltr'><strong>ex</strong></span> <span class='ocrx_word' id='word_1_590' title='bbox 3835 3772 3948 3827; x_wconf 82' lang='lat' dir='ltr'><strong>quo</strong></span> 
     </span>
    </p>
   </div>
   <div class='ocr_carea' id='block_1_83' title="bbox 2382 3848 3948 3922">
    <p class='ocr_par' dir='ltr' id='par_1_83' title="bbox 2382 3848 3948 3922">
     <span class='ocr_line' id='line_1_83' title="bbox 2382 3848 3948 3922; baseline -0.01 -7"><span class='ocrx_word' id='word_1_591' title='bbox 2382 3872 2695 3917; x_wconf 87' lang='lat' dir='ltr'><strong>accusatum</strong></span> <span class='ocrx_word' id='word_1_592' title='bbox 2728 3860 2895 3913; x_wconf 86' lang='lat' dir='ltr'><strong>fuisse</strong></span> <span class='ocrx_word' id='word_1_593' title='bbox 2924 3854 3258 3910; x_wconf 88' lang='lat' dir='ltr'><strong>Eustathium</strong></span> <span class='ocrx_word' id='word_1_594' title='bbox 3291 3861 3491 3922; x_wconf 87' lang='lat' dir='ltr'><strong>pateat.</strong></span> <span class='ocrx_word' id='word_1_595' title='bbox 3526 3849 3735 3918; x_wconf 85' lang='lat' dir='ltr'><strong>Ubique</strong></span> <span class='ocrx_word' id='word_1_596' title='bbox 3772 3849 3823 3901; x_wconf 93' lang='lat' dir='ltr'><strong>in</strong></span> <span class='ocrx_word' id='word_1_597' title='bbox 3862 3848 3948 3901; x_wconf 91' lang='lat' dir='ltr'><strong>di-</strong></span> 
     </span>
    </p>
   </div>
   <div class='ocr_carea' id='block_1_84' title="bbox 2382 3939 3942 4019">
    <p class='ocr_par' dir='ltr' id='par_1_84' title="bbox 2382 3939 3942 4019">
     <span class='ocr_line' id='line_1_84' title="bbox 2382 3939 3942 4019; baseline -0.01 -13"><span class='ocrx_word' id='word_1_598' title='bbox 2382 3952 2619 4019; x_wconf 88' lang='lat' dir='ltr'><strong>scipulos</strong></span> <span class='ocrx_word' id='word_1_599' title='bbox 2657 3950 2883 4005; x_wconf 87' lang='lat' dir='ltr'><strong>crimina</strong></span> <span class='ocrx_word' id='word_1_600' title='bbox 2912 3946 3249 4015; x_wconf 84' lang='lat' dir='ltr'><strong>rejiciuntur,</strong></span> <span class='ocrx_word' id='word_1_601' title='bbox 3286 3942 3429 3997; x_wconf 88' lang='lat' dir='ltr'><strong>nulla</strong></span> <span class='ocrx_word' id='word_1_602' title='bbox 3453 3942 3551 4010; x_wconf 90' lang='lat' dir='ltr'><strong>ipsi</strong></span> <span class='ocrx_word' id='word_1_603' title='bbox 3581 3941 3759 3994; x_wconf 91' lang='lat' dir='ltr'><strong>inusta</strong></span> <span class='ocrx_word' id='word_1_604' title='bbox 3789 3939 3942 4008; x_wconf 81' lang='lat' dir='ltr'><strong>igno-</strong></span> 
     </span>
    </p>
   </div>
   <div class='ocr_carea' id='block_1_85' title="bbox 2382 4031 3946 4109">
    <p class='ocr_par' dir='ltr' id='par_1_85' title="bbox 2382 4031 3946 4109">
     <span class='ocr_line' id='line_1_85' title="bbox 2382 4031 3946 4109; baseline -0.009 -12"><span class='ocrx_word' id='word_1_605' title='bbox 2382 4043 2567 4108; x_wconf 86' lang='lat' dir='ltr'><strong>minia,</strong></span> <span class='ocrx_word' id='word_1_606' title='bbox 2604 4042 2848 4109; x_wconf 87' lang='lat' dir='ltr'><strong>quamvis</strong></span> <span class='ocrx_word' id='word_1_607' title='bbox 2891 4039 3122 4090; x_wconf 78' lang='lat' dir='ltr'><strong>maxima</strong></span> <span class='ocrx_word' id='word_1_608' title='bbox 3170 4035 3311 4088; x_wconf 87' lang='lat' dir='ltr'><strong>inuri</strong></span> <span class='ocrx_word' id='word_1_609' title='bbox 3349 4034 3614 4098; x_wconf 90' lang='lat' dir='ltr'><strong>debuerit,</strong></span> <span class='ocrx_word' id='word_1_610' title='bbox 3643 4033 3688 4087; x_wconf 90' lang='lat' dir='ltr'><strong>si</strong></span> <span class='ocrx_word' id='word_1_611' title='bbox 3745 4031 3946 4085; x_wconf 89' lang='lat' dir='ltr'><strong>facino-</strong></span> 
     </span>
    </p>
   </div>
   <div class='ocr_carea' id='block_1_86' title="bbox 2382 4124 3947 4193">
    <p class='ocr_par' dir='ltr' id='par_1_86' title="bbox 2382 4124 3947 4193">
     <span class='ocr_line' id='line_1_86' title="bbox 2382 4124 3947 4193; baseline -0.009 -4"><span class='ocrx_word' id='word_1_612' title='bbox 2382 4151 2500 4191; x_wconf 94' lang='lat' dir='ltr'><strong>rum</strong></span> <span class='ocrx_word' id='word_1_613' title='bbox 2550 4142 2736 4187; x_wconf 87' lang='lat' dir='ltr'><strong>auctor</strong></span> <span class='ocrx_word' id='word_1_614' title='bbox 2778 4130 3115 4185; x_wconf 84' lang='lat' dir='ltr'><strong>existimatus</strong></span> <span class='ocrx_word' id='word_1_615' title='bbox 3167 4126 3372 4179; x_wconf 89' lang='lat' dir='ltr'><strong>fuisset.</strong></span> <span class='ocrx_word' id='word_1_616' title='bbox 3420 4126 3594 4193; x_wconf 86' lang='lat' dir='ltr'><strong>Atque</strong></span> <span class='ocrx_word' id='word_1_617' title='bbox 3646 4125 3695 4177; x_wconf 90' lang='lat' dir='ltr'><strong>id</strong></span> <span class='ocrx_word' id='word_1_618' title='bbox 3726 4124 3947 4191; x_wconf 89' lang='lat' dir='ltr'><strong>quidem</strong></span> 
     </span>
    </p>
   </div>
   <div class='ocr_carea' id='block_1_87' title="bbox 2384 4216 3944 4285">
    <p class='ocr_par' dir='ltr' id='par_1_87' title="bbox 2384 4216 3944 4285">
     <span class='ocr_line' id='line_1_87' title="bbox 2384 4216 3944 4285; baseline -0.009 -5"><span class='ocrx_word' id='word_1_619' title='bbox 2384 4224 2609 4280; x_wconf 87' lang='lat' dir='ltr'><strong>miriﬁce</strong></span> <span class='ocrx_word' id='word_1_620' title='bbox 2638 4221 2888 4278; x_wconf 85' lang='lat' dir='ltr'><strong>convenit</strong></span> <span class='ocrx_word' id='word_1_621' title='bbox 2935 4216 3217 4273; x_wconf 88' lang='lat' dir='ltr'><strong>Eustathio</strong></span> <span class='ocrx_word' id='word_1_622' title='bbox 3251 4216 3577 4281; x_wconf 88' lang='lat' dir='ltr'><strong>Sebasteno,</strong></span> <span class='ocrx_word' id='word_1_623' title='bbox 3619 4230 3775 4285; x_wconf 91' lang='lat' dir='ltr'><strong>quem</strong></span> <span class='ocrx_word' id='word_1_624' title='bbox 3807 4227 3944 4267; x_wconf 89' lang='lat' dir='ltr'><strong>non-</strong></span> 
     </span>
    </p>
   </div>
   <div class='ocr_carea' id='block_1_88' title="bbox 2386 4302 3947 4380">
    <p class='ocr_par' dir='ltr' id='par_1_88' title="bbox 2386 4302 3947 4380">
     <span class='ocr_line' id='line_1_88' title="bbox 2386 4302 3947 4380; baseline -0.009 -10"><span class='ocrx_word' id='word_1_625' title='bbox 2386 4317 2538 4380; x_wconf 89' lang='lat' dir='ltr'><strong>nulli,</strong></span> <span class='ocrx_word' id='word_1_626' title='bbox 2575 4323 2710 4369; x_wconf 87' lang='lat' dir='ltr'><strong>teste</strong></span> <span class='ocrx_word' id='word_1_627' title='bbox 2741 4313 3039 4367; x_wconf 86' lang='lat' dir='ltr'><strong>Sozomeno</strong></span> <span class='ocrx_word' id='word_1_628' title='bbox 3063 4308 3154 4379; x_wconf 80' lang='grc' dir='ltr'><strong>(ο),</strong></span> <span class='ocrx_word' id='word_1_629' title='bbox 3194 4307 3273 4362; x_wconf 90' lang='lat' dir='ltr'><strong>sic</strong></span> <span class='ocrx_word' id='word_1_630' title='bbox 3299 4305 3691 4371; x_wconf 83' lang='lat' dir='ltr'><strong>defendebant,</strong></span> <span class='ocrx_word' id='word_1_631' title='bbox 3736 4313 3793 4359; x_wconf 89' lang='lat' dir='ltr'><strong>ut</strong></span> <span class='ocrx_word' id='word_1_632' title='bbox 3831 4302 3947 4358; x_wconf 78' lang='lat' dir='ltr'><strong>cui-</strong></span> 
     </span>
    </p>
   </div>
   <div class='ocr_carea' id='block_1_89' title="bbox 2388 4394 3950 4475">
    <p class='ocr_par' dir='ltr' id='par_1_89' title="bbox 2388 4394 3950 4475">
     <span class='ocr_line' id='line_1_89' title="bbox 2388 4394 3950 4475; baseline -0.008 -16"><span class='ocrx_word' id='word_1_633' title='bbox 2388 4422 2509 4475; x_wconf 87' lang='lat' dir='ltr'><strong>pam</strong></span> <span class='ocrx_word' id='word_1_634' title='bbox 2537 4419 2749 4459; x_wconf 90' lang='lat' dir='ltr'><strong>omnem</strong></span> <span class='ocrx_word' id='word_1_635' title='bbox 2785 4404 2835 4457; x_wconf 92' lang='lat' dir='ltr'><strong>in</strong></span> <span class='ocrx_word' id='word_1_636' title='bbox 2875 4402 2990 4471; x_wconf 87' lang='lat' dir='ltr'><strong>ejus</strong></span> <span class='ocrx_word' id='word_1_637' title='bbox 3023 4399 3313 4469; x_wconf 88' lang='lat' dir='ltr'><strong>discipulos</strong></span> <span class='ocrx_word' id='word_1_638' title='bbox 3351 4396 3697 4463; x_wconf 88' lang='lat' dir='ltr'><strong>conferrent,</strong></span> <span class='ocrx_word' id='word_1_639' title='bbox 3736 4410 3835 4451; x_wconf 87' lang='lat' dir='ltr'><strong>nec</strong></span> <span class='ocrx_word' id='word_1_640' title='bbox 3864 4394 3950 4448; x_wconf 89' lang='lat' dir='ltr'><strong>ul-</strong></span> 
     </span>
    </p>
   </div>
   <div class='ocr_carea' id='block_1_90' title="bbox 2396 4487 3950 4562">
    <p class='ocr_par' dir='ltr' id='par_1_90' title="bbox 2396 4487 3950 4562">
     <span class='ocr_line' id='line_1_90' title="bbox 2396 4487 3950 4562; baseline -0.006 -14"><span class='ocrx_word' id='word_1_641' title='bbox 2396 4497 2499 4548; x_wconf 88' lang='lat' dir='ltr'><strong>lam</strong></span> <span class='ocrx_word' id='word_1_642' title='bbox 2526 4496 2693 4562; x_wconf 89' lang='lat' dir='ltr'><strong>ipsius</strong></span> <span class='ocrx_word' id='word_1_643' title='bbox 2722 4492 3040 4547; x_wconf 88' lang='lat' dir='ltr'><strong>nominihac</strong></span> <span class='ocrx_word' id='word_1_644' title='bbox 3068 4490 3121 4543; x_wconf 90' lang='lat' dir='ltr'><strong>in</strong></span> <span class='ocrx_word' id='word_1_645' title='bbox 3153 4504 3210 4543; x_wconf 90' lang='lat' dir='ltr'><strong>re</strong></span> <span class='ocrx_word' id='word_1_646' title='bbox 3242 4487 3502 4541; x_wconf 89' lang='lat' dir='ltr'><strong>maculam</strong></span> <span class='ocrx_word' id='word_1_647' title='bbox 3530 4487 3761 4541; x_wconf 88' lang='lat' dir='ltr'><strong>insidere</strong></span> <span class='ocrx_word' id='word_1_648' title='bbox 3791 4494 3950 4555; x_wconf 88' lang='lat' dir='ltr'><strong>pate-</strong></span> 
     </span>
    </p>
   </div>
   <div class='ocr_carea' id='block_1_91' title="bbox 712 4565 3947 4671">
    <p class='ocr_par' dir='ltr' id='par_1_91' title="bbox 712 4565 3947 4671">
     <span class='ocr_line' id='line_1_91' title="bbox 712 4565 3947 4671; baseline -0.009 -10"><span class='ocrx_word' id='word_1_649' title='bbox 712 4608 877 4661; x_wconf 83' lang='lat' dir='ltr'><strong>Aerii.</strong></span> <span class='ocrx_word' id='word_1_650' title='bbox 908 4605 1156 4660; x_wconf 85' lang='lat' dir='ltr'><strong>Testatur</strong></span> <span class='ocrx_word' id='word_1_651' title='bbox 1184 4604 1325 4657; x_wconf 86' lang='lat' dir='ltr'><strong>enim</strong></span> <span class='ocrx_word' id='word_1_652' title='bbox 1351 4600 1675 4671; x_wconf 85' lang='lat' dir='ltr'><strong>Epiphanius</strong></span> <span class='ocrx_word' id='word_1_653' title='bbox 1701 4598 1981 4653; x_wconf 91' lang='lat' dir='ltr'><strong>nonnullos</strong></span> <span class='ocrx_word' id='word_1_654' title='bbox 2006 4565 2275 4651; x_wconf 42' lang='lat' dir='ltr'><strong>ausum&quot;...</strong></span> <span class='ocrx_word' id='word_1_655' title='bbox 2310 4565 2353 4619; x_wconf 75' lang='lat' dir='ltr'><strong>D</strong></span> <span class='ocrx_word' id='word_1_656' title='bbox 2388 4599 2592 4643; x_wconf 89' lang='lat' dir='ltr'><strong>rentur.</strong></span> <span class='ocrx_word' id='word_1_657' title='bbox 2618 4586 2829 4641; x_wconf 85' lang='lat' dir='ltr'><strong>Pondus</strong></span> <span class='ocrx_word' id='word_1_658' title='bbox 2851 4585 2995 4639; x_wconf 88' lang='lat' dir='ltr'><strong>addit</strong></span> <span class='ocrx_word' id='word_1_659' title='bbox 3019 4582 3141 4637; x_wconf 90' lang='lat' dir='ltr'><strong>huic</strong></span> <span class='ocrx_word' id='word_1_660' title='bbox 3163 4582 3440 4637; x_wconf 71' lang='lat' dir='ltr'><strong>sententia:</strong></span> <span class='ocrx_word' id='word_1_661' title='bbox 3475 4591 3695 4635; x_wconf 90' lang='lat' dir='ltr'><strong>sanctus</strong></span> <span class='ocrx_word' id='word_1_662' title='bbox 3711 4578 3947 4648; x_wconf 86' lang='lat' dir='ltr'><strong>Epipha-</strong></span> 
     </span>
    </p>
   </div>
   <div class='ocr_carea' id='block_1_92' title="bbox 714 4688 2281 4765">
    <p class='ocr_par' dir='ltr' id='par_1_92' title="bbox 714 4688 2281 4765">
     <span class='ocr_line' id='line_1_92' title="bbox 714 4688 2281 4765; baseline -0.003 -21"><span class='ocrx_word' id='word_1_663' title='bbox 714 4696 928 4752; x_wconf 78' lang='lat' dir='ltr'><strong>vivendi</strong></span> <span class='ocrx_word' id='word_1_664' title='bbox 969 4710 1137 4765; x_wconf 78' lang='lat' dir='ltr'><strong>genus</strong></span> <span class='ocrx_word' id='word_1_665' title='bbox 1170 4692 1475 4756; x_wconf 91' lang='lat' dir='ltr'><strong>retinuisse,</strong></span> <span class='ocrx_word' id='word_1_666' title='bbox 1510 4691 1749 4760; x_wconf 90' lang='lat' dir='ltr'><strong>quamvis</strong></span> <span class='ocrx_word' id='word_1_667' title='bbox 1789 4688 2027 4759; x_wconf 89' lang='lat' dir='ltr'><strong>plerique</strong></span> <span class='ocrx_word' id='word_1_668' title='bbox 2064 4689 2188 4741; x_wconf 87' lang='lat' dir='ltr'><strong>vino</strong></span> <span class='ocrx_word' id='word_1_669' title='bbox 2226 4696 2281 4741; x_wconf 93' lang='lat' dir='ltr'><strong>et</strong></span> 
     </span>
    </p>
   </div>
   <div class='ocr_carea' id='block_1_93' title="bbox 710 4777 2277 4853">
    <p class='ocr_par' dir='ltr' id='par_1_93' title="bbox 710 4777 2277 4853">
     <span class='ocr_line' id='line_1_93' title="bbox 710 4777 2277 4853; baseline -0.008 -10"><span class='ocrx_word' id='word_1_670' title='bbox 710 4788 966 4843; x_wconf 88' lang='lat' dir='ltr'><strong>carnibus</strong></span> <span class='ocrx_word' id='word_1_671' title='bbox 1008 4800 1127 4839; x_wconf 90' lang='lat' dir='ltr'><strong>sese</strong></span> <span class='ocrx_word' id='word_1_672' title='bbox 1174 4783 1586 4853; x_wconf 80' lang='lat' dir='ltr'><strong>ingurgitarent.</strong></span> <span class='ocrx_word' id='word_1_673' title='bbox 1640 4779 2038 4834; x_wconf 76' lang='lat' dir='ltr'><strong>Matrimonium</strong></span> <span class='ocrx_word' id='word_1_674' title='bbox 2070 4781 2136 4831; x_wconf 90' lang='lat' dir='ltr'><strong>ab</strong></span> <span class='ocrx_word' id='word_1_675' title='bbox 2172 4777 2277 4831; x_wconf 87' lang='lat' dir='ltr'><strong>Eu-</strong></span> 
     </span>
    </p>
   </div>
   <div class='ocr_carea' id='block_1_94' title="bbox 714 4869 2282 4946">
    <p class='ocr_par' dir='ltr' id='par_1_94' title="bbox 714 4869 2282 4946">
     <span class='ocr_line' id='line_1_94' title="bbox 714 4869 2282 4946; baseline -0.008 -13"><span class='ocrx_word' id='word_1_676' title='bbox 714 4880 897 4933; x_wconf 88' lang='lat' dir='ltr'><strong>stathii</strong></span> <span class='ocrx_word' id='word_1_677' title='bbox 944 4876 1222 4946; x_wconf 87' lang='lat' dir='ltr'><strong>discipulis</strong></span> <span class='ocrx_word' id='word_1_678' title='bbox 1260 4875 1551 4945; x_wconf 82' lang='lat' dir='ltr'><strong>vituperari</strong></span> <span class='ocrx_word' id='word_1_679' title='bbox 1607 4883 1834 4927; x_wconf 84' lang='lat' dir='ltr'><strong>testatur</strong></span> <span class='ocrx_word' id='word_1_680' title='bbox 1877 4870 2110 4942; x_wconf 91' lang='lat' dir='ltr'><strong>synodus</strong></span> <span class='ocrx_word' id='word_1_681' title='bbox 2137 4869 2282 4925; x_wconf 84' lang='lat' dir='ltr'><strong>Gan-</strong></span> 
     </span>
    </p>
   </div>
   <div class='ocr_carea' id='block_1_95' title="bbox 715 4961 2277 5040">
    <p class='ocr_par' dir='ltr' id='par_1_95' title="bbox 715 4961 2277 5040">
     <span class='ocr_line' id='line_1_95' title="bbox 715 4961 2277 5040; baseline -0.006 -18"><span class='ocrx_word' id='word_1_682' title='bbox 715 4972 919 5040; x_wconf 87' lang='lat' dir='ltr'><strong>grensis</strong></span> <span class='ocrx_word' id='word_1_683' title='bbox 940 4988 955 5026; x_wconf 87' lang='lat'><strong>:</strong></span> <span class='ocrx_word' id='word_1_684' title='bbox 977 4971 1112 5023; x_wconf 91' lang='lat' dir='ltr'><strong>idem</strong></span> <span class='ocrx_word' id='word_1_685' title='bbox 1133 4970 1197 5023; x_wconf 90' lang='lat' dir='ltr'><strong>de</strong></span> <span class='ocrx_word' id='word_1_686' title='bbox 1212 4968 1374 5023; x_wconf 80' lang='lat' dir='ltr'><strong>Aerio</strong></span> <span class='ocrx_word' id='word_1_687' title='bbox 1395 4981 1496 5021; x_wconf 92' lang='lat' dir='ltr'><strong>non</strong></span> <span class='ocrx_word' id='word_1_688' title='bbox 1518 4966 1643 5020; x_wconf 90' lang='lat' dir='ltr'><strong>dicit</strong></span> <span class='ocrx_word' id='word_1_689' title='bbox 1674 4974 1892 5020; x_wconf 91' lang='lat' dir='ltr'><strong>sanctus</strong></span> <span class='ocrx_word' id='word_1_690' title='bbox 1912 4961 2237 5031; x_wconf 84' lang='lat' dir='ltr'><strong>Epiphanius</strong></span> <span class='ocrx_word' id='word_1_691' title='bbox 2263 4978 2277 5014; x_wconf 88' lang='lat'><strong>:</strong></span> 
     </span>
    </p>
   </div>
   <div class='ocr_carea' id='block_1_96' title="bbox 713 5052 2277 5122">
    <p class='ocr_par' dir='ltr' id='par_1_96' title="bbox 713 5052 2277 5122">
     <span class='ocr_line' id='line_1_96' title="bbox 713 5052 2277 5122; baseline -0.008 -9"><span class='ocrx_word' id='word_1_692' title='bbox 713 5061 805 5113; x_wconf 89' lang='lat' dir='ltr'><strong>sed</strong></span> <span class='ocrx_word' id='word_1_693' title='bbox 834 5072 1008 5113; x_wconf 88' lang='lat' dir='ltr'><strong>tamen</strong></span> <span class='ocrx_word' id='word_1_694' title='bbox 1042 5058 1109 5112; x_wconf 92' lang='lat' dir='ltr'><strong>ab</strong></span> <span class='ocrx_word' id='word_1_695' title='bbox 1137 5058 1279 5112; x_wconf 91' lang='lat' dir='ltr'><strong>illius</strong></span> <span class='ocrx_word' id='word_1_696' title='bbox 1312 5066 1458 5112; x_wconf 88' lang='lat' dir='ltr'><strong>secta</strong></span> <span class='ocrx_word' id='word_1_697' title='bbox 1489 5053 1643 5122; x_wconf 86' lang='lat' dir='ltr'><strong>hujus</strong></span> <span class='ocrx_word' id='word_1_698' title='bbox 1688 5056 1891 5108; x_wconf 86' lang='lat' dir='ltr'><strong>erroris</strong></span> <span class='ocrx_word' id='word_1_699' title='bbox 1916 5052 2277 5121; x_wconf 87' lang='lat' dir='ltr'><strong>suspicionem</strong></span> 
     </span>
    </p>
   </div>
   <div class='ocr_carea' id='block_1_97' title="bbox 714 5144 2282 5213">
    <p class='ocr_par' dir='ltr' id='par_1_97' title="bbox 714 5144 2282 5213">
     <span class='ocr_line' id='line_1_97' title="bbox 714 5144 2282 5213; baseline -0.006 -9"><span class='ocrx_word' id='word_1_700' title='bbox 714 5169 819 5205; x_wconf 90' lang='lat' dir='ltr'><strong>non</strong></span> <span class='ocrx_word' id='word_1_701' title='bbox 854 5152 1086 5206; x_wconf 90' lang='lat' dir='ltr'><strong>abfuisse</strong></span> <span class='ocrx_word' id='word_1_702' title='bbox 1122 5150 1377 5205; x_wconf 91' lang='lat' dir='ltr'><strong>discimus</strong></span> <span class='ocrx_word' id='word_1_703' title='bbox 1415 5163 1481 5203; x_wconf 79' lang='lat' dir='ltr'><strong>ex</strong></span> <span class='ocrx_word' id='word_1_704' title='bbox 1525 5149 1606 5202; x_wconf 91' lang='lat' dir='ltr'><strong>his</strong></span> <span class='ocrx_word' id='word_1_705' title='bbox 1641 5147 1814 5201; x_wconf 89' lang='lat' dir='ltr'><strong>sancti</strong></span> <span class='ocrx_word' id='word_1_706' title='bbox 1846 5144 2125 5213; x_wconf 84' lang='lat' dir='ltr'><strong>Augustini</strong></span> <span class='ocrx_word' id='word_1_707' title='bbox 2166 5158 2282 5196; x_wconf 84' lang='lat' dir='ltr'><strong>ver-</strong></span> 
     </span>
    </p>
   </div>
   <div class='ocr_carea' id='block_1_98' title="bbox 714 5232 2284 5317">
    <p class='ocr_par' dir='ltr' id='par_1_98' title="bbox 714 5232 2284 5317">
     <span class='ocr_line' id='line_1_98' title="bbox 714 5232 2284 5317; baseline -0.009 -18"><span class='ocrx_word' id='word_1_708' title='bbox 714 5247 796 5300; x_wconf 87' lang='lat' dir='ltr'><strong>bis</strong></span> <span class='ocrx_word' id='word_1_709' title='bbox 820 5245 893 5317; x_wconf 91' lang='lat' dir='ltr'><strong>(b)</strong></span> <span class='ocrx_word' id='word_1_710' title='bbox 927 5264 940 5297; x_wconf 89' lang='lat'><strong>:</strong></span> <span class='ocrx_word' id='word_1_711' title='bbox 982 5244 1208 5309; x_wconf 81' lang='lat' dir='ltr'><strong>Quidam</strong></span> <span class='ocrx_word' id='word_1_712' title='bbox 1245 5241 1510 5309; x_wconf 80' lang='lat' dir='ltr'><strong>perhibent</strong></span> <span class='ocrx_word' id='word_1_713' title='bbox 1534 5242 1686 5302; x_wconf 84' lang='lat' dir='ltr'><strong>istos,</strong></span> <span class='ocrx_word' id='word_1_714' title='bbox 1710 5239 1845 5293; x_wconf 82' lang='lat' dir='ltr'><strong>sicut</strong></span> <span class='ocrx_word' id='word_1_715' title='bbox 1883 5234 2183 5288; x_wconf 85' lang='lat' dir='ltr'><strong>Encratitas</strong></span> <span class='ocrx_word' id='word_1_716' title='bbox 2208 5232 2284 5285; x_wconf 84' lang='lat' dir='ltr'><strong>vel</strong></span> 
     </span>
    </p>
   </div>
   <div class='ocr_carea' id='block_1_99' title="bbox 723 5324 2283 5403">
    <p class='ocr_par' dir='ltr' id='par_1_99' title="bbox 723 5324 2283 5403">
     <span class='ocr_line' id='line_1_99' title="bbox 723 5324 2283 5403; baseline -0.009 -13"><span class='ocrx_word' id='word_1_717' title='bbox 723 5338 1067 5403; x_wconf 80' lang='lat' dir='ltr'><strong>Apotactitas,</strong></span> <span class='ocrx_word' id='word_1_718' title='bbox 1093 5353 1193 5388; x_wconf 89' lang='lat' dir='ltr'><strong>non</strong></span> <span class='ocrx_word' id='word_1_719' title='bbox 1212 5336 1479 5387; x_wconf 84' lang='lat' dir='ltr'><strong>admittere</strong></span> <span class='ocrx_word' id='word_1_720' title='bbox 1496 5332 1563 5385; x_wconf 88' lang='lat' dir='ltr'><strong>ad</strong></span> <span class='ocrx_word' id='word_1_721' title='bbox 1588 5330 1995 5384; x_wconf 86' lang='lat' dir='ltr'><strong>communionem</strong></span> <span class='ocrx_word' id='word_1_722' title='bbox 2021 5342 2166 5380; x_wconf 83' lang='lat' dir='ltr'><strong>suam</strong></span> <span class='ocrx_word' id='word_1_723' title='bbox 2186 5324 2283 5378; x_wconf 84' lang='lat' dir='ltr'><strong>nisi</strong></span> 
     </span>
    </p>
   </div>
   <div class='ocr_carea' id='block_1_100' title="bbox 717 5407 2286 5494">
    <p class='ocr_par' dir='ltr' id='par_1_100' title="bbox 717 5407 2286 5494">
     <span class='ocr_line' id='line_1_100' title="bbox 717 5407 2286 5494; baseline -0.008 -13"><span class='ocrx_word' id='word_1_724' title='bbox 717 5430 1057 5492; x_wconf 84' lang='lat' dir='ltr'><strong>continentes,</strong></span> <span class='ocrx_word' id='word_1_725' title='bbox 1091 5438 1137 5481; x_wconf 86' lang='lat' dir='ltr'><strong>et</strong></span> <span class='ocrx_word' id='word_1_726' title='bbox 1179 5444 1262 5480; x_wconf 88' lang='lat' dir='ltr'><strong>eos</strong></span> <span class='ocrx_word' id='word_1_727' title='bbox 1296 5426 1383 5494; x_wconf 89' lang='lat' dir='ltr'><strong>qui</strong></span> <span class='ocrx_word' id='word_1_728' title='bbox 1412 5425 1604 5479; x_wconf 79' lang='lat' dir='ltr'><strong>steculo</strong></span> <span class='ocrx_word' id='word_1_729' title='bbox 1645 5424 1719 5475; x_wconf 80' lang='lat' dir='ltr'><strong>ita</strong></span> <span class='ocrx_word' id='word_1_730' title='bbox 1764 5407 2286 5482; x_wconf 11' lang='lat' dir='ltr'><strong>renuntiaverint,iut</strong></span> 
     </span>
    </p>
   </div>
   <div class='ocr_carea' id='block_1_101' title="bbox 716 5510 2280 5590">
    <p class='ocr_par' dir='ltr' id='par_1_101' title="bbox 716 5510 2280 5590">
     <span class='ocr_line' id='line_1_101' title="bbox 716 5510 2280 5590; baseline -0.007 -19"><span class='ocrx_word' id='word_1_731' title='bbox 716 5524 925 5590; x_wconf 77' lang='lat' dir='ltr'><strong>propria</strong></span> <span class='ocrx_word' id='word_1_732' title='bbox 972 5520 1117 5572; x_wconf 86' lang='lat' dir='ltr'><strong>nulla</strong></span> <span class='ocrx_word' id='word_1_733' title='bbox 1165 5520 1485 5586; x_wconf 73' lang='lat' dir='ltr'><strong>possideant.</strong></span> <span class='ocrx_word' id='word_1_734' title='bbox 1544 5518 1616 5570; x_wconf 86' lang='lat' dir='ltr'><strong>Ab</strong></span> <span class='ocrx_word' id='word_1_735' title='bbox 1664 5532 1781 5570; x_wconf 86' lang='lat' dir='ltr'><strong>esca</strong></span> <span class='ocrx_word' id='word_1_736' title='bbox 1826 5526 1998 5569; x_wconf 86' lang='lat' dir='ltr'><strong>tamen</strong></span> <span class='ocrx_word' id='word_1_737' title='bbox 2042 5510 2280 5564; x_wconf 86' lang='lat' dir='ltr'><strong>carnium</strong></span> 
     </span>
    </p>
   </div>
   <div class='ocr_carea' id='block_1_102' title="bbox 793 5658 1303 5725">
    <p class='ocr_par' dir='ltr' id='par_1_102' title="bbox 793 5658 1303 5725">
     <span class='ocr_line' id='line_1_102' title="bbox 793 5658 1303 5725; baseline 0.006 -16"><span class='ocrx_word' id='word_1_738' title='bbox 793 5659 871 5725; x_wconf 74' lang='grc' dir='ltr'><strong>(τι)</strong></span> <span class='ocrx_word' id='word_1_739' title='bbox 912 5658 1109 5711; x_wconf 61' lang='lat' dir='ltr'><strong>&quot;teres.</strong></span> <span class='ocrx_word' id='word_1_740' title='bbox 1144 5674 1303 5712; x_wconf 79' lang='lat' dir='ltr'><strong>Lxxv.</strong></span> 
     </span>
    </p>
   </div>
   <div class='ocr_carea' id='block_1_103' title="bbox 794 5727 1590 5797">
    <p class='ocr_par' dir='ltr' id='par_1_103' title="bbox 794 5727 1590 5797">
     <span class='ocr_line' id='line_1_103' title="bbox 794 5727 1590 5797; baseline 0.005 -20"><span class='ocrx_word' id='word_1_741' title='bbox 794 5732 865 5797; x_wconf 83' lang='lat' dir='ltr'><strong>(b)</strong></span> <span class='ocrx_word' id='word_1_742' title='bbox 907 5729 1058 5781; x_wconf 74' lang='lat' dir='ltr'><strong>Tum.</strong></span> <span class='ocrx_word' id='word_1_743' title='bbox 1092 5727 1224 5793; x_wconf 80' lang='lat' dir='ltr'><strong>Vlll,</strong></span> <span class='ocrx_word' id='word_1_744' title='bbox 1262 5731 1445 5783; x_wconf 67' lang='lat' dir='ltr'><strong>haeres.</strong></span> <span class='ocrx_word' id='word_1_745' title='bbox 1478 5744 1590 5783; x_wconf 85' lang='lat' dir='ltr'><strong>LIII.</strong></span> 
     </span>
    </p>
   </div>
   <div class='ocr_carea' id='block_1_104' title="bbox 794 5798 1335 5867">
    <p class='ocr_par' dir='ltr' id='par_1_104' title="bbox 794 5798 1335 5867">
     <span class='ocr_line' id='line_1_104' title="bbox 794 5798 1335 5867; baseline 0.004 -13"><span class='ocrx_word' id='word_1_746' title='bbox 794 5804 861 5867; x_wconf 63' lang='grc' dir='ltr'><strong>(ι’)</strong></span> <span class='ocrx_word' id='word_1_747' title='bbox 904 5798 1019 5854; x_wconf 84' lang='lat' dir='ltr'><strong>Lib.</strong></span> <span class='ocrx_word' id='word_1_748' title='bbox 1055 5814 1135 5863; x_wconf 84' lang='lat' dir='ltr'><strong>lli,</strong></span> <span class='ocrx_word' id='word_1_749' title='bbox 1171 5816 1219 5853; x_wconf 92' lang='lat' dir='ltr'><strong>c.</strong></span> <span class='ocrx_word' id='word_1_750' title='bbox 1256 5799 1335 5856; x_wconf 79' lang='grc' dir='ltr'><strong>Μ.</strong></span> 
     </span>
    </p>
   </div>
   <div class='ocr_carea' id='block_1_105' title="bbox 2388 4672 3948 4749">
    <p class='ocr_par' dir='ltr' id='par_1_105' title="bbox 2388 4672 3948 4749">
     <span class='ocr_line' id='line_1_105' title="bbox 2388 4672 3948 4749; baseline -0.004 -16"><span class='ocrx_word' id='word_1_751' title='bbox 2388 4682 2506 4734; x_wconf 91' lang='lat' dir='ltr'><strong>nius</strong></span> <span class='ocrx_word' id='word_1_752' title='bbox 2547 4680 2646 4749; x_wconf 80' lang='grc' dir='ltr'><strong>(ά),</strong></span> <span class='ocrx_word' id='word_1_753' title='bbox 2674 4679 2767 4747; x_wconf 90' lang='lat' dir='ltr'><strong>qui</strong></span> <span class='ocrx_word' id='word_1_754' title='bbox 2801 4677 3019 4731; x_wconf 83' lang='lat' dir='ltr'><strong>Aerium</strong></span> <span class='ocrx_word' id='word_1_755' title='bbox 3055 4684 3283 4729; x_wconf 90' lang='lat' dir='ltr'><strong>testatur</strong></span> <span class='ocrx_word' id='word_1_756' title='bbox 3303 4714 3318 4739; x_wconf 97' lang='lat'><strong>,</strong></span> <span class='ocrx_word' id='word_1_757' title='bbox 3350 4685 3636 4744; x_wconf 89' lang='lat' dir='ltr'><strong>postquam</strong></span> <span class='ocrx_word' id='word_1_758' title='bbox 3663 4675 3729 4729; x_wconf 87' lang='lat' dir='ltr'><strong>ab</strong></span> <span class='ocrx_word' id='word_1_759' title='bbox 3752 4672 3948 4727; x_wconf 86' lang='lat' dir='ltr'><strong>Eusta-</strong></span> 
     </span>
    </p>
   </div>
   <div class='ocr_carea' id='block_1_106' title="bbox 2382 4764 3949 4838">
    <p class='ocr_par' dir='ltr' id='par_1_106' title="bbox 2382 4764 3949 4838">
     <span class='ocr_line' id='line_1_106' title="bbox 2382 4764 3949 4838; baseline -0.004 -13"><span class='ocrx_word' id='word_1_760' title='bbox 2382 4772 2492 4825; x_wconf 91' lang='lat' dir='ltr'><strong>thio</strong></span> <span class='ocrx_word' id='word_1_761' title='bbox 2518 4786 2637 4825; x_wconf 87' lang='lat' dir='ltr'><strong>sese</strong></span> <span class='ocrx_word' id='word_1_762' title='bbox 2668 4768 2949 4838; x_wconf 80' lang='lat' dir='ltr'><strong>disjunxit,</strong></span> <span class='ocrx_word' id='word_1_763' title='bbox 2998 4767 3063 4821; x_wconf 89' lang='lat' dir='ltr'><strong>ad</strong></span> <span class='ocrx_word' id='word_1_764' title='bbox 3098 4766 3329 4819; x_wconf 85' lang='lat' dir='ltr'><strong>absurda</strong></span> <span class='ocrx_word' id='word_1_765' title='bbox 3375 4766 3462 4819; x_wconf 91' lang='lat' dir='ltr'><strong>illa</strong></span> <span class='ocrx_word' id='word_1_766' title='bbox 3513 4765 3752 4820; x_wconf 89' lang='lat' dir='ltr'><strong>instituta</strong></span> <span class='ocrx_word' id='word_1_767' title='bbox 3787 4764 3949 4819; x_wconf 83' lang='lat' dir='ltr'><strong>deﬂe-</strong></span> 
     </span>
    </p>
   </div>
   <div class='ocr_carea' id='block_1_107' title="bbox 2380 4853 3945 4923">
    <p class='ocr_par' dir='ltr' id='par_1_107' title="bbox 2380 4853 3945 4923">
     <span class='ocr_line' id='line_1_107' title="bbox 2380 4853 3945 4923; baseline -0.004 -9"><span class='ocrx_word' id='word_1_768' title='bbox 2380 4862 2541 4915; x_wconf 77' lang='lat' dir='ltr'><strong>xisse.</strong></span> <span class='ocrx_word' id='word_1_769' title='bbox 2588 4860 2680 4915; x_wconf 90' lang='lat' dir='ltr'><strong>His</strong></span> <span class='ocrx_word' id='word_1_770' title='bbox 2705 4858 3030 4914; x_wconf 83' lang='lat' dir='ltr'><strong>novitatibus</strong></span> <span class='ocrx_word' id='word_1_771' title='bbox 3065 4856 3197 4911; x_wconf 90' lang='lat' dir='ltr'><strong>alios</strong></span> <span class='ocrx_word' id='word_1_772' title='bbox 3224 4871 3443 4912; x_wconf 89' lang='lat' dir='ltr'><strong>errores</strong></span> <span class='ocrx_word' id='word_1_773' title='bbox 3470 4855 3684 4923; x_wconf 87' lang='lat' dir='ltr'><strong>adjecit.</strong></span> <span class='ocrx_word' id='word_1_774' title='bbox 3722 4853 3854 4907; x_wconf 86' lang='lat' dir='ltr'><strong>Nam</strong></span> <span class='ocrx_word' id='word_1_775' title='bbox 3888 4865 3945 4909; x_wconf 90' lang='lat' dir='ltr'><strong>et</strong></span> 
     </span>
    </p>
   </div>
   <div class='ocr_carea' id='block_1_108' title="bbox 2379 4946 3945 5020">
    <p class='ocr_par' dir='ltr' id='par_1_108' title="bbox 2379 4946 3945 5020">
     <span class='ocr_line' id='line_1_108' title="bbox 2379 4946 3945 5020; baseline -0.004 -12"><span class='ocrx_word' id='word_1_776' title='bbox 2379 4955 2607 5008; x_wconf 86' lang='lat' dir='ltr'><strong>Arianus</strong></span> <span class='ocrx_word' id='word_1_777' title='bbox 2668 4961 2819 5017; x_wconf 90' lang='lat' dir='ltr'><strong>erat,</strong></span> <span class='ocrx_word' id='word_1_778' title='bbox 2869 4963 2923 5007; x_wconf 90' lang='lat' dir='ltr'><strong>et</strong></span> <span class='ocrx_word' id='word_1_779' title='bbox 2972 4966 3157 5020; x_wconf 90' lang='lat' dir='ltr'><strong>preces</strong></span> <span class='ocrx_word' id='word_1_780' title='bbox 3202 4965 3297 5020; x_wconf 91' lang='lat' dir='ltr'><strong>pro</strong></span> <span class='ocrx_word' id='word_1_781' title='bbox 3340 4950 3562 5003; x_wconf 90' lang='lat' dir='ltr'><strong>mortuis</strong></span> <span class='ocrx_word' id='word_1_782' title='bbox 3610 4946 3831 5001; x_wconf 89' lang='lat' dir='ltr'><strong>tollebat</strong></span> <span class='ocrx_word' id='word_1_783' title='bbox 3889 4959 3945 5002; x_wconf 91' lang='lat' dir='ltr'><strong>et</strong></span> 
     </span>
    </p>
   </div>
   <div class='ocr_carea' id='block_1_109' title="bbox 2380 5040 3946 5115">
    <p class='ocr_par' dir='ltr' id='par_1_109' title="bbox 2380 5040 3946 5115">
     <span class='ocr_line' id='line_1_109' title="bbox 2380 5040 3946 5115; baseline -0.003 -16"><span class='ocrx_word' id='word_1_784' title='bbox 2380 5049 2722 5115; x_wconf 87' lang='lat' dir='ltr'><strong>presbyteros</strong></span> <span class='ocrx_word' id='word_1_785' title='bbox 2758 5042 3376 5113; x_wconf 66' lang='lat' dir='ltr'><strong>adaequabatepiscopis.</strong></span> <span class='ocrx_word' id='word_1_786' title='bbox 3406 5040 3509 5095; x_wconf 91' lang='lat' dir='ltr'><strong>Sed</strong></span> <span class='ocrx_word' id='word_1_787' title='bbox 3538 5041 3651 5093; x_wconf 89' lang='lat' dir='ltr'><strong>ﬁeri</strong></span> <span class='ocrx_word' id='word_1_788' title='bbox 3688 5040 3946 5095; x_wconf 84' lang='lat' dir='ltr'><strong>facillime</strong></span> 
     </span>
    </p>
   </div>
   <div class='ocr_carea' id='block_1_110' title="bbox 2382 5132 3944 5207">
    <p class='ocr_par' dir='ltr' id='par_1_110' title="bbox 2382 5132 3944 5207">
     <span class='ocr_line' id='line_1_110' title="bbox 2382 5132 3944 5207; baseline -0.004 -16"><span class='ocrx_word' id='word_1_789' title='bbox 2382 5139 2571 5207; x_wconf 90' lang='lat' dir='ltr'><strong>potuit,</strong></span> <span class='ocrx_word' id='word_1_790' title='bbox 2622 5147 2677 5191; x_wconf 91' lang='lat' dir='ltr'><strong>ut</strong></span> <span class='ocrx_word' id='word_1_791' title='bbox 2720 5137 2773 5190; x_wconf 93' lang='lat' dir='ltr'><strong>hi</strong></span> <span class='ocrx_word' id='word_1_792' title='bbox 2829 5150 3039 5189; x_wconf 91' lang='lat' dir='ltr'><strong>errores</strong></span> <span class='ocrx_word' id='word_1_793' title='bbox 3078 5133 3385 5204; x_wconf 90' lang='lat' dir='ltr'><strong>aliquandiu</strong></span> <span class='ocrx_word' id='word_1_794' title='bbox 3420 5132 3628 5187; x_wconf 90' lang='lat' dir='ltr'><strong>occulte</strong></span> <span class='ocrx_word' id='word_1_795' title='bbox 3664 5134 3835 5202; x_wconf 88' lang='lat' dir='ltr'><strong>sparsi</strong></span> <span class='ocrx_word' id='word_1_796' title='bbox 3876 5134 3944 5185; x_wconf 84' lang='lat' dir='ltr'><strong>ad</strong></span> 
     </span>
    </p>
   </div>
   <div class='ocr_carea' id='block_1_111' title="bbox 2384 5222 3944 5300">
    <p class='ocr_par' dir='ltr' id='par_1_111' title="bbox 2384 5222 3944 5300">
     <span class='ocr_line' id='line_1_111' title="bbox 2384 5222 3944 5300; baseline -0.005 -16"><span class='ocrx_word' id='word_1_797' title='bbox 2384 5232 2573 5300; x_wconf 80' lang='lat' dir='ltr'><strong>synodi</strong></span> <span class='ocrx_word' id='word_1_798' title='bbox 2628 5243 2786 5282; x_wconf 86' lang='lat' dir='ltr'><strong>aures</strong></span> <span class='ocrx_word' id='word_1_799' title='bbox 2836 5241 2939 5281; x_wconf 89' lang='lat' dir='ltr'><strong>non</strong></span> <span class='ocrx_word' id='word_1_800' title='bbox 2988 5227 3351 5295; x_wconf 81' lang='lat' dir='ltr'><strong>pervenirent.</strong></span> <span class='ocrx_word' id='word_1_801' title='bbox 3402 5222 3551 5291; x_wconf 86' lang='lat' dir='ltr'><strong>Quod</strong></span> <span class='ocrx_word' id='word_1_802' title='bbox 3608 5224 3650 5277; x_wconf 90' lang='lat' dir='ltr'><strong>si</strong></span> <span class='ocrx_word' id='word_1_803' title='bbox 3706 5238 3944 5277; x_wconf 83' lang='lat' dir='ltr'><strong>canones</strong></span> 
     </span>
    </p>
   </div>
   <div class='ocr_carea' id='block_1_112' title="bbox 2384 5316 3945 5391">
    <p class='ocr_par' dir='ltr' id='par_1_112' title="bbox 2384 5316 3945 5391">
     <span class='ocr_line' id='line_1_112' title="bbox 2384 5316 3945 5391; baseline -0.004 -16"><span class='ocrx_word' id='word_1_804' title='bbox 2384 5321 2723 5391; x_wconf 85' lang='lat' dir='ltr'><strong>Gangrenses</strong></span> <span class='ocrx_word' id='word_1_805' title='bbox 2769 5320 2833 5374; x_wconf 91' lang='lat' dir='ltr'><strong>ad</strong></span> <span class='ocrx_word' id='word_1_806' title='bbox 2860 5318 3076 5372; x_wconf 87' lang='lat' dir='ltr'><strong>Aerium</strong></span> <span class='ocrx_word' id='word_1_807' title='bbox 3132 5316 3435 5380; x_wconf 84' lang='lat' dir='ltr'><strong>referimus,</strong></span> <span class='ocrx_word' id='word_1_808' title='bbox 3492 5316 3785 5369; x_wconf 79' lang='lat' dir='ltr'><strong>differenda</strong></span> <span class='ocrx_word' id='word_1_809' title='bbox 3840 5316 3945 5369; x_wconf 89' lang='lat' dir='ltr'><strong>erit</strong></span> 
     </span>
    </p>
   </div>
   <div class='ocr_carea' id='block_1_113' title="bbox 2388 5406 3943 5482">
    <p class='ocr_par' dir='ltr' id='par_1_113' title="bbox 2388 5406 3943 5482">
     <span class='ocr_line' id='line_1_113' title="bbox 2388 5406 3943 5482; baseline -0.004 -16"><span class='ocrx_word' id='word_1_810' title='bbox 2388 5414 2499 5466; x_wconf 74' lang='lat' dir='ltr'><strong>haec</strong></span> <span class='ocrx_word' id='word_1_811' title='bbox 2528 5412 2795 5482; x_wconf 87' lang='lat' dir='ltr'><strong>synodus,</strong></span> <span class='ocrx_word' id='word_1_812' title='bbox 2825 5420 2882 5464; x_wconf 91' lang='lat' dir='ltr'><strong>ut</strong></span> <span class='ocrx_word' id='word_1_813' title='bbox 2910 5410 3117 5465; x_wconf 92' lang='lat' dir='ltr'><strong>Socrati</strong></span> <span class='ocrx_word' id='word_1_814' title='bbox 3148 5412 3217 5479; x_wconf 84' lang='lat' dir='ltr'><strong>(e)</strong></span> <span class='ocrx_word' id='word_1_815' title='bbox 3249 5418 3302 5461; x_wconf 91' lang='lat' dir='ltr'><strong>et</strong></span> <span class='ocrx_word' id='word_1_816' title='bbox 3333 5408 3633 5463; x_wconf 88' lang='lat' dir='ltr'><strong>Sozomeno</strong></span> <span class='ocrx_word' id='word_1_817' title='bbox 3664 5406 3731 5475; x_wconf 72' lang='grc' dir='ltr'><strong>(ἶ)</strong></span> <span class='ocrx_word' id='word_1_818' title='bbox 3768 5406 3943 5460; x_wconf 88' lang='lat' dir='ltr'><strong>visum</strong></span> 
     </span>
    </p>
   </div>
   <div class='ocr_carea' id='block_1_114' title="bbox 2386 5499 3944 5573">
    <p class='ocr_par' dir='ltr' id='par_1_114' title="bbox 2386 5499 3944 5573">
     <span class='ocr_line' id='line_1_114' title="bbox 2386 5499 3944 5573; baseline -0.004 -13"><span class='ocrx_word' id='word_1_819' title='bbox 2386 5514 2493 5568; x_wconf 89' lang='lat' dir='ltr'><strong>est,</strong></span> <span class='ocrx_word' id='word_1_820' title='bbox 2519 5519 2690 5573; x_wconf 91' lang='lat' dir='ltr'><strong>usque</strong></span> <span class='ocrx_word' id='word_1_821' title='bbox 2717 5504 2783 5557; x_wconf 92' lang='lat' dir='ltr'><strong>ad</strong></span> <span class='ocrx_word' id='word_1_822' title='bbox 2819 5502 3187 5572; x_wconf 88' lang='lat' dir='ltr'><strong>episcopatum</strong></span> <span class='ocrx_word' id='word_1_823' title='bbox 3218 5501 3506 5559; x_wconf 86' lang='lat' dir='ltr'><strong>Eustathii.</strong></span> <span class='ocrx_word' id='word_1_824' title='bbox 3538 5500 3759 5557; x_wconf 86' lang='lat' dir='ltr'><strong>Aerium</strong></span> <span class='ocrx_word' id='word_1_825' title='bbox 3798 5499 3944 5555; x_wconf 85' lang='lat' dir='ltr'><strong>enim</strong></span> 
     </span>
    </p>
   </div>
   <div class='ocr_carea' id='block_1_115' title="bbox 2458 5644 2972 5717">
    <p class='ocr_par' dir='ltr' id='par_1_115' title="bbox 2458 5644 2972 5717">
     <span class='ocr_line' id='line_1_115' title="bbox 2458 5644 2972 5717; baseline -0.006 -19"><span class='ocrx_word' id='word_1_826' title='bbox 2458 5646 2535 5717; x_wconf 83' lang='lat' dir='ltr'><strong>(d)</strong></span> <span class='ocrx_word' id='word_1_827' title='bbox 2567 5644 2772 5717; x_wconf 67' lang='lat' dir='ltr'><strong>iiceres.</strong></span> <span class='ocrx_word' id='word_1_828' title='bbox 2812 5658 2972 5717; x_wconf 66' lang='lat' dir='ltr'><strong>LXX_Y.</strong></span> 
     </span>
    </p>
   </div>
   <div class='ocr_carea' id='block_1_116' title="bbox 2458 5714 2970 5788">
    <p class='ocr_par' dir='ltr' id='par_1_116' title="bbox 2458 5714 2970 5788">
     <span class='ocr_line' id='line_1_116' title="bbox 2458 5714 2970 5788; baseline -0.006 -20"><span class='ocrx_word' id='word_1_829' title='bbox 2458 5714 2525 5788; x_wconf 89' lang='lat' dir='ltr'><strong>(e)</strong></span> <span class='ocrx_word' id='word_1_830' title='bbox 2561 5715 2683 5788; x_wconf 84' lang='lat' dir='ltr'><strong>_Lib.</strong></span> <span class='ocrx_word' id='word_1_831' title='bbox 2719 5730 2775 5776; x_wconf 85' lang='grc' dir='ltr'>ιι,</span> <span class='ocrx_word' id='word_1_832' title='bbox 2812 5730 2859 5767; x_wconf 89' lang='lat' dir='ltr'><strong>c.</strong></span> <span class='ocrx_word' id='word_1_833' title='bbox 2884 5714 2970 5788; x_wconf 62' lang='grc' dir='ltr'><strong>ιβ,</strong></span> 
     </span>
    </p>
   </div>
   <div class='ocr_carea' id='block_1_117' title="bbox 2458 5785 2994 5857">
    <p class='ocr_par' dir='ltr' id='par_1_117' title="bbox 2458 5785 2994 5857">
     <span class='ocr_line' id='line_1_117' title="bbox 2458 5785 2994 5857; baseline -0.007 -17"><span class='ocrx_word' id='word_1_834' title='bbox 2458 5785 2531 5857; x_wconf 73' lang='grc' dir='ltr'><strong>(Ῑ)</strong></span> <span class='ocrx_word' id='word_1_835' title='bbox 2561 5785 2676 5841; x_wconf 87' lang='lat' dir='ltr'><strong>Lib.</strong></span> <span class='ocrx_word' id='word_1_836' title='bbox 2707 5800 2761 5840; x_wconf 88' lang='lat' dir='ltr'><strong>tn</strong></span> <span class='ocrx_word' id='word_1_837' title='bbox 2788 5824 2801 5851; x_wconf 93' lang='lat'><strong>,</strong></span> <span class='ocrx_word' id='word_1_838' title='bbox 2836 5799 2880 5839; x_wconf 90' lang='lat' dir='ltr'><strong>c.</strong></span> <span class='ocrx_word' id='word_1_839' title='bbox 2910 5785 2994 5839; x_wconf 73' lang='grc'><strong>14.</strong></span> 
     </span>
    </p>
   </div>
  </div>
