4094 6308
1559 389 1716 444 νιτΑ
1854 388 2117 443 BASILII.

3316 411 3447 448 XXIII

240 519 295 570 ab
327 514 613 570 Eustathio
640 513 898 584 disjunxit
926 513 1120 567 invidia
1154 512 1250 583 (a),
1285 527 1440 582 quam
1472 523 1526 568 ut
1555 516 1788 584 placaret
1816 523 1861 577 Α
1889 531 1950 569 ea
1989 514 2127 579 quod
2147 511 2368 566 Basilius
2395 512 2469 582 (tl)
2497 522 2923 582 eum,postquam
2955 526 3104 567 ream
3128 516 3179 568 in
3199 517 3446 584 patriam,

227 603 563 669 Eustathius,
587 605 958 675 presbyterum
1013 604 1213 657 creavit
1256 605 1512 669 Aerium,
1569 607 1787 673 ptocho-

231 697 440 766 trophio
471 697 729 765 prafecit,
789 711 883 750 nec
924 695 1080 749 ullam
1129 696 1471 750 humanitatis
1517 707 1569 750 et
1599 699 1786 752 amici-

226 789 312 841 tite
336 787 786 857 significationem
802 787 1157 858 praetermisit.
1176 786 1279 842 Sed
1305 788 1609 842 insanabilis
1632 792 1787 844 exsti-

229 880 292 932 tit
323 879 542 932 Acrius.

277 969 352 1023 ’Si
376 970 499 1035 quis
543 979 724 1024 tamen
776 986 893 1025 cum
952 971 1289 1027 Tillemontio
1333 972 1619 1025 contendat
1656 987 1780 1042 syn-

226 1062 384 1114 odum
411 1060 781 1131 Gangrensem
813 1076 933 1118 ante
960 1079 1154 1118 annuat
1185 1064 1277 1118 541
1326 1063 1558 1116 habitam
1598 1062 1780 1127 fuisse,

225 1162 509 1219 propterea
541 1153 681 1220 quod
718 1153 854 1206 illius
877 1168 1108 1206 canones
1147 1155 1197 1206 in
1222 1153 1465 1207 omnibus
1514 1152 1782 1205 collectio-

224 1243 379 1296 nibus
404 1257 537 1298 ante
564 1245 922 1298 Antiochenos
947 1260 1178 1299 canones
1209 1245 1330 1296 anni
1355 1243 1450 1296 54Ι
1493 1259 1777 1298 recensen-

225 1344 327 1400 tur,
353 1337 608 1405 equidem
639 1336 762 1389 huic
797 1339 1074 1391 sententia:
1100 1353 1202 1391 non
1229 1338 1554 1406 repugnabo,
1587 1337 1778 1405 quippe

221 1443 339 1482 cum
371 1429 456 1484 his
498 1429 550 1483 in
600 1430 755 1483 rebus
791 1429 922 1482 nihil
957 1431 1239 1485 admodum
1279 1431 1412 1484 certi
1465 1431 1772 1484 habeamus.

222 1518 326 1573 Sed
367 1536 491 1574 cum
529 1521 692 1573 etiam
741 1531 865 1574 ante
900 1521 1027 1575 illud
1071 1533 1277 1590 tempus
1321 1522 1633 1576 Eustathius
1680 1523 1777 1575 Se-

219 1613 473 1668 bastenus
520 1615 799 1668 monastici
849 1615 1073 1670 inStituti
1119 1626 1305 1670 auctor
1343 1618 1396 1670 in
1426 1619 1673 1670 Armenia
1721 1626 1776 1670 et

217 1705 580 1773 Paphlagonia
611 1717 662 1760 et
699 1705 868 1764 Ponto
915 1710 1216 1774 exstiterit,
1266 1711 1318 1763 in
1371 1711 1511 1764 hunc
1542 1711 1774 1764 maxime

218 1796 466 1848 videntur
492 1811 726 1850 canones
753 1797 1086 1866 Gangrenses
1113 1801 1420 1854 convenire.

1897 607 2190 657 beatissimo
2225 602 2477 656 Cwsarete
2523 605 2760 670 episcopo
2816 603 3129 674 Hermogen‘i
3161 607 3446 674 confessio-

1894 716 2005 750 nem
2038 713 2180 749 sana:
2219 698 2340 764 ﬁdei
2387 697 2629 748 obtulisse
2665 698 2812 751 dicit.
2861 697 2987 752 Inde
3035 700 3303 753 concludit
3351 701 3447 752 do-

1894 787 2161 841 ctissimus
2192 789 2422 855 scriptor
2449 788 2879 855 distinguendum
2924 790 3068 841 illum
3104 805 3221 844 esse
3249 791 3313 842 ab
3342 789 3448 841 alio

1892 877 2192 942 Eustathio,
2226 892 2380 944 quem
2420 879 2726 931 Armenium
2764 877 2926 932 fuisse
2969 894 3071 931 non
3103 881 3328 942 dubitat,
3368 881 3446 932 si—

1891 970 2104 1038 quidem
2131 971 2366 1038 synodus
2389 967 2716 1037 Gangrensis
2732 970 3006 1036 epistolam
3025 987 3171 1023 suam
3204 971 3446 1025 inscribt

1889 1063 2152 1129 episcopis
2187 1062 2472 1122 Armenim,
2508 1078 2734 1130 quacum
2779 1060 3084 1114 Eustathius
3117 1062 3444 1117 Sebasténus

1889 1152 2087 1203 nullam
2120 1153 2325 1205 videtur
2347 1162 2467 1204 ante
2491 1153 2855 1219 episcopatum
2876 1152 3315 1205 necessitudinem
3344 1155 3441 1206 ha-

1887 1244 2084 1297 buissc.

1957 1333 2176 1385 Etiamsi
2207 1333 2513 1387 Eustathius
2536 1331 2882 1387 Cazsariensis
2912 1343 2999 1385 ant
3026 1334 3211 1388 saltem
3244 1336 3442 1404 Cappa-

1885 1421 1990 1476 dox
2023 1422 2242 1487 fuisset,
2272 1437 2606 1491 nequaquam
2637 1422 2686 1475 id
2715 1423 2999 1491 prohibere
3026 1423 3205 1478 debuit
3233 1429 3443 1492 quomi-

1885 1529 1987 1568 nus
2018 1517 2249 1586 synodus
2301 1530 2451 1570 suam
2488 1516 2771 1584 epistolam
2816 1517 3134 1570 inscriberet
3177 1520 3440 1587 episcopis

1881 1607 2166 1672 Armeniae,
2203 1609 2246 1661 si
2285 1608 2355 1660 ibi
2393 1609 2726 1676 potissimum
2761 1607 2902 1660 illius
2935 1609 3147 1677 vigebat
3173 1621 3340 1664 secta.
3371 1613 3442 1662 At

1884 1698 2220 1752 Eustathium
2272 1698 2656 1752 CteSariensem
2715 1709 2804 1750 aut
2853 1700 3216 1767 Cappadocem
3274 1699 3440 1754 fuisse

1879 1804 1985 1842 non
2026 1799 2172 1842 certo
2199 1789 2537 1843 concluditur
2581 1806 2646 1843 ex
2697 1790 2871 1843 verbis
2909 1792 3062 1843 modo
3101 1791 3294 1845 allatis.
3327 1793 3439 1860 Ipse

287 1885 347 1940 V.
383 1887 653 1954 Objicitur
687 1891 940 1944 adversus
976 1890 1113 1944 hanc
1150 1895 1470 1945 sententiam
1499 1907 1596 1945 nec
1627 1891 1764 1946 Basi-

1876 1878 2106 1935 Basilius
2139 1897 2278 1934 nunc
2314 1881 2733 1949 Cappadociam,
2766 1893 2822 1935 ut
2857 1897 3014 1950 Supra
3063 1885 3310 1950 vidimus,
3343 1902 3437 1953 pa-

216 1977 361 2042 liurn,
406 1980 499 2046 qui
555 1981 734 2036 varios
778 1982 895 2033 vita:
923 1982 1185 2036 Eustathii
1230 1993 1452 2036 eventus
1483 1986 1768 2051 recensuit,

215 2085 311 2123 nec
344 2072 498 2126 varia
524 2075 752 2128 concilia
786 2087 903 2139 qua:
943 2073 1278 2127 Eustathium
1309 2074 1603 2143 deposuere
1624 2117 1638 2140 ,
1675 2077 1771 2129 hu-

211 2161 296 2228 jus
329 2164 516 2230 probri
553 2164 876 2218 meminisse.
932 2164 1036 2218 Sed
1084 2167 1293 2221 etiamsi
1325 2167 1463 2222 hanc
1510 2170 1768 2223 maculam

211 2263 471 2322 perpetua
526 2253 805 2308 delevisset
851 2253 1072 2318 oblivio,
1124 2256 1316 2311 mirum
1353 2260 1402 2311 id
1450 2260 1613 2312 videri
1665 2275 1766 2312 non

213 2345 450 2410 deberet,
481 2362 602 2400 cum
626 2346 936 2404 Eustathius
960 2349 1041 2403 vel
1069 2360 1221 2404 extra
1253 2350 1459 2418 culpam
1500 2351 1678 2414 fuerit,
1713 2361 1769 2405 ut

211 2451 367 2505 supra
394 2438 655 2505 diximus,
683 2439 762 2493 vel
791 2440 1002 2505 saltem,
1030 2444 1090 2494 ut
1119 2441 1390 2494 existimat
1418 2439 1766 2507 Sozomenus,

209 2527 412 2595 synodo
465 2531 725 2598 paruerit.
784 2530 1007 2586 Videtur
1055 2542 1230 2584 tamen
1263 2533 1312 2584 ei
1356 2531 1582 2586 Basilius
1624 2535 1771 2604 obje-

211 2618 345 2670 cisse
386 2619 710 2689 discipulum
750 2622 964 2675 Aerium
997 2640 1009 2673 :
1055 2637 1151 2675 nec
1191 2624 1423 2691 synodus
1463 2623 1769 2678 Constanti-

208 2708 517 2777 nepolitana
569 2710 711 2763 inter
768 2712 943 2763 varias
1005 2711 1145 2765 illius
1203 2714 1500 2781 deponendi
1556 2730 1763 2781 causas,

209 2800 368 2854 latam
411 2804 481 2856 de
531 2803 620 2856 illo
665 2802 978 2856 sententiam
1010 2802 1306 2873 Gangrensi
1353 2807 1580 2860 concilio
1631 2823 1766 2875 prte-

209 2894 474 2958 terrnisit,
523 2894 584 2947 εἰ·
601 2902 774 2945 tamen
809 2894 936 2947 lides
982 2894 1279 2948 adhibenda
1328 2895 1631 2950 Sozomeno
1665 2898 1761 2966 (ὁ),

207 2988 295 3055 qui
325 2995 474 3042 totus
517 2993 684 3048 errat,
729 2999 848 3038 cum
888 2985 1225 3040 Eustathium
1279 3002 1310 3041 a
1357 2985 1763 3057 Gangrensibus

205 3079 516 3147 episcopatu
545 3084 762 3129 exutum
799 3077 944 3132 dicit.

271 3168 471 3235 Objlcit
513 3165 882 3222 Tillemontius
941 3169 1142 3222 nullum
1197 3183 1227 3222 a
1285 3169 1486 3238 synodo
1549 3168 1758 3221 titulum

1881 1971 2035 2025 triam
2080 1973 2340 2040 agnoscit,
2379 1988 2520 2025 nunc
2555 1973 2804 2038 Pontum,
2848 1975 3108 2028 interdum
3142 1977 3300 2028 etiam
3338 1978 3438 2028 Ar-

1881 2065 2134 2118 meniam.
2168 2063 2466 2118 lielleniutn
2491 2064 2779 2135 Gregorius
2815 2067 3124 2121 Armenium
3157 2083 3273 2122 esse
3300 2084 3435 2122 con-

1879 2154 2047 2222 ceptis
2074 2155 2253 2210 verbis
2276 2158 2510 2209 declarat
2535 2157 2602 2223 (e)
2640 2176 2652 2208 :
2693 2161 2938 2211 eumdem
2962 2168 3134 2212 tamen
3169 2159 3432 2225 hortatur,

1878 2253 1936 2296 ut
1997 2247 2228 2313 patriam
2271 2261 2324 2301 et
2363 2252 2667 2302 communia
2725 2251 2898 2304 studia
2954 2253 3174 2314 veritus,
3235 2253 3436 2309 Basilio

1877 2348 2099 2390 annuat.
2131 2340 2240 2392 Cur
2291 2356 2417 2410 ergo
2462 2342 2792 2411 Cappadocia
2831 2344 3090 2396 Eustathii
3130 2348 3300 2412 patria
3328 2347 3436 2402 diei

1875 2442 1981 2481 non
2014 2431 2203 2496 potuit,
2250 2435 2293 2485 si
2345 2434 2397 2486 in
2431 2435 2602 2488 vicina
2647 2435 2822 2503 aliqua
2871 2437 3084 2503 regione
3118 2447 3269 2490 natus
3313 2439 3434 2491 est?

1875 2520 2008 2574 Eum
2042 2522 2092 2574 in
2125 2524 2376 2577 Armenia
2429 2535 2610 2578 natum
2647 2527 2871 2581 libenter
2913 2529 3212 2598 colligerem
3256 2546 3320 2583 ex
3347 2531 3432 2586 his

1875 2609 2118 2679 Gregorii
2167 2613 2486 2668 Nazianzeni
2525 2618 2736 2670 verbis:
2781 2620 3075 2680 Armenius,
3107 2622 3276 2689 inquit
3319 2623 3429 2687 ille,

1877 2701 2219 2758 Eustathium
2269 2709 2558 2777 designans
2594 2710 2686 2777 (ι’),
2735 2710 2888 2776 plnne‘
2920 2710 3169 2762 barbarus
3196 2724 3288 2766 est.
3332 2716 3430 2765 Ar-

1874 2795 2035 2847 menii
2081 2798 2294 2851 nomine
2333 2794 2578 2852 similiter
2610 2800 2919 2868 designatur
2943 2819 2968 2853 a
3005 2800 3259 2872 Gregorio
3295 2804 3429 2872 Nys-

1873 2898 2002 2937 seno
2029 2886 2120 2938 lib.
2151 2904 2164 2940 ι
2195 2889 2245 2940 in
2278 2889 2616 2950 Eunomium,
2643 2907 2693 2959 p.
2724 2891 2848 2942 280.

1948 2995 2030 3050 Vl.
2068 3000 2197 3053 Illud
2229 3001 2388 3053 etiam
2424 3001 2487 3053 de
2530 3001 2808 3055 Eustathio
2839 3005 3069 3057 breviter
3115 3007 3427 3060 examinan-

1879 3087 1999 3139 dum
2026 3099 2127 3152 est,
2162 3100 2336 3143 utrum
2377 3090 2690 3158 discipulum
2736 3095 2976 3146 habuerit
3013 3097 3242 3148 Actium.
3295 3097 3429 3150 Cum

1870 3178 2175 3235 Eustathius
2199 3181 2393 3235 Basilio
2420 3184 2587 3236 instar
2620 3184 2861 3237 criminis
2887 3188 3164 3252 epistolam
3187 3191 3249 3242 ad
3269 3191 3429 3257 Apol-

206 3251 488 3305 Eustathio
542 3253 736 3319 tribui;
770 3270 836 3306 ex
867 3269 972 3321 quo
1017 3257 1206 3310 laicum
1255 3256 1403 3309 illum
1444 3255 1609 3310 fuisse
1639 3272 1764 3311 con-

1871 3268 2120 3323 linarium
2188 3275 2441 3341 scriptam
2504 3274 2818 3340 obiecisset;
2883 3278 3214 3332 demonstrat
3275 3282 3424 3334 Basi-

207 3342 372 3397 cludit
422 3352 482 3397 et
516 3343 681 3397 alium
737 3345 803 3398 ab
839 3345 1117 3401 Eustathio
1149 3347 1476 3414 Sebasteno,
1517 3349 1606 3416 qui
1641 3360 1765 3402 tunc

205 3442 382 3503 utpote
428 3435 486 3489 in
533 3435 732 3490 clerum
769 3438 1155 3492 Antiochenum
1189 3453 1330 3494 anno
1365 3439 1462 3493 551
1494 3449 1759 3507 receptus,

205 3526 255 3579 in
289 3527 474 3596 aliquo
509 3529 730 3582 honoris
763 3529 930 3598 gradu
961 3531 1284 3584 constitutus
1327 3539 1483 3596 erat,
1519 3545 1581 3584 ac
1627 3531 1762 3582 forte

204 3618 362 3671 etiam
406 3620 692 3689 presbyter
719 3620 851 3686 fuit,
885 3621 930 3674 si
958 3621 1242 3676 concilium
1282 3622 1544 3675 referatur
1575 3619 1639 3672 ad
1667 3633 1760 3672 an.

204 3725 322 3764 ltum
352 3711 484 3765 540.

266 3817 386 3872 Non
427 3817 661 3873 difficilis
708 3830 789 3874 est
809 3820 961 3888 hujus
991 3823 1070 3877 rei
1107 3823 1433 3893 explicatio:
1471 3803 1584 3878 sive
1614 3825 1758 3878 enim

202 3910 517 3966 Eustathius
552 3911 653 3966 hac
683 3913 733 3966 in
766 3929 820 3967 re
848 3925 1000 3969 extra
1032 3917 1240 3985 culpam
1289 3916 1387 3968 fuit
1416 3935 1429 3981 ;
1482 3918 1612 3969 satis
1642 3926 1759 3969 erat

202 4003 414 4059 aliunde
477 4014 776 4076 suspectus,
811 4016 869 4061 ut
925 4007 1122 4061 nullum
1175 4010 1222 4063 ei
1274 4007 1492 4063 honoris
1546 4008 1756 4060 titulum

200 4097 431 4168 episcopi
481 4099 775 4153 tribuerent
806 4118 818 4153 :
848 4101 958 4154 sive
1007 4117 1189 4156 eorum
1213 4141 1228 4163 ,
1275 4115 1392 4169 qua
1426 4117 1454 4153 a
1483 4097 1755 4166 discipulis

203 4187 418 4251 ﬁebant,
457 4199 645 4243 auctor
684 4199 775 4242 aut
824 4192 1069 4244 conscius
1101 4192 1336 4252 exstitit;
1371 4190 1537 4242 multo
1580 4190 1755 4241 minus

202 4275 447 4340 decebat,
479 4286 537 4328 ut
567 4277 612 4329 ci
644 4278 848 4344 signum
885 4279 1098 4346 aliquod
1129 4278 1516 4332 communionis
1553 4279 1752 4348 imper-

202 4368 409 4432 tiretur,
455 4375 740 4436 antequam
781 4371 1028 4425 absurdis
1063 4372 1317 4425 institutis
1347 4372 1670 4426 destitisset.
1692 4371 1755 4425 ll-

201 4457 300 4510 lum
330 4458 480 4514 enim
515 4458 693 4527 aliquo
726 4463 944 4517 honoris
974 4462 1320 4518 ecclesiastici
1355 4465 1508 4518 titulo
1535 4480 1749 4531 ornare,

1867 3361 1970 3415 lius
1998 3362 2070 3431 (g)
2094 3366 2295 3432 aequius
2319 3367 2481 3418 multo
2512 3383 2630 3418 esse
2661 3378 2734 3428 ut,
2783 3372 2824 3419 si
2865 3372 2975 3436 quis
3020 3373 3219 3424 Aetium
3252 3377 3425 3442 genuit

1868 3454 2189 3517 Invreticum,
2241 3459 2292 3507 in
2336 3467 2486 3521 caput
2534 3459 2760 3522 parentis
2795 3460 3024 3514 resiliunt
3055 3464 3154 3528 lilii
3181 3466 3426 3517 crimina-

1865 3545 2048 3595 tiones.
2080 3544 2143 3597 Et
2168 3546 2218 3598 in
2241 3547 2400 3616 epist.
2429 3548 2555 3611 244,
2589 3569 2638 3603 n.
2681 3552 2712 3602 5
2748 3569 2758 3601 :
2790 3551 2844 3601 Is
2874 3554 2960 3617 qui
3008 3571 3084 3605 me
3115 3567 3320 3607 accusat
3363 3559 3425 3610 de

1865 3631 2211 3700 Apollinario,
2234 3640 2534 3702 respondent
2561 3641 2702 3692 nobis
2727 3641 2787 3691 de
2812 3642 2934 3693 Aria
2951 3645 3157 3710 proprio
3179 3649 3424 3711 magistro

1865 3739 1957 3775 suo
1987 3733 2032 3775 et
2064 3727 2126 3776 de
2157 3726 2300 3777 Aetio
2323 3730 2529 3795 proprio
2554 3746 2646 3782 suo
2679 3731 2952 3796 discipulo.
2977 3735 3079 3786 Sed
3106 3736 3258 3788 hisin
3293 3738 3425 3791 locis

1862 3816 2291 3870 substituetnlutn
2344 3819 2548 3870 videtur
2595 3836 2785 3874 nomen
2842 3825 3000 3877 Aerii.
3055 3825 3184 3880 Nam
3227 3831 3330 3884 alio
3372 3834 3422 3884 in

1861 3906 1976 3961 loco
2017 3908 2091 3976 (Ii)
2127 3911 2311 3961 eadem
2354 3913 2416 3962 de
2459 3927 2514 3962 re
2553 3929 2712 3978 agens
2748 3914 2974 3972 Basilius
3019 3933 3262 3974 neutrum
3306 3928 3423 3993 qui-

1861 3998 1978 4050 dem
2007 4000 2265 4062 nominat,
2300 4002 2391 4054 sed
2425 4018 2542 4070 qua:
2570 4005 2698 4057 dicit
2734 4007 2830 4060 soli
2877 4010 3035 4062 Aerio
3061 4016 3410 4067 conveniunt.

1862 4084 2002 4141 Nam
2029 4106 2118 4143 nec
2152 4092 2260 4160 ipse
2290 4110 2495 4160 accuso,
2541 4096 2733 4162 inquit,
2771 4100 2814 4147 si
2846 4104 2958 4165 quis
3003 4119 3066 4154 ea:
3103 4106 3344 4158 sodaiitio
3371 4127 3420 4160 in

1858 4179 2093 4233 heresim
2115 4183 2369 4234 abscissus
2389 4197 2459 4234 est
2482 4185 2709 4252 (omnino
2735 4199 2906 4240 autent
2927 4193 3156 4245 homines
3183 4199 3416 4257 not'is‘lis,

1858 4274 2060 4324 tametsi
2091 4275 2393 4325 nominatim
2422 4291 2520 4325 non
2543 4279 2786 4346 appello),
2812 4285 2929 4346 quin
2947 4288 3298 4353 unusquisque
3323 4307 3414 4340 sno

1857 4365 2018 4430 ipsius
2045 4375 2249 4432 peccato
2289 4367 2558 4418 morietur.
2603 4369 2694 4421 llis
2728 4387 2855 4422 sane
2888 4374 3066 4428 verbis
3100 4378 3291 4445 aliquis
3340 4384 3418 4432 in-

1857 4455 2063 4508 dicatur
2088 4469 2154 4507 ex
2180 4456 2392 4523 pietatis
2420 4459 2695 4528 disciplina
2725 4463 2774 4512 in
2820 4463 3068 4518 haeresim
3098 4469 3276 4535 lapsus
3309 4488 3413 4522 non

200 4545 593 4598 communionis
622 4547 830 4615 signum
860 4550 1066 4605 fuisset.
1101 4549 1189 4605 Sic
1218 4551 1442 4607 Basilius
1475 4553 1544 4623 (ο)
1581 4554 1632 4607 in
1665 4555 1750 4607 lit-
1786 4582 1828 4634 Β
1857 4547 2116 4615 probante
2145 4551 2419 4619 magiSlro.
2445 4553 2498 4605 ld
2531 4564 2703 4604 autem
2741 4557 2942 4622 optime
2967 4564 3414 4630 convenitAerio,

202 4634 322 4687 teris
353 4637 422 4690 de
452 4633 699 4706 Glycerio
722 4647 772 4690 et
804 4640 870 4692 ad
901 4641 1202 4710 Glycerium
1247 4644 1463 4710 scriptis
1488 4684 1503 4706 ,
1535 4645 1745 4697 diaconi

201 4720 409 4779 titulum
460 4727 508 4780 ei
541 4745 642 4781 non
677 4729 879 4795 tribuit,
912 4733 1153 4800 quamvis
1179 4734 1410 4786 nondum
1434 4749 1553 4788 eum
1587 4736 1748 4802 depo—

199 4816 406 4882 suisset,
463 4820 554 4873 sed
593 4831 794 4873 tantum
827 4821 980 4888 hujus
1011 4840 1178 4893 pruna:
1219 4824 1390 4878 minas
1435 4828 1744 4888 intentarct,

199 4909 291 4963 nisi
336 4909 450 4963 cito
504 4913 715 4966 rediret
745 4927 861 4966 cum
897 4915 1189 4983 virginibus
1213 4956 1226 4979 ,
1256 4930 1389 4985 quas
1416 4931 1444 4970 e
1468 4926 1747 4985 parentum

199 5003 446 5057 domibus
480 5004 782 5060 abstractas
817 5007 865 5060 in
894 5022 1050 5060 unum
1083 5011 1241 5064 veluti
1275 5023 1484 5081 gregem
1517 5011 1745 5079 college-

197 5104 289 5145 rat.
335 5094 470 5147 Vide
503 5105 614 5147 not.
647 5098 712 5148 ad
750 5100 906 5166 epist.
939 5098 1071 5162 129,
1105 5119 1157 5169 ρ.
1185 5103 1306 5156 ἓξζΙ.

259 5185 598 5240 Eustathium
659 5186 1004 5244 Sebastenum
1055 5191 1423 5250 Tillemontius
1476 5198 1736 5252 Caesarea:

195 5284 279 5327 aut
305 5278 498 5333 saltem
529 5279 578 5333 in
605 5277 940 5347 Cappadocia
965 5294 1144 5338 natum
1171 5287 1460 5352 existimat,
1495 5300 1742 5359 propter-

259 5534 332 5602 (ο)
369 5533 640 5602 Epiphan.
675 5537 865 5594 hmres.
900 5557 1050 5598 Lxxv.

259 5609 328 5672 (b)
369 5605 485 5658 Lib.
519 5621 594 5663 IV.
633 5623 682 5659 C.
715 5609 799 5660 14.

259 5683 322 5734 tr)
362 5676 457 5741 Ep.
495 5675 766 5745 169,170,
801 5681 915 5736 ΙἸΙ.

257 5749 327 5805 (αθ)
364 5749 454 5809 lup.
477 5748 602 5800 9.03.

257 5821 320 5877 (Γ)
354 5815 529 5868 Carm.
571 5817 658 5867 43.

1857 4639 1947 4704 qui
1977 4644 2325 4696 monasticam
2357 4645 2515 4697 vitam
2549 4661 2670 4698 cum
2714 4649 2992 4706 Eustathio
3041 4659 3412 4722 proﬁtebatur,

1857 4744 1913 4786 at
1937 4749 2271 4805 nequaquam
2300 4741 2473 4804 Aetio,
2513 4742 2602 4804 qui
2634 4759 2896 4797 summam
2930 4761 3141 4815 semper
3174 4751 3408 4817 impieta-

1857 4835 1961 4878 tem
1999 4843 2105 4896 pra:
2137 4844 2193 4881 se
2227 4830 2363 4894 tulit,
2392 4847 2488 4885 nec
2528 4835 2662 4887 ullos
2695 4837 2798 4888 nisi
2836 4837 2899 4890 ad
2945 4839 3270 4906 impietatem
3304 4859 3416 4894 ma-

1857 4918 2051 4985 gistros
2098 4920 2303 4972 habuit.
2337 4921 2550 4978 Primus
2597 4927 2735 4979 illius
2775 4928 2959 4982 doctor
2998 4931 3220 4997 exstitit,
3280 4943 3414 4988 teste

1855 5009 2211 5080 Philostorgio
2244 5013 2340 5083 (i),
2376 5014 2631 5070 Paulinus
2661 5021 3049 5075 Antiochenus.
3075 5025 3410 5081 AtedOetuut

1855 5105 2016 5158 fuisse
2067 5106 2132 5159 ab
2168 5106 2444 5162 Eustathio
2490 5124 2586 5162 nec
2644 5110 2929 5180 Gregorius
2970 5113 3261 5182 Nyssenus,
3321 5119 3409 5183 qui

1853 5213 1939 5250 res
1978 5198 2114 5250 Aetii
2160 5209 2405 5252 accurate
2457 5204 2794 5270 persequitur
2832 5203 2934 5270 ti),
2979 5220 3078 5258 nec
3113 5207 3245 5258 ullus
3273 5208 3410 5258 alius

1853 5300 2074 5342 testatus
2114 5300 2196 5343 est
2230 5292 2477 5358 scriptor.
2514 5295 2766 5357 Quamvis
2813 5312 2939 5363 ergo
2989 5299 3124 5364 apud
3154 5299 3405 5350 Basiliam:
