4094 6308
699 389 820 425 λκιν

2032 366 2533 423 PROLEGOMENA

698 487 832 542 Aetii
865 500 1056 541 nomen
1111 486 1344 540 habeant
1375 498 1560 540 omnes
1606 485 1817 541 codices
1863 498 1993 540 mss.
2023 495 2077 540 et
2107 486 2258 551 editi,
2288 492 2334 547 Α
2361 488 2503 542 mine
2526 487 2591 541 ad
2627 484 2922 540 Hellenium
2972 486 3044 558 (p.
3083 486 3222 555 106).
3280 486 3384 543 Sed
3428 488 3580 545 valde
3613 492 3800 549 dubito
3846 509 3913 548 an

695 579 1092 634 substituendus
1118 582 1165 633 ei
1184 579 1393 633 videtur
1414 578 1627 634 Acrius.

1304 691 1526 748 CAPUT
1564 691 1653 745 VI.

696 784 735 839 Ι.
771 785 997 840 Sanctus
1028 784 1259 838 Basilius
1281 786 1592 838 mnobitica!
1608 785 1726 837 vita:
1747 792 1925 837 auctor
1941 784 1993 837 in
2012 782 2180 837 Ponto
2208 794 2256 837 et

767 856 1117 924 Cappadocia.
1156 856 1216 909 Il.
1246 856 1407 907 Antea
1430 855 1509 907 Itis
1552 857 1604 907 in
1644 854 1766 907 locis
1792 862 1977 907 ascetw
2017 853 2120 907 bini
2166 863 2256 905 aut

770 927 903 977 terni
931 926 1197 993 degebant.
1230 924 1314 976 ill.
1348 924 1597 991 Gregorio
1626 925 1821 987 scribit,
1858 940 2074 991 eumque
2105 924 2170 976 ad
2203 939 2257 975 se

768 995 973 1047 allicere
995 1006 1229 1049 conatur.
1262 994 1459 1047 Eorum
1492 995 1689 1047 vivendi
1719 997 1853 1047 ratio
1882 1004 1926 1047 et
1958 994 2253 1061 occupatio.

766 1064 853 1118 IV.
908 1064 1092 1117 Basilii
1143 1064 1343 1117 labores
1398 1065 1699 1117 monasterii
1730 1065 1923 1131 ﬁnibus
1953 1080 2052 1115 non
2086 1064 2255 1115 contio

765 1144 973 1189 nentur.
1008 1133 1068 1186 ν.
1109 1135 1180 1186 De
1208 1135 1444 1201 pluribus
1475 1135 1701 1203 epistolis
1724 1138 1774 1186 in
1798 1150 1999 1188 secessu
2024 1134 2252 1201 scriptis.

766 1223 805 1277 Ι.
840 1223 1221 1278 Testimonium
1252 1222 1493 1291 Gregorii
1539 1224 1862 1279 Nazianzeni
1922 1238 2081 1293 supra
2127 1224 2257 1277 alla-

698 1327 829 1380 tum,
891 1316 941 1369 in
990 1331 1095 1385 quo
1144 1315 1367 1371 Basilius
1421 1317 1617 1371 dicitur
1670 1317 2042 1373 etenobiticam
2092 1318 2253 1371 vitam

696 1407 1018 1472 instituisse,
1055 1408 1359 1461 conﬁrmari
1396 1418 1572 1477 potest
1602 1426 1664 1463 ex
1701 1410 1860 1477 epist.
1907 1410 2086 1464 Basilii
2128 1409 2253 1477 207,

697 1518 751 1556 n.
793 1501 847 1557 2.
894 1501 1129 1556 Oderant
1159 1517 1279 1556 eum
1324 1501 1804 1565 Neocazsarienses,
1850 1503 2100 1571 episcopo
2141 1502 2256 1571 ipso

698 1608 791 1648 eos
823 1594 876 1647 in
919 1592 1171 1647 Basilium
1218 1596 1571 1650 incendente:
1616 1595 1723 1648 odii
1770 1610 1943 1649 causa:
1984 1596 2169 1649 inanes
2205 1603 2258 1649 et

698 1686 939 1739 absurdis
968 1684 1322 1754 fingebantur,
1347 1687 1605 1755 psallendi
1644 1687 1774 1741 ritus
1803 1688 1852 1740 in
1888 1686 2112 1741 ecclesia
2140 1687 2253 1741 Cae-

698 1780 920 1833 sariensi
958 1788 1012 1834 et
1048 1779 1227 1831 Basilii
1258 1780 1523 1833 coenobio.
1561 1778 1837 1848 Nunquam
1885 1777 2123 1847 profecto
2150 1778 2253 1831 Ba—

2360 595 2477 648 qua:
2508 580 2608 633 hoc
2634 578 2752 633 loco
2786 590 2969 632 narrat
2996 578 3311 647 Gregorius,
3359 579 3610 635 Nazianzi
3654 593 3745 637 aut
3776 584 3913 652 Cap.

2360 671 2592 741 padocice
2615 671 2813 726 ﬁnibus
2844 673 3077 726 coerceri
3098 673 3345 728 debeant.
3380 672 3452 727 Ibi
3483 674 3623 727 enim
3654 676 3913 729 monasti-

2358 780 2479 818 cum
2510 765 2804 819 institutum
2824 766 3116 833 generatim
3138 766 3339 830 laudat,
3371 775 3655 835 antequam
3682 766 3914 821 Nazian-

2358 869 2519 909 zenos
2552 856 2844 910 monachos
2893 858 3207 911 nominatim
3252 856 3493 913 Helleuio
3524 861 3907 914 commendet:

2356 956 2411 1002 et
2441 948 2579 1016 quod
2608 949 2682 1003 ait
2710 949 2784 1017 (p.
2822 948 2945 1015 107)
2974 950 3258 1005 monachos
3280 951 3527 1019 imperito
3551 952 3731 1006 studio
3759 953 3913 1005 abre-

2365 1048 2486 1109 ptos
2536 1050 2756 1096 mortem
2800 1041 2900 1096 sibi
2930 1042 3058 1110 ipsis
3106 1043 3460 1109 consciscere,
3498 1042 3628 1096 alios
3680 1044 3913 1112 propriis

2358 1128 2603 1182 manibus
2634 1137 2722 1181 aut
2752 1127 2910 1197 fame,
2942 1131 3074 1184 alios
3112 1132 3300 1199 laqueo
3342 1141 3432 1185 aut
3464 1147 3584 1187 sese
3614 1134 3916 1202 praccipites

2358 1219 2563 1284 dando;
2619 1220 2825 1274 videtur
2878 1222 2928 1275 id
2988 1222 3051 1276 de
3103 1223 3321 1278 remotis
3374 1224 3681 1294 regionibus
3735 1226 3915 1292 potius

2356 1326 2517 1381 quam
2546 1312 2611 1365 de
2635 1310 3061 1381 Cappadocibus,
3082 1316 3352 1384 magisque
3380 1315 3517 1370 fama
3535 1327 3588 1372 et
3617 1318 3910 1372 auditione.

2359 1422 2518 1476 quam
2567 1408 2798 1476 propriis
2829 1408 2998 1463 oculis
3032 1418 3305 1475 acceptum
3343 1424 3585 1463 narrare.
3627 1407 3915 1463 Probabile

2356 1514 2484 1567 ergo
2517 1514 2619 1553 non
2650 1508 2730 1553 est
2754 1501 3102 1554 anachoretas
3122 1498 3289 1553 fuisse
3322 1498 3580 1553 Eustathii
3604 1498 3912 1568 discipulos.

2359 1590 2491 1645 Hinc
2512 1590 2742 1645 Basilius
2781 1590 2854 1661 (p.
2896 1592 3021 1662 559)
3059 1590 3380 1646 monasteria
3425 1590 3703 1646 Eustathio
3736 1590 3917 1660 subje-

2357 1696 2442 1738 eta
2473 1694 2628 1739 vocat
2654 1684 3016 1739 fraternitates
3040 1686 3090 1739 in
3123 1683 3348 1753 epistola
3373 1682 3497 1737 225.
3536 1683 3588 1736 In
3626 1685 3711 1739 his
3738 1693 3915 1737 tamen

2359 1774 2779 1829 fraternitatibus
2800 1789 2899 1827 non
2925 1776 3170 1829 videntur
3205 1776 3255 1827 in
3290 1789 3492 1827 morem
3524 1777 3914 1829 emnobitarum

697 1866 875 1917 silium
907 1878 971 1919 eo
1014 1866 1226 1917 nomine
1259 1864 1611 1927 incusassent,
1643 1867 1684 1918 si
1718 1873 1841 1919 ante
1870 1879 1991 1918 eum
2041 1866 2141 1918 hoc
2174 1863 2256 1917 in-
2289 1853 2330 1907 Β
2360 1868 2456 1921 sub
2487 1868 2641 1922 unius
2669 1867 2876 1922 abbatis
2902 1867 3123 1935 imperio
3153 1866 3527 1921 communibus
3560 1881 3769 1933 semper
3796 1883 3917 1920 mu—

696 1956 937 2008 stitutum
970 1953 1021 2008 in
1040 1952 1207 2009 Ponto
1235 1955 1551 2009 exstitisset.
1575 1954 1891 2019 Quinetiam
1912 1954 2161 2019 Basilius,
2198 1962 2256 2007 ut

698 2045 949 2099 invidiam
989 2060 1018 2098 a
1064 2061 1120 2099 se
1152 2046 1421 2115 pr0pulset
1458 2046 1579 2098 novi
1624 2043 1782 2111 hujus
1819 2045 2074 2108 instituti,
2114 2044 2254 2112 quod

698 2138 985 2191 maximam
1018 2137 1230 2191 laudem
1267 2137 1591 2201 merebatur,
1633 2151 1970 2207 nequaquam
2010 2136 2252 2206 exempla

698 2231 763 2282 ad
800 2243 951 2282 suam
976 2226 1334 2283 defensionem
1362 2230 1556 2299 repetit
1597 2245 1662 2283 ex
1699 2228 1855 2283 Ponti
1886 2239 1938 2284 et
1968 2228 2251 2299 Cappadoo

699 2322 795 2374 cia:
828 2330 919 2374 aut
958 2320 1300 2375 ﬁnitimarum
1357 2322 1594 2391 gentium
1636 2322 1909 2385 Ecclesiis,
1942 2323 2034 2376 sed
2072 2323 2148 2376 ait
2198 2338 2252 2377 se

698 2414 967 2467 audivisse
1009 2413 1164 2467 talem
1206 2428 1325 2468 esse
1360 2415 1411 2467 in
1448 2415 1677 2484 [Egypto
1715 2415 1947 2469 virorum
1978 2415 2253 2478 virtutem,

700 2503 927 2557 fortasse
972 2506 1131 2557 etiam
1166 2505 1445 2559 n0nnul|os
1475 2506 1525 2558 in
1574 2506 1851 2560 Palaestina
1880 2506 2247 2575 evangelicam

700 2598 863 2649 vitam
906 2597 1172 2657 excolere.
1214 2606 1267 2650 et
1311 2612 1494 2651 rursus
1528 2599 1735 2666 aliquos
1767 2599 1819 2651 in
1871 2597 2251 2667 Mesopotamia

700 2689 881 2743 beatos
906 2704 1025 2745 esse
1057 2699 1110 2743 et
1157 2688 1419 2757 perfectos
1464 2690 1622 2743 viros.
1674 2688 1787 2744 Non
1828 2689 2078 2743 videntur
2127 2705 2255 2758 ergo

700 2780 942 2833 emnobia
968 2781 1021 2833 in
1052 2781 1221 2834 Ponto
1258 2788 1375 2834 ante
1400 2778 1652 2835 Basilium
1678 2782 1972 2835 exstitisse.

773 2870 932 2925 Sedsi
960 2870 1192 2925 Basilius
1209 2874 1326 2939 ejus
1352 2873 1579 2926 instituti
1607 2886 1827 2940 auctor,
1864 2872 2057 2927 mirum
2089 2872 2255 2928 videri

703 2964 889 3032 possit,
918 2980 1013 3017 cur
1040 2965 1353 3019 Eustathius
1383 2983 1487 3020 non
1517 2967 1685 3021 solum
1711 2968 1848 3036 apud
1885 2967 2169 3021 Armenios
2200 2975 2255 3021 et

702 3056 1090 3126 Paphlagonas,
1128 3058 1219 3110 sed
1260 3058 1416 3110 etiam
1461 3060 1511 3109 in
1544 3057 1732 3120 Ponto,
1764 3069 1821 3111 ut
1854 3058 1904 3111 in
1930 3059 2255 3126 prtecedenti

702 3150 875 3218 capite
933 3149 1178 3216 vidimus,
1230 3150 1575 3202 monasticam
1628 3150 1787 3201 vitam
1839 3150 2046 3203 dicatur
2100 3151 2254 3203 insti-

703 3245 888 3296 tuisse.
933 3239 1301 3296 Commentum
1350 3257 1467 3297 esse
1514 3241 1785 3296 existimat
1822 3240 2082 3295 Baronius
2115 3242 2254 3309 quod

702 3332 768 3387 de
791 3334 1071 3386 Eustathio
1097 3336 1231 3399 apud
1266 3336 1621 3389 Sozomenum
1658 3334 1867 3405 legitur.
1900 3332 2004 3387 Sed
2050 3332 2254 3387 clarum

702 3433 756 3478 et
800 3425 1137 3494 perspicuum
1178 3432 1261 3477 est
1302 3426 1365 3477 de
1400 3424 1677 3478 Eustathio
1723 3426 1943 3495 ejusque
1980 3424 2256 3495 discipulis

703 3514 955 3568 Basilium
985 3514 1148 3581 loqui,
1178 3528 1298 3566 cum
1336 3513 1410 3565 ait
1444 3511 1519 3581 (α)
1557 3527 1612 3565 se
1648 3516 1955 3565 monasticae
1996 3516 2114 3568 vitae
2142 3525 2255 3568 stu-

704 3607 791 3660 dio
813 3607 1143 3672 ﬂagrantem,
1176 3605 1260 3658 ubi
1296 3604 1573 3659 nonnullos
1600 3604 1730 3656 vidit
1754 3604 1805 3656 in
1833 3604 2005 3672 patria
2034 3605 2121 3672 qui
2158 3605 2258 3657 hoc

705 3698 999 3751 institutum
1027 3696 1428 3766 profitebantur,
1462 3711 1709 3764 magnum
1749 3710 1814 3749 ex
1864 3708 2049 3749 eorum
2080 3693 2259 3746 amici-

708 3789 779 3840 tia
811 3771 863 3841 εἱ
890 3788 1269 3840 consuetudine
1298 3787 1600 3854 praesidium
1633 3788 1697 3838 ad
1730 3787 1953 3840 salutem
1992 3799 2256 3856 sperasse.

703 3878 820 3933 Jam
854 3888 963 3931 tum
990 3892 1116 3946 ergo
1151 3876 1437 3945 discipulos
1474 3877 1703 3930 habebat
1729 3877 2058 3931 Eustathius.
2082 3877 2258 3944 Quare

706 3971 853 4023 litem
896 3969 971 4021 sic
997 3969 1200 4020 dirimit
1245 3967 1613 4021 Tillemontius
1645 3978 1699 4019 ut
1736 3968 1933 4021 Basilio
1967 3968 2256 4022 ccenobiti-

705 4074 782 4113 ea:
809 4060 927 4113 vita:
966 4059 1262 4111 institutum
1292 4068 1566 4128 acceptum
1605 4058 1822 4123 referat,
1855 4058 2123 4112 Eustathii
2156 4074 2255 4112 au-

706 4159 811 4202 tem
864 4148 1152 4216 discipulos
1190 4148 1241 4200 in
1274 4149 1491 4201 urbibus
1532 4156 1586 4200 et
1632 4148 1837 4214 oppidis
1886 4148 1966 4200 vel
2002 4148 2167 4201 etiam
2204 4150 2255 4201 in

709 4240 1080 4293 remotioribus
1099 4238 1228 4292 locis
1264 4239 1401 4292 solos
1426 4239 1619 4293 vixisse
1647 4238 1933 4291 existimet.

777 4332 839 4384 ll.
886 4329 1162 4385 Libentius
1220 4331 1533 4384 crediderim
1570 4330 1835 4385 Eustathii
1890 4330 2174 4399 discipulos
2208 4332 2261 4384 in

709 4427 855 4494 pagis
882 4435 933 4479 ct
970 4425 1177 4494 oppidis
1211 4424 1365 4478 binos
1399 4433 1490 4476 aut
1515 4432 1689 4478 ternos
1729 4423 1942 4488 vixisse,
1969 4424 2041 4477 ita
2084 4433 2263 4477 utnec

2357 1959 2459 2012 niis
2490 1959 2676 2012 intenti
2728 1959 2921 2025 fuiSse,
2967 1960 3061 2013 sed
3114 1960 3221 2014 bini
3276 1966 3368 2013 aut
3412 1958 3534 2011 trini
3583 1957 3804 2013 liberius
3836 1958 3915 2011 vi-

2357 2052 2523 2105 xisse.

2427 2142 2619 2197 Basilio
2657 2142 2799 2197 enim
2838 2158 3102 2197 secessum
3136 2140 3411 2197 meditanti
3444 2138 3583 2194 nulla
3618 2137 3687 2193 ob
3728 2139 3919 2192 oculos

2356 2242 2705 2293 versabantur
2744 2238 2826 2292 his
2853 2239 2902 2289 in
2942 2238 3071 2291 locis
3113 2238 3352 2292 coenobia
3388 2237 3493 2307 (e);
3543 2236 3636 2289 sed
3668 2234 3921 2303 cupiebat

2354 2310 2519 2386 unum
2544 2331 2775 2398 aliquem
2809 2345 2874 2383 ex
2913 2328 3171 2382 fratribus
3206 2330 3467 2392 invenire,
3504 2328 3593 2397 qui
3627 2326 3917 2381 asceticam

2356 2425 2519 2479 vitam
2574 2422 2937 2492 profiteretur,
2975 2430 3032 2473 ut
3067 2435 3168 2472 una
3212 2434 3333 2472 cum
3382 2433 3445 2471 eo
3486 2420 3699 2474 brevem
3757 2417 3919 2485 hujus

2355 2516 2477 2568 vita:
2510 2514 2728 2567 ﬂuctum
2770 2512 3041 2565 transiret.
3074 2508 3396 2577 Speraverat
3424 2522 3480 2561 se
3505 2524 3621 2559 cum
3654 2507 3920 2577 Gregorio

2356 2607 2652 2665 victurum;
2685 2604 2843 2673 idque
2874 2604 3015 2657 inter
3044 2616 3100 2656 se
3133 2600 3273 2671 pacti
3307 2597 3560 2652 fuerant:
3596 2599 3689 2651 sed
3728 2614 3918 2652 eorum

2355 2696 2637 2749 consilium
2670 2695 3023 2763 interpellavit
3065 2692 3310 2763 imposita
3346 2688 3922 2758 Gregorionecessitas

2360 2788 2598 2842 fovendae
2634 2798 2910 2855 parentum
2941 2788 3255 2844 senectutis.
3295 2784 3477 2837 Basilii
3522 2780 3917 2836 monasterium

2358 2896 2462 2935 non
2510 2882 2712 2944 statim,
2747 2890 2806 2933 ut
2855 2879 3010 2933 modo
3044 2879 3362 2943 videbimus,
3412 2875 3643 2931 emnobii
3687 2872 3916 2927 formam

2358 2973 2563 3027 halmit.
2602 2971 2847 3024 Monachi
2881 2969 3203 3023 Nazianzeni
3232 2970 3512 3023 coenobiue
3529 2983 3633 3022 non
3656 2973 3809 3020 erant
3839 2965 3917 3032 (p.

2358 3062 2501 3133 107).
2522 3061 2652 3114 Nam
2682 3058 2971 3129 Gregorius
2994 3060 3045 3111 in
3072 3058 3306 3111 carmine
3324 3057 3386 3110 ad
3410 3055 3703 3109 Hellenium
3732 3055 3920 3107 decent

2282 3181 2325 3240 ρ
2358 3154 2827 3224 praestantissimos
2854 3161 3062 3205 ascetas
3092 3157 3352 3213 recenset,
3384 3146 3578 3217 quibus
3604 3144 3919 3214 singulatim

2362 3246 2753 3309 immunitatem
2800 3259 2829 3297 a
2889 3242 3101 3297 tributis
3155 3242 3308 3309 petit,
3355 3254 3513 3309 quam
3549 3238 3679 3291 satis
3729 3235 3924 3289 fuisset

2362 3334 2457 3387 toti
2488 3336 2736 3387 coenobio
2761 3334 2924 3385 semel
2953 3344 3151 3399 petere,
3181 3334 3224 3383 si
3248 3333 3300 3383 in
3342 3332 3529 3382 iisdem
3568 3342 3754 3380 omnes
3790 3326 3925 3380 tedi-

2358 3424 2457 3477 bus
2483 3420 2724 3476 fuissent.
2747 3418 2882 3474 llinc
2907 3419 3068 3472 etiam
3098 3434 3232 3471 unus
3264 3433 3330 3470 ex
3364 3416 3467 3469 illis
3493 3414 3729 3467 Eulalius
3756 3416 3926 3468 amis-

2357 3530 2419 3570 so
2456 3513 2621 3570 fratre
2652 3510 2891 3567 llelladio
2917 3510 2988 3578 (p.
3028 3507 3172 3578 108),
3211 3522 3367 3575 quem
3404 3506 3637 3575 ejusdem
3677 3504 3919 3557 instituti

2359 3607 2559 3659 socium
2592 3604 2875 3665 habuerat,
2901 3597 3109 3653 aﬂlicue
3126 3608 3180 3653 et
3208 3606 3419 3667 aegrota!
3446 3595 3600 3648 matri
3626 3593 3921 3647 assidebat.

2360 3695 2612 3749 Testatur
2642 3696 2804 3748 abbas
2839 3694 3074 3763 Pyamon
3132 3692 3269 3761 apud
3310 3689 3625 3744 Cassianum
3665 3686 3769 3756 (Ῑ),
3809 3694 3925 3739 ter-

2362 3788 2491 3840 tium
2518 3779 2684 3853 ge‘nus
2703 3785 3106 3845 monachorum,
3137 3782 3225 3850 qui
3254 3780 3559 3851 Sarabayta:
3577 3778 3920 3841 dicebantur,

2358 3889 2411 3933 et
2444 3878 2552 3934 bini
2586 3884 2677 3929 aut
2708 3874 2845 3927 terni
2888 3873 3172 3941 degebant,
3219 3873 3491 3923 abundare
3536 3885 3598 3923 ac
3638 3882 3805 3937 prope
3830 3884 3924 3922 s0-

2360 3973 2467 4024 lum
2509 3983 2627 4024 esse
2658 3967 2710 4020 in
2743 3965 3053 4019 civitatibus
3090 3977 3223 4030 quas
3261 3962 3577 4021 diaconiam,
3604 3971 3662 4011 ut
3690 3960 3801 4027 jam
3832 3961 3920 4014 di-

2358 4064 2557 4125 ximus,
2588 4061 2636 4113 in
2672 4057 2898 4113 Pontum
2938 4065 2988 4111 et
3034 4053 3339 4109 Armeniam
3384 4050 3627 4105 deferens
3662 4064 3923 4118 peragra-

2358 4156 2456 4207 vit.
2511 4154 2757 4207 Canones
2805 4149 3169 4221 Gangrenses.
3211 4146 3300 4215 qui
3334 4144 3599 4199 Armenia:
3651 4146 3921 4214 episcopis

2361 4244 2604 4310 inscripti
2647 4253 2789 4307 sunt,
2819 4242 3067 4295 dubitare
3097 4253 3201 4291 non
3228 4237 3408 4290 sinunt
3449 4238 3575 4307 quin
3608 4248 3918 4291 ascetarum

2364 4328 2554 4388 in'hac
2594 4337 2809 4403 regione
2863 4349 3051 4401 magna
3112 4330 3274 4383 fuerit
3318 4331 3578 4384 sentiendi
3613 4345 3676 4382 ac
3701 4329 3919 4383 vivendi

2374 4427 2613 4479 libertas.
2644 4425 2743 4479 Vix
2771 4440 2895 4494 ergo
2921 4426 3133 4479 dubium
3157 4423 3284 4491 quin
3320 4423 3569 4477 instituta:
3591 4422 3673 4474 his
3707 4420 3759 4473 in
3784 4420 3921 4475 locis

709 4519 1045 4571 anachoreta:
1088 4517 1285 4569 fuerint
1334 4531 1431 4570 nec
1487 4517 1782 4571 ctenohitze.
1816 4516 2063 4570 Testatur
2098 4516 2261 4571 Sozo-
2292 4538 2336 4592 ι)
2368 4518 2703 4573 ctenobiticse
2740 4519 2859 4571 vita:
2908 4518 3074 4588 gloria
3123 4530 3223 4568 non
3272 4515 3544 4569 Eustathio
3574 4512 3920 4568 attribuenda

708 4625 895 4664 melius
917 4608 992 4680 (ὁ)
1020 4610 1068 4661 in
1093 4609 1297 4662 Galatia
1332 4618 1385 4662 et
1405 4608 1735 4677 Cappadocia
1772 4619 1827 4661 et
1858 4608 2099 4662 ﬁnitimis
2136 4624 2257 4677 pro-

706 4703 893 4757 vinciis
921 4701 1151 4755 maxime
1179 4715 1357 4752 rarum
1407 4714 1523 4753 esse
1568 4698 2008 4753 anachoretarum
2067 4716 2253 4769 genus,

710 4796 832 4861 quia
870 4807 961 4861 per
993 4790 1210 4861 frigoris
1239 4791 1585 4843 acerbitatem
1609 4791 1658 4841 in
1689 4790 1915 4843 desertis
1936 4790 2067 4845 locis
2096 4792 2256 4859 dege-

710 4900 766 4935 re
790 4898 892 4936 non
923 4882 1063 4935 licet.
1098 4882 1151 4935 ld
1187 4880 1467 4934 confirmat
1503 4882 1665 4935 abbas
1700 4879 1958 4950 Pyamon,
1990 4882 2079 4950 qui
2114 4883 2251 4949 apud

707 4973 1019 5027 Cassianum
1046 4972 1114 5041 (ε)
1143 4980 1322 5024 narrat
1346 4984 1403 5023 se
1434 4970 1484 5022 in
1512 4970 1814 5041 regionibus
1841 4987 1972 5039 quas
2006 4975 2105 5025 sub
2146 4972 2248 5027 Va-

708 5067 849 5118 lente
879 5066 1196 5133 peragravit,
1248 5072 1303 5116 ut
1334 5060 1587 5115 fratribus
1617 5065 1669 5116 in
1712 5062 1937 5117 Pontum
1974 5072 2026 5116 et
2063 5064 2223 5116 Anne

707 5159 850 5212 uiam
890 5154 1137 5224 relegatis
1182 5156 1481 5211 diaconiam
1533 5154 1715 5220 ferret,
1748 5170 1815 5210 ne
1844 5158 2015 5225 ipsum
2044 5157 2254 5223 quidem

709 5250 1153 5303 anachoretarum
1193 5263 1382 5302 nomen
1416 5248 1653 5302 auditum
1681 5250 2026 5317 comperisse.
2061 5246 2256 5304 Existi-

709 5345 819 5386 mat
846 5332 1215 5388 Tillemontius
1250 5334 1323 5404 (d)
1366 5335 1644 5390 nonnullos
1701 5351 1727 5388 a
1773 5346 1955 5393 saneto
1997 5336 2256 5407 Gregorio

707 5425 1047 5481 Nazianzeno
1077 5425 1415 5494 Cappadoces
1448 5428 1799 5483 anachoretas
1827 5430 2025 5486 laudari
2060 5429 2112 5485 in
2137 5444 2253 5485 car-

775 5608 853 5679 (α)
878 5604 975 5679 _Ep.
1006 5607 1127 5669 ⁸225,
1160 5624 1211 5660 n.
1238 5609 1288 5662 3.

774 5676 847 5749 (ὁ)
876 5676 997 5749 Lib.
1026 5693 1095 5741 γι,
1124 5696 1171 5749 e.
1200 5679 1285 5732 54.

776 5748 845 5817 (ε)
877 5748 1179 5817 (ξυιΙαι.]8,
1218 5766 1263 5801 c.
1302 5750 1346 5801 7.

781 5814 854 5892 (α)
882 5815 1031 5873 Tom.
1057 5814 1141 5884 lx,
1168 5835 1218 5888 p.

2366 4610 2455 4671 sit,
2490 4606 2584 4661 sed
2619 4606 2831 4674 Basilio,
2872 4607 3021 4674 cujus
3056 4606 3347 4659 maximum
3371 4605 3575 4659 exstitit
3605 4603 3763 4671 hujus
3795 4620 3923 4673 pro-

2362 4700 2588 4772 pagandi
2618 4700 2841 4753 instituti
2875 4697 3126 4752 studium.
3164 4696 3293 4752 Illud
3325 4699 3481 4767 longe
3523 4698 3594 4767 (g)
3627 4695 3921 4763 preferen-

2362 4796 2484 4847 dum
2532 4806 2647 4845 esse
2678 4791 3141 4847 demonstratvita:
3171 4792 3458 4856 solitaria};
3497 4794 3598 4844 duo
3625 4790 3701 4859 (li)
3745 4793 3798 4844 in
3826 4806 3922 4843 eo-

2359 4885 2477 4938 dem
2510 4898 2643 4952 pago
2688 4883 3009 4938 monasteria
3040 4897 3158 4937 esse
3200 4898 3303 4935 non
3347 4882 3554 4949 probat,
3586 4884 3677 4936 sed
3722 4898 3922 4937 omnes

2360 4986 2566 5030 ascetas
2599 4976 2696 5030 sub
2724 4992 2829 5029 uno
2859 4982 2912 5027 et
2940 4976 3122 5029 eodem
3154 4973 3437 5042 praeposito
3481 4974 3753 5029 existimat
3784 4988 3924 5027 con-

2356 5068 2673 5138 jungcndos.
2699 5066 2935 5136 Perspici
2974 5070 3135 5122 etiam
3177 5076 3352 5134 potest
3383 5068 3521 5122 illius
3550 5067 3817 5121 sententia
3852 5084 3917 5123 ex

2362 5164 2516 5232 epist.
2542 5161 2664 5225 295,
2692 5162 2744 5215 in
2777 5177 2881 5230 qua
2926 5174 3131 5217 ascetas
3182 5162 3232 5213 in
3264 5162 3447 5215 eodem
3482 5162 3693 5229 quidem
3729 5178 3919 5216 mona-

2362 5251 2547 5314 sterio,
2573 5251 2663 5303 sed
2702 5266 2804 5305 non
2839 5265 2985 5304 more
3027 5249 3391 5305 coenobiorum
3443 5250 3682 5305 viventes
3723 5252 3916 5305 horta-

2362 5353 2467 5405 tur,
2500 5350 2556 5394 ut
2581 5342 2645 5395 ab
2677 5341 2775 5395 hac
2798 5341 2902 5394 vita
2932 5342 3155 5395 testibus
3182 5352 3399 5397 carente
3438 5341 3502 5394 ad
3535 5344 3918 5397 caenobiticam

2362 5440 2650 5487 transeant.
2692 5432 2892 5486 Prmter
2938 5434 3261 5499 etenobium,
3313 5434 3451 5502 quod
3484 5434 3536 5488 in
3582 5434 3753 5489 Ponto
3793 5447 3913 5487 ron-

2441 5610 2507 5684 (ς)
2542 5610 2633 5678 Ep.
2666 5611 2785 5665 2-25.

2437 5682 2501 5746 if)
2542 5684 2726 5732 tollat.
2772 5684 2849 5743 l8,
2880 5699 2923 5735 ς,
2955 5685 3002 5736 7,

2437 5688 2475 5746 (1
2542 5688 2726 5732 (.ollat.
2772 5688 2849 5743 l8,
2880 5699 2901 5735 C

2432 5688 2501 5817 (gi
2541 5748 2664 5817 [ἔρον.
2709 5752 2809 5815 fus.
2852 5754 2901 5805 7.

2429 5816 2504 5889 (ti)
2543 5816 2667 5890 περ.
2698 5826 2799 5889 [ιιι.
2834 5822 2921 5882 55,
