4094 6308
1568 346 1730 401 VlTA
1772 347 1828 401 S.
1868 345 1949 401 BA
1961 343 2123 399 SlLll.

3337 372 3437 408 XIV

229 473 438 532 struxit,
498 466 643 521 aliud
697 466 763 520 ab
814 479 877 521 eo
916 461 1186 517 conditum
1232 462 1281 515 in
1335 462 1588 516 suburbio
1614 461 1861 535 (Σίκα-Α
1890 474 1995 530 que
2051 466 2297 522 tractum,
2351 469 2410 511 ut
2454 462 2600 523 locus
2634 468 2928 529 praeruptus
2974 474 3292 534 aequaretur,
3349 471 3437 526 ms

228 561 382 619 riensi
424 558 685 613 discimus
717 573 784 612 ex
831 555 987 625 epist.
1018 553 1084 607 95
1109 566 1161 608 et
1197 552 1317 607 150.
1370 552 1647 608 Probabile
1698 563 1778 607 est

226 650 605 707 cmnobiticnm
664 651 967 703 institutum
1021 647 1180 699 etiam
1245 653 1368 697 ante
1416 646 1776 714 episcopatum

226 746 288 796 ab
318 757 383 797 eo
417 743 470 798 in
531 742 825 796 Ecclesiam
876 738 1259 794 Cazsariensem
1313 736 1605 792 inductum.
1664 736 1775 792 Non

227 834 444 886 deerant
485 833 702 901 quide
749 828 869 883 huic
906 829 1143 884 ecclesia:
1171 827 1437 894 monachi,
1481 840 1774 893 eorumque

228 928 458 981 stuuium
480 923 687 978 exarsit
721 922 770 977 in
803 923 1177 983 Basiliicausa,
1198 927 1256 973 ut
1285 921 1420 975 infra
1452 919 1774 988 videbimus,

228 1018 482 1073 adversus
512 1016 795 1070 Eusebium
826 1017 1127 1085 episcopum
1152 1012 1478 1071 defendenda
1512 1030 1523 1064 :
1559 1013 1650 1066 sed
1683 1030 1775 1069 no-

230 1117 275 1159 ta
312 1108 418 1160 illis
477 1120 583 1158 non
638 1107 883 1159 videntur
935 1104 1099 1158 fuisse
1135 1105 1455 1159 emnobitica
1512 1102 1772 1158 instituta.

233 1200 371 1253 Unde
404 1196 635 1251 Basilius
676 1198 775 1266 (τι),
828 1212 944 1249 cum
993 1195 1205 1264 quidam
1240 1196 1494 1251 Caesarea:
1524 1197 1776 1250 m0nasti-

227 1304 338 1343 cum
371 1288 681 1343 institutum
712 1288 955 1357 amplecti
990 1286 1163 1352 vellet,
1193 1304 1355 1357 seque
1385 1286 1458 1339 illi
1485 1291 1773 1357 regendum

227 1393 277 1434 et
306 1380 708 1435 informandum
755 1383 1009 1444 traderet,
1063 1381 1269 1435 mittere
1314 1394 1433 1432 eum
1488 1379 1672 1433 maluit
1724 1381 1775 1434 in

227 1471 370 1524 Ponti
424 1472 829 1527 monasterium.
865 1472 1152 1539 Gregorius
1200 1480 1400 1534 autem,
1432 1486 1554 1524 cum
1585 1486 1776 1525 mona-

226 1564 365 1617 sticae
398 1564 537 1632 legis
567 1562 925 1619 institutiones
954 1578 983 1615 a
1019 1563 1211 1618 Basilio
1235 1563 1549 1630 presbytero
1577 1574 1778 1619 etvoce

226 1665 275 1710 et
306 1656 528 1723 scriptis
557 1655 778 1709 traditas
806 1655 1005 1720 laudat,
1046 1656 1315 1710 inductam
1359 1654 1425 1708 ab
1448 1669 1511 1710 eo
1543 1656 1778 1711 emnobi-

228 1747 379 1800 ticam
413 1746 752 1816 disciplinam
792 1745 998 1799 videtur
1028 1746 1265 1800 laudare.

1885 551 2034 606 addit
2090 549 2158 623 (e)
2211 549 2470 619 lignorum
2522 554 2969 621 comportationes
3006 567 3057 610 et
3100 557 3434 631 lapidicinas,

1886 642 2138 694 arborum
2183 639 2510 695 consitiones
2539 651 2590 694 et
2619 643 2982 713 irrigationes,
3019 646 3280 716 imprimis
3313 666 3437 707 vero

1885 733 2158 802 platanum
2212 746 2307 785 sua
2352 746 2507 785 manu
2551 735 2865 802 plantatum.

1960 822 2111 889 Quod
2135 837 2415 895 supererat
2442 825 2536 880 otii
2571 825 2636 879 ab
2672 828 2919 883 asceticze
2952 831 3068 884 vita:
3092 834 3305 901 muniis,
3332 835 3435 891 im-

1886 918 2187 985 pendebant
2218 919 2269 971 in
2296 916 2617 973 meditandis
2652 921 2819 972 sacris
2852 920 3045 974 litteris
3073 922 3138 993 (f)
3176 940 3188 975 :
3224 934 3271 977 et
3313 941 3433 981 cum

1885 1010 1936 1063 in
1968 1009 2067 1063 hoc
2091 1010 2269 1063 studio
2297 1011 2413 1080 plus
2432 1010 2668 1079 antiquis
2694 1008 3065 1077 scriptoribus,
3091 1030 3249 1082 quam
3286 1016 3433 1085 inge-

1884 1101 1974 1156 nio
2014 1117 2113 1157 suo
2146 1102 2462 1167 tribuerent,
2490 1102 2821 1172 collegerunt
2842 1115 2905 1154 ex
2937 1102 3167 1175 Origene
3210 1108 3437 1173 plurima

1882 1192 2257 1248 observatione
2303 1193 2480 1261 digna,
2523 1208 2641 1261 qua:
2686 1192 2738 1246 in
2786 1207 2946 1244 unum
2988 1210 3181 1266 corpus
3225 1198 3435 1253 redacta

1884 1284 2229 1340 Philocaliam
2256 1284 2675 1353 appellaverunt.
2724 1282 2876 1337 Hunc
2911 1284 3098 1340 librum
3124 1290 3263 1343 dono
3294 1289 3436 1343 misit

1883 1372 2171 1443 Gregorius
2189 1374 2469 1427 Theodoro
2508 1373 2806 1442 Thyanensi
2828 1374 2924 1447 (g),
2948 1384 3005 1427 ut
3031 1392 3160 1445 opus
3182 1381 3283 1434 sibi
3315 1392 3434 1432 cum

1883 1479 2071 1522 sancto
2100 1469 2295 1522 Basilio
2332 1482 2633 1523 commune.

1956 1558 2043 1616 IV.
2076 1560 2258 1613 Basilii
2284 1561 2497 1615 labores
2526 1563 2840 1616 monasterii
2886 1563 3083 1618 ﬁnibus
3114 1578 3217 1617 non
3257 1564 3434 1619 conti-

1886 1655 2171 1710 nebantur.
2200 1651 2332 1705 Nam
2364 1667 2482 1707 cum
2523 1654 2781 1720 ejusmodi
2826 1655 3125 1711 institutum
3163 1658 3436 1724 amplexus

1884 1752 2048 1809 esset,
2090 1743 2142 1797 in
2191 1759 2298 1813 quo
2338 1751 2393 1797 et
2425 1744 2669 1798 meditari
2719 1754 2919 1813 posset,
2971 1756 3026 1799 ut
3077 1747 3432 1812 anachoretae,

288 1836 372 1891 lll.
412 1836 521 1893 Ubi
547 1842 777 1909 primum
818 1849 1063 1893 secessus
1095 1836 1313 1891 delicias
1339 1837 1639 1909 degustavit
1668 1838 1769 1890 Ba-
1803 1852 1847 1912 Β
1876 1841 1929 1884 et
1964 1833 2240 1900 prodesse,
2298 1842 2355 1886 ut
2384 1832 2439 1888 hi
2476 1848 2609 1902 quos
2645 1834 2877 1888 diximus
2914 1833 3180 1901 migades;
3216 1851 3318 1889 non
3350 1852 3436 1890 se-

222 1930 399 1995 silius,
449 1930 774 2001 Gregorium
833 1930 933 1986 loci
991 1930 1348 2000 descriptione
1420 1941 1644 1987 conatus
1696 1941 1776 1988 est

224 2020 455 2078 allicere.
499 2021 794 2089 Respondit
848 2022 1137 2090 Gregorius
1164 2036 1222 2078 se
1249 2023 1349 2077 loci
1394 2022 1564 2075 forma
1590 2032 1643 2077 et
1668 2024 1775 2079 situ

222 2129 400 2183 parum
436 2115 670 2177 moveri,
706 2116 804 2171 nisi
833 2117 993 2171 etiam
1011 2116 1077 2168 de
1102 2114 1311 2169 vivendi
1347 2115 1553 2171 ratione
1572 2116 1775 2185 aliquid

221 2202 436 2257 ediscat.
474 2200 771 2274 Utramque
817 2204 1097 2273 epistolam
1144 2204 1440 2260 amisimus.
1479 2206 1582 2261 Sed
1614 2205 1774 2261 aliam

222 2292 495 2361 habemus,
535 2310 697 2365 quam
744 2294 972 2347 Basilius
1022 2293 1098 2363 (b)
1130 2295 1313 2349 statim
1368 2304 1489 2365 post
1527 2305 1773 2365 acceptas

221 2382 456 2454 Gregorii
487 2386 699 2437 litteras
724 2384 956 2451 scripsit,
985 2394 1043 2439 ιιι
1074 2384 1121 2439 ei
1149 2386 1509 2451 satisfaceret,
1534 2402 1597 2442 ac
1617 2402 1769 2441 suam

221 2475 425 2528 vivendi
459 2473 725 2526 rationem
766 2486 1081 2543 exponeret.
1120 2475 1351 2531 Diurnas
1378 2492 1439 2531 ac
1483 2487 1771 2531 nocturnas

222 2576 421 2631 preces,
464 2562 749 2617 lectionem
783 2563 1206 2631 Scripturarum,
1239 2565 1475 2619 laborem
1518 2582 1769 2621 manuum

222 2653 488 2709 describit.
507 2655 618 2708 Sed
643 2654 773 2707 nihil
798 2656 848 2708 in
884 2655 983 2709 hac
1015 2656 1237 2723 epistola
1266 2657 1552 2721 reperitur,
1586 2672 1647 2710 ex
1666 2674 1770 2726 quo

221 2758 332 2797 eum
369 2746 766 2801 cmnobitarum
811 2762 958 2801 more
1005 2748 1200 2802 vixisse
1236 2747 1515 2815 coniicias.
1578 2748 1771 2803 Preces

222 2844 336 2889 ante
381 2848 436 2891 et
480 2849 609 2907 post
634 2839 813 2893 cibum
865 2840 1149 2908 praecipit:
1184 2848 1236 2892 at
1269 2839 1401 2892 nihil
1445 2853 1663 2907 prorsus
1704 2839 1772 2893 de

221 2926 443 2983 lectione
474 2931 622 2983 inter
648 2930 912 2984 edendum
949 2932 1270 2985 adhibenda.
1297 2933 1385 2985 Ait
1410 2940 1612 2987 tantum
1653 2932 1769 2985 ani-

222 3035 353 3073 mam
400 3036 468 3076 ne
523 3030 654 3074 tunc
689 3022 899 3089 quidem
953 3037 981 3075 a
1028 3023 1116 3075 Dei
1172 3024 1491 3089 cogitatione
1540 3026 1767 3081 otiosam

220 3125 329 3166 esse
359 3115 583 3177 debere,
619 3113 711 3168 sed
760 3129 827 3168 ex
871 3113 981 3185 ipsa
1018 3114 1389 3171 alimentorum
1429 3126 1485 3171 et
1525 3119 1766 3186 corporis

1878 1923 1996 1992 gnis
2027 1922 2129 1975 fuit
2184 1924 2234 1977 in
2263 1927 2639 1990 promovendis
2667 1925 2920 1981 Ecclesiae
2959 1928 3297 1983 utilitatibus.
3330 1928 3436 1983 Ba-

1874 2014 2022 2067 silius
2061 2011 2218 2065 Ponti
2256 2013 2424 2079 urbes,
2481 2014 2652 2084 inquit
2696 2016 2919 2070 Rufinus
2954 2016 3051 2087 (Ii),
3098 2029 3143 2072 et
3177 2037 3301 2073 rura
3335 2021 3438 2074 cir-

1874 2106 2125 2166 cumiens,
2158 2106 2359 2158 desides
2391 2107 2555 2173 gentis
2591 2106 2734 2160 illius
2760 2110 2961 2161 animos
2984 2118 3029 2161 et
3055 2126 3235 2175 parum
3262 2112 3322 2163 de
3349 2126 3436 2177 spe

1874 2197 2053 2263 futura
2081 2196 2333 2251 sollicitos
2356 2198 2625 2251 stimulare
2654 2200 2814 2253 verbis
2839 2209 2885 2253 et
2913 2201 3282 2270 praedicatione
3314 2217 3438 2253 suc-

1875 2287 2110 2351 cendere,
2166 2286 2460 2355 callnmque
2492 2287 2552 2339 ab
2596 2286 2674 2339 his
2726 2288 2890 2357 longa:
2920 2289 3239 2359 negligentia:
3284 2289 3435 2359 ακρίι

1874 2375 2081 2428 abolere
2110 2392 2127 2427 :
2152 2379 2471 2446 subegitque,
2499 2378 2719 2448 abjectis
2745 2379 2977 2432 inanium
3007 2397 3175 2433 rerum
3198 2391 3241 2434 et
3275 2398 3435 2435 siccu-

1873 2465 2065 2517 larium
2118 2466 2278 2529 curis,
2343 2469 2527 2519 suimet
2586 2469 2824 2532 notitiam
2877 2469 3119 2536 recipere,
3168 2469 3221 2520 in
3276 2485 3437 2521 unum

1871 2558 2029 2618 coire,
2073 2558 2390 2610 monasteria
2429 2567 2745 2622 construere,
2783 2559 3019 2625 psalmis,
3050 2570 3096 2613 et
3138 2560 3359 2629 hymnis,
3387 2568 3435 2613 et

1870 2651 2194 2703 orationibus
2237 2650 2420 2702 docuit
2459 2666 2660 2713 vacare,
2701 2666 2985 2718 pauperum
3022 2668 3200 2704 curam
3236 2668 3430 2721 gerere.

1870 2740 2039 2808 eisque
2076 2740 2378 2791 habitacula
2408 2740 2643 2804 honesta,
2669 2752 2713 2793 et
2735 2756 2849 2809 qua:
2878 2742 2946 2793 ad
2976 2741 3165 2795 victum
3202 2758 3436 2796 necessa-

1871 2828 1949 2879 ria
1973 2840 2112 2892 sunt,
2133 2829 2374 2897 prwbere,
2401 2829 2623 2899 virgines
2656 2830 2940 2892 instituere,
2960 2831 3199 2897 pudicam
3222 2844 3436 2884 cnstant-

1867 2938 1964 2991 que
2015 2922 2172 2974 vitam
2219 2922 2454 2975 omnibus
2502 2937 2628 2988 pene
2681 2920 3073 2974 desiderabilem
3114 2921 3301 2989 facere.
3340 2920 3429 2975 Ita

1868 3014 2003 3067 brevi
2027 3022 2321 3082 permutata
2351 3023 2423 3065 est
2448 3013 2603 3065 totius
2636 3012 2911 3080 provincia:
2935 3012 3115 3080 facies,
3154 3023 3206 3067 ut
3238 3015 3290 3067 in
3322 3015 3435 3067 ari-

1867 3106 1933 3157 do
1961 3115 2007 3158 et
2033 3104 2289 3175 squalenti
2316 3119 2495 3170 εαηῳο
2514 3104 2771 3157 videretur
2792 3121 2931 3172 seges
2959 3105 3203 3171 fecunda,
3227 3122 3287 3158 ac
3312 3105 3434 3158 lwta

223 3218 277 3255 ea
301 3205 655 3274 suscipis-tntis
694 3216 887 3260 natura
925 3209 1204 3262 materiam
1243 3207 1335 3262 Dei
1366 3208 1613 3263 laudandi
1649 3224 1768 3263 esse

1875 3197 2024 3250 vinea
2048 3196 2358 3249 surrexisse.
2388 3195 2639 3249 Testatur
2674 3197 2835 3249 etiam
2868 3195 3195 3251 Sozomenus
3221 3196 3281 3268 (i)
3325 3197 3431 3251 Ba-

223 3295 531 3348 ducendam.
581 3296 741 3349 Forte
779 3312 908 3366 ergo
941 3312 1061 3351 cum
1094 3315 1198 3352 uno
1228 3309 1318 3353 aut
1359 3302 1530 3354 altero
1562 3316 1626 3354 ex
1665 3302 1769 3354 Eu-

223 3380 393 3437 statbii
446 3383 734 3454 discipulis
771 3386 1016 3457 degebat,
1050 3396 1107 3442 ut
1139 3388 1227 3443 alii
1266 3389 1453 3445 harum
1493 3392 1769 3460 regionum

222 3483 424 3529 ascetm.

283 3562 381 3620 Sed
412 3566 522 3621 cito
558 3565 624 3619 ad
654 3582 773 3620 eum
807 3568 956 3625 multi
985 3569 1381 3639 conﬂuxerunt,
1416 3588 1579 3643 seque
1611 3576 1687 3629 illi
1714 3577 1766 3629 in

222 3655 547 3724 disciplinam
589 3657 939 3714 tradiderunt.
978 3660 1250 3731 Ejusmodi
1289 3663 1429 3716 enim
1488 3664 1769 3733 discipulos

222 3742 439 3799 habebat
462 3760 609 3800 anno
641 3745 745 3801 560
774 3764 802 3800 a
830 3748 1022 3815 quibus
1048 3762 1112 3799 ne
1143 3749 1208 3800 ad
1240 3748 1617 3802 brevissimum
1642 3749 1765 3818 qui-

220 3837 327 3887 dem
356 3845 571 3904 tempus
602 3839 724 3892 sine
762 3852 951 3906 magna
987 3836 1199 3892 illorum
1232 3839 1471 3894 molestia
1496 3838 1769 3897 discedere

219 3934 436 3992 poterat,
474 3934 535 3979 ut
586 3926 935 3996 perspicimus
979 3942 1045 3981 ex
1091 3929 1310 3998 epistola
1357 3930 1411 3985 8.
1456 3929 1572 3984 lam
1628 3932 1769 3987 illius

220 4019 599 4072 monasterium
663 4019 776 4075 suis
828 4022 1067 4077 numeris
1116 4022 1416 4078 absolutum
1465 4032 1601 4089 erat,
1645 4040 1765 4078 cum

221 4106 503 4181 Gregorius
534 4111 605 4166 ad
634 4126 753 4165 eum
780 4127 839 4166 se
865 4114 1109 4176 contulit,
1137 4116 1278 4183 quod
1305 4116 1518 4184 quidem
1558 4116 1767 4171 videtur

220 4200 396 4256 iecisse
420 4220 566 4257 anno
599 4204 703 4257 358
739 4213 829 4256 aut
872 4204 995 4258 559.
1046 4204 1177 4257 Nam
1223 4207 1361 4260 inter
1394 4220 1454 4260 ea
1478 4222 1595 4275 quae
1634 4209 1765 4261 sein

219 4291 310 4346 hoc
334 4297 672 4350 monasterio
701 4297 894 4351 vidisse
922 4300 1260 4363 meminerat,
1292 4298 1472 4353 laudat
1502 4300 1767 4369 imprimis

219 4382 469 4451 fratrum,
517 4403 658 4457 quos
718 4387 940 4443 Basilius
989 4390 1053 4443 ad
1105 4390 1356 4457 pietatem
1422 4392 1751 4459 instituebat,

218 4477 452 4533 eximiam
490 4481 859 4534 concordiam.
894 4480 1129 4535 Meminit
1162 4483 1482 4551 psalmorum
1510 4495 1562 4540 et
1610 4486 1763 4556 hym-

1876 3289 2053 3343 silium
2088 3288 2243 3343 Ponti
2285 3290 2444 3345 urbes
2493 3290 2938 3351 circumeuntem,
2972 3290 3135 3341 multa
3173 3291 3276 3343 illic
3308 3292 3432 3345 :cdi-

1876 3380 2068 3436 ﬁcasse
2099 3382 2450 3442 monasteria;
2484 3391 2538 3433 et
2556 3382 2761 3449 pOpttlis
2785 3380 3182 3449 praedicantem,
3205 3391 3260 3435 ut
3280 3396 3429 3435 eam-

1872 3470 1993 3524 dem
2034 3486 2153 3525 cum
2190 3473 2304 3536 ipso
2338 3470 2637 3523 doctrinam
2682 3470 2802 3525 ﬁdei
2830 3482 3179 3539 sequerentur
3209 3486 3431 3539 persua-

1872 3560 2027 3615 sisse.
2083 3559 2204 3613 llaec
2241 3560 2545 3614 confirmari
2595 3570 2816 3630 possunt
2855 3563 3130 3631 utriusque
3186 3562 3429 3633 Gregorii

1875 3650 2199 3705 testimonio.
2236 3651 2487 3705 Testatur
2518 3649 2789 3722 Nyssenus
2830 3651 2898 3722 (j)
2941 3655 3279 3708 solitudinem
3330 3655 3429 3708 sub

1875 3741 2072 3798 Basilio
2108 3743 2174 3798 ad
2222 3742 2572 3801 imitationem
2598 3743 2819 3802 Joannis
2860 3745 3111 3817 Baptistae
3142 3747 3193 3802 in
3242 3748 3426 3803 urbem

1874 3852 2187 3894 conversam
2243 3855 2362 3895 esse
2396 3842 2466 3897 ob
2515 3841 2914 3895 multitudinem
2973 3855 3157 3895 eorum
3213 3844 3302 3910 qui
3360 3845 3429 3897 ad

1871 3929 2120 3985 Basilium
2156 3932 2515 3986 conﬂuebant.
2572 3932 2861 4000 Gregorius
2906 3930 3274 3988 Nazianzenus
3313 3934 3424 4001 jam

1873 4024 2037 4078 multa
2078 4024 2228 4076 illum
2255 4024 2319 4076 ad
2347 4023 2634 4077 utilitatem
2662 4022 2911 4077 Ecclesite
2942 4039 3167 4078 navasse
3193 4024 3321 4078 dicit
3351 4025 3424 4095 (p.

1872 4114 2017 4184 553),
2057 4130 2177 4168 cum
2207 4114 2272 4167 ad
2308 4114 2603 4184 presbyteri
2641 4114 2861 4184 gradum
2889 4126 3106 4169 eveCtus
3140 4124 3242 4169 est.
3270 4115 3423 4168 Hunc

1874 4208 2147 4275 multiplex
2204 4206 2299 4261 Dei
2339 4208 2646 4277 benignitas,
2689 4207 2879 4275 inquit,
2908 4224 3026 4261 cum
3063 4208 3238 4261 multis
3272 4218 3423 4261 antea

1875 4302 2021 4351 rebus
2071 4301 2229 4368 gestis
2268 4300 2468 4352 clarunt
2517 4300 2786 4367 e/fecisset,
2834 4298 2923 4352 διὰ
2963 4298 3170 4351 πολλῶν
3215 4297 3320 4350 τῶν
3369 4300 3423 4352 ἐν

1875 4392 2021 4461 μὲπῳ
2069 4390 2398 4463 γνωρίσασα,
2436 4394 2486 4445 in
2507 4408 2710 4445 sacrum
2753 4392 3161 4461 presbyterorum
3193 4391 3422 4443 ordinent

1872 4485 2105 4537 ascribit.

219 4582 391 4622 norum
427 4584 493 4625 ex
529 4570 928 4638 quibusmiram
970 4576 1282 4628 suavitatem
1320 4587 1629 4643 perceperat
1668 4577 1756 4648 (τ).
1799 4557 1842 4611 Ῑ)
1942 4577 2006 4635 ν.
2040 4577 2181 4632 Inter
2220 4577 2494 4645 epistolas,
2524 4591 2655 4646 quas
2691 4574 2918 4630 Basilius
2963 4574 3178 4643 scripsit
3213 4573 3263 4627 in
3292 4573 3424 4629 soli-

216 4656 317 4713 Nan
342 4661 459 4715 sine
479 4661 667 4730 lepore
685 4664 924 4716 meminit
946 4664 995 4716 in
1024 4664 1125 4717 alia
1145 4666 1368 4733 epistola
1406 4667 1481 4736 td)
1499 4670 1761 4735 {pauperis

219 4749 345 4813 vita,
392 4766 555 4818 quam
591 4750 666 4804 ibi
702 4752 1028 4816 traduxerat,
1072 4768 1190 4806 cum
1240 4756 1392 4824 panis
1439 4758 1569 4809 adeo
1597 4756 1761 4810 durus

217 4853 562 4908 apponeretur
618 4853 676 4896 ut
722 4843 909 4899 dentes
960 4845 1258 4916 frangeret;
1319 4862 1382 4901 ac
1421 4857 1562 4901 tanta
1618 4858 1760 4902 esset

217 4936 441 4989 onmium
475 4950 662 4990 rerum
694 4936 895 5004 inepia,
930 4946 987 4991 ut
1022 4938 1123 4993 nisi
1153 4951 1322 4993 mater
1349 4939 1530 4993 Basilii
1561 4951 1757 5010 oppor-

218 5032 328 5077 tune
350 5027 729 5092 succurrisset,
754 5025 893 5081 fatne
920 5030 1246 5083 moriendum
1275 5031 1479 5084 fuisset.
1517 5031 1757 5086 Comme-

218 5124 379 5169 morat
404 5119 569 5171 etiam
606 5118 846 5174 laborem
880 5132 1151 5183 manuum,
1184 5120 1368 5190 Augia:
1391 5120 1571 5174 limum
1604 5134 1632 5174 c
1660 5121 1754 5173 dn-

214 5221 290 5259 tno
328 5219 673 5278 exportatum
717 5220 777 5265 ut
817 5211 956 5265 horti
1008 5213 1214 5267 steriles
1272 5212 1638 5281 implerentur,
1693 5226 1755 5265 ac

215 5293 429 5353 immane
472 5301 776 5369 plaustrum
808 5316 903 5357 sua
928 5311 981 5357 et
1008 5300 1184 5358 Basilii
1224 5304 1432 5360 cervice
1480 5302 1752 5359 manibus-

270 5416 338 5465 (αὶ
361 5414 451 5475 Ep.
479 5416 573 5469 :25.

292 5480 339 5551 ὑ)
372 5484 464 5551 Ep.
504 5486 559 5539 2.

291 5566 335 5619 ε)
368 5556 496 5606 Dial.
526 5572 614 5624 ep.
644 5556 690 5612 9.

290 5624 339 5694 ά.)
374 5624 465 5694 Ep.
492 5628 545 5676 ὃ.

290 5692 333 5755 ε)
370 5692 459 5758 Ep.
492 5698 541 5749 9.

272 5762 341 5828 tl)
373 5761 501 5816 tum.

1868 4670 2068 4737 tudine,
2118 4670 2440 4723 numeranda
2475 4668 2735 4739 imprimis
2772 4665 2844 4737 (lt)
2873 4665 3093 4735 epistola
3123 4666 3187 4720 ad
3232 4664 3422 4721 Candi-

1864 4761 2102 4815 dianum.
2137 4759 2393 4817 Rusticus
2424 4762 2637 4831 quidam
2691 4776 2755 4814 ex
2806 4760 2891 4825 iis,
2939 4758 3027 4828 qui
3064 4774 3181 4813 cum
3223 4756 3421 4812 Basilio

1862 4854 2092 4907 Annesis
2115 4853 2481 4920 morabantur,
2513 4862 2723 4906 mortuo
2756 4850 2940 4905 Basilii
2974 4850 3190 4913 famulo,
3230 4865 3334 4903 non
3361 4864 3419 4903 se

1866 4942 2372 5011 negotiiquidquam
2412 4958 2532 4996 cum
2569 4945 2667 4996 hoc
2722 4939 2917 4995 famulo
2972 4939 3220 4993 habuisse
3261 4937 3415 5001 dixit,

1865 5048 1967 5088 non
1997 5033 2060 5087 ad
2092 5032 2345 5089 Basilium
2378 5032 2635 5098 accessit,
2671 5047 2775 5087 non
2816 5040 3137 5101 conquestus
3178 5036 3279 5093 est,
3313 5044 3415 5080 non

1865 5124 2089 5193 rogavit,
2128 5133 2184 5178 ut
2214 5139 2240 5177 a
2288 5125 2496 5181 volente
2532 5126 2816 5193 acciperet,
2850 5138 2953 5177 non
2987 5122 3221 5175 minatus
3249 5129 3330 5174 est
3357 5134 3415 5172 se

1862 5218 1967 5268 vim
2022 5216 2284 5271 facturum
2332 5216 2433 5271 nisi
2469 5218 2753 5286 acciperet,
2804 5216 2896 5270 sed
2927 5213 3104 5269 subito
3131 5226 3251 5265 cum
3278 5224 3413 5265 non.

1865 5307 2023 5361 nullis
2078 5309 2157 5362 sui
2215 5307 2480 5363 similibus
2536 5310 2749 5364 domum
2798 5306 3011 5371 invasit,
3060 5304 3415 5371 mulieresque

1931 5421 2005 5489 (g)
2039 5419 2164 5473 Naz.
2196 5435 2279 5487 ep.
2312 5420 2399 5475 87.

1929 5493 2002 5559 (li)
2035 5489 2146 5541 Lil).
2170 5506 2242 5553 Xt,
2276 5506 2321 5544 C.
2342 5492 2392 5545 9.

1954 5560 2003 5629 i)
2038 5559 2152 5611 Lib.
2189 5576 2259 5621 vi,
2285 5577 2330 5614 ‹-.
2360 5560 2437 5612 i7.

1962 5630 2000 5694 ᾔ)
2036 5629 2089 5681 In
2122 5629 2280 5682 Basil.

1934 5700 1995 5771 ξιξ)
2028 5700 2189 5768 Epist.
2221 5700 2270 5753 5.
