4068 6320
630 376 756 417 XXVI

1958 360 2484 413 l’llOLEGOMENA.

628 488 747 540 qua:
784 485 899 525 eam
934 469 1332 536 custodiebant,
1379 468 1691 525 verberibus
1725 471 1984 530 contudit.
2010 489 2073 527 ac
2107 472 2189 527 ef-
2216 481 2265 537 Α
2294 476 2358 527 ad
2418 475 2557 527 hanc
2612 470 2924 543 dignitatem
2985 469 3246 535 pervenit.
3309 463 3426 521 Non
3482 464 3846 537 improbabilia

626 564 817 618 fractis
864 563 1073 617 foribus
1112 565 1411 632 exportavit
1461 565 1661 627 omnia,
1706 567 1899 632 partim
1936 567 2033 620 sibi
2076 568 2186 637 ipse

625 657 867 725 rapiens.
902 657 1093 724 partim
1137 657 1201 707 ad
1233 656 1587 724 diripiendum
1618 658 1831 710 cuilibet
1862 672 2183 725 proponens.

625 748 845 801 Veritus
875 750 1051 816 itaque
1084 748 1327 814 Basilius,
1375 764 1439 802 ne
1472 750 1659 804 domus
1703 766 1793 803 sua
1825 752 2069 805 onmibus
2102 753 2184 804 in-

620 840 781 907 juriis
804 850 1030 910 pateret,
1069 843 1113 896 si
1164 841 1482 907 impunitum
1540 842 1746 895 facinus
1775 841 2182 910 relinqueretur.

626 948 784 999 opem
819 932 1067 999 implorat
1105 932 1443 992 Candidiani,
1478 933 1557 985 cui
1613 948 1698 987 rt-s
1731 948 1853 988 suas
1891 938 2038 991 cordi
2071 949 2186 991 esse

621 1020 731 1084 jam
765 1038 906 1091 saepe
933 1036 1298 1093 perspexerat.
1328 1025 1432 1077 Ilac
1457 1034 1629 1077 autem
1659 1025 1853 1079 mulcta
1876 1039 2183 1082 contentum
2233 1069 2242 1079 .

627 1130 686 1168 se
719 1113 835 1169 fore
862 1116 1111 1179 declarat,
1149 1117 1190 1171 si
1233 1116 1457 1181 agrestis
1506 1131 1532 1167 a
1567 1118 1687 1184 pagi
1724 1120 2008 1187 praeposito
2034 1132 2183 1171 com—

625 1205 942 1271 prehensus,
1000 1211 1149 1259 brevi
1208 1217 1440 1272 tempore
1498 1206 1548 1257 in
1593 1221 1810 1262 carcere
1865 1208 2182 1273 includatur.

627 1295 751 1350 Ihec
786 1299 1010 1359 domus,
1050 1310 1109 1352 ut
1161 1313 1317 1365 supra
1376 1298 1627 1363 diximus,
1670 1316 1771 1353 non
1820 1311 1947 1354 erata
1972 1306 2185 1371 propria

629 1386 810 1441 Basilii
848 1391 1139 1457 possessio,
1181 1390 1269 1456 qui
1304 1403 1421 1441 sese
1460 1390 1708 1442 omnibus
1751 1390 1908 1441 rebus
1950 1390 2187 1445 nudave-

630 1491 715 1533 rat
742 1481 836 1550 (α),
872 1482 964 1536 sed
995 1500 1057 1538 ex
1098 1499 1178 1545 ea,
1206 1482 1393 1534 matris
1425 1497 1536 1535 sua:
1566 1480 1786 1550 provido
1815 1483 2061 1549 consilio,
2086 1486 2186 1537 ali-

631 1580 813 1623 menta
843 1574 1187 1642 percipiebat.

706 1662 876 1732 Hujus
921 1675 1093 1717 autem
1144 1663 1458 1717 Candidiani
1512 1665 1747 1720 amicitia
1799 1680 1917 1719 cum
1968 1665 2182 1727 Basilio,

630 1758 795 1809 animi
839 1754 1132 1807 moderatio
1164 1756 1215 1806 in
1249 1756 1457 1824 magnis
1494 1757 1801 1810 honoribus.
1855 1771 2004 1811 amor
2042 1757 2185 1810 litte-

2294 565 2599 634 conjectura
2634 573 2714 618 est
2758 563 2897 616 hunc
2934 560 3237 616 Nectarium
3287 558 3529 615 eumdem
3561 575 3682 615 esse
3711 559 3849 613 Con-

2293 653 2786 722 stantinopolitano.
2812 652 2900 705 Ille
2925 655 3066 706 enim
3091 667 3155 709 ex
3184 652 3361 719 ampla
3389 660 3441 705 et
3462 649 3623 703 nobili
3641 650 3848 705 Ciliciae

2293 750 2449 803 domo
2479 758 2631 802 ortus
2659 757 2795 801 erat.
2836 746 2977 799 Idem
3015 746 3139 800 huic
3176 752 3360 799 nostro
3388 742 3653 813 congruit,
3680 744 3851 812 siqui-

2292 843 2413 895 dem
2444 842 2584 895 illius
2614 838 2705 891 ﬁlii
2733 854 2892 904 mors,
2908 846 2967 890 ut
2994 838 3068 890 ait
3090 836 3318 892 Basilius
3337 837 3439 904 (ά),
3462 835 3610 906 plaga
3637 834 3849 887 exstitit

2292 936 2515 989 duarum
2567 932 2980 1003 provinciarum,
3032 930 3230 985 Cilicia:
3266 937 3320 983 et
3348 926 3847 998 Cappadocizc.Nec

2294 1024 2460 1079 refert
2510 1031 2647 1094 quod
2678 1017 3301 1088 Constantinopolitanus
3346 1032 3515 1086 usque
3536 1019 3601 1073 ad
3633 1024 3848 1084 episco-

2293 1130 2471 1186 patum
2515 1118 2930 1171 catechumenus
2959 1111 3134 1173 fuerit,
3166 1112 3211 1165 is
3242 1119 3437 1170 autem,
3470 1111 3535 1162 ad
3557 1123 3713 1177 quem
3740 1105 3848 1160 Ba-
3880 1132 3883 1133 ν

2294 1208 2441 1261 silius
2462 1207 2655 1261 scribit
2693 1202 2784 1272 (el,
2823 1202 2876 1255 in
2912 1203 3178 1256 Christum
3209 1200 3427 1254 credere
3452 1199 3679 1253 dicatur.
3707 1196 3847 1252 Nam

2294 1295 2443 1348 multi
2467 1294 2551 1347 his
2584 1294 2935 1363 temporibus,
2964 1302 3023 1347 ut
3049 1293 3300 1347 observat
3322 1290 3710 1356 Tillemoutius,
3741 1289 3847 1345 etsi

2293 1388 2549 1453 baptizati
2578 1400 2683 1441 non
2719 1392 2890 1448 erant,
2938 1390 2990 1439 in
3019 1381 3287 1439 Christum
3320 1392 3497 1438 tamen
3528 1382 3843 1441 credebant,

2291 1487 2347 1531 et
2384 1477 2741 1532 Christianam
2777 1476 3083 1536 religionem
3121 1475 3526 1542 proﬁtebantur.
3549 1472 3847 1540 Gregorius

2292 1577 2345 1621 et
2378 1566 2609 1623 Basilius
2646 1582 2767 1623 cum
2797 1576 2976 1623 essent
3020 1565 3262 1630 Athenis,
3301 1566 3437 1619 nihil
3467 1564 3655 1629 maiori
3698 1562 3847 1616 laudi

2292 1658 2580 1725 ducebant,
2620 1674 2778 1728 quam
2836 1668 2894 1711 ut
2938 1658 3229 1712 Christiani
3274 1665 3451 1709 essent
3494 1666 3549 1712 et
3597 1655 3845 1710 diceren-

2292 1760 2377 1804 tur
2416 1749 2507 1821 υ),
2552 1753 2796 1819 quamvis
2849 1747 3081 1803 nondum
3138 1756 3318 1805 essent
3366 1747 3534 1803 sacris
3572 1744 3846 1819 mysteriis

630 1861 810 1899 rarum
864 1860 924 1899 ac
958 1852 1149 1899 mentis
1195 1847 1554 1916 tranquillitas
1586 1850 1637 1900 in
1682 1848 1799 1916 ipso
1849 1851 2185 1919 negotiorum

2290 1841 2508 1895 initiati.

629 1947 764 1990 aestu
812 1953 870 1993 ac
904 1954 1113 1993 summa
1160 1940 1383 2009 publica:
1419 1941 1822 2008 tranquillitatis
1873 1957 2000 1997 cura
2034 1945 2186 1998 miri-

630 2029 732 2084 ﬁce
772 2033 995 2100 probant
1025 2032 1268 2085 eutndem
1300 2047 1516 2100 prorsus
1556 2047 1673 2088 esse
1701 2033 2086 2089 Candidianum
2122 2036 2185 2089 ad

629 2138 788 2188 quem
826 2132 1003 2173 exstat
1052 2121 1295 2188 Gregorii
1332 2123 1656 2179 Nazianzeni
1701 2127 1925 2193 epistola
1968 2128 2087 2182 194.
2129 2129 2184 2182 ln

630 2229 695 2264 co
722 2213 861 2264 enim
900 2212 1189 2282 Gregorius
1224 2214 1412 2269 eadem
1452 2217 1706 2285 praedicat
1734 2228 2049 2273 ornamenta
2076 2222 2186 2273 vir-

628 2314 825 2368 tutum,
875 2320 936 2359 ac
967 2305 1159 2359 similia
1215 2307 1432 2361 adhibet
1468 2322 1530 2361 ex
1585 2308 1823 2376 profanis
1874 2309 2068 2365 litteris
2108 2320 2188 2380 pi-

630 2406 865 2465 gmenta,
893 2406 951 2449 u—t
979 2397 1029 2450 in
1059 2398 1272 2451 ethnico
1310 2399 1573 2453 laudando
1601 2414 1697 2467 par
1726 2412 1859 2455 erat.
1889 2402 1939 2458 Is
1973 2404 2022 2457 in
2046 2403 2186 2475 Cap—

630 2490 850 2554 padocia
882 2498 1033 2541 natus
1076 2502 1211 2552 erat,
1254 2503 1481 2560 eamque
1517 2497 1614 2547 sub
1644 2493 1851 2549 Juliano
1900 2498 2058 2561 rexit,
2092 2501 2185 2551 sed

628 2590 772 2630 tanta
807 2579 967 2632 animi
1009 2579 1332 2649 integritate,
1382 2594 1441 2637 ut
1471 2600 1527 2638 se
1570 2585 1776 2639 ﬁdelem
1820 2586 2032 2654 quidem
2085 2588 2185 2665 im-

625 2673 860 2738 peratori
898 2673 1198 2728 ministrum
1248 2676 1297 2728 in
1345 2677 1408 2729 iis
1460 2674 1578 2743 quae
1623 2669 1687 2730 ad
1740 2676 2020 2744 imperium
2060 2693 2184 2747 spe-

626 2764 876 2827 ctabant,
944 2766 1163 2819 minime
1222 2780 1350 2820 vero
1419 2754 2076 2837 turpemassentatorem
2131 2771 2184 2824 in

623 2855 882 2907 vexandis
911 2853 1235 2909 Christianis
1261 2857 1541 2923 prmberet.

696 2944 952 3012 Sequitur
1008 2944 1113 2998 alia
1161 2946 1225 2999 ad
1281 2944 1581 3016 Olympium
1638 2950 1858 3019 epistola
1886 2950 1981 3021 (ὁ),
2012 2951 2181 3006 civem

628 3035 1135 3103 Ncocmsariensem,
1161 3038 1426 3108 imprimis
1456 3023 1695 3106 divitem,
1720 3044 1809 3113 qui
1842 3043 2037 3098 Basilio
2078 3043 2186 3099 Eu-

625 3128 807 3180 stathii
838 3140 891 3181 et
916 3129 1427 3184 Neoctesariensium
1458 3134 1738 3189 calumniis
1776 3130 2045 3206 exagitato
2078 3153 2181 3192 non

2360 1930 2597 1985 Mutuam
2650 1929 2749 1985 sibi
2800 1946 3016 2000 operam
3077 1930 3130 1983 in
3180 1929 3495 1987 meditandis
3550 1926 3847 1997 Scripturis

2292 2024 2571 2079 tradebant
2627 2021 2911 2088 Gregorius
2969 2032 3025 2075 et
3070 2021 3295 2076 Basilius
3323 2063 3337 2087 ,
3393 2036 3498 2077 non
3536 2018 3706 2075 solum
3752 2032 3848 2071 co-

2289 2132 2424 2179 ram,
2467 2116 2561 2170 sed
2612 2118 2772 2171 etiam
2808 2117 3076 2170 absentes.
3124 2113 3287 2180 Cujus
3319 2115 3396 2168 rei
3442 2121 3843 2169 monumentum

2288 2216 2367 2261 est
2394 2205 2617 2274 epistola
2649 2208 2699 2270 7,
2734 2223 2893 2277 quam
2928 2208 3126 2262 idcirco
3165 2207 3229 2261 ad
3261 2205 3364 2259 hoc
3412 2212 3620 2274 tempus
3657 2205 3847 2260 referi-

2288 2314 2427 2354 mus.
2460 2299 2712 2352 Basilium
2767 2302 3114 2357 consuluerat
3145 2298 3437 2370 Gregorius
3482 2298 3547 2351 de
3578 2300 3738 2352 rebus
3777 2299 3845 2352 ad

2290 2391 2628 2462 theologiam.
2657 2391 2707 2445 id
2757 2403 2839 2448 est
2907 2395 2969 2446 ad
3026 2402 3268 2448 sanctam
3319 2392 3634 2448 Trinitatem
3681 2390 3846 2459 perti-

2286 2484 2556 2539 nentibus.
2595 2484 2890 2554 Restiondit
2931 2485 3158 2539 Basilius
3203 2501 3298 2550 per
3344 2486 3553 2541 litteras
3590 2497 3706 2552 qua:
3736 2497 3844 2536 non

2286 2585 2519 2643 exstant,
2548 2577 2641 2632 sed
2682 2578 2860 2630 minus
2907 2576 3186 2632 satisfecit.
3221 2577 3371 2643 Quod
3407 2592 3526 2632 cum
3563 2577 3610 2632 ei
3645 2575 3847 2646 Grego-

2288 2668 2397 2724 rius
2437 2668 2604 2723 libere
2642 2668 3016 2738 siguiﬁcasset,
3052 2676 3113 2721 ut
3161 2667 3299 2721 inter
3333 2670 3534 2723 amicos
3588 2669 3701 2722 ﬁeri
3748 2682 3847 2736 par

2288 2770 2404 2813 erat
2429 2801 2444 2825 ,
2480 2759 2677 2813 fatetur
2707 2759 2936 2814 Basilius
2975 2774 3033 2813 se
3074 2759 3175 2813 hoc
3224 2758 3621 2813 incommodum
3674 2757 3847 2827 provi-

2287 2850 2425 2905 disse
2472 2854 2705 2919 (omnem
2749 2852 2891 2906 enim
2953 2854 3018 2906 de
3068 2852 3172 2906 Deo
3216 2864 3513 2905 sermonem
3559 2858 3611 2903 et
3644 2852 3846 2917 cogita-

2287 2940 2417 2993 tioni
2451 2940 2737 3010 loquentis,
2770 2952 2824 2998 et
2866 2942 3133 2998 desiderio
3170 2942 3549 3012 interrogantis
3587 2941 3843 3012 imparem

2285 3034 2460 3101 esse);
2491 3036 2584 3086 sed
2610 3044 2787 3087 tamen
2819 3035 2979 3089 silere
3002 3050 3105 3090 non
3126 3036 3384 3105 pOtuisse,
3408 3048 3475 3089 ne
3498 3034 3552 3088 in
3587 3031 3845 3102 proditio-

2285 3124 2369 3177 nis
2392 3124 2594 3177 crimen
2638 3124 2952 3182 iucurreret.
2998 3127 3042 3179 si
3077 3128 3251 3181 amico
3292 3126 3590 3181 consulenti
3619 3136 3846 3191 respon-

630 3210 819 3265 defuit.
845 3210 893 3265 Is
921 3227 1042 3267 cum
1084 3214 1280 3268 Basilio
1309 3218 1544 3272 misisset
1578 3235 1833 3283 munera,
1872 3186 2025 3291 gujus
2057 3224 2189 3277 soli-
2214 3186 2256 3245 ϐ
2291 3232 2407 3272 sum
2437 3216 2749 3286 denegaret.
2790 3214 3052 3271 Caeterum
3104 3214 3420 3286 Gregorium
3467 3217 3727 3277 hortatur,
3762 3220 3842 3279 ut,

627 3301 862 3355 tudinem
894 3302 1001 3367 jam
1033 3315 1186 3358 antea
1224 3304 1539 3359 visitaverat
1585 3324 1598 3370 ;
1632 3312 1918 3377 respondet
1968 3313 2013 3366 ei
2044 3312 2191 3366 Basi-

624 3390 748 3453 lius,
786 3390 973 3448 festive
998 3395 1315 3460 incusando,
1350 3401 1491 3467 quod
1523 3400 1826 3468 pauperiem
1859 3416 1887 3455 e
1916 3412 2189 3457 monaste-

627 3485 709 3538 rio
739 3500 834 3541 suo
868 3487 1064 3555 ejiciat.
1092 3490 1224 3543 Cum
1252 3492 1657 3546 autemiuﬁrma
1691 3502 1831 3548 esset
1860 3493 2184 3562 valetudine,

619 3578 840 3645 jamque
856 3583 1091 3634 remedia
1124 3584 1374 3638 nonnulla
1407 3600 1689 3654 aggressus
1716 3596 1889 3657 esset;
1919 3598 2064 3656 optat
2088 3587 2191 3641 Ba-

624 3667 865 3729 siliusut
896 3668 1129 3723 faustum
1163 3672 1362 3725 exitum
1415 3673 1669 3741 habeant,
1692 3672 1849 3742 eique
1889 3690 2073 3732 auctor
2106 3687 2189 3732 est

626 3769 686 3812 ut
710 3758 1125 3815 sollicitudinum
1152 3771 1204 3817 et
1232 3762 1601 3817 molestiarum
1633 3776 1903 3834 expertem
1949 3770 2187 3838 corporis

628 3851 962 3906 curationem
1000 3854 1273 3909 adhibeat.

702 3948 833 4003 Cum
865 3947 1168 4014 Nectarius,
1200 3947 1285 4001 vir
1326 3948 1465 4002 inter
1493 3948 1689 4005 Cilices
1720 3950 1910 4019 opibus
1933 3958 1986 4005 et
2010 3951 2184 4020 digni-

626 4048 738 4091 tate
778 4039 1114 4106 conspicuus,
1152 4039 1370 4093 unicum
1422 4040 1612 4105 ﬁlium,
1650 4044 1742 4104 qui
1779 4058 1900 4112 spes
1931 4057 2045 4098 erat
2070 4059 2185 4097 am-

624 4126 876 4195 plissimte
916 4127 1138 4193 domus,
1188 4128 1490 4193 amisisset,
1540 4133 1766 4188 Basilius
1812 4136 2011 4189 rumori
2053 4136 2189 4190 hanc

628 4220 928 4274 molestiam
970 4219 1235 4273 nuntianti
1280 4235 1375 4289 per
1411 4231 1517 4275 tres
1552 4233 1645 4278 aut
1668 4235 1894 4291 quatuor
1924 4227 2037 4280 dies
2066 4241 2187 4280 cre-

628 4312 755 4363 dere
790 4310 1025 4363 nolebat.
1045 4308 1148 4363 Sed
1178 4310 1410 4377 acceptis
1436 4316 1502 4364 ab
1533 4312 1781 4381 episcopo
1808 4314 1948 4367 illius
1973 4315 2072 4368 loci
2102 4315 2188 4368 lit-

626 4402 779 4464 teris,
810 4416 928 4468 quae
971 4402 1173 4455 tristem
1206 4401 1351 4455 illum
1401 4419 1584 4458 casum
1644 4405 2056 4471 conﬁrmabant,
2085 4407 2187 4459 Ne-

2291 3325 2347 3365 se
2380 3312 2600 3375 omisso,
2638 3320 2778 3365 totus
2806 3310 2871 3364 ad
2913 3309 3157 3364 veritatis
3195 3309 3575 3372 defensionem,
3610 3306 3865 3376 acceptis.

2290 3417 2319 3453 a
2351 3402 2457 3457 Deo
2488 3406 2814 3472 adjumentis
2843 3412 3145 3467 contentus,
3174 3400 3463 3456 incumbat.

2884 3535 3108 3590 CAPUT
3147 3535 3257 3593 VII.

2290 3646 2328 3701 l.
2366 3649 2591 3705 Basilius
2620 3648 3120 3716 Constantinopolim
3172 3648 3304 3701 venit
3342 3664 3458 3700 cum
3494 3647 3693 3701 Basilio
3737 3647 3844 3699 Att—

2360 3738 2576 3789 cyrano,
2634 3721 2718 3773 cui
2774 3736 2981 3787 operum
3043 3728 3192 3789 naval
3255 3718 3498 3789 adversus
3550 3717 3841 3789 Ita-retices.

2359 3783 2421 3844 ΙῘ.
2462 3783 2649 3845 Dolens
2683 3783 2818 3859 quod
2858 3787 3509 3859 Dianiusisubscrtpsisset,
3555 3786 3685 3853 fugit
3728 3783 3843 3837 Na-

2360 3865 2621 3914 zianzum.
2673 3856 2755 3913 Ill.
2806 3859 2996 3914 Scribit
3055 3857 3300 3911 Moraliu.
3359 3856 3498 3910 Huic
3555 3872 3693 3921 apert
3740 3872 3846 3908 non

2358 3932 2588 3982 convenit
2619 3930 2836 3992 epistola
2866 3931 2929 3982 de
2949 3931 3073 3996 ﬁde.
3104 3926 3307 3995 Scripta
3342 3926 3567 3981 Moralia
3588 3925 3680 3978 sub
3704 3923 3844 3978 Con-

2356 4000 2573 4051 stantio.
2613 3998 2699 4053 IV.
2754 3998 2828 4049 De
2864 3999 3084 4060 epistola
3128 3998 3195 4048 ad
3236 3996 3529 4050 Maximum
3567 3997 3657 4061 qui
3704 3996 3843 4047 idem

2359 4071 2562 4123 videtur
2593 4084 2700 4120 esse
2726 4081 2786 4119 ac
2816 4069 2982 4119 sancti
3008 4064 3242 4134 Gregorii
3260 4069 3514 4130 proditor.
3538 4064 3598 4117 V.
3633 4066 3705 4116 De
3720 4064 3845 4129 plu-

2358 4141 2498 4191 ribus
2529 4138 2758 4206 epistolis
2780 4138 2831 4187 in
2866 4152 3061 4188 secessu
3090 4134 3315 4202 scriptis,
3348 4134 3630 4202 praesertim
3655 4134 3719 4186 de
3754 4134 3849 4185 dou

2362 4211 2496 4264 cima
2528 4218 2735 4276 quarta,
2765 4216 2815 4259 et
2856 4207 3049 4259 decima
3082 4207 3286 4273 quinta.

2358 4325 2398 4379 Ι.
2426 4322 2542 4376 Jam
2577 4320 2881 4377 solitudinis
2908 4319 3113 4387 deliciis
3150 4318 3526 4388 perfruebatur
3569 4316 3638 4371 ab
3684 4316 3847 4372 annis

2288 4417 2493 4471 duobus
2538 4415 2783 4478 Basilius,
2835 4429 2955 4467 cum
2998 4414 3095 4468 iter
3157 4408 3669 4480 Constantinopolim
3716 4424 3843 4463 sus-

629 4493 856 4544 etarium
909 4491 1127 4559 ejusque
1182 4510 1403 4548 uxorem
1452 4496 1754 4551 consolatur
1782 4499 1871 4566 (c).
1908 4497 1961 4550 lu
1996 4497 2079 4551 his
2102 4498 2185 4551 lit-
2212 4526 2260 4585 υ
2288 4507 2428 4573 cepit
2469 4519 2607 4557 anno
2650 4507 2754 4558 559
2789 4513 3039 4567 exeunte,
3066 4513 3302 4565 vocatus,
3331 4510 3390 4554 ut
3423 4498 3711 4556 verisimile
3735 4509 3842 4563 est,

629 4584 758 4636 teris
800 4597 986 4636 omnes
1031 4583 1223 4650 eloquii
1278 4587 1360 4636 sui
1418 4600 1547 4652 opes
1580 4587 1887 4655 profundit;
1919 4589 2185 4657 prmcipue

627 4691 759 4728 vero
790 4675 839 4727 in
863 4676 1087 4743 epistola
1118 4677 1183 4730 ad
1208 4691 1430 4731 uxorem
1462 4677 1696 4733 Nectarii
1728 4680 1977 4734 nonnulla
2000 4696 2188 4735 recens

628 4769 693 4820 ab
736 4768 1068 4827 Athenarum
1118 4767 1364 4835 palaestra
1402 4769 1674 4839 ingenium
1730 4773 1990 4833 redolent,
2042 4773 2188 4827 velut

629 4876 747 4912 tum
780 4861 896 4913 ait:
944 4858 986 4912 0
1037 4869 1177 4913 terra
1227 4861 1380 4914 talem
1430 4874 1611 4914 coacta
1666 4865 1923 4931 suscipere
1966 4862 2186 4916 casum!

630 4949 854 5004 Horruit
886 4951 1017 5020 forte
1044 4952 1151 5019 ipse
1194 4952 1293 5016 sol,
1326 4954 1369 5006 si
1415 4954 1529 5023 quis
1577 4955 1628 5005 in
1676 4971 1733 5007 eo
1782 4971 1981 5021 sensus,
2041 4962 2187 5008 triste

627 5042 760 5096 illud
788 5042 1156 5111 spectaculum.
1188 5041 1338 5097 Hane
1385 5060 1509 5115 ergo
1534 5046 1807 5113 epistolam
1842 5047 1923 5099 vel
1954 5058 2077 5100 ante
2103 5062 2188 5101 se-

627 5148 839 5187 cessum
868 5134 947 5186 vel
987 5136 1171 5187 saltem
1206 5135 1271 5186 ad
1307 5149 1551 5189 secessus
1585 5137 1869 5203 primordia
1915 5151 2035 5189 cum
2074 5136 2185 5190 Til-

628 5227 883 5278 lemontio
926 5226 1273 5280 collocamus.
1320 5226 1479 5280 Certe
1520 5228 1665 5280 illum
1713 5228 2019 5297 episc0pum
2061 5237 2185 5283 tunc

627 5333 732 5371 non
755 5317 915 5372 fuisse
939 5329 1083 5387 patet
1109 5335 1169 5372 ex
1198 5320 1280 5373 his
1304 5321 1501 5383 verbis,
1522 5322 1693 5388 accepi
1719 5320 1916 5373 litteras
1940 5322 2180 5388 episcopi.

629 5409 742 5463 Non
776 5412 916 5464 enim
943 5415 1008 5465 de
1038 5413 1255 5482 collegis
1289 5413 1399 5467 suis
1437 5413 1514 5467 sic
1543 5412 1687 5481 loqui
1719 5414 1872 5478 solet,
1902 5422 2181 5483 postquam

698 5664 770 5722 (ul
811 5664 899 5730 lup.
932 5665 1017 5721 τί,

696 5734 769 5801 (ὁ)
805 5736 967 5800 Itptst.
996 5738 1047 5788 ὦ.

698 5812 765 5872 ut
810 5805 971 5873 Epist.
1066 5817 1114 5860 ct
1140 5804 1189 5860 6.

2290 4614 2318 4649 a
2360 4596 2556 4649 Basilio
2604 4597 2888 4665 Ancyrano
2944 4606 2998 4648 et
3042 4593 3320 4648 Eustathio
3378 4590 3696 4654 Sebasteno,
3748 4590 3841 4660 qui

2290 4703 2408 4741 cum
2460 4702 2487 4739 a
2529 4686 2732 4756 synodo
2776 4685 3098 4741 Seleuciensi
3156 4684 3313 4751 legati
3363 4683 3431 4738 ad
3470 4681 3843 4738 Constantium

2288 4779 2437 4831 missi
2466 4785 2664 4838 essent,
2698 4790 2885 4843 magna
2920 4773 3377 4843 Constantinopoli
3409 4771 3663 4827 adversus
3690 4770 3840 4827 Ano-

2288 4882 2456 4920 tnmos
2488 4867 2664 4933 praelia
2695 4867 3080 4927 sustinuerunt,
3117 4866 3209 4919 sed
3255 4866 3467 4921 tandem
3499 4879 3684 4919 eorum
3720 4878 3844 4918 ma-

2289 4958 2686 5011 chinationibus
2735 4961 3084 5012 succubuere.
3134 4956 3458 5010 Existimant
3508 4954 3704 5010 eruditi
3737 4956 3839 5009 viri

2290 5048 2547 5102 Basilium
2585 5050 2816 5103 noluisse
2842 5062 2897 5101 se
2928 5047 3266 5118 interponere
3310 5052 3362 5102 in
3411 5051 3507 5102 has
3539 5048 3842 5103 contentio-

2289 5158 2407 5205 nes,
2445 5151 2497 5194 et
2530 5142 2957 5210 disputationem,
2982 5151 3042 5195 ut
3075 5157 3172 5196 suo
3204 5139 3420 5194 lectoris
3446 5141 3634 5208 gradui
3663 5139 3840 5195 minus

2290 5239 2716 5294 convenientem,
2743 5235 3099 5288 autveritatis
3143 5234 3437 5289 defensioni
3486 5248 3669 5302 parum
3716 5246 3841 5301 pro-

2290 5325 2546 5385 futuram,
2578 5325 2891 5379 decliuasse.
2934 5326 3036 5380 Sed
3068 5340 3133 5378 ex
3183 5325 3502 5379 testimoniis
3544 5323 3841 5378 Philostor-

2291 5418 2384 5485 gii,
2404 5414 2651 5467 Eunomii
2681 5423 2733 5468 et
2762 5414 3002 5485 Gregorii
3030 5415 3275 5486 Nysseni,
3299 5416 3490 5485 quibus
3517 5414 3631 5469 htcc
3652 5414 3842 5468 nititur

2362 5667 2436 5734 (Δ)
2468 5665 2562 5731 Ep.
2597 5667 2645 5725 ti,
2675 5682 2725 5717 tt.
2766 5666 2832 5733 Μ

2364 5741 2429 5801 te,
2462 5736 2555 5800 Ep.
2587 5736 2637 5793 ii,
2666 5754 2714 5787 lt.
2750 5736 2799 5785 2.

2363 5810 2424 5874 if)
2468 5806 2592 5859 ΜΖ.
2626 5822 2702 5858 or.
2739 5806 2825 5857 ξξυ.
