4068 6320
1495 343 1649 398 νιτΑ
1693 345 1749 399 S.
1795 341 2055 398 BASILH.

3239 361 3379 400 XXV”

181 466 362 536 opinio,
449 465 578 522 illud
643 466 822 536 potius
877 465 1165 536 colligitur,
1227 465 1478 532 Basiliam
1547 469 1600 520 in
1645 468 1726 522 his
1756 472 1797 527 Α
1828 485 1893 524 eo
1928 466 2174 533 consilio,
2202 473 2258 519 ut
2295 465 2506 519 adesset
2550 464 2832 535 Ancyrano
2863 464 3135 534 episcopo,
3171 466 3384 520 venisse

184 558 654 628 disceptationibus
692 558 793 613 sub
831 559 1086 629 episcopo
1129 558 1422 628 AncyranO'
1458 558 1720 612 secundas

187 653 370 716 tulisse,
404 668 470 707 ac
491 651 715 721 proinde
747 652 1008 716 victoria,
1051 666 1212 722 quam
1263 648 1352 706 ille
1389 650 1591 717 retulit,
1621 651 1686 705 ad

185 742 392 809 jatorem
430 743 619 797 fuisse.

247 831 477 887 Eunomii
530 833 605 902 (p.
638 832 760 902 50l)
815 832 974 892 verba
1003 833 1080 887 sic
1102 833 1264 888 refert
1287 833 1570 902 Gregorius
1594 832 1722 904 Nys-

189 941 366 979 senus:
401 925 488 977 Ἐν
531 925 708 996 τούτῳ
756 927 888 996 φησὶ
949 927 1199 994 σύλλογον
1249 910 1571 996 γεγενῆσθαι
1621 929 1727 980 τῶν

189 1013 494 1082 πανταχόθεν
506 1014 765 1082 λογάδων,
786 1017 873 1068 καὶ
895 1016 1187 1085 ὲνακμάζει
1203 1015 1277 1082 τῷ
1293 1015 1431 1085 λόγῳ
1447 1017 1725 1080 νεανικῶς,

195 1106 269 1156 ὑπ’
297 1103 409 1172 ὅφιν
431 1104 578 1172 ἄγων
601 1106 759 1176 δῆθεν
792 1106 887 1176 τὴν
918 1107 1026 1160 τῶν
1053 1105 1386 1177 πραγμάτων
1419 1108 1724 1180 διασκευήν.

191 1194 304 1248 Εῗτα
345 1196 619 1260 δικασταῖς
667 1215 776 1250 τισι
832 1198 996 1266 λέγει,
1050 1199 1180 1270 μηδὲ
1225 1199 1424 1256 τούτων
1473 1201 1728 1270 ὀνομαστὶ

194 1289 532 1358 μεμνημένος,
571 1290 661 1341 τὸν
694 1291 818 1358 περὶ
852 1289 958 1342 τῶν
988 1290 1228 1359 ἐσχάτων
1265 1291 1583 1361 προκεῖσθαι
1610 1290 1728 1361 δρό-

194 1395 300 1447 μον,
322 1381 619 1448 ὑποφωνεῖν
642 1380 699 1430 δὲ
731 1381 968 1449 παρόντα
996 1381 1086 1435 τὸν
1111 1381 1375 1453 ἡμέτερον
1422 1382 1732 1452 καθηγητὴν

193 1470 274 1522 καὶ
304 1472 505 1540 πατέρα
530 1487 542 1499 ’
569 1471 668 1539 τῆς
693 1472 748 1524 δὲ
788 1473 1020 1542 κρίσεως
1061 1473 1195 1543 πρὸς
1224 1476 1348 1537 τοὺς
1381 1474 1651 1535 ἐναντίους
1676 1473 1734 1523 τὸ

194 1563 370 1631 κράτος
403 1561 804 1632 μετατιθείς-ης,
836 1565 1053 1631 φεύγειν
1070 1565 1228 1618 αὑτὸν
1252 1567 1374 1629 τοὺς
1398 1565 1611 1627 τόπους.
1637 1582 1734 1617 κα-

194 1651 463 1704 ταλιπόντα
491 1651 590 1722 τὴν
621 1653 791 1718 τάξιν,
820 1655 909 1707 καί
941 1671 1059 1708 τινα
1106 1655 1311 1709 καπνὸν
1344 1655 1442 1726 τῆς
1485 1653 1737 1724 πατρίδος

197 1740 552 1810 μεταδιώκειν.
601 1742 682 1796 Ibi
714 1746 787 1798 ait
832 1757 1012 1799 castum
1051 1747 1308 1800 exstitisse
1348 1747 1613 1798 hominum
1643 1762 1739 1797 un-

1826 555 2359 625 Constantinopolim,
2391 569 2455 608 ac
2497 555 2640 610 inter
2682 569 2776 609 eos
2807 556 3039 617 stetisse,
3070 556 3159 624 qui
3192 572 3384 623 sappe-

1828 652 1930 705 tias
1967 650 2038 705 illi
2083 649 2369 704 ferebant:
2405 655 2459 701 et
2488 647 2610 700 dum
2636 646 2812 717 fugam
2843 648 2890 702 ei
2929 648 3239 715 exprobrat,
3273 649 3384 703 solo

1828 751 2044 797 auctore
2064 740 2255 796 nititur
2275 739 2555 794 Eunomio.

1899 833 2002 887 Sed
2056 831 2323 901 pmcipue
2377 829 2618 899 Gregorii
2672 828 2898 900 Nysseni
2946 830 3266 885 auctoritate
3306 830 3389 883 ni-

1831 926 1960 979 titur
1990 923 2377 986 Tillemontius,
2433 936 2589 992 quem
2625 923 2956 975 concessisse
3007 933 3159 991 putat
3198 923 3385 976 adver-

1831 1015 1990 1067 sariis
2010 1012 2259 1066 Basiliam
2293 1013 2658 1067 celeberrimus
2690 1011 2829 1066 illius
2859 1013 3238 1082 disputationis
3281 1014 3388 1064 nal-

1832 1105 1910 1158 las
1942 1117 2120 1174 partes
2143 1104 2477 1156 sustinuisse.
2516 1103 2604 1156 Sic
2631 1102 2863 1170 loquitur
2889 1102 3179 1173 Gregorius
3206 1125 3214 1158 :
3245 1105 3304 1170 Ei
3336 1105 3390 1156 δὲ

1835 1214 1900 1249 πε
1911 1197 1960 1264 pl.
1977 1194 2082 1246 τῶν
2104 1196 2159 1246 ἐν
2178 1193 2579 1245 Κωνσταντίνου
2607 1193 2755 1245 πόλει
2776 1191 3074 1261 γεγονότων
3094 1194 3224 1263 φησὶ
3241 1195 3384 1261 (cl)...

1831 1285 2124 1355 δεξαίμεθα
2152 1285 2248 1348 τὰς
2288 1285 2483 1347 αἰτίας,
2539 1284 2618 1334 ὅτι
2656 1284 2918 1352 παρόντες
2970 1281 3044 1352 τῷ
3081 1282 3255 1353 καιρῷ
3286 1282 3392 1335 τῶν

1834 1374 2076 1443 ἀγώνων,
2111 1379 2219 1438 τοῖς
2258 1373 2670 1442 ἀγωνιζομένοις
2714 1375 2772 1424 οὐ
2815 1374 3242 1444 συνεπλάκημεν.
3280 1378 3395 1427 Δει-

1836 1465 1978 1530 ξάτω
2023 1465 2196 1517 τοίνυν
2256 1466 2284 1516 ὁ
2337 1465 2525 1532 ἐκείνῳ
2560 1465 2656 1531 τὴν
2707 1463 2902 1516 δειλίαν
2958 1466 3313 1532 ὲπονειδίζων,
3350 1469 3397 1518 εἰ

1835 1555 2099 1624 κατῆλθεν
2135 1556 2211 1616 εἰς
2245 1554 2440 1624 μέσους
2471 1554 2649 1613 αὐτός.
2695 1554 2845 1618 Quod
2896 1556 2939 1607 si
2971 1555 3303 1626 (Eunomius)
3337 1560 3397 1609 de

1838 1648 1986 1700 rebus
2023 1646 2477 1713 Constantinopoli
2530 1649 2686 1714 gestis
2737 1645 3033 1716 loquitur...
3084 1651 3397 1717 accipiamus

1839 1740 2272 1804 criminationem,
2318 1754 2409 1792 nos
2445 1740 2660 1804 scilicet,
2705 1756 2819 1792 cum
2868 1741 3170 1794 adessemus
3214 1758 3400 1810 pugna:

195 1831 334 1898 dique
361 1831 666 1886 selectorum
696 1850 713 1886 :
745 1851 896 1904 seque
922 1835 1242 1888 vehementer
1280 1835 1334 1887 in
1372 1833 1587 1886 dicendo
1619 1850 1739 1886 ven-
1773 1821 1814 1876 Β
1840 1842 2084 1898 tempore,
2125 1846 2240 1883 cum
2279 1832 2596 1883 adversariis
2627 1847 2728 1884 non
2758 1848 3032 1901 pugnasse.
3080 1833 3399 1887 Demonstrat

196 1922 336 1984 ditat,
366 1921 532 1975 oculis
569 1922 807 1976 videlicet
851 1924 1132 1992 subjiciens
1184 1937 1354 1976 rerum
1406 1931 1736 1988 apparatum.

197 2007 376 2064 Deinde
390 2011 661 2078 judicibus
690 2015 1001 2080 quibusdam
1044 2014 1195 2078 dicit,
1241 2027 1401 2081 neque
1438 2000 1595 2065 etiam
1625 2013 1741 2066 illos

198 2104 489 2156 nominatim
531 2103 818 2172 appellans,
850 2103 1070 2165 capitale
1099 2104 1419 2171 propositum
1441 2103 1603 2172 fuisse
1623 2103 1740 2156 dis-

197 2197 416 2259 crimen;
458 2213 519 2249 ac
555 2205 860 2263 praesentem
924 2194 1174 2248 secundas
1220 2205 1393 2264 partes
1443 2196 1744 2248 sustinuisse

197 2288 482 2355 magistrum
508 2293 742 2338 nostrum
785 2296 829 2338 et
860 2297 1090 2354 patrem;
1138 2287 1230 2340 sed
1277 2287 1488 2339 victoria
1523 2303 1554 2338 α
1592 2286 1742 2354 judi-

200 2379 328 2430 cibus
369 2378 419 2429 in
474 2378 804 2431 adversarios
846 2381 1130 2442 translata,
1181 2379 1347 2445 ipsum
1396 2377 1592 2447 fugisse
1637 2380 1745 2434 lucc

200 2471 300 2521 loca
327 2467 503 2523 ordine
541 2469 768 2534 deserto,
799 2480 846 2522 ct
885 2469 1081 2537 fumum
1115 2471 1393 2538 quemdam
1419 2473 1606 2540 patrita
1629 2488 1748 2542 per-

199 2571 411 2614 secutum
431 2577 560 2615 €888.

261 2649 314 2706 ln
337 2666 399 2707 eo
428 2667 563 2708 sane
592 2651 946 2720 requirendus
976 2652 1148 2721 pudor
1168 2653 1438 2722 Eunomii,
1467 2656 1607 2725 quod
1635 2657 1747 2710 suis

200 2744 460 2797 victoriam
496 2741 786 2811 adjadicet.
822 2743 1009 2798 Aetius
1038 2744 1205 2808 enim,
1229 2744 1319 2813 qui
1344 2759 1441 2813 pro
1472 2746 1750 2800 Anommis

201 2845 370 2889 contra
419 2831 676 2887 Basiliam
734 2844 1014 2902 atrumque
1059 2834 1358 2902 pugnabat,
1395 2834 1644 2890 exsilium
1683 2851 1747 2892 ex

203 2925 294 2979 hoc
331 2924 509 2978 duello
557 2925 766 2990 retulit,
815 2924 1008 2978 nedum
1053 2923 1368 2992 victoriam;
1403 2941 1633 2997 eamque
1671 2928 1752 2980 vi-

202 3027 332 3071 ctam
373 3013 539 3072 fuisse
571 3027 756 3072 narrat
805 3017 1133 3072 Sozomenus
1157 3015 1254 3089 (a).
1302 3017 1418 3074 Non
1451 3019 1625 3074 minus
1659 3020 1753 3073 im-

203 3110 394 3176 pudens
426 3108 744 3174 Eanomias,
776 3124 896 3164 cum
937 3090 1193 3163 Basiliam
1224 3119 1378 3165 vocat
1421 3110 1664 3164 timidum
1697 3119 1750 3164 et

201 3200 432 3266 ignavam
489 3215 550 3255 ac
615 3202 917 3269 graviorum
1003 3202 1245 3256 laborum
1298 3202 1587 3273 fugientem
1635 3206 1748 3278 (b);

202 3295 345 3358 eique
375 3292 672 3362 exprobrat
718 3303 981 3348 secretam
1011 3294 1412 3362 domunculam,
1438 3306 1492 3353 et
1529 3297 1752 3369 ianuam

204 3393 306 3436 tuto
332 3383 594 3448 (lausam,
619 3393 673 3439 et
715 3386 1124 3454 trepidationem
1150 3388 1219 3443 ob
1239 3401 1438 3444 metum
1474 3391 1752 3446 introean-

205 3473 343 3538 tium,
367 3484 422 3528 et
451 3476 502 3529 in
544 3491 694 3541 voce,
722 3479 893 3533 oculis
913 3493 977 3532 ac
1007 3479 1152 3534 vultu
1179 3483 1396 3550 pavoris
1418 3485 1592 3552 signa.
1618 3483 1754 3537 Sunt

205 3563 306 3620 itaac
332 3567 584 3636 sophista:
614 3569 863 3638 augentis
887 3570 1150 3634 convicia,
1189 3585 1293 3626 non
1312 3581 1623 3639 argumenta
1657 3573 1751 3628 lto-

203 3660 356 3713 minis
411 3662 558 3715 serio
616 3661 947 3716 disserentis.
985 3661 1090 3715 Sed
1126 3669 1301 3716 tamen
1345 3676 1410 3716 es
1464 3663 1579 3733 ejus
1608 3665 1757 3720 testi-

205 3751 376 3802 monio
402 3750 727 3817 perspicitur
755 3748 1008 3803 Basiliam
1044 3750 1097 3804 in
1141 3751 1244 3806 hoc
1290 3755 1588 3810 certamine
1625 3771 1756 3823 pra:-

203 3849 384 3890 sentem
408 3837 779 3905 succlamasse,
808 3838 862 3894 id
892 3848 996 3908 est,
1037 3842 1305 3898 secundas
1351 3856 1530 3912 partes
1577 3845 1757 3901 tulisse

204 3927 294 3983 sub
335 3927 534 3985 Basilio
564 3930 878 4000 Ancyrano,
916 3946 1014 3986 nec
1057 3931 1372 3988 discessisse
1401 3948 1466 3988 ex
1497 3933 1578 3988 bis
1595 3927 1755 4000 locis,

204 4021 296 4076 nisi
329 4025 550 4078 victoria
579 4042 611 4078 α
636 4024 907 4092 judicibus
935 4024 988 4077 in
1031 4024 1356 4080 adversarios
1385 4027 1660 4093 translata,
1702 4040 1758 4083 ut

204 4111 346 4182 llngit
373 4115 691 4170 Eanomius.

271 4203 664 4278 Pliilostorgius
703 4206 796 4277 (ε),
828 4207 919 4277 qui
971 4206 1216 4262 Eunoutii
1242 4209 1512 4263 mendacia
1562 4212 1760 4279 compi-

207 4295 294 4362 lat,
339 4296 417 4350 sic
452 4299 519 4351 de
562 4299 757 4352 Basilio
796 4297 1065 4366 loquitur:
1112 4301 1524 4370 Προεστήκεσαν
1565 4298 1622 4352 δὲ
1654 4302 1760 4354 τῶν

210 4388 296 4456 μὲν
327 4386 449 4439 καθ’
473 4388 659 4440 οὐσίαν
690 4390 872 4458 ὅμοιον
916 4388 1338 4456 πρεσϐευόντων,
1384 4386 1660 4453 Βασίλειός
1702 4406 1760 4441 τε

1843 1925 2001 1993 igitur
2038 1924 2125 1992 qui
2151 1924 2196 1976 ei
2242 1923 2572 1976 timiditatem
2608 1925 2908 1992 exprobrat,
2939 1943 3005 1978 an
3050 1927 3158 1990 ipse
3198 1929 3250 1978 in
3297 1944 3403 1979 nte-

1843 2016 1986 2069 dium
2025 2016 2346 2085 processerit,
2402 2024 2505 2068 etc.
2547 2013 2670 2070 lla‘c
2719 2014 3018 2078 legentibus
3062 2014 3188 2070 illud
3230 2018 3403 2083 primo

1845 2105 2034 2159 intuitu
2063 2105 2321 2171 occurrit,
2357 2103 2676 2173 Gregorium
2709 2105 2965 2174 quidquid
2996 2108 3291 2160 concedere
3321 2107 3368 2158 vi
3390 2134 3402 2145 -

1845 2197 2000 2250 detur
2029 2194 2314 2259 Eunomio,
2356 2209 2462 2248 non
2496 2195 2612 2248 sine
2658 2196 2836 2264 aliqua
2878 2195 3045 2249 ironia
3091 2196 3402 2258 concedere,

1846 2296 1903 2341 ut
1941 2285 2374 2341 criminationem
2415 2285 2470 2338 iu
2504 2286 2676 2354 ipsum
2732 2295 3013 2340 convertat
3062 2284 3399 2340 Eunomium.

1848 2377 1904 2434 Si
1934 2380 2062 2450 quid
2105 2389 2281 2434 tamen
2335 2379 2478 2434 serio
2527 2392 2841 2432 concessum
2879 2393 2905 2429 a
2959 2376 3238 2447 Gregorio,
3272 2377 3404 2431 nihil

1849 2472 1994 2526 aliud
2025 2485 2362 2535 concessum,
2396 2485 2554 2538 quam
2600 2471 2742 2538 quod
2780 2469 3051 2542 obiecerat
3089 2468 3404 2534 Euaomias,

1847 2562 2125 2627 Basiliam,
2150 2576 2271 2616 cum
2296 2561 2346 2614 in
2379 2560 2562 2629 praelio
2586 2561 2851 2613 secundas
2886 2559 3117 2624 tulisset,
3151 2558 3403 2612 inclinata

1849 2655 1900 2708 in
1933 2652 2273 2707 adversarios
2301 2652 2526 2707 victoria
2562 2651 2892 2706 discessisse.
2925 2651 3101 2719 Atque
3131 2648 3259 2704 illud
3289 2651 3408 2717 qui—

1850 2745 1968 2800 dem
2000 2743 2116 2799 lleri
2145 2745 2340 2813 potuit,
2367 2753 2425 2798 at
2457 2741 2708 2807 Basilius,
2737 2743 2825 2796 ubi
2860 2742 2990 2795 vidit
3024 2739 3276 2796 Basiliam
3301 2744 3408 2796 An-

1850 2851 2111 2908 cyranum
2134 2877 2150 2902 ,
2188 2846 2308 2906 post
2346 2845 2490 2890 tanta
2521 2835 2765 2887 veritatis
2792 2835 3046 2887 adversus
3077 2834 3285 2888 Aetium
3315 2835 3407 2888 de-

1851 2926 2126 2982 fendendze
2147 2927 2342 2989 studia,
2366 2926 2760 2980 Acacianoram
2794 2927 2998 2980 artibus
3028 2936 3081 2980 et
3107 2925 3406 2980 Constantii

1851 3017 2012 3073 minis
2044 3018 2259 3085 cedere,
2302 3032 2407 3072 non
2447 3027 2760 3088 exspectato.
2791 3020 2866 3073 rei
2896 3019 3040 3072 exitu
3082 3017 3271 3073 abiret.
3301 3016 3409 3072 Nec

1853 3109 2210 3180 improbabile
2248 3119 2332 3164 est
2362 3109 2677 3166 Eanomiam
2728 3112 2850 3164 inde
2898 3124 3083 3163 ansam
3118 3111 3408 3178 arripuisse

1853 3202 2213 3258 calumniandi
2245 3221 2258 3255 :
2294 3212 2350 3256 at
2381 3217 2555 3271 neque
2583 3219 2648 3257 ex
2673 3203 2834 3267 illius,
2867 3218 3040 3270 neque
3063 3218 3123 3256 ex
3163 3203 3408 3270 Gregorii

1852 3295 2030 3350 verbis
2061 3294 2302 3349 concludi
2333 3304 2527 3363 potest,
2569 3294 2824 3348 Basiliam
2862 3294 2912 3346 in
2945 3305 3217 3348 certamen
3251 3293 3411 3346 mini-

1853 3400 1939 3439 me
1975 3387 2257 3454 prodiisse.

1923 3477 2250 3544 Quinetiam
2302 3478 2414 3548 ipse
2464 3478 2690 3533 Basilius
2725 3488 2926 3532 mutum
2976 3491 3034 3532 se
3075 3486 3130 3530 et
3181 3478 3410 3531 otiosum

1855 3569 1998 3625 inter
2024 3571 2122 3625 ltos
2154 3581 2332 3626 motus
2360 3585 2464 3624 non
2504 3569 2687 3636 fuisse,
2725 3569 2817 3623 sed
2855 3583 2952 3638 pro
2981 3568 3182 3622 viribus
3213 3569 3277 3621 ad
3315 3583 3404 3621 vc-

1856 3662 2030 3715 ritatis
2060 3662 2423 3716 defensionem
2459 3663 2766 3716 incubuisse
2790 3662 3009 3715 indicat.
3037 3659 3151 3712 Non
3178 3659 3315 3711 enim
3345 3659 3410 3710 ad

1858 3754 1998 3808 aliud
2029 3764 2237 3823 tempus
2277 3755 2526 3809 videntur
2577 3753 2764 3804 referri
2812 3767 2969 3819 posse
3022 3752 3187 3808 ltabiti
3225 3752 3289 3806 ab
3323 3751 3411 3804 illo

1857 3844 1923 3898 de
1957 3846 2061 3899 tide
2089 3860 2367 3899 sermones
2397 3841 2734 3897 Chalcedone
2765 3851 2818 3897 et
2866 3844 3156 3910 Heracleae,
3183 3859 3409 3915 quorum

1859 3946 2043 3990 testem
2065 3938 2194 3991 citat
2236 3938 2568 3992 Eustatltium
2619 3938 2670 3991 in
2722 3938 2876 4006 epist.
2916 3938 3041 4003 223,
3091 3955 3145 3994 n.
3187 3937 3238 3990 5.
3285 3935 3414 4000 Qua:

1857 4028 2200 4094 Chalcedone,
2236 4030 2426 4098 inquit,
2458 4047 2488 4082 a
2522 4031 2665 4083 nobis
2696 4032 2758 4082 de
2798 4029 2902 4094 ﬁde
2944 4031 3084 4082 dicta
3121 4039 3262 4096 sunt,
3301 4044 3416 4097 (ματ

1858 4135 2208 4188 scvpenumcro
2241 4118 2529 4182 Heracleae,
2563 4135 2677 4186 qua:
2707 4121 2851 4186 prius
2877 4121 2930 4172 in
2960 4118 3214 4174 Cwsarea:
3233 4119 3419 4172 subur-—

1859 4211 1962 4272 bio,
1994 4227 2063 4263 an
2088 4227 2189 4263 non
2215 4226 2277 4263 ea:
2316 4222 2490 4261 nostra
2522 4221 2670 4276 parte
2701 4228 2927 4266 consona
2957 4223 3073 4263 sunt
3107 4211 3320 4263 omnia?
3343 4211 3417 4265 Ex

1860 4301 1944 4356 his
1967 4309 2116 4359 certo
2142 4301 2442 4368 colligimus
2480 4299 2736 4357 Basiliam
2768 4304 2818 4356 in
2865 4303 2968 4358 ltac
3000 4318 3180 4357 rerum
3209 4314 3419 4373 pcr:ar-

1861 4389 2076 4445 batiene
2108 4403 2326 4458 operam
2357 4404 2507 4445 suam
2538 4392 2804 4461 episcopis
2845 4408 2949 4446 non
2994 4393 3322 4460 denegasse;
3358 4409 3421 4448 ac

207 4479 288 4532 καὶ
323 4478 654 4540 Εὑστάθιος·
690 4474 769 4542 οἷς
819 4479 963 4535 ἄλλοι
1012 4496 1070 4531 τε
1118 4481 1209 4531 καὶ
1258 4479 1535 4540 Βασίλειος
1577 4479 1747 4548 ἕτερος

1859 4483 1964 4553 jam
1993 4493 2104 4536 tum
2131 4482 2195 4535 de
2220 4481 2358 4538 illius
2380 4484 2684 4553 eloquentia
2711 4493 2764 4538 et
2784 4483 3086 4539 eruditione
3111 4500 3300 4554 magna
3327 4488 3422 4541 lto-

207 4573 373 4642 παρῆν
401 4569 763 4634 συνασπὶζων,
788 4571 1042 4626 διακόνων
1059 4571 1138 4624 ἔτι
1158 4572 1309 4638 τάξιν
1343 4573 1478 4644 ἔχων
1497 4586 1510 4600 °
1537 4569 1759 4643 δυνάμει

209 4661 297 4730 μὲν
327 4661 419 4717 τοῦ
453 4662 635 4730 λέγειν
662 4660 867 4714 πολλῶν
895 4665 1177 4736 προφέρων
1197 4683 1208 4695 ·
1238 4666 1314 4734 τῷ
1335 4667 1390 4720 δὲ
1416 4665 1510 4733 τῆς
1539 4665 1758 4734 γνώμης

206 4752 442 4825 ἀθαρσεϊ,
479 4755 620 4825 πρὸς
655 4755 779 4818 τοὺς
809 4757 1014 4819 κοινοὺς
1041 4755 1494 4828 ὑποστελλόμενος
1522 4756 1755 4824 ἀγῶνας.

207 4847 266 4901 Et
303 4865 484 4903 eorum
538 4850 766 4920 quidem,
817 4849 903 4920 qui
964 4847 1160 4902 Filium
1201 4847 1422 4901 similem
1473 4850 1755 4901 secundum

208 4937 549 4992 substantiam
594 4939 983 5006 proﬁtebantur,
1017 4939 1338 5007 antesignani
1363 4948 1506 4991 erant
1531 4935 1760 4990 Basilius

207 5038 250 5080 et
301 5027 638 5081 Eustathius.
700 5030 898 5094 Quibus
947 5039 1054 5080 tum
1105 5030 1196 5082 alii
1239 5027 1454 5082 aderant
1497 5032 1760 5093 suppetias

209 5117 441 5186 ferentes,
474 5130 587 5171 tum
633 5117 863 5173 Basilius
899 5120 1049 5186 alter,
1108 5122 1246 5173 intra
1300 5120 1507 5172 diaconi
1540 5122 1760 5188 gradum

209 5211 364 5263 adhuc
423 5211 759 5265 consistens:
795 5212 998 5266 dicendi
1046 5214 1251 5281 quidem
1291 5211 1536 5280 facultate
1587 5213 1761 5265 multis

211 5305 454 5368 superior,
510 5317 686 5357 rerum
717 5304 777 5355 ob
809 5304 1137 5356 timiditatem
1173 5315 1219 5357 et
1253 5303 1497 5370 pusillum
1530 5305 1759 5355 animum

211 5395 431 5456 publica;
490 5394 872 5461 disputationes
918 5392 1207 5448 declinans.
1257 5393 1536 5448 Manifesta
1572 5395 1763 5461 premit

213 5482 444 5539 Eanomii
506 5485 734 5554 vestigia
787 5483 1212 5556 Pliilostorgias:
1258 5483 1509 5538 Basiliam
1571 5485 1765 5539 fatetur

298 5695 348 5758 a)
375 5692 489 5744 Lib.
532 5708 602 5752 tv,
633 5709 682 5745 c.
718 5691 805 5744 '23.

301 5759 348 5815 bl
378 5761 514 5827 Nysa
549 5803 559 5822 ,
591 5779 603 5812 ι
648 5761 873 5810 Eunoni.

1868 4573 2068 4625 minam
2108 4573 2382 4629 exstitisse
2407 4571 2629 4641 judicia.

1936 4663 1998 4717 ll.
2030 4663 2183 4718 Anno
2209 4662 2334 4728 560,
2370 4663 2653 4719 formulam
2689 4664 3105 4730 Ariminensem,
3139 4681 3255 4734 quae
3302 4676 3421 4720 tan-

1866 4767 1946 4811 tas
1972 4767 2180 4826 strages
2207 4757 2258 4810 in
2297 4756 2536 4812 Ecclesia
2580 4757 2766 4822 edidit,
2814 4759 3269 4828 Constantinopoli
3296 4759 3409 4814 Ca:-

1863 4863 2070 4903 sarcam
2149 4847 2328 4902 attulit
2400 4849 2663 4916 Georgius
2751 4851 2968 4905 Dianius
3036 4851 3414 4919 Caesariensis,

1863 4938 1962 4992 etsi
1990 4936 2230 4992 Nicatnos
2268 4935 2457 4992 Patres
2493 4940 2668 5009 magni
2719 4938 2991 5004 faciebat;
3049 4940 3212 4994 cessit
3243 4949 3419 4994 tamen

1867 5031 2088 5099 tempori
2117 5039 2170 5084 et
2197 5029 2439 5086 formulae
2481 5032 2820 5101 subscripsit.
2863 5030 2974 5085 [loc
3009 5031 3149 5086 illius
3174 5047 3299 5087 casu
3327 5035 3420 5088 do-

1864 5120 1960 5174 lttit
1996 5119 2348 5174 insolabiliter
2378 5120 2610 5177 Basilius
2643 5138 2759 5176 cum
2793 5122 2978 5184 multis
3010 5119 3129 5175 aliis
3165 5123 3215 5174 in
3250 5124 3419 5188 patria

1867 5213 2172 5268 timentibus
2199 5213 2386 5278 Deam,
2423 5226 2474 5270 et
2505 5233 2533 5268 a
2581 5215 2749 5269 Diauii
2777 5214 3157 5269 communione
3185 5214 3421 5267 creditui'

1869 5305 2177 5359 recessisse.
2208 5304 2321 5358 Non
2344 5313 2520 5358 tamen
2548 5306 2754 5357 videtur
2781 5305 2966 5373 palam-
2984 5316 3036 5358 et
3063 5313 3244 5373 aperte
3275 5318 3420 5356 cnsu-

1872 5396 2174 5450 muniouem
2205 5397 2251 5450 ci
2303 5397 2672 5458 renuntiasse;
2707 5398 2799 5450 sed
2854 5405 3058 5450 tantum
3112 5394 3424 5448 occasiones

1874 5503 1993 5541 cum
2030 5504 2094 5542 eo
2130 5489 2557 5543 commanicandi
2592 5490 2840 5544 evitasse.
2874 5489 3003 5543 Nam
3032 5489 3081 5542 itt
3115 5488 3335 5559 epistola
3362 5488 3422 5541 {il

1945 5691 2011 5746 (τ’)
2050 5689 2159 5740 lnb.
2195 5704 2262 5746 tv,
2295 5707 2338 5737 ι’.
2376 5689 2456 5740 12.

1942 5761 2014 5822 μί)
2053 5774 2061 5801 ι
2101 5760 2132 5805 f1
2146 5775 2169 5801 u
2183 5775 2316 5807 πείνη.
