4068 6320
649 346 817 386 XXVIII

1987 343 2513 404 PROLEGOMENA.

648 456 810 512 negat
848 445 1015 498 inStar
1043 461 1219 515 magnt
1262 448 1503 502 crimints
1534 454 2047 509 anathematizatnm
2086 475 2113 510 a
2155 475 2213 511 se
2240 469 2288 521 Α
2322 460 2565 514 Ctt‘Sarca
2609 468 2787 514 autem
2824 463 3055 516 excessit
3094 480 3196 519 non
3244 467 3318 520 rei
3353 467 3634 535 inopinata!
3681 471 3865 524 nuntio

647 534 821 589 fuisse
860 535 1106 591 Dianium
1142 556 1155 591 :
1197 538 1396 594 fatetur
1446 558 1502 596 se
1548 543 1784 598 doluisse
1836 548 1974 613 quod
2010 550 2055 603 is
2089 552 2211 606 sub-

650 626 989 695 scripsisset;
1022 630 1115 683 sed
1151 638 1350 697 tamen,
1402 635 1488 687 ubi
1543 636 1610 688 ab
1668 652 1731 689 eo
1772 641 2009 704 graviter
2047 658 2216 712 aegro-

653 726 801 771 tante
829 721 1142 786 accersitus,
1176 723 1339 792 ipsius
1363 726 1684 779 sententiam
1715 731 1979 796 cognovit,
2008 735 2073 786 ad
2100 735 2216 801 ejus

650 814 1082 867 communionem
1118 827 1319 871 remota
1352 819 1499 870 omni
1532 824 1863 875 dubitatione
1897 826 2215 881 accessisse.

652 899 765 965 Qua
806 919 871 956 ex
923 906 1231 960 narratione
1265 917 1411 976 patet
1450 908 1642 964 leniter
1682 913 2002 967 declinatam
2040 918 2217 984 potius

652 995 823 1049 fuisse
872 1000 1329 1066 commntiionem,
1383 1018 1538 1068 quam
1589 1014 1773 1071 aperte
1834 1008 2215 1063 renuntiatam.

652 1083 820 1139 Porro
857 1087 1056 1141 Basilio
1087 1091 1138 1142 in
1188 1091 1288 1143 alia
1341 1102 1465 1146 tunc
1499 1096 1718 1150 dioecesi
1764 1096 1973 1166 degenti
2008 1099 2215 1156 facilius

650 1178 753 1231 fuit
783 1179 954 1234 Dianii
992 1182 1176 1237 honori
1208 1186 1506 1239 consulere.

728 1268 945 1325 Videtur
969 1274 1067 1329 hoc
1097 1290 1224 1329 casu
1282 1281 1559 1346 perculsus
1591 1279 1854 1346 Basilius,
1882 1282 2081 1337 doloris
2132 1286 2213 1340 sui

653 1363 901 1418 solatium
950 1368 1001 1420 in
1034 1368 1278 1438 Gregorii
1313 1374 1580 1442 colloquio
1624 1377 1960 1443 quaesivisse,
1986 1392 2216 1446 eumtpte

653 1452 922 1509 inrisisse.
958 1456 1090 1509 Dum
1120 1469 1299 1513 autem
1330 1462 1537 1529 longius
1569 1464 1758 1519 abesse
1785 1467 1994 1521 videtur
2018 1471 2217 1523 ascetis

650 1545 783 1610 suis,
821 1547 1142 1602 desiderium
1181 1565 1337 1605 suum
1387 1556 1432 1607 ei
1480 1555 1824 1624 significant,
1880 1566 1934 1610 et
1966 1567 2214 1628 tanquam

653 1638 936 1707 profugum
963 1642 1217 1696 amicitiae
1249 1654 1301 1697 et
1332 1647 1521 1713 patria:
1572 1650 2091 1705 commemoratione
2119 1667 2211 1707 co-

650 1740 849 1785 nantur
880 1733 946 1786 ad
981 1750 1040 1788 se
1070 1750 1345 1790 revocare.
1384 1737 1515 1791 Tum
1543 1739 1771 1795 Basilius
1798 1742 1977 1796 mirari
2022 1759 2079 1797 se
2132 1760 2215 1799 re-

649 1825 876 1890 spondet
903 1824 1003 1897 (a),
1034 1828 1173 1895 quod
1198 1844 1254 1882 se
1282 1839 1557 1901 tantopere
1584 1835 1824 1901 diligant,
1856 1846 2066 1889 tenuem
2119 1840 2214 1893 ho-
2248 1804 2288 1861 Β

652 1916 850 1969 minem
905 1934 967 1971 ac
998 1919 1130 1973 nihil
1176 1921 1315 1978 forte
1375 1923 1662 1978 habentem
1712 1928 1959 1981 amabile.
1992 1928 2215 1984 Fatetur

654 2021 713 2059 se
763 2023 889 2062 casu
923 2010 1197 2080 inopinato
1241 2015 1547 2081 perculsum
1584 2016 1786 2087 fugisse
1811 2059 1826 2084 ,
1864 2035 1926 2072 ac
1957 2032 2213 2083 praeterea

652 2098 917 2154 desiderio
956 2104 1152 2157 arsisse
1182 2118 1459 2161 sacrorum
1506 2117 1835 2177 dogmatum.
1881 2112 2055 2177 Quare
2093 2130 2211 2168 cum

654 2190 759 2241 voti
795 2205 1012 2259 compos
1049 2192 1218 2248 factus
1252 2198 1361 2261 sit,
1409 2198 1688 2255 electionis
1740 2204 1957 2258 invento
1990 2220 2114 2260 vase
2161 2217 2214 2260 et

652 2290 811 2347 puteo
842 2282 1123 2351 profundo,
1158 2288 1209 2340 id
1258 2300 1337 2342 est
1390 2289 1684 2359 Gregorio,
1722 2308 1877 2362 quem
1913 2311 1973 2351 os
2012 2297 2211 2353 Christi

651 2374 902 2441 appellat,
941 2391 1126 2443 parum
1172 2382 1428 2449 temporis
1480 2383 1583 2436 sibi
1637 2388 1852 2441 concedi
1904 2389 2055 2457 petit,
2106 2407 2210 2444 non

650 2466 793 2530 quod
844 2468 1055 2521 urbium
1105 2474 1525 2527 commoratione
1575 2476 1895 2546 delectetur,
1938 2481 2030 2535 sed
2068 2483 2210 2550 qttod

650 2559 862 2610 versari
901 2574 1022 2612 cum
1058 2563 1260 2614 sanctis
1288 2563 1444 2633 longe
1469 2566 1815 2622 utilissimum
1840 2585 1959 2625 esse
1983 2572 2207 2640 judicet.

651 2649 854 2704 Deinde
890 2650 1161 2717 hortatur,
1192 2665 1246 2706 ut
1276 2665 1505 2711 caveant
1530 2659 1594 2712 ab
1624 2659 1860 2727 Arianis,
1903 2664 2067 2717 multa
2103 2666 2212 2720 dis-

656 2742 789 2794 serit
822 2745 886 2795 de
918 2756 1103 2799 sancta
1136 2746 1421 2815 Trinitate,
1462 2767 1525 2807 ac
1559 2752 1771 2823 objecta
1800 2757 1868 2810 ah
1896 2758 2111 2812 Arianis
2144 2768 2217 2814 te-

654 2834 903 2889 stimonia
936 2839 1189 2907 explicat.

729 2925 941 2981 Nullum
974 2945 1104 2984 sane
1120 2944 1370 2985 eventum
1406 2934 1561 2991 video
1584 2937 1635 2991 in
1667 2938 1773 2993 vita
1800 2940 1970 2995 sancti
2004 2941 2211 3007 Basilii,

652 3020 719 3072 ad
766 3036 923 3089 quem
959 3024 1070 3075 haec
1104 3023 1328 3092 epistola
1361 3026 1538 3094 aptius
1570 3028 1763 3082 referri
1812 3032 2002 3095 possit,
2052 3049 2211 3101 quam

655 3118 719 3163 ad
756 3112 962 3182 lapsum
998 3114 1192 3170 Dianii.
1228 3115 1377 3182 Quod
1432 3117 1573 3172 enim
1613 3119 1690 3172 ait
1729 3133 1787 3172 se
1836 3135 1892 3173 re
1939 3121 2211 3189 inopinata

657 3206 961 3270 perculsum
1003 3206 1227 3277 fugisse,
1274 3211 1412 3262 velut
1442 3212 1529 3276 qui
1561 3212 1622 3263 ob
1653 3212 1946 3279 repentinos
1971 3215 2214 3279 strepitus

651 3296 795 3350 illico
852 3314 1231 3367 expavescunt,
1273 3303 1357 3357 his
1386 3303 1565 3357 verbis
1618 3304 1820 3358 indicat
1884 3305 2217 3375 gravissimae

657 3387 887 3455 alicujus
912 3390 1169 3444 molestia:
1202 3393 1469 3457 nuntium,
1501 3396 1566 3447 de
1594 3410 1699 3461 quo
1731 3410 1828 3448 nec
1850 3397 2037 3450 abiens
2061 3398 2218 3466 quid-

658 3494 818 3545 quam
855 3482 1058 3534 dixerat
1087 3524 1102 3547 ,
1147 3499 1244 3537 nec
1278 3494 1404 3537 tunc
1434 3486 1777 3538 scribendum
1813 3500 1931 3538 esse
1964 3488 2214 3542 ducebat.

658 3571 791 3625 Cum
829 3573 910 3626 his
934 3583 1111 3626 autem
1150 3574 1375 3631 mirifice
1410 3578 1639 3645 quadrat
1670 3578 1987 3647 subscripta:
2019 3594 2047 3630 a
2098 3579 2220 3632 Dia—

656 3669 747 3717 nio
777 3663 1020 3719 formula:
1055 3667 1221 3722 tristis
1253 3671 1477 3724 nuntius
1501 3709 1515 3732 ,
1544 3687 1703 3741 quem
1735 3686 1832 3725 cur
1858 3681 2070 3725 ascetas
2094 3686 2219 3726 suos

657 3757 904 3819 celaret,
939 3759 1117 3811 multa:
1145 3774 1442 3827 gravesque
1473 3777 1650 3815 causa:
1684 3773 1931 3831 poterant
1974 3762 2215 3818 subesse.

657 3848 919 3916 Gongruit
946 3850 1106 3903 etiam
1138 3867 1259 3905 cmn
1300 3854 1403 3907 hoc
1442 3862 1683 3923 tempore
1714 3854 2024 3923 disputandi
2058 3860 2214 3911 ratio.

657 3939 787 3993 Nam
825 3942 1049 3996 Basilius
1076 3944 1248 3998 simile
1281 3954 1334 3998 et
1372 3947 1630 4002 dissimile
1680 3946 1852 4014 rejicit
1887 3948 1939 4000 in
1973 3948 2075 4002 hac
2108 3952 2223 4017 epi-

656 4034 819 4087 stola.
847 4033 988 4087 ldem
1033 4046 1211 4090 tamen
1254 4036 1305 4089 in
1340 4037 1567 4105 epistola
1594 4040 1838 4107 sequenti
1867 4081 1880 4103 ,
1912 4054 2030 4108 qua:
2057 4042 2220 4096 multo

654 4136 776 4194 post
804 4128 967 4182 scribi
1000 4143 1105 4184 non
1154 4130 1347 4198 potuit,
1387 4148 1490 4184 non
1522 4131 1791 4198 improbat
1828 4134 2026 4199 simile,
2064 4134 2222 4186 modo

657 4220 885 4273 addatur
914 4223 1046 4275 citra
1088 4222 1249 4275 ullam
1296 4223 1666 4293 iii/ferentium.
1715 4224 1885 4279 Gredo
1912 4242 2041 4296 ergo
2071 4227 2216 4280 Basi-

656 4310 811 4377 lium,
851 4311 903 4365 in
944 4326 1155 4366 summo
1187 4312 1277 4367 illo
1307 4316 1509 4378 dolore,
1541 4330 1698 4383 quem
1730 4316 1777 4368 ei
1815 4314 2015 4369 factum
2046 4316 2219 4371 Dianii

656 4406 954 4473 attulerat,
1012 4422 1119 4460 non
1176 4406 1408 4460 libenter
1440 4408 1673 4462 audiisse
1700 4408 1963 4476 ejusmodi
2011 4424 2218 4472 vocem,

2319 554 2615 617 perculsus,
2642 553 2734 606 sed
2768 568 2825 607 se
2849 553 3061 609 invidia:
3095 572 3157 610 ac
3191 559 3513 613 a-mulationi
3542 560 3864 617 subducens.

2320 643 2587 697 Praeterea
2625 660 2728 699 non
2754 660 2820 699 ex
2842 647 2973 702 urbe
3006 648 3057 701 in
3088 648 3450 716 solitudinem,
3481 653 3575 705 sed
3601 652 3775 720 potius
3803 669 3869 707 ex

2319 739 2605 791 solitmline
2666 739 2717 791 in
2777 740 2963 794 urbem
3005 752 3387 809 concesserat,
3438 754 3548 797 tum
3602 761 3719 798 cum
3755 746 3872 799 hac

2320 830 2598 893 scriberet,
2634 830 2765 884 ut-in
2804 831 3150 887 adnotatione
3178 835 3244 887 ad
3272 833 3415 888 hunc
3444 835 3656 889 titulum
3684 837 3872 890 obser-

2317 924 2576 976 Vavitnus.

2388 1013 2492 1067 Sed
2525 1015 2566 1067 si
2599 1013 2725 1068 illud
2752 1030 2971 1069 manere
3004 1016 3199 1080 debet,
3232 1016 3513 1084 epistolam
3548 1016 3602 1080 8,
3643 1034 3747 1071 non
3801 1018 3870 1071 ad

2318 1102 2696 1166 Caesarienses,
2733 1106 2823 1158 sed
2868 1106 2932 1158 ad
2964 1106 3252 1173 discipulos
3280 1107 3534 1174 scriptam
3584 1122 3703 1162 esse
3727 1148 3741 1173 ,
3789 1107 3870 1160 fa-

2321 1188 2536 1241 tendum
2586 1200 2670 1243 est
2719 1192 3049 1260 assignatam
3108 1194 3245 1262 fugm
3284 1191 3465 1247 Basilii
3495 1210 3708 1249 causam
3760 1211 3867 1249 non

2316 1293 2503 1332 carere
2538 1278 2957 1337 difﬁcultatibus.
3007 1282 3137 1336 Nam
3171 1284 3462 1355 Gregorius
3487 1280 3737 1355 Theologi
3775 1302 3873 1355 pa-

2318 1382 2398 1425 ter
2425 1373 2564 1426 idem
2599 1376 2865 1429 connnisit
2896 1391 2959 1429 ac
3007 1375 3227 1430 Dianius
3253 1419 3267 1441 ,
3319 1376 3539 1431 absente
3584 1377 3691 1431 ﬁlio
3718 1420 3733 1443 ,
3779 1379 3868 1431 cui

2318 1476 2462 1519 certe
2493 1481 2593 1518 non
2630 1465 2914 1521 illusissent
2966 1468 3189 1531 Ariani,
3227 1479 3386 1538 atque
3416 1510 3431 1535 ,
3481 1478 3536 1520 ut
3563 1470 3851 1525 verisimile

2320 1566 2421 1619 est,
2453 1558 2588 1625 apud
2623 1556 2875 1610 Basilium
2903 1570 3289 1613 commorante.
3315 1558 3429 1613 Non
3463 1559 3686 1613 deerunt
3716 1575 3870 1629 ergo,

2317 1649 2406 1715 qui
2447 1648 2734 1711 Basilium,
2759 1648 3209 1719 subscriptiunum
3250 1651 3460 1705 illarum
3494 1659 3729 1719 tempore
3754 1692 3769 1714 ,
3804 1654 3870 1705 ad

2320 1741 2636 1811 Gregorium
2668 1742 2866 1810 fugisse
2890 1754 3103 1813 negent,
3131 1758 3253 1797 cum
3287 1745 3457 1811 ipsum
3492 1755 3617 1797 tunc
3648 1747 3785 1811 apud
3814 1760 3873 1799 se

2318 1833 2633 1900 Gregorium
2662 1835 2903 1889 haberet.
2936 1836 3037 1889 Sed
3077 1845 3277 1897 tamen,
3299 1850 3417 1888 cum
3466 1835 3597 1889 nihil
3623 1835 3763 1888 alin-.l
3790 1852 3874 1890 re-

2318 1926 2494 1993 perire
2535 1927 2753 1993 possim,
2792 1928 2931 1993 quod
2968 1926 3222 1980 Basilium
3271 1926 3448 1981 subito
3479 1928 3766 1993 perculerit
3820 1937 3874 1981 et

2317 2014 2380 2065 ad
2410 2014 2725 2081 Gregorium
2772 2017 2955 2083 fugere
2986 2018 3241 2085 coegerit,
3272 2025 3466 2082 printer
3496 2014 3622 2068 illud
3656 2057 3671 2079 ,
3724 2019 3869 2086 quod

2316 2107 2448 2169 dixi,
2502 2107 2702 2159 factum
2735 2106 2908 2161 Dianii
2938 2147 2952 2171 ,
2985 2118 3223 2162 statuere
3255 2108 3434 2161 malim
3468 2107 3724 2176 Tlteologi
3774 2126 3870 2177 pa-

2318 2211 2455 2254 trem
2508 2200 2683 2254 serius
2706 2199 3087 2265 subscripsisse
3110 2217 3266 2266 quam
3298 2200 3544 2254 Dianium
3576 2199 3660 2254 vel
3690 2204 3871 2257 citius.

2317 2295 2372 2346 ιι]
2409 2293 2552 2347 enim
2583 2294 2719 2346 alios
2745 2290 2925 2353 citius,
2954 2290 3088 2343 alios
3119 2293 3292 2346 serius
3324 2293 3516 2347 fecisse
3546 2294 3701 2347 docet
3736 2292 3873 2346 Gre.

2317 2385 2498 2453 gorius
2528 2384 2621 2453 (bl.
2649 2384 2787 2451 Quin
2815 2383 2976 2437 etiam
3001 2382 3248 2450 Gregorii
3280 2384 3730 2451 subscriptionem
3760 2384 3876 2439 lon-

2317 2478 2435 2548 gius
2518 2477 2735 2533 differre
2793 2480 2938 2547 cogit
2994 2479 3377 2533 monachorum
3432 2475 3875 2534 Nazianzensium

2318 2571 2506 2639 agendi
2550 2570 2706 2631 ratio,
2743 2570 2961 2625 ntinfra
3001 2572 3321 2625 videbimus.

2392 2662 2478 2716 ΙΙΙ.
2511 2663 2662 2716 Anno
2681 2662 2778 2714 561
2807 2662 3016 2716 videtur
3038 2661 3269 2716 Basilius
3293 2659 3520 2715 Moralia
3554 2659 3869 2723 scripsisse:

2317 2769 2421 2821 quo
2439 2754 2651 2822 quidem
2676 2754 2727 2807 in
2750 2768 2909 2821 opere
2934 2753 3007 2823 (p.
3043 2751 3190 2821 229),
3217 2765 3545 2822 quaecunque
3576 2750 3805 2819 sparsim
3824 2751 3877 2806 in

2320 2845 2471 2899 Novo
2503 2844 2847 2901 Testamento
2874 2846 3159 2901 interdicta
3199 2854 3292 2898 aut
3322 2846 3615 2913 approbata
3641 2840 3882 2896 invenie-

2316 2938 2431 3000 bat,
2461 2952 2521 2989 ea
2561 2938 2799 2991 studiose
2828 2939 2878 2991 in
2925 2938 3134 3009 regulas
3161 2938 3419 3006 quasdam
3452 2932 3881 3005 compendiarias

2319 3027 2555 3094 collegit,
2582 3028 2831 3097 apposito
2863 3028 2926 3080 ad
2954 3029 3195 3096 singulas
3229 3026 3440 3095 regulas
3466 3040 3692 3079 numero
3725 3022 3879 3092 capi-

2324 3126 2431 3169 tum
2463 3117 2781 3186 Scripturaa,
2800 3132 2919 3186 qum
2947 3117 3127 3186 regula
3154 3116 3391 3183 qualibet
3418 3112 3879 3183 comprehendun-

2325 3218 2432 3259 tur.
2477 3209 2685 3273 Quibus
2727 3219 2905 3262 autem
2935 3210 3115 3265 causis
3146 3209 3210 3262 ad
3242 3210 3345 3262 hoc
3387 3221 3523 3275 opus
3557 3205 3881 3260 elucubrati-

2320 3298 2442 3351 dum
2475 3300 2734 3353 adductus
2764 3299 2947 3363 fuerit,
2977 3300 3093 3353 fuse
3121 3300 3174 3352 in
3208 3299 3469 3366 procemio
3521 3296 3772 3350 edisserit
3803 3296 3877 3365 (p.

2317 3394 2466 3461 2H).
2503 3393 2632 3446 Nam
2659 3408 2778 3445 cum
2804 3393 2969 3445 variis
2997 3391 3045 3443 in
3067 3389 3609 3458 peregrinationibus,
3641 3405 3774 3457 quas
3800 3390 3882 3441 vir

2318 3488 2493 3541 factus
2524 3486 2691 3549 obiit,
2721 3485 2770 3537 in
2799 3484 2918 3536 aliis
2948 3481 3163 3551 quidem
3214 3480 3515 3549 disciplinis
3555 3489 3608 3533 et
3637 3481 3881 3547 artibus,

2320 3596 2583 3632 summam
2615 3579 2757 3632 inter
2778 3591 2888 3637 eos,
2922 3590 2949 3627 a
2981 3574 3175 3644 quibus
3223 3572 3327 3627 ilhc
3372 3582 3515 3626 artes
3540 3572 3879 3635 excoluntur,

2321 3670 2659 3724 concordiam
2692 3668 3177 3729 animadvertisset,
3208 3671 3260 3719 in
3289 3664 3531 3719 Ecclesia
3563 3674 3741 3719 autem
3766 3664 3885 3735 plu—

2320 3763 2485 3815 rimos
2508 3770 2557 3812 et
2584 3760 2721 3812 inter
2746 3773 2803 3812 se
2832 3767 2884 3811 et
2910 3773 3030 3811 cum
3055 3759 3349 3825 Scripturis
3380 3756 3586 3812 sanctis
3621 3772 3885 3827 pugnare,

2321 3863 2393 3917 et,
2423 3853 2565 3921 quod
2612 3854 2841 3904 maxime
2887 3849 3211 3902 horrendum
3246 3858 3327 3901 est
3358 3887 3373 3911 ,
3414 3851 3697 3915 episcopos
3739 3849 3886 3915 ipsos

2324 3947 2461 3999 inter
2490 3958 2547 3997 se
2576 3939 2854 4011 digladtari
2882 3979 2896 4002 ,
2931 3954 2993 3992 ac
3032 3936 3232 3991 Christi
3285 3936 3555 3989 mandatis
3583 3936 3883 3999 adversari,

2322 4050 2374 4091 et
2402 4037 2695 4091 Ecclesiam
2723 4035 3057 4099 dilacerare;
3092 4028 3226 4084 tanti
3258 4028 3379 4080 mali
3414 4035 3574 4095 caput
3602 4034 3655 4079 et
3680 4025 3883 4080 fontem

2324 4140 2549 4181 conatus
2574 4137 2653 4181 est
2699 4125 3046 4193 investigare.
3080 4125 3157 4175 Ac
3210 4121 3383 4190 primo
3406 4118 3617 4185 quidem
3647 4117 3885 4172 incertus

2327 4219 2584 4279 haerebat,
2629 4226 2682 4269 et
2729 4216 2966 4267 animum
3000 4226 3146 4266 nunc
3175 4211 3297 4273 huc,
3329 4222 3469 4261 nunc
3502 4206 3628 4261 illuc
3668 4208 3881 4262 divide-

2325 4311 2451 4372 bat;
2506 4311 2598 4361 seil
2638 4308 2850 4361 tandem
2883 4307 3019 4359 hanc
3072 4304 3197 4357 mali
3249 4300 3509 4366 originem
3544 4301 3883 4355 verissimam

2325 4397 2702 4467 deprehendit,
2740 4395 2885 4463 quod
2916 4412 3021 4448 non
3053 4395 3287 4465 quisque
3315 4391 3457 4462 regis
3486 4392 3685 4447 Christi
3716 4397 3883 4442 nutus

658 4498 711 4550 in
748 4514 850 4565 qua
896 4499 1052 4553 toties
1089 4500 1329 4554 luserant
1352 4501 1535 4554 Ariani
1566 4542 1579 4566 ,
1627 4515 1689 4555 ac
1737 4514 1909 4569 nuper
1949 4500 2138 4555 Dianio
2167 4511 2221 4554 et
2252 4505 2295 4560 D
2329 4495 2653 4554 intueretur,
2676 4488 2771 4543 sed
2798 4488 3113 4558 opinionum
3150 4497 3366 4539 suarum
3400 4481 3721 4539 commentis
3766 4478 3881 4550 ple~

659 4590 955 4644 innumeris
980 4592 1099 4644 aliis
1127 4592 1304 4646 fucum
1327 4596 1585 4646 fecerant.

727 4683 945 4752 Decepit
970 4682 1209 4736 eruditos
1236 4684 1378 4737 viros
1427 4682 1667 4752 epistolae
1715 4684 1922 4747 titulus,
1957 4698 2074 4753 quae
2103 4682 2219 4736 Cte-

654 4774 986 4827 sariensibus
1043 4774 1380 4839 inscribitur,
1411 4790 1639 4845 eamque
1694 4789 1834 4829 anno
1879 4776 1984 4829 565
2040 4774 2212 4829 Gaesa-

656 4866 821 4918 riensi
845 4865 986 4933 plebi
1017 4866 1275 4935 scriptam
1305 4866 1657 4933 existimant,
1692 4882 1814 4921 cum
1848 4866 2080 4921 Basilius
2103 4881 2217 4934 pre-

657 4958 844 5026 sbyter
870 4958 985 5024 paci
1014 4956 1268 5012 Ecclesiae
1294 4960 1575 5013 commoda
1608 4975 1702 5013 sua
1744 4958 2089 5028 posthabens,
2124 4972 2208 5010 su-

662 5044 998 5113 spicionibus
1050 5047 1264 5103 Eusebii
1315 5049 1555 5117 episcopi
1586 5056 1772 5115 cessit,
1806 5064 1972 5117 seque
2011 5051 2064 5103 in
2092 5049 2221 5103 soli-

657 5139 895 5192 tudinem
924 5138 1078 5193 Ponti
1105 5158 1206 5195 una
1250 5159 1370 5197 cum
1408 5141 1671 5212 Gregorio
1701 5144 2042 5199 Nazianzeno
2073 5158 2221 5197 rece-

655 5230 753 5297 pit.
780 5228 976 5281 Mirum
1017 5245 1146 5286 sane
1179 5248 1284 5285 non
1320 5244 1486 5299 esset,
1518 5234 1561 5289 si
1589 5233 1795 5301 plebem
1832 5235 2218 5290 Caesariensem

655 5323 765 5374 cito
790 5321 971 5376 Basilii
1005 5323 1332 5378 desiderium
1360 5327 1611 5395 cepisset,
1647 5341 1878 5391 cumque
1904 5328 2064 5382 veluti
2097 5342 2222 5396 pro-

657 5414 843 5483 fugum
882 5417 1069 5484 patriae
1100 5428 1153 5470 et
1194 5421 1446 5473 amicitia:
1504 5420 2017 5475 commemoratione
2067 5436 2221 5474 revo-

657 5519 856 5560 casset.
886 5508 990 5563 Sed
1025 5512 1193 5578 ipsam
1220 5513 1380 5564 etiam
1416 5512 1568 5566 Ponti
1596 5513 1936 5568 solitudinem
1966 5530 2105 5583 sa'pe
2128 5514 2220 5565 Ba-

661 5600 810 5653 silius
867 5602 1095 5667 patriam
1136 5618 1285 5656 suam
1322 5606 1595 5673 appellat,
1633 5617 1689 5661 ut
1744 5620 1908 5675 supra
1965 5606 2212 5660 vidimus.

727 5779 801 5851 (α)
830 5780 925 5852 Ep.
963 5784 1013 5838 8.

2327 4586 2480 4652 rique
2537 4581 2653 4650 ejus
2707 4582 2957 4635 mandata
3005 4592 3067 4631 ac
3108 4577 3434 4631 voluntatem
3475 4572 3877 4645 posthaberent.

2323 4678 2617 4745 Postquam
2665 4684 2878 4739 autem,
2928 4673 3035 4725 fixa
3069 4666 3182 4736 ejus
3228 4671 3407 4723 animo
3457 4668 3559 4720 hac
3590 4667 3881 4729 sententia,

2325 4773 2453 4827 illud
2484 4771 2649 4826 etiam
2708 4763 3073 4823 consideravit
3100 4804 3113 4827 ,
3144 4763 3516 4819 inobedientite
3548 4758 3749 4811 crimen
3799 4759 3883 4811 in-

2325 4879 2569 4928 currere,
2602 4863 2645 4917 si
2669 4865 2790 4931 quis
2820 4860 2903 4914 vcl
2929 4856 3092 4911 semel
3123 4864 3342 4927 peccet,
3377 4864 3439 4903 ac
3486 4848 3593 4911 ipsa
3632 4849 3884 4919 ignoran-

2325 4959 2412 5012 tiae
2467 4966 2688 5026 percata
2721 4968 2931 5021 poenam
2983 4966 3084 5002 non
3120 4947 3388 5012 effugere;
3437 4942 3543 4997 imo
3570 4957 3661 4997 eos
3692 4942 3880 5003 etiam,

2322 5054 2413 5121 qui
2444 5051 2577 5105 nihil
2606 5054 2919 5118 pet-carunt,
2940 5045 3031 5097 sed
3065 5048 3405 5113 peccatorum
3430 5038 3561 5092 satis
3595 5038 3884 5088 vehemen-

2324 5154 2403 5196 tes
2432 5140 2898 5193 animadversores
2924 5150 3027 5188 non
3064 5133 3232 5193 fuere,
3263 5128 3498 5199 graviter
3531 5124 3740 5193 puniri:
3768 5130 3880 5174 tum

2322 5253 2453 5292 vero
2490 5250 2665 5306 Operae
2698 5233 2925 5303 pretium
2966 5246 3083 5284 esse
3112 5227 3263 5280 duxit
3300 5226 3361 5279 ad
3401 5232 3577 5277 certas
3616 5219 3880 5289 quasdam

2326 5330 2535 5397 regulas
2573 5341 2827 5381 revocare
2849 5365 2861 5385 ,
2893 5339 2953 5379 ac
2988 5321 3151 5374 veluti
3184 5321 3234 5372 in
3279 5318 3496 5373 totidem
3536 5316 3709 5384 (apita
3740 5314 3882 5366 redi-

2322 5436 2473 5491 gere,
2510 5432 2838 5488 qutecunquc
2868 5414 2918 5468 in
2951 5412 3245 5481 Scripturis
3292 5418 3541 5465 vetantur
3572 5417 3660 5461 aut
3688 5412 3881 5476 pracci-

2326 5514 2560 5580 piuntur.

2402 5602 2487 5655 Sic
2509 5618 2661 5656 suum
2690 5605 2801 5672 ipse
2833 5602 3115 5658 consilium
3152 5599 3374 5655 Basilius
3397 5594 3613 5667 exponit
3635 5593 3685 5646 in
3714 5606 3865 5662 prore

2404 5779 2473 5853 (ἐι)
2512 5780 2600 5835 0r.
2632 5784 2720 5834 Si.
