4094 6308
1527 377 1678 432 VITA
1720 377 1775 431 S.
1818 376 2071 433 BASILII.

3276 394 3400 433 XIII

201 492 294 545 mlo
326 487 629 544 Montibus
668 489 906 559 prmﬁxo,
932 491 1069 559 quod
1098 491 1409 545 inscribitur
1439 492 1489 546 in
1513 494 1757 547 omnibus
1784 501 1826 556 Α
1861 493 2076 562 scripsit
2110 490 2335 545 Moralia
2360 506 2379 544 :
2405 505 2503 547 nee
2531 490 2622 545 tali
2656 492 2803 561 eperi
2828 492 2939 547 haec
2965 493 3287 561 congruebat
3314 511 3404 549 ac-

198 582 467 636 codicibus
498 597 631 636 mss.
680 593 734 637 et
765 584 922 638 editis
958 583 1031 637 De
1070 584 1272 652 judicio
1309 582 1423 639 Dei.
1470 585 1571 638 Sed
1620 585 1752 642 alius

201 678 310 731 huic
342 678 619 744 prooemio
649 678 836 731 titulus
861 679 1017 731 datur
1055 678 1106 730 in
1130 677 1265 732 libro
1288 693 1324 731 ll
1358 677 1431 731 De
1477 676 1751 745 baptismo,

201 779 387 837 quaest.
435 770 496 832 5,
529 770 617 823 ubi
653 772 837 824 eadem
863 770 1083 838 quzestio
1120 785 1181 824 ac
1210 769 1260 822 in
1297 769 1555 838 prommio
1582 769 1756 823 Mora-

200 862 318 913 lium
351 862 684 927 instituitur,
715 862 795 916 Au
840 862 1116 930 cujuslibet
1152 863 1389 915 mandati
1424 873 1750 930 prwtergres-

199 954 269 1005 sio
297 955 380 1003 ira
410 963 459 1005 et
494 964 663 1005 morte
680 955 835 1022 digna
858 952 1095 1007 sit.Tnm
1127 955 1398 1022 responsio
1430 954 1505 1007 sic
1536 953 1750 1022 incipit:

206 1043 413 1096 Dictum
442 1055 525 1098 est
563 1048 768 1114 quidem
811 1046 978 1113 fusius
1017 1044 1080 1097 de
1123 1046 1217 1098 hoc
1244 1055 1542 1112 argumento
1564 1046 1617 1097 in
1647 1044 1754 1107 epi-

198 1137 321 1189 stola
367 1136 445 1190 De
478 1140 782 1190 concordia.
820 1135 1010 1204 Liquet
1042 1137 1260 1190 indicari
1292 1138 1603 1204 prooemium
1630 1136 1752 1189 illud

208 1226 501 1283 Horaliam
528 1247 546 1284 .'
580 1231 720 1299 quod
772 1230 985 1297 quidem
1041 1230 1231 1283 merito
1258 1238 1476 1281 vocatur
1506 1226 1750 1296 epistola,

200 1339 314 1379 cum
347 1325 531 1376 instar
560 1320 795 1391 epistola:
827 1321 1225 1388 nuncupatorite
1276 1330 1488 1372 ascetas
1516 1318 1752 1387 compel-

201 1417 283 1479 let,
338 1430 575 1484 quorum
619 1422 803 1481 rogatu
835 1412 1064 1465 Basilius
1102 1410 1327 1463 Moralia
1360 1420 1748 1479 composuerat.

202 1507 302 1563 Nec
336 1508 521 1560 minus
548 1506 827 1558 commode
869 1504 1064 1557 dicitur
1094 1500 1313 1569 epistola
1341 1502 1405 1555 de
1442 1501 1748 1555 concordia.

204 1598 340 1654 Nihil
362 1597 512 1652 enim
539 1596 682 1649 aliud
712 1596 811 1651 sibi
856 1594 1103 1665 proponit
1133 1592 1380 1653 Basilius,
1415 1592 1515 1647 nisi
1554 1602 1608 1645 ut
1636 1591 1750 1646 dis-

208 1691 521 1745 sensionum
547 1703 765 1743 causam
808 1687 1039 1756 aperiat;
1074 1692 1124 1736 et
1155 1683 1411 1753 quidquid
1444 1684 1507 1737 de
1550 1681 1752 1748 judicio

202 1782 284 1836 Dei
320 1782 581 1845 disserit,
612 1780 735 1833 illud
772 1779 834 1833 ad
869 1792 1020 1833 suum
1071 1775 1375 1831 concordiae
1419 1776 1752 1831 stabiliendae

202 1875 536 1943 propositum
569 1872 747 1927 rel'ert.

263 1962 573 2031 Antequam
606 1960 832 2014 Moralia
867 1957 1122 2026 inciperet
1150 1958 1398 2021 Basilius,
1432 1957 1573 2027 piam
1597 1966 1651 2011 et
1671 1971 1755 2011 sa-

199 2065 315 2104 nam
342 2051 651 2119 exponebat
686 2051 749 2103 de
776 2048 932 2101 Patre
962 2058 1015 2102 et
1058 2048 1191 2106 Filio
1226 2057 1280 2101 et
1311 2047 1514 2115 Spiritu
1565 2056 1754 2102 sancto

199 2139 378 2193 ﬁdem.
424 2139 534 2194 Sed
567 2137 748 2193 nescio
773 2138 1037 2205 quomodo
1086 2152 1201 2205 qua:
1229 2137 1314 2191 hic
1341 2138 1656 2201 disserebat,
1689 2137 1751 2190 de

197 2245 285 2284 Sua
319 2232 450 2285 sede
508 2236 828 2291 cesserunt,
887 2241 1178 2297 eorumque
1227 2227 1343 2282 loco
1372 2228 1583 2281 inducta
1608 2241 1752 2295 quae-

198 2324 313 2377 dam
377 2319 607 2389 epistola
641 2319 706 2373 de
757 2318 877 2385 ﬁde,
913 2334 1031 2389 qua:
1090 2319 1193 2374 huc
1248 2320 1464 2373 minime
1492 2318 1739 2385 pertinet.

198 2413 322 2467 Nam
358 2412 412 2466 1⁸
459 2410 692 2463 Moralia
744 2410 969 2479 primum
1008 2426 1143 2479 opus
1200 2410 1446 2463 videntur
1493 2423 1609 2463 esse
1644 2409 1749 2462 Ba-

199 2507 297 2562 silii
341 2524 354 2559 :
394 2505 512 2559 haec
568 2513 743 2557 autem
780 2504 845 2557 de
898 2502 998 2557 lidc
1040 2502 1258 2572 epistola
1299 2510 1415 2569 post
1445 2501 1617 2556 editas
1660 2502 1750 2555 ad-

198 2610 381 2649 versus
413 2596 698 2649 haereticos
713 2593 1136 2649 elucubrationes
1158 2592 1355 2660 scripta
1385 2605 1467 2645 est
1519 2590 1596 2659 (p.
1621 2590 1750 2655 εει,

198 2686 297 2741 225
329 2696 381 2742 et
436 2686 591 2755 29.9),
620 2701 846 2754 cumque
898 2686 1177 2755 presbyter
1210 2690 1353 2737 esset
1405 2682 1632 2737 Basilius
1663 2690 1754 2736 aut

199 2780 519 2850 episcopus,
572 2788 629 2831 ut
676 2788 821 2845 patet
850 2779 934 2831 'cx
999 2776 1083 2831 his
1130 2776 1305 2830 verbis
1360 2776 1433 2845 (p.
1475 2774 1624 2845 228),
1678 2776 1753 2829 sic

196 2872 477 2935 sentimus,
527 2869 602 2923 sic
650 2867 1004 2933 bap'isamus,
1053 2876 1157 2920 etc.
1211 2866 1270 2919 9ο
1311 2863 1633 2919 Prooemium
1687 2866 1753 2920 de

204 2962 398 3031 judicio
428 2960 525 3015 Dei
563 2959 642 3012 sic
673 2956 790 3009 linit
830 2956 1058 3011 Basilius
1087 2959 1152 3010 ad
1186 2957 1571 3025 expositionem
1628 2956 1748 3009 ﬁdei

210 3054 481 3107 transiens
518 3067 532 3103 :
576 3047 643 3102 Et
667 3050 911 3117 quoniam
939 3050 1149 3103 memini
1177 3048 1412 3112 Apostoli
1455 3049 1541 3117 qui
1582 3048 1751 3100 dicit:

208 3162 226 3194 ι
258 3143 321 3198 In
351 3142 569 3199 Christo
614 3139 739 3193 Jesu
793 3156 952 3203 neque
999 3140 1323 3193 circumcisio
1355 3140 1555 3209 aliquid
1591 3141 1749 3202 valet,

1856 584 2227 640 commodatio.
2256 582 2333 636 Ex
2390 583 2471 637 his
2526 583 2691 651 liquet
2751 584 2805 637 in
2856 584 2955 639 boc
3000 586 3403 659 testimonio“).

1853 675 1977 745 228)
2003 716 2018 741 ,
2059 676 2133 727 sic
2170 676 2424 728 sentimus
2472 676 2647 743 sicque
2698 675 3022 744 baptisamus
3061 677 3116 729 in
3154 674 3406 731 Trinitats

1854 767 2293 821 consubstantiali
2322 807 2336 829 ,
2389 778 2713 836 postremam
2774 782 2955 822 vorem
3002 771 3404 839 expungendum

1853 875 1997 925 esse,
2031 871 2087 913 ut
2118 875 2237 927 quae
2279 857 2459 913 Basilii
2489 859 2747 927 promisso
2775 868 2827 914 et
2856 860 3099 916 instituto
3129 872 3401 933 repugnet,

1854 964 1916 1001 ac
1937 949 1986 1001 in
2016 950 2250 1017 pluribus
2274 963 2403 1003 mss.
2435 949 2594 1003 desit.

1923 1036 2037 1093 Jam
2072 1038 2240 1092 Pltotii
2275 1039 2348 1108 (a)
2381 1046 2620 1107 tempore
2649 1038 2871 1092 Moralia
2893 1038 3211 1095 Basiliicum
3244 1042 3406 1098 utris-

1852 1144 1961 1198 que
2023 1130 2215 1199 regulis
2265 1131 2315 1183 in
2357 1146 2520 1183 unmn
2566 1131 2728 1184 veluti
2762 1146 2953 1201 corpus
2986 1134 3197 1186 redacta
3226 1144 3401 1200 erant,

1851 1223 1992 1289 quod
2023 1219 2296 1274 dicebatur
2349 1221 2595 1275 Ascelica
2634 1221 2835 1275 Basilii.
2870 1220 2975 1276 Sed
3020 1234 3195 1278 tamen
3232 1225 3409 1279 divero

1855 1328 1974 1368 Sum
2033 1325 2186 1380 opus,
2225 1311 2436 1381 Regulae
2484 1322 2539 1366 et
2585 1310 2836 1373 Moralia,
2867 1327 2963 1367 nec
3006 1314 3139 1367 idem
3174 1324 3402 1385 tempus,

1859 1417 1956 1457 nec
2013 1402 2292 1456 consilium
2324 1403 2483 1456 idem.
2522 1400 2748 1455 Moralia
2786 1404 3037 1457 videntur
3062 1404 3257 1472 scripta
3303 1404 3409 1461 sub

1852 1493 2010 1549 ﬁnem
2039 1494 2247 1564 imperii
2279 1492 2600 1559 Constantii,
2642 1509 2780 1547 anno
2801 1495 2924 1549 561.
2963 1495 3111 1561 Quod
3136 1497 3274 1551 enim
3329 1498 3405 1551 ait

1850 1584 1925 1655 (p.
1956 1584 2087 1654 9.25)
2118 1601 2174 1639 se
2211 1601 2333 1641 sero
2359 1588 2459 1641 hoc
2494 1601 2627 1654 Opus
2648 1588 2928 1655 perlicere,
2955 1598 3234 1657 propterea
3265 1590 3404 1659 quod

1850 1677 1981 1731 alios
2031 1679 2271 1732 veritatis
2299 1678 2610 1733 defensores
2653 1688 3023 1749 exspectaret,
3058 1696 3156 1735 nec
3199 1690 3404 1736 tantum

1851 1766 1952 1821 sibi
2010 1766 2123 1837 ipse
2150 1767 2445 1823 conﬁderet
2468 1808 2483 1831 ,
2514 1778 2571 1822 ut
2599 1769 2699 1823 hoc
2734 1769 2879 1824 solus
2899 1771 3301 1840 aggrederetur,
3354 1774 3407 1829 id

1783 1842 1827 1899 Β
1852 1867 2167 1926 argumento
2196 1866 2279 1911 est
2308 1855 2562 1910 Basilium
2597 1874 2701 1913 non
2733 1862 2912 1914 statim
2952 1871 3111 1928 atque
3157 1876 3222 1917 ex
3250 1878 3407 1932 pere-

1857 1946 2247 2016 grinationibus
2276 1947 2454 2010 rediit,
2484 1947 2551 1999 ad
2584 1946 2722 2002 hanc
2751 1948 3204 2004 elucubrationem
3231 1953 3407 2021 prosl-

1851 2035 2032 2091 luisse.
2061 2036 2167 2092 Sed
2199 2048 2376 2095 tamen
2410 2038 2667 2093 timiditas
2706 2039 2793 2092 illa
2821 2039 3073 2095 indicium
3097 2050 3178 2097 est
3206 2041 3410 2107 ingenii

1851 2132 2088 2184 nondum
2126 2130 2177 2184 in
2233 2130 2518 2185 scribendo
2565 2131 2883 2198 exercitati,
2943 2135 3178 2188 nondum
3235 2134 3405 2190 ullum

1850 2236 1984 2289 opus
2012 2221 2273 2291 aggressi.
2303 2222 2478 2287 Quare
2512 2222 2763 2277 Basiliam
2804 2224 3071 2280 scribendi
3102 2227 3305 2281 initium
3330 2227 3409 2283 le-

1851 2311 1994 2367 cisse
2024 2312 2345 2367 crediderim
2377 2312 2444 2367 ab
2477 2314 2576 2369 hac
2602 2314 3020 2379 elucubratione,
3042 2333 3160 2385 qua:
3189 2319 3409 2384 proinde

1849 2402 1990 2458 ultra
2024 2402 2316 2459 Constantii
2345 2405 2621 2475 imperium
2652 2408 2796 2478 rejici
2832 2422 2935 2462 non
2966 2408 3145 2464 debet.
3174 2407 3406 2464 Prmter-

1850 2508 1912 2547 ea
1976 2509 2165 2550 recens
2230 2496 2516 2550 admodum
2559 2507 2674 2552 crat
2715 2500 3099 2554 Anomoeorum
3150 2499 3405 2565 haeresis,

1852 2601 1971 2640 cum
2002 2588 2114 2641 haec
2137 2587 2397 2641 scriberet
2430 2586 2675 2644 Basilius.
2706 2589 2794 2643 Ait
2827 2592 2970 2645 enim
3007 2592 3083 2661 (η.
3114 2590 3166 2661 1)
3196 2607 3337 2647 nunc
3362 2592 3406 2647 si

1851 2691 2084 2745 unquam
2118 2677 2273 2741 alias,
2300 2678 2501 2732 exortis
2552 2679 2829 2733 Anommis
2855 2723 2868 2747 ,
2909 2680 3113 2747 impleri
3172 2680 3225 2734 in
3277 2682 3407 2749 ipsis

1850 2771 2114 2839 episcopis
2152 2770 2275 2824 illud
2324 2771 2472 2825 Pauli
2514 2775 2821 2828 vaticinium
2865 2789 2880 2830 :
2916 2776 2983 2830 Et
3006 2793 3072 2831 es
3098 2776 3237 2832 vobis
3286 2778 3409 2847 ipsis

1850 2870 2127 2931 exsurgent
2178 2864 2274 2915 viri
2322 2863 2584 2931 loquentes
2640 2882 2877 2933 peruersa
2910 2867 2950 2931 ',
3003 2879 3106 2921 etc.
3162 2867 3407 2921 Anommi

1851 2962 2029 3003 autem
2068 2951 2243 3005 vocati
2277 2960 2426 3018 sunt,
2458 2955 2548 3022 qui
2586 2954 2777 3008 Filium
2815 2956 2958 3010 Patri
2984 2959 3299 3012 dissimilem
3327 2958 3407 3012 di-

1851 3052 2039 3098 xerunt
2096 3059 2237 3099 anno
2289 3044 2416 3123 ξω,
2457 3056 2593 3102 teste
2634 3048 2693 3103 S.
2726 3049 3019 3105 Athanasio
3047 3052 3121 3123 (b)
3152 3068 3273 3107 cum
3310 3053 3411 3108 So-

1854 3146 2006 3191 crate
2034 3136 2129 3208 (c).
2156 3137 2331 3204 Quare
2358 3142 2459 3194 hoc
2490 3143 2602 3211 ipso
2624 3158 2766 3196 anno
2787 3144 2985 3212 scripta
3015 3144 3196 3199 Basilii
3231 3147 3411 3201 Mora-

205 3253 353 3301 neque
378 3233 698 3299 prwputium
722 3248 741 3285 :
770 3234 858 3285 sed
884 3232 1011 3299 ﬁdes
1043 3248 1158 3303 qua:
1180 3249 1270 3300 per
1292 3233 1596 3287 charilatem
1632 3250 1754 3305 ope-
1779 3200 1821 3257 C
1854 3228 1947 3293 lia,
1980 3237 2102 3282 ante
2146 3239 2369 3283 mortem
2405 3232 2729 3287 Constantii.
2761 3233 2850 3289 Sic
2899 3235 3040 3289 enim
3082 3235 3310 3289 Basilius
3358 3239 3407 3289 in

212 3338 347 3377 ratur
379 3327 420 3389 ί,
470 3344 489 3375 ι
522 3341 835 3395 consequens
878 3325 1035 3380 simul
1078 3344 1138 3380 ac
1190 3328 1538 3380 necessarium
1579 3328 1757 3380 existi-

205 3419 327 3469 mari
349 3418 426 3487 (p.
456 3416 609 3483 223),
642 3430 696 3472 ut
726 3435 905 3472 sanam
957 3419 1112 3487 ﬁdem
1146 3438 1207 3473 ac
1241 3422 1376 3485 piant
1406 3421 1467 3473 de
1519 3420 1675 3474 Patre
1705 3429 1753 3473 et

206 3506 336 3564 Filio
368 3523 416 3564 et
449 3509 649 3578 Spiritu
688 3521 868 3565 sancto
915 3515 1219 3566 sententiam
1251 3516 1398 3580 prius
1426 3528 1747 3579 exponerem,

207 3612 246 3655 et
281 3604 353 3656 ita
386 3605 600 3657 demum
655 3605 875 3657 moralia
920 3614 1219 3658 attexerem.
1246 3603 1496 3656 Protinus
1523 3615 1648 3670 ergo
1682 3601 1750 3657 de

211 3694 304 3746 fide
339 3694 636 3761 incipiebat
660 3694 947 3754 disserere,
980 3695 1118 3744 nulla
1149 3694 1249 3744 alia
1296 3692 1530 3747 adhibita
1559 3693 1754 3762 praefa-

209 3782 364 3833 tione.
392 3784 461 3833 At
482 3782 704 3850 epistola
737 3782 800 3833 de
831 3780 931 3835 [ide
957 3781 1094 3835 hanc
1118 3783 1330 3837 exhibet
1350 3785 1710 3853 pra-lationem
1736 3802 1751 3839 :

209 3870 290 3923 Dei
324 3872 508 3937 optimi
532 3873 701 3940 gratia
727 3888 844 3925 cum
873 3874 999 3926 mihi
1038 3875 1341 3929 innotuisset
1380 3886 1558 3929 vestrae
1590 3877 1755 3943 picta-

208 3962 267 4015 tis
318 3961 668 4019 mandatum.
717 3973 822 4017 etc.
876 3962 1042 4018 Nemo
1089 3981 1190 4018 non
1243 3966 1383 4018 videt
1442 3980 1598 4033 quam
1645 3967 1755 4019 haec

208 4055 337 4110 inter
385 4070 446 4112 se
498 4056 916 4110 discomn-niant.
956 4055 1012 4108 5°
1066 4056 1295 4124 Scripsit
1338 4054 1567 4111 Basilius
1618 4058 1755 4109 hanc

212 4151 480 4217 epistolam
512 4190 525 4210 ,
563 4148 937 4200 nonnullorum
983 4148 1254 4201 hominum
1292 4160 1503 4214 rogatu,
1555 4149 1645 4215 qtti
1686 4148 1753 4202 ab

213 4256 268 4293 eo
316 4241 586 4310 petierant
616 4240 713 4310 τῆς
744 4237 997 4301 εὐσεϐοῦς
1051 4238 1281 4302 πίστεως
1326 4240 1595 4310 ἔγγραφον
1624 4240 1753 4310 ὀμο-

209 4330 401 4402 λογίαν,
434 4332 535 4399 pia:
565 4332 690 4397 ﬁdei
716 4332 928 4398 petitam
955 4347 1019 4385 e1:
1043 4328 1332 4398 Scripturis
1360 4330 1751 4399 confessionem,

213 4426 276 4477 ita
306 4436 360 4481 ut
392 4424 845 4479 consubstantiali
871 4436 1099 4480 careret.
1145 4426 1346 4479 Annuit
1370 4440 1551 4481 eorum
1581 4427 1753 4492 preci-

1857 3328 1969 3372 toto
2001 3320 2099 3372 hoc
2134 3317 2252 3372 loco
2288 3336 2491 3389 pugnas
2535 3331 2590 3375 et
2640 3324 2858 3377 dissidia
2909 3324 3185 3393 deplorat,
3243 3338 3299 3381 ut
3335 3328 3416 3382 la-

1858 3412 1959 3465 cile
2014 3420 2190 3478 pateat
2246 3414 2474 3465 nondum
2518 3413 2851 3469 subtractum
2919 3417 3083 3473 fuisse
3137 3420 3413 3475 Anommis

1853 3500 2150 3554 Constantii
2205 3503 2600 3569 patrocinium,
2655 3507 2887 3561 nondum
2949 3507 3239 3563 Catltolicis
3286 3513 3410 3564 red-

1854 3594 2019 3649 ditam
2077 3594 2422 3660 libertatem,
2478 3613 2639 3666 quam
2711 3600 2810 3653 sub
2858 3600 3075 3656 Juliano
3135 3606 3410 3660 consecuti

1855 3697 1998 3742 sum.

1926 3778 2101 3835 Credo
2150 3778 2406 3835 Basilium
2455 3783 2554 3835 hoc
2587 3798 2718 3849 opus
2760 3784 2869 3848 jam
2902 3785 3237 3854 absolvisse,
3287 3803 3410 3842 cum

1857 3871 2117 3926 scriberet
2170 3873 2446 3942 epistolam
2478 3890 2711 3938 nonam,
2761 3878 2853 3929 sed
2908 3878 3079 3934 adhuc
3138 3880 3415 3938 dubitasse

1857 3974 2029 4016 utrum
2056 3966 2106 4016 in
2137 3963 2306 4018 lucem
2337 3967 2518 4020 ederet
2550 3982 2734 4021 necne.
2771 3966 2824 4021 Id
2862 3969 3053 4038 colligo
3081 3986 3146 4024 ex
3192 3972 3278 4027 his
3300 3988 3414 4027 ver-

1858 4055 1938 4110 bis
1971 4073 1983 4109 :
2019 4054 2322 4110 Prtcsertim
2347 4074 2465 4112 cum
2497 4059 2692 4127 alioqui
2720 4069 2898 4113 nostra
2937 4062 3150 4131 strigare
3181 4080 3283 4117 non
3311 4081 3418 4119 om-

1856 4148 1979 4201 nino
2019 4150 2382 4203 slatuerimus.
2415 4149 2720 4231 Scripserat
2753 4166 2881 4220 ergo
2914 4152 3113 4221 aliquid
3165 4154 3412 4223 Basilius,

1855 4240 1949 4294 sed
1975 4240 2255 4294 dubitabat
2280 4256 2347 4293 an
2376 4241 2639 4308 vulgaret.
2684 4242 2737 4296 Id
2766 4252 2943 4296 autem
2985 4244 3113 4297 tmlli
3140 4245 3231 4299 alii
3262 4248 3411 4315 operi

1856 4319 2046 4383 melius
2069 4331 2343 4393 convenit,
2381 4346 2541 4400 quam
2606 4331 2923 4388 Moralibus.
2970 4333 3103 4387 Nam
3138 4335 3306 4391 libros
3356 4338 3413 4390 in

1860 4418 2174 4473 Eunomium
2215 4422 2391 4476 studio
2422 4422 2667 4478 veritatis
2715 4423 2890 4492 palam
2934 4436 2987 4478 et
3016 4437 3203 4494 aperte
3230 4428 3413 4482 defen-

215 4514 303 4569 bus
333 4535 347 4567 :
389 4516 482 4569 sed
518 4528 585 4567 ne
611 4514 731 4582 quis
761 4518 951 4568 merito
981 4515 1395 4583 reprehenderet
1414 4514 1751 4567 omissionem
1783 4551 1830 4612 Β
1856 4511 2038 4564 dendre
2067 4514 2390 4581 compositos
2436 4514 2603 4570 fuisse
2635 4530 2700 4571 ex
2750 4516 2865 4586 ipso
2891 4518 3111 4572 exordio
3154 4520 3415 4590 perspici-

213 4603 673 4659 consubstantialis
704 4642 720 4666 ,
773 4604 1033 4660 rationem
1093 4604 1264 4657 reddit
1295 4618 1408 4670 cur,
1442 4618 1561 4658 cum
1596 4616 1751 4659 antea

215 4693 261 4747 iu
300 4696 603 4751 refellendis
633 4694 896 4749 haereticis
926 4710 1081 4749 voces
1109 4696 1435 4759 adhibuerit,
1472 4709 1589 4763 qua:
1616 4696 1753 4750 scri-

215 4793 306 4853 plac
340 4799 443 4838 non
477 4794 643 4847 sunt,
702 4797 844 4838 nunc
899 4784 1167 4839 abstineat
1222 4784 1478 4852 ejusmodi
1511 4786 1752 4851 vocibus,

213 4891 316 4945 qua
363 4876 490 4942 ipsis
522 4876 711 4930 litteris
735 4886 780 4930 et
817 4873 1033 4944 syllabis
1072 4879 1124 4931 in
1158 4875 1430 4946 Scriptura
1456 4875 1631 4929 divina
1654 4894 1754 4931 non

214 4968 551 5034 reperiuntur,
602 4970 808 5021 tametsi
861 4967 1065 5019 insitum
1116 4966 1399 5036 Scriptura:
1450 4972 1754 5022 sententiam

217 5070 409 5111 servant
462 5056 538 5129 (p.
566 5055 713 5124 924).
747 5058 1000 5113 Privatim
1049 5074 1176 5129 ergo
1228 5062 1496 5115 nonnullis
1526 5063 1754 5116 consulit

219 5145 470 5214 Basilius,
521 5161 686 5218 seque
728 5151 792 5200 ad
831 5164 1014 5204 eorntn
1056 5149 1419 5205 inﬁrmitatem
1455 5166 1754 5206 accommo-

218 5233 321 5295 ἀπ.
349 5237 793 5292 consubstantiali
833 5237 1287 5307 prmtermittendo
1308 5281 1323 5307 ,
1347 5242 1488 5310 quod
1520 5240 1589 5295 illi
1616 5240 1754 5297 forte

221 5328 436 5381 nondum
461 5339 782 5401 receperant
818 5348 833 5384 :
864 5333 956 5385 sed
996 5345 1330 5404 nequaquam
1359 5348 1543 5389 eorum
1571 5343 1751 5400 rogatu

282 5526 485 5581 ’Gaiat.
519 5544 569 5588 ν,
597 5530 648 5582 6.
729 5530 748 5558 ’
778 5525 897 5585 Act.
926 5546 1009 5591 xx,
1044 5528 1128 5583 50.

275 5735 492 5799 (a)Cod.
532 5740 653 5793 191.

276 5804 342 5874 (b)
373 5806 442 5860 Ile
470 5810 655 5877 synod.

1860 4612 1962 4655 tur.

1926 4692 2019 4749 IV.
2171 4697 2311 4749 imus
2348 4695 2437 4751 ille
2490 4697 2837 4767 philosophus
2862 4736 2877 4763 ,
2922 4698 2987 4753 ad
3021 4714 3179 4769 quem
3213 4700 3411 4768 scripta

1862 4796 1946 4839 est
1983 4801 2123 4840 nona
2170 4786 2354 4841 Basilii
2386 4787 2633 4857 epistola,
2670 4791 2895 4859 petierat
2922 4807 2949 4845 a
2989 4790 3185 4844 Basilio
3214 4791 3413 4860 scripta

1863 4877 2105 4948 Dionysii
2143 4880 2513 4945 Alexandrini,
2544 4882 2809 4953 simulque
2826 4885 2949 4953 quid
2976 4883 3039 4937 de
3066 4882 3167 4935 hoc
3193 4884 3415 4951 scripto-

1860 4984 1919 5025 re
1977 4973 2199 5028 sentiret
2245 4972 2550 5028 sciscitatus
2577 4974 2769 5030 luerat.
2802 4976 3009 5043 Scripta
3042 4972 3277 5045 Dionysii
3309 4990 3412 5028 non

1866 5064 2098 5119 habebat
2132 5067 2181 5119 in
2220 5067 2465 5124 manibus
2496 5069 2725 5124 Basilius
2758 5079 2810 5123 et
2840 5068 3036 5123 idcirco
3071 5071 3280 5123 mittere
3308 5084 3411 5121 non

1862 5158 2039 5225 potuit
2068 5175 2081 5209 :
2108 5156 2197 5210 sed
2234 5157 2297 5212 de
2330 5159 2445 5227 ipso
2480 5160 2733 5229 Dionysio
2785 5158 3021 5229 judicat,
3055 5168 3111 5213 ut
3171 5162 3221 5212 in
3263 5159 3412 5215 Notis

1866 5247 2293 5313 observavimus,
2322 5267 2427 5305 non
2466 5251 2888 5307 accuratissime.
2910 5251 3094 5306 Simile
3122 5253 3410 5307 secundum

1861 5337 2158 5391 essentiam
2202 5344 2414 5407 probat,
2449 5342 2604 5394 modo
2633 5340 2879 5407 addatur,
2905 5341 3039 5395 citra
3066 5342 3224 5396 ullam
3260 5342 3413 5411 diffe-

1944 5743 2012 5812 (τ)
2050 5741 2161 5796 Lib.
2189 5757 2247 5806 ll,
2276 5759 2322 5797 c.
2352 5742 2438 5796 65.
