4068 6320
666 370 776 411 Il!

1997 359 2261 417 I’ROLEG
2271 361 2519 416 OMENA.

670 475 927 539 tentiam;
960 488 1115 532 secus
1143 490 1292 542 vero,
1330 478 1374 533 si
1399 477 1525 534 illud
1550 494 1652 533 non
1680 480 1926 550 addatur,
1945 494 1998 538 ut
2029 485 2226 539 factum
2257 492 2304 548 Α
2336 496 2476 539 tatur
2500 484 2731 553 viduam,
2766 485 2915 555 cujus
2945 483 3109 538 filium
3136 485 3463 557 Dionysium,
3496 489 3620 544 olim
3652 491 3868 549 Diome-

668 566 721 619 in
745 565 974 621 concilio
1012 565 1626 639 ConstantinOpolitano.

741 653 949 725 Scripta
972 657 1083 711 hare
1118 659 1339 728 epistola
1372 670 1489 728 post
1518 660 1806 714 concilium
1842 660 2217 716 Constantino-

667 748 962 815 politanum
995 751 1115 803 anni
1142 750 1267 807 560.
1303 751 1417 806 Non
1452 762 1629 806 tamen
1687 754 1869 808 statim
1927 766 2047 825 post
2094 756 2218 809 illud

671 842 895 910 scripta,
921 844 1011 898 sed
1026 844 1165 899 forte
1192 846 1475 915 interjecto
1491 846 1714 901 duorum
1736 863 1997 902 annorum
2027 852 2218 917 spatio.

670 928 805 984 Nam
839 934 892 986 in
919 935 1142 1003 epistola
1170 947 1381 1003 octava,
1416 953 1535 1006 quae
1558 939 1838 993 concilium
1871 941 2112 1008 proxime
2144 943 2221 995 vi.

671 1027 826 1077 detur
846 1037 1047 1089 secuta,
1081 1031 1385 1083 recentibus
1417 1031 1798 1085 Anommorum
1848 1031 2121 1087 fraudibus
2142 1033 2216 1086 of.

670 1115 874 1180 tensus,
912 1120 1379 1188 rejiciebatsimile
1408 1123 1521 1176 sine
1550 1125 1881 1191 exceptione.
1918 1124 2067 1179 Nunc
2122 1141 2217 1179 au-

671 1218 778 1263 tem
813 1210 987 1264 simile
1023 1214 1319 1265 secundum
1351 1214 1637 1267 essentiam
1664 1216 1849 1281 probat
1872 1257 1886 1281 ,
1924 1219 2080 1270 modo
2124 1217 2219 1270 ad-

671 1296 829 1350 datur
853 1300 985 1351 citra
1012 1300 1173 1352 ullam
1214 1302 1579 1369 di/ferentiam.
1622 1303 1753 1357 Rem
1800 1320 1926 1374 ergo
1964 1308 2220 1360 attentius

671 1389 1110 1446 consideraverat
1163 1403 1281 1460 post
1331 1396 1583 1463 scriptam
1637 1395 1916 1463 epistolam
1953 1408 2220 1451 octavam.

670 1478 900 1534 Dubium
961 1492 1138 1535 autem
1186 1499 1285 1537 non
1320 1494 1399 1538 est
1433 1486 1562 1553 quin
1617 1500 1758 1538 nona
1802 1496 1924 1540 ante
1978 1490 2222 1542 sacerdo-

678 1572 810 1625 tium
840 1573 1037 1641 scripta
1069 1575 1154 1628 sit.
1184 1574 1313 1629 Eum
1348 1578 1488 1629 enim
1520 1584 1575 1630 et
1599 1578 1837 1646 corporis
1861 1578 2141 1633 infirmitas
2171 1588 2223 1633 et

670 1679 823 1718 amor
873 1665 1175 1720 solitudinis
1204 1667 1391 1721 eodem
1443 1681 1654 1736 semper
1696 1669 1813 1723 loco
1847 1670 2028 1735 fixum,
2056 1670 2222 1725 instar

670 1755 999 1824 plantarum,
1041 1759 1314 1812 tenebant.
1346 1758 1599 1823 Quamvis
1629 1769 1803 1811 autem
1836 1758 2115 1830 presbyter
2140 1761 2221 1811 fa-

2326 577 2448 629 dem
2499 576 2734 640 nomine,
2769 574 2996 628 habebat
3041 576 3092 628 in
3138 578 3462 633 monasterio
3513 594 3631 645 suo,
3660 592 3714 635 ut
3755 586 3870 650 ipsa

2324 666 2483 719 etiam
2508 665 2558 717 in
2594 664 2830 717 eamdem
2860 664 3196 718 solitudinem
3221 680 3276 720 se
3307 666 3547 735 recipiat,
3585 670 3790 724 scilicet
3820 674 3869 727 in

2324 756 2701 809 monasterium
2735 756 3036 819 mulierum,
3060 758 3199 825 quod
3247 759 3310 811 ad
3347 758 3566 812 alteram
3603 760 3755 817 Iridis
3796 765 3869 817 ri-

2324 861 2444 915 pam
2476 848 2632 900 situm
2668 856 2803 901 erat.
2834 846 2992 900 Mittit
3018 849 3211 902 adeam
3237 848 3399 901 tilium
3426 852 3601 918 gvelut
3625 854 3871 908 columba

2324 936 2473 989 cicur
2493 946 2759 1005 unguento
2790 936 2947 989 oblita
2976 938 3224 1001 mittitur,
3252 948 3309 991 ut
3343 939 3473 993 alias
3510 943 3672 997 odore
3700 953 3872 997 attra-

2324 1026 2433 1079 hat.
2486 1027 2538 1079 In
2569 1026 2849 1081 undecima
2885 1027 3104 1095 epistola
3141 1029 3205 1080 ad
3237 1029 3373 1082 idem
3404 1029 3700 1085 institutum
3744 1033 3873 1087 hor-

2323 1126 2469 1171 tatur
2516 1134 2672 1171 unum
2729 1134 2793 1173 ex
2848 1120 3055 1185 amicis,
3119 1122 3271 1190 cujus
3326 1122 3416 1176 filii
3481 1129 3869 1181 monasterium

2323 1209 2500 1264 Basilii
2557 1208 2867 1277 iuviserant,
2909 1218 2963 1264 et
3016 1225 3135 1264 cum
3181 1226 3247 1264 eo
3282 1211 3417 1265 diem
3465 1212 3655 1266 festum
3698 1226 3872 1269 trans-

2324 1309 2565 1369 egerant.

2396 1392 2654 1444 Videntur
2693 1392 2856 1445 etiam
2893 1391 2958 1445 ad
2978 1404 3249 1445 secessum
3279 1402 3331 1447 et
3359 1394 3651 1463 primordia
3684 1394 3869 1451 Basilii

2322 1483 2614 1538 referendae
2668 1484 2902 1552 epistolae
2934 1484 2998 1537 12
3041 1493 3094 1537 et
3126 1484 3211 1548 1'5,
3244 1487 3308 1539 ad
3348 1485 3647 1557 Olympium
3682 1507 3695 1541 :
3744 1499 3870 1543 sunt

2322 1579 2463 1631 enim
2520 1576 2572 1631 in
2626 1577 2810 1631 eodem
2868 1576 3185 1632 urbanitatis
3229 1592 3422 1647 genere
3460 1595 3521 1634 ac
3569 1589 3756 1648 quarta
3806 1582 3872 1634 ad

2324 1664 2563 1718 eumdem
2590 1665 2709 1718 data
2736 1682 2750 1730 ;
2782 1680 2879 1720 nec
2905 1668 3194 1737 quidquam
3224 1667 3421 1721 habent
3449 1670 3512 1721 de
3545 1671 3754 1740 magnis
3789 1685 3874 1724 re-

2323 1757 2439 1822 hus,
2463 1772 2597 1826 quas
2646 1757 2781 1810 infra
2824 1758 3086 1814 Basiliunt
3119 1774 3238 1813 cum
3287 1759 3387 1813 hoc
3443 1760 3872 1816 Neoctesariensi

670 1858 789 1903 ctus
828 1851 877 1903 in
936 1852 1275 1906 solitudinem
1324 1854 1537 1907 redierit
1566 1896 1580 1919 ,
1610 1855 1697 1909 hic
1744 1864 1919 1909 tamen
1977 1869 2219 1909 secessus

2324 1848 2435 1900 cive
2466 1856 2881 1917 pertractantem
2922 1849 3236 1903 videbimus.

670 1941 1018 1999 brevissimus
1068 1943 1186 1997 fuit.
1238 1943 1443 2011 Scripta
1496 1961 1622 2013 ergo
1664 1947 1775 2002 haec
1810 1962 1947 1999 nona
1996 1946 2215 2014 epistola

671 2030 815 2084 circa
852 2048 1047 2087 annum
1072 2034 1194 2100 561,
1224 2045 1314 2089 aut
1337 2036 1461 2100 562,
1487 2053 1607 2091 cum
1629 2036 1739 2105 jam
1765 2038 2014 2103 Mortalia,
2052 2048 2108 2091 ut
2141 2053 2223 2091 su-

672 2137 765 2190 pra
794 2125 1048 2191 diximus,
1087 2130 1487 2197 composuisset.

739 2210 795 2263 ln
822 2212 1033 2281 vulgato
1061 2214 1363 2269 litterarum
1398 2218 1584 2271 ordine
1615 2218 1731 2273 dum
1765 2218 1935 2272 eidem
1989 2219 2218 2275 Maximo

673 2302 987 2373 philosOpho
1018 2307 1288 2374 inscripta:
1316 2319 1468 2361 erant
1508 2309 1743 2375 epistolae
1768 2351 1781 2374 ,
1814 2325 2002 2379 nempe
2049 2311 2109 2364 41
2166 2322 2219 2365 et

668 2391 759 2445 42.
792 2393 973 2463 Neque
1020 2398 1073 2449 id
1105 2412 1290 2465 parum
1342 2398 1637 2453 facessebat
1683 2398 2025 2455 difﬁcultatis.
2057 2400 2215 2454 Multa

668 2484 813 2537 enim
849 2486 1094 2540 dubitare
1121 2491 1401 2556 (egebant,
1430 2503 1608 2544 utrum
1647 2493 1782 2547 idem
1810 2493 1879 2546 sit
1912 2493 1964 2545 in
1994 2502 2218 2563 utraque

669 2574 890 2640 epistola
935 2574 1197 2633 Maximus
1234 2590 1325 2634 :et
1373 2582 1417 2634 si
1452 2580 1613 2648 idem,
1640 2597 1668 2635 a
1704 2582 1933 2638 Maximo
1969 2588 2018 2639 in
2051 2586 2218 2639 histo-

669 2666 750 2721 ria
798 2670 966 2725 sancti
1010 2669 1258 2741 Gregorii
1312 2670 1635 2725 Nazianzeni
1696 2674 1978 2728 decantato
2028 2676 2218 2729 distin-

668 2761 908 2827 guendus
954 2762 1254 2827 videbatur,
1303 2773 1592 2831 propterea
1644 2765 1782 2831 quod
1836 2764 2097 2819 Maximus
2164 2766 2216 2819 in

670 2852 825 2915 epist.
854 2852 925 2904 al.
952 2852 1021 2906 42
1057 2853 1240 2908 Basilii
1289 2868 1354 2908 ex
1381 2854 1542 2908 nobili
1568 2855 1725 2909 domo
1751 2856 1842 2910 sed
1867 2858 2070 2926 gentili,
2096 2873 2219 2926 pro-

668 2944 809 2997 ditor
831 2955 1008 3000 autem
1039 2947 1283 3017 Gregorii
1308 2963 1373 3001 ex
1405 2949 1630 3003 obscura
1656 2992 1670 3017 ,
1700 2950 1793 3005 sed
1820 2959 1995 3004 tamen
2023 2962 2219 3022 marty.

671 3050 760 3087 res
804 3049 1120 3091 numerante
1144 3039 1345 3093 familia
1365 3050 1511 3094 ortus
1538 3042 1813 3096 dicebatur
1839 3044 1934 3112 (τι).
1962 3044 2064 3098 Sed
2096 3060 2215 3097 cum

669 3126 893 3192 epistola
935 3128 1068 3185 alias
1099 3128 1168 3182 62
1223 3132 1275 3183 in
1315 3133 1553 3198 antiquis
1579 3134 1857 3186 codicibus
1899 3135 2219 3189 inscribatur

2398 1937 2499 1991 Sed
2525 1941 2787 2009 praecipue
2815 1940 2972 1995 nobis
2998 1942 3263 1997 reddenda
3284 1944 3440 2007 ratio,
3465 1957 3558 1996 cur
3588 1946 3871 2012 epistolam

2327 2028 2583 2080 decimam
2638 2040 2907 2097 quartam,
2939 2031 3073 2085 alias
3123 2034 3385 2087 decimam
3433 2048 3649 2097 nonam,
3704 2052 3867 2104 quam

2326 2119 2693 2174 Tillemontius
2717 2130 2769 2173 et
2797 2122 2883 2174 alii
2935 2124 3107 2178 critici
3162 2127 3402 2178 omnium
3450 2125 3674 2193 primam
3706 2128 3755 2178 in
3786 2144 3875 2181 se-

2327 2226 2479 2264 cessu
2511 2210 2765 2279 scriptam
2806 2213 3137 2279 existimant,
3172 2215 3345 2269 serius
3398 2216 3741 2270 collocemus.
3774 2218 3873 2272 Vix

2324 2303 2540 2357 dubium
2590 2302 2718 2370 quin
2766 2302 2962 2368 scripta
2998 2304 3066 2355 sit
3109 2303 3386 2370 Caesareae,
3419 2324 3537 2361 cum
3582 2308 3875 2375 Gregorius

2325 2393 2489 2447 frater
2526 2393 2719 2447 Basilio
2753 2393 3063 2460 scripsisset
3110 2394 3245 2448 velle
3266 2413 3323 2449 se
3347 2414 3465 2451 cum
3496 2414 3559 2453 eo
3593 2401 3873 2469 congredi,

2324 2486 2568 2553 idemque
2615 2500 2734 2540 esse
2792 2485 3000 2539 consilii
3061 2484 3317 2555 Gregorio
3355 2487 3706 2547 Nazianzeno.
3735 2492 3873 2547 Tum

2322 2575 2570 2641 Basilius,
2611 2591 2729 2630 eum
2760 2578 2952 2644 partim
2987 2576 3212 2647 negotiis
3267 2591 3628 2644 revocaretur,
3678 2586 3875 2649 partim

2323 2667 2583 2736 GregOrio
2601 2667 2959 2735 Nazianzeno,
2993 2684 3020 2722 a
3063 2685 3168 2739 quo
3196 2670 3352 2725 toties
3398 2670 3647 2739 deceptus
3674 2672 3877 2745 fuerat,

2324 2774 2509 2827 parum
2540 2761 2817 2823 crederet;
2858 2752 3042 2815 scribit
3066 2762 3112 2815 ei
3140 2768 3537 2833 sejexspectare
3559 2779 3662 2819 non
3692 2782 3871 2837 posse,

2324 2864 2386 2902 ac
2412 2848 2714 2903 solitudinis
2739 2866 2847 2904 suae
2875 2853 3169 2920 elegantem
3220 2856 3480 2924 picturam
3510 2868 3633 2913 ante
3684 2860 3872 2917 oculos

2325 2941 2463 2998 illius
2486 2943 2653 3012 ponit.
2692 2941 2841 2997 Facit
2867 2959 2983 2997 cum
3004 2944 3340 3001 Tillemontio
3364 2949 3530 3017 prima
3557 2965 3731 3004 rerum
3753 2966 3877 3021 spe—

2324 3034 2434 3089 cies
2481 3044 2533 3089 et
2575 3036 2811 3104 epistolae
2840 3035 2996 3090 lectio
3040 3053 3143 3091 non
3180 3037 3334 3091 valde
3388 3040 3611 3093 intenta.
3647 3040 3879 3097 Videtur

2323 3126 2465 3178 enim
2500 3126 2729 3181 Basilius
2761 3127 3099 3183 solitudinem
3134 3145 3283 3183 suam
3331 3131 3654 3194 describere.
3698 3144 3755 3188 ut
3796 3138 3876 3191 lo-

672 3218 904 3273 Maximo
939 3221 1284 3287 scholastica,
1311 3223 1445 3275 nihil
1474 3224 1585 3291 jam
1613 3222 1772 3277 oﬂicit
1809 3226 2095 3291 quominus
2120 3226 2219 3279 bla-

2324 3231 2443 3269 cum
2490 3232 2756 3285 nunquam
2794 3219 3051 3290 Gregorio
3080 3224 3272 3275 visum.
3320 3220 3519 3277 Deinde
3572 3239 3700 3280 vero
3727 3231 3877 3295 quod

670 3313 868 3377 ximus,
891 3314 956 3368 ad
987 3330 1142 3383 quem
1178 3319 1300 3370 data
1330 3327 1412 3371 est
1442 3315 1661 3385 epistola
1691 3332 1828 3371 nona
1861 3317 2058 3383 Basilii,
2080 3320 2217 3373 idem

672 3404 743 3457 sit
773 3417 836 3458 ac
870 3402 956 3457 ille
984 3407 1119 3474 apud
1168 3405 1485 3473 Gregorium
1540 3407 1821 3463 Maximus.
1880 3407 2043 3463 Multa
2093 3425 2223 3467 sane

672 3506 1001 3551 concurrunt
1045 3496 1341 3553 simillima.
1378 3497 1521 3552 ldem
1557 3514 1747 3552 nomen
1776 3541 1790 3564 ,
1822 3503 1961 3555 idem
1985 3504 2223 3571 philoso-

674 3584 764 3654 phi
822 3584 1028 3639 titulus.
1082 3586 1343 3642 Maximus
1375 3630 1389 3653 ,
1425 3589 1489 3641 de
1520 3602 1625 3657 quo
1658 3587 1921 3653 Basilius,
1962 3592 2127 3646 civem
2164 3609 2222 3646 se

671 3677 818 3730 orbis
842 3685 1104 3731 terrarum
1130 3676 1349 3731 fecerat.
1380 3676 1525 3731 Idem
1569 3678 1635 3731 de
1665 3693 1762 3732 suo
1801 3678 2029 3734 Maximo
2061 3689 2223 3735 testa-

670 3778 760 3822 tur
780 3768 1070 3840 Gregorius
1100 3770 1174 3841 (p.
1199 3770 1342 3841 411),
1373 3772 1484 3825 Nec
1511 3772 1643 3824 enim
1667 3770 1998 3840 cynicismus,
2026 3771 2220 3840 inquit,

671 3863 876 3931 exiguis
930 3864 1117 3929 ﬁnibus
1165 3865 1521 3918 circumscribi
1574 3867 1813 3919 sustinet.
1874 3863 2024 3920 Unde
2078 3872 2224 3932 patet.

670 3954 941 4009 immerito
990 3956 1231 4023 cynicam
1276 3957 1422 4009 illam
1473 3958 1808 4025 disciplinam
1842 3958 2008 4011 videri
2057 3956 2221 4011 Tille-

672 4044 881 4097 montio
915 4058 1036 4099 cum
1094 4043 1359 4107 laudibus,
1396 4058 1530 4113 quas
1576 4044 1805 4099 Maximo
1833 4046 2017 4099 tribuit
2064 4046 2220 4101 Basi~

671 4134 778 4190 lius
808 4136 885 4205 (p.
915 4135 1065 4207 M2),
1098 4150 1353 4206 pugnare.
1380 4138 1475 4190 J‘it
1514 4138 1673 4193 etiam
1724 4136 2013 4207 Gregorius
2056 4138 2224 4202 Maxi-

673 4242 838 4291 mum,
858 4243 978 4281 cum
1013 4228 1217 4282 videret
1247 4227 1541 4282 solitariam
1575 4231 1738 4283 vitam
1767 4245 1867 4285 nec
1889 4230 2121 4298 propriis
2142 4228 2222 4281 in-

674 4320 973 4400 commodis
1003 4334 1211 4382 carere,
1238 4336 1336 4375 nec
1368 4321 1419 4374 in
1468 4320 1694 4375 aliorum
1728 4322 1987 4393 augendis
2023 4321 2224 4375 incom-

672 4410 849 4465 modis
874 4411 1100 4474 versari,
1128 4412 1383 4466 maluisse
1414 4414 1464 4466 in
1489 4413 1647 4468 rebus
1678 4414 1925 4480 gerendis
1948 4410 2219 4481 occupari,

672 4512 727 4555 et
750 4517 816 4555 ex
846 4502 1051 4557 duobus
1076 4503 1305 4573 egregiis
1351 4502 1472 4556 vitre
1508 4503 1765 4557 institutis
1820 4502 1944 4557 illud
1975 4505 2221 4575 elegisse,

673 4595 812 4662 quod
841 4602 896 4648 et
936 4595 1036 4649 sibi
1073 4605 1125 4649 et
1158 4596 1276 4651 aliis
1306 4595 1546 4668 prodest.
1579 4595 1655 4649 Ex
1678 4598 1871 4666 quibus
1903 4611 2063 4664 supra
2094 4613 2220 4666 pro-

672 4687 917 4743 bavimus
942 4686 1018 4758 (b)
1046 4685 1334 4743 Maximum
1361 4702 1425 4743 ex
1447 4703 1668 4743 numero
1699 4699 2000 4743 ascetarum
2031 4688 2217 4744 fuisse.

671 4778 870 4833 Eadem
921 4794 1142 4849 prorsus
1174 4781 1310 4847 apud
1360 4781 1631 4835 Basiliam.
1666 4779 1803 4834 Nam
1850 4781 1896 4835 si
1930 4780 2091 4847 vobis,
2124 4781 2210 4834 in-

673 4871 811 4938 quit,
832 4872 1058 4925 actuosis
1088 4881 1379 4939 competunt
1402 4873 1577 4940 populi
1605 4884 1652 4926 et
1685 4873 1831 4926 urbes
1858 4912 1874 4938 ,
1903 4874 2087 4944 quibus
2124 4889 2208 4927 re-

675 4971 754 5015 cte
784 4962 924 5029 facta
947 4964 1218 5017 ostenditis
1242 5002 1256 5027 ,
1287 4973 1388 5017 etc.
1424 4964 1607 5019 Exstat
1655 4964 1814 5018 etiam
1863 4965 2032 5019 sancti
2065 4965 2224 5018 Atha-

673 5053 809 5107 nasii
838 5054 1058 5121 epistola
1088 5058 1152 5111 ad
1184 5055 1475 5110 Maximum
1502 5055 1893 5125 philosophum,
1927 5072 2083 5125 quem
2110 5071 2222 5110 san-

672 5154 792 5200 ctus
821 5144 981 5201 Pater
1010 5148 1221 5204 eximiis
1246 5160 1401 5205 ornat
1426 5149 1671 5204 laudibus
1704 5170 1716 5203 :
1750 5164 1849 5202 nec
1878 5149 2222 5220 improbabile

673 5245 757 5290 est
787 5237 1034 5293 eumdem
1066 5255 1209 5303 esse,
1239 5256 1302 5295 ac
1341 5256 1463 5296 eum
1494 5240 1559 5295 de
1587 5254 1691 5307 quo
1719 5239 2005 5310 Gregorius
2030 5256 2093 5296 ac
2120 5239 2219 5293 Ba-

675 5326 852 5381 silius.

746 5410 810 5467 ν.
828 5412 1135 5485 Sequuntur
1154 5419 1267 5474 dua:
1285 5420 1493 5487 littera),
1511 5420 1809 5477 manifestis
1826 5434 2067 5477 secessus
2083 5420 2220 5474 notis

674 5506 919 5578 signatae,
955 5527 1147 5585 nempe
1166 5516 1367 5572 decima
1394 5530 1445 5573 et
1472 5518 1768 5575 undecima.
1805 5518 1857 5573 ln
1893 5518 2061 5586 prima
2094 5516 2215 5571 hor-

749 5751 825 5820 (a)
860 5751 986 5806 Naz.
1007 5770 1086 5807 or.
1113 5757 1200 5809 9.5.

2322 3306 2395 3359 ait
2419 3307 2521 3360 sibi
2573 3308 2904 3375 migrandum
2934 3326 3053 3364 esse
3077 3312 3129 3364 in
3153 3311 3402 3376 Pontum,
3436 3314 3520 3368 ubi
3560 3331 3617 3370 se
3654 3319 3875 3373 tandem

2322 3398 2606 3467 aliquando
2644 3398 2802 3451 linem
2832 3400 3116 3452 oberrandi
3150 3401 3415 3455 facturum
3457 3418 3635 3470 sperat
3668 3425 3681 3473 ;
3714 3423 3877 3464 nemo

2322 3491 2434 3546 fere
2460 3498 2559 3554 est,
2586 3489 2675 3558 qui
2712 3502 2813 3542 non
2847 3490 2958 3542 haec
2988 3489 3221 3545 hominis
3249 3491 3585 3549 solitudinem
3610 3513 3880 3567 appeten-

2320 3582 2409 3647 tis,
2441 3582 2532 3635 sed
2555 3580 2785 3635 nondum
2815 3578 2957 3633 illam
3003 3580 3210 3649 experti
3250 3582 3389 3635 dicta
3425 3599 3542 3639 esse
3574 3599 3745 3653 putet.
3783 3591 3882 3647 liae

2323 3673 2566 3725 notiones
2598 3674 2833 3727 animum
2892 3672 3143 3739 subeunt,
3178 3674 3221 3728 si
3255 3689 3461 3729 summa
3510 3680 3733 3747 vestigia
3785 3699 3880 3738 se-

2322 3778 2567 3832 quamur.
2624 3762 2727 3816 Sed
2780 3765 2822 3816 si
2866 3766 2985 3833 quis
3038 3766 3365 3835 singularum
3407 3783 3581 3823 rerum
3632 3775 3875 3841 pondera

2322 3856 2621 3918 examinet,
2690 3855 2736 3908 is
2784 3854 3021 3922 profecto
3081 3856 3217 3910 hanc
3279 3860 3551 3926 epistolam
3613 3862 3881 3932 intelliget

2321 3964 2425 4003 non
2479 3947 2657 4001 statim
2719 3954 2837 4015 post
2894 3947 3123 4003 reditum
3188 3961 3249 4000 ex
3289 3946 3502 4003 Oriente
3544 3961 3594 4003 et
3639 3952 3877 4022 Aigypto

2322 4042 2574 4107 scriptam
2632 4052 2773 4102 esse,
2799 4037 2890 4093 sed
2948 4037 3150 4108 aliquot
3191 4037 3384 4108 elapsis
3435 4039 3589 4093 annis
3627 4050 3681 4095 et
3726 4055 3880 4111 post-

2321 4148 2481 4203 quam
2509 4130 2797 4197 Gregorius
2830 4132 2881 4186 in
2910 4132 3236 4188 monasterio
3260 4131 3414 4187 Ponti
3442 4132 3753 4203 aliquandiu
3794 4137 3875 4190 vi-

2320 4222 2508 4276 xisset.

2394 4312 2446 4363 1ο
2478 4311 2609 4367 Illud
2643 4319 2789 4365 certo
2830 4322 3059 4380 constat,
3087 4314 3363 4380 Basilium,
3390 4316 3479 4370 ubi
3515 4318 3743 4385 primum
3790 4334 3881 4374 re-

2323 4402 2457 4456 sedit
2480 4404 2529 4457 in
2555 4403 2869 4469 solitudine,
2902 4407 2967 4459 ad
2992 4406 3306 4475 Gregorium
3333 4409 3613 4477 scripsisse
3635 4421 3689 4465 et
3722 4410 3880 4465 loco-

2329 4510 2445 4547 rum
2499 4498 2657 4549 situm
2699 4495 2747 4549 ei
2796 4494 3163 4566 descripsisse.
3223 4498 3357 4554 Huic
3405 4511 3577 4555 autem
3637 4502 3880 4570 epistola:

2328 4585 2467 4640 nulla
2503 4602 2724 4656 prorsus
2754 4597 2928 4642 exstat
2951 4588 3193 4658 Gregorii
3224 4593 3521 4661 responsio.
3560 4591 3709 4657 Quod
3727 4597 3877 4649 enim

2328 4679 2600 4747 respondit
2626 4694 2684 4733 se
2708 4677 2942 4733 locorum
2979 4680 3082 4734 situ
3108 4695 3211 4735 non
3261 4682 3482 4737 multum
3514 4682 3737 4747 moveri,
3771 4669 3878 4739 nisi

2324 4770 2485 4825 etiam
2520 4771 2587 4826 de
2628 4771 2836 4825 vivendi
2869 4785 3063 4842 genere
3092 4772 3289 4841 aliquid
3346 4775 3567 4840 ediscat,
3597 4773 3647 4827 id
3677 4789 3743 4830 ex
3773 4776 3880 4830 Ba-

2324 4861 2435 4918 silii
2467 4862 2706 4933 epistola:
2734 4864 2980 4917 secundae
3009 4862 3159 4918 initio
3180 4864 3454 4929 discimus,
3482 4876 3537 4917 at
3556 4865 3698 4919 nulla
3719 4881 3879 4934 pror-

2322 4968 2415 5010 sus
2453 4953 2507 5007 in
2544 4953 2764 5021 epistola
2832 4954 3070 5021 Gregorii
3126 4954 3333 5025 legitur.
3406 4954 3696 5011 Amisimus
3741 4970 3878 5025 ergo

2326 5047 2469 5117 quod
2511 5046 2803 5117 Gregorius
2843 5046 3040 5102 Basilio
3102 5048 3439 5105 solitudinem
3488 5058 3600 5103 tum
3641 5047 3876 5118 primum

2324 5139 2626 5208 degustanti
2692 5140 3060 5208 rescripserat.
3099 5141 3166 5194 At
3212 5142 3348 5195 idem
3384 5143 3450 5196 de
3495 5141 3598 5195 hac
3650 5141 3877 5210 epistola

2327 5234 2415 5300 η,
2449 5233 2578 5287 olim
2618 5233 2703 5299 l9,
2732 5233 2832 5288 dici
2863 5248 2966 5286 non
3003 5243 3196 5303 potest.
3256 5233 3520 5290 llabcmus
3569 5232 3712 5287 enim
3749 5234 3877 5288 huic

2323 5327 2562 5395 epistola:
2588 5324 3044 5379 accuratissimam
3071 5336 3123 5379 et
3145 5325 3597 5393 elegantissimam
3629 5323 3877 5395 Gregorii

2333 5418 2758 5483 responsionem,
2823 5432 3015 5487 nempe
3077 5420 3351 5487 epistolam
3395 5420 3448 5482 7,
3480 5434 3598 5487 qua:
3648 5416 3874 5486 singulis

2324 5510 2568 5579 epistolae
2594 5509 2777 5564 Basilii
2810 5511 3048 5581 vestigiis
3098 5511 3314 5578 insistit,
3354 5520 3402 5566 et
3456 5509 3670 5578 paribus
3700 5505 3874 5562 verbis

2413 5760 2481 5825 (b)
2522 5759 2648 5824 Cap.
2690 5758 2741 5819 ἄ,
2786 5775 2835 5809 n.
2866 5759 2914 5809 4.
