  <div class='ocr_page' id='page_1' title='image "/cluster/home/n/w/nwhite01/storage/ocr_20150623/29/pst.000005712274/038.png"; bbox 0 0 4068 6320; ppageno 0'>
   <div class='ocr_carea' id='block_1_1' title="bbox 1467 371 2012 431">
    <p class='ocr_par' dir='ltr' id='par_1_1' title="bbox 1467 371 2012 431">
     <span class='ocr_line' id='line_1_1' title="bbox 1467 371 2012 431; baseline -0.004 -1"><span class='ocrx_word' id='word_1_1' title='bbox 1467 375 1616 431; x_wconf 70' lang='grc' dir='ltr'><strong>νιτΑ</strong></span> <span class='ocrx_word' id='word_1_2' title='bbox 1661 372 1716 428; x_wconf 90' lang='lat' dir='ltr'><strong>S.</strong></span> <span class='ocrx_word' id='word_1_3' title='bbox 1754 371 2012 428; x_wconf 82' lang='lat' dir='ltr'><strong>BASILII.</strong></span> 
     </span>
    </p>
   </div>
   <div class='ocr_carea' id='block_1_2' title="bbox 3223 374 3352 414">
    <p class='ocr_par' dir='ltr' id='par_1_2' title="bbox 3223 374 3352 414">
     <span class='ocr_line' id='line_1_2' title="bbox 3223 374 3352 414; baseline -0.023 0"><span class='ocrx_word' id='word_1_4' title='bbox 3223 374 3352 414; x_wconf 64' lang='lat' dir='ltr'><strong>XXII</strong></span> 
     </span>
    </p>
   </div>
   <div class='ocr_carea' id='block_1_3' title="bbox 165 475 3351 568">
    <p class='ocr_par' dir='ltr' id='par_1_3' title="bbox 165 475 3351 568">
     <span class='ocr_line' id='line_1_3' title="bbox 165 475 3351 568; baseline -0.008 -16"><span class='ocrx_word' id='word_1_5' title='bbox 165 497 293 566; x_wconf 81' lang='lat' dir='ltr'><strong>paria</strong></span> <span class='ocrx_word' id='word_1_6' title='bbox 321 495 584 564; x_wconf 87' lang='lat' dir='ltr'><strong>rependit.</strong></span> <span class='ocrx_word' id='word_1_7' title='bbox 648 493 1034 568; x_wconf 86' lang='lat' dir='ltr'><strong>Distinguenda</strong></span> <span class='ocrx_word' id='word_1_8' title='bbox 1069 507 1196 562; x_wconf 88' lang='lat' dir='ltr'><strong>ergo</strong></span> <span class='ocrx_word' id='word_1_9' title='bbox 1239 493 1354 547; x_wconf 74' lang='lat' dir='ltr'><strong>lucc</strong></span> <span class='ocrx_word' id='word_1_10' title='bbox 1378 492 1596 561; x_wconf 85' lang='lat' dir='ltr'><strong>epistola</strong></span> <span class='ocrx_word' id='word_1_11' title='bbox 1627 487 1692 540; x_wconf 66' lang='grc'><strong>14</strong></span> <span class='ocrx_word' id='word_1_12' title='bbox 1721 490 1766 544; x_wconf 81' lang='grc' dir='ltr'>Α</span> <span class='ocrx_word' id='word_1_13' title='bbox 1807 487 2082 556; x_wconf 73' lang='lat' dir='ltr'><strong>concipias,</strong></span> <span class='ocrx_word' id='word_1_14' title='bbox 2123 493 2318 552; x_wconf 84' lang='lat' dir='ltr'><strong>quanto</strong></span> <span class='ocrx_word' id='word_1_15' title='bbox 2349 483 2515 555; x_wconf 89' lang='lat' dir='ltr'><strong>magis</strong></span> <span class='ocrx_word' id='word_1_16' title='bbox 2548 496 2640 536; x_wconf 89' lang='lat' dir='ltr'><strong>nos</strong></span> <span class='ocrx_word' id='word_1_17' title='bbox 2661 496 2726 535; x_wconf 84' lang='lat' dir='ltr'><strong>ea:</strong></span> <span class='ocrx_word' id='word_1_18' title='bbox 2763 479 2889 551; x_wconf 84' lang='lat' dir='ltr'><strong>ipsis</strong></span> <span class='ocrx_word' id='word_1_19' title='bbox 2923 475 3112 530; x_wconf 81' lang='lat' dir='ltr'><strong>rebus?</strong></span> <span class='ocrx_word' id='word_1_20' title='bbox 3135 476 3206 528; x_wconf 82' lang='lat' dir='ltr'><strong>Ac</strong></span> <span class='ocrx_word' id='word_1_21' title='bbox 3235 491 3351 528; x_wconf 86' lang='lat' dir='ltr'><strong>ma-</strong></span> 
     </span>
    </p>
   </div>
   <div class='ocr_carea' id='block_1_4' title="bbox 160 583 1688 659">
    <p class='ocr_par' dir='ltr' id='par_1_4' title="bbox 160 583 1688 659">
     <span class='ocr_line' id='line_1_4' title="bbox 160 583 1688 659; baseline -0.005 -13"><span class='ocrx_word' id='word_1_22' title='bbox 160 594 218 646; x_wconf 88' lang='lat' dir='ltr'><strong>ab</strong></span> <span class='ocrx_word' id='word_1_23' title='bbox 242 607 294 645; x_wconf 90' lang='lat' dir='ltr'><strong>ea</strong></span> <span class='ocrx_word' id='word_1_24' title='bbox 319 605 471 658; x_wconf 88' lang='lat' dir='ltr'><strong>quam</strong></span> <span class='ocrx_word' id='word_1_25' title='bbox 507 591 665 648; x_wconf 90' lang='lat' dir='ltr'><strong>initio</strong></span> <span class='ocrx_word' id='word_1_26' title='bbox 710 606 954 649; x_wconf 83' lang='lat' dir='ltr'><strong>secessus</strong></span> <span class='ocrx_word' id='word_1_27' title='bbox 996 588 1248 659; x_wconf 73' lang='lat' dir='ltr'><strong>scriptam</strong></span> <span class='ocrx_word' id='word_1_28' title='bbox 1280 601 1381 639; x_wconf 88' lang='lat' dir='ltr'><strong>una</strong></span> <span class='ocrx_word' id='word_1_29' title='bbox 1413 602 1530 643; x_wconf 86' lang='lat' dir='ltr'><strong>cum</strong></span> <span class='ocrx_word' id='word_1_30' title='bbox 1557 583 1688 638; x_wconf 83' lang='lat' dir='ltr'><strong>Gre-</strong></span> 
     </span>
    </p>
   </div>
   <div class='ocr_carea' id='block_1_5' title="bbox 163 683 882 754">
    <p class='ocr_par' dir='ltr' id='par_1_5' title="bbox 163 683 882 754">
     <span class='ocr_line' id='line_1_5' title="bbox 163 683 882 754; baseline 0.001 -18"><span class='ocrx_word' id='word_1_31' title='bbox 163 683 276 754; x_wconf 85' lang='lat' dir='ltr'><strong>gorii</strong></span> <span class='ocrx_word' id='word_1_32' title='bbox 307 696 559 750; x_wconf 89' lang='lat' dir='ltr'><strong>responso</strong></span> <span class='ocrx_word' id='word_1_33' title='bbox 580 686 882 740; x_wconf 88' lang='lat' dir='ltr'><strong>amisimus.</strong></span> 
     </span>
    </p>
   </div>
   <div class='ocr_carea' id='block_1_6' title="bbox 217 772 1685 848">
    <p class='ocr_par' dir='ltr' id='par_1_6' title="bbox 217 772 1685 848">
     <span class='ocr_line' id='line_1_6' title="bbox 217 772 1685 848; baseline -0.004 -17"><span class='ocrx_word' id='word_1_34' title='bbox 217 775 266 828; x_wconf 69' lang='grc' dir='ltr'><strong>ευ</strong></span> <span class='ocrx_word' id='word_1_35' title='bbox 299 774 625 848; x_wconf 86' lang='lat' dir='ltr'><strong>Perspicitur</strong></span> <span class='ocrx_word' id='word_1_36' title='bbox 661 793 724 830; x_wconf 76' lang='lat' dir='ltr'><strong>es</strong></span> <span class='ocrx_word' id='word_1_37' title='bbox 757 776 999 844; x_wconf 83' lang='lat' dir='ltr'><strong>Gregorii</strong></span> <span class='ocrx_word' id='word_1_38' title='bbox 1037 774 1259 848; x_wconf 89' lang='lat' dir='ltr'><strong>epistola</strong></span> <span class='ocrx_word' id='word_1_39' title='bbox 1307 775 1361 838; x_wconf 88' lang='grc'><strong>7,</strong></span> <span class='ocrx_word' id='word_1_40' title='bbox 1409 790 1530 829; x_wconf 91' lang='lat' dir='ltr'><strong>eum</strong></span> <span class='ocrx_word' id='word_1_41' title='bbox 1577 772 1685 838; x_wconf 89' lang='lat' dir='ltr'><strong>jam</strong></span> 
     </span>
    </p>
   </div>
   <div class='ocr_carea' id='block_1_7' title="bbox 160 867 1689 933">
    <p class='ocr_par' dir='ltr' id='par_1_7' title="bbox 160 867 1689 933">
     <span class='ocr_line' id='line_1_7' title="bbox 160 867 1689 933; baseline -0.001 -11"><span class='ocrx_word' id='word_1_42' title='bbox 160 869 210 922; x_wconf 93' lang='lat' dir='ltr'><strong>in</strong></span> <span class='ocrx_word' id='word_1_43' title='bbox 236 868 504 926; x_wconf 88' lang='lat' dir='ltr'><strong>solitudine</strong></span> <span class='ocrx_word' id='word_1_44' title='bbox 552 870 733 922; x_wconf 83' lang='lat' dir='ltr'><strong>Basilii</strong></span> <span class='ocrx_word' id='word_1_45' title='bbox 769 883 1156 925; x_wconf 88' lang='lat' dir='ltr'><strong>commoratum</strong></span> <span class='ocrx_word' id='word_1_46' title='bbox 1200 868 1382 933; x_wconf 80' lang='lat' dir='ltr'><strong>fuisse,</strong></span> <span class='ocrx_word' id='word_1_47' title='bbox 1406 885 1527 925; x_wconf 92' lang='lat' dir='ltr'><strong>cum</strong></span> <span class='ocrx_word' id='word_1_48' title='bbox 1576 867 1689 920; x_wconf 71' lang='lat' dir='ltr'><strong>bazc</strong></span> 
     </span>
    </p>
   </div>
   <div class='ocr_carea' id='block_1_8' title="bbox 160 957 1691 1030">
    <p class='ocr_par' dir='ltr' id='par_1_8' title="bbox 160 957 1691 1030">
     <span class='ocr_line' id='line_1_8' title="bbox 160 957 1691 1030; baseline -0.002 -15"><span class='ocrx_word' id='word_1_49' title='bbox 160 963 284 1016; x_wconf 89' lang='lat' dir='ltr'><strong>inter</strong></span> <span class='ocrx_word' id='word_1_50' title='bbox 323 976 605 1030; x_wconf 91' lang='lat' dir='ltr'><strong>utrumque</strong></span> <span class='ocrx_word' id='word_1_51' title='bbox 641 963 1025 1017; x_wconf 68' lang='lat' dir='ltr'><strong>scriberentur.</strong></span> <span class='ocrx_word' id='word_1_52' title='bbox 1088 961 1369 1028; x_wconf 84' lang='lat' dir='ltr'><strong>Postquam</strong></span> <span class='ocrx_word' id='word_1_53' title='bbox 1419 962 1560 1016; x_wconf 90' lang='lat' dir='ltr'><strong>enim</strong></span> <span class='ocrx_word' id='word_1_54' title='bbox 1611 957 1691 1012; x_wconf 78' lang='lat' dir='ltr'><strong>le-</strong></span> 
     </span>
    </p>
   </div>
   <div class='ocr_carea' id='block_1_9' title="bbox 161 1052 1690 1124">
    <p class='ocr_par' dir='ltr' id='par_1_9' title="bbox 161 1052 1690 1124">
     <span class='ocr_line' id='line_1_9' title="bbox 161 1052 1690 1124; baseline 0.001 -17"><span class='ocrx_word' id='word_1_55' title='bbox 161 1055 278 1109; x_wconf 79' lang='lat' dir='ltr'><strong>stive</strong></span> <span class='ocrx_word' id='word_1_56' title='bbox 297 1058 500 1124; x_wconf 86' lang='lat' dir='ltr'><strong>jocatus</strong></span> <span class='ocrx_word' id='word_1_57' title='bbox 517 1063 599 1105; x_wconf 88' lang='lat' dir='ltr'><strong>est</strong></span> <span class='ocrx_word' id='word_1_58' title='bbox 620 1053 669 1107; x_wconf 90' lang='lat' dir='ltr'><strong>in</strong></span> <span class='ocrx_word' id='word_1_59' title='bbox 698 1053 947 1110; x_wconf 89' lang='lat' dir='ltr'><strong>Ponticas</strong></span> <span class='ocrx_word' id='word_1_60' title='bbox 979 1052 1244 1116; x_wconf 79' lang='lat' dir='ltr'><strong>tenebras,</strong></span> <span class='ocrx_word' id='word_1_61' title='bbox 1278 1055 1328 1109; x_wconf 92' lang='lat' dir='ltr'><strong>in</strong></span> <span class='ocrx_word' id='word_1_62' title='bbox 1366 1056 1523 1110; x_wconf 90' lang='lat' dir='ltr'><strong>situtn</strong></span> <span class='ocrx_word' id='word_1_63' title='bbox 1551 1052 1690 1108; x_wconf 89' lang='lat' dir='ltr'><strong>illius</strong></span> 
     </span>
    </p>
   </div>
   <div class='ocr_carea' id='block_1_10' title="bbox 162 1143 1688 1214">
    <p class='ocr_par' dir='ltr' id='par_1_10' title="bbox 162 1143 1688 1214">
     <span class='ocr_line' id='line_1_10' title="bbox 162 1143 1688 1214; baseline 0 -15"><span class='ocrx_word' id='word_1_64' title='bbox 162 1147 460 1208; x_wconf 86' lang='lat' dir='ltr'><strong>solitudinis,</strong></span> <span class='ocrx_word' id='word_1_65' title='bbox 492 1160 652 1214; x_wconf 89' lang='lat' dir='ltr'><strong>quam</strong></span> <span class='ocrx_word' id='word_1_66' title='bbox 687 1147 916 1200; x_wconf 79' lang='lat' dir='ltr'><strong>Basilius</strong></span> <span class='ocrx_word' id='word_1_67' title='bbox 963 1161 1101 1213; x_wconf 84' lang='lat' dir='ltr'><strong>pene</strong></span> <span class='ocrx_word' id='word_1_68' title='bbox 1135 1143 1359 1200; x_wconf 83' lang='lat' dir='ltr'><strong>insulam</strong></span> <span class='ocrx_word' id='word_1_69' title='bbox 1389 1161 1507 1199; x_wconf 86' lang='lat' dir='ltr'><strong>esse</strong></span> <span class='ocrx_word' id='word_1_70' title='bbox 1541 1145 1688 1199; x_wconf 73' lang='lat' dir='ltr'><strong>dixe-</strong></span> 
     </span>
    </p>
   </div>
   <div class='ocr_carea' id='block_1_11' title="bbox 160 1235 1689 1307">
    <p class='ocr_par' dir='ltr' id='par_1_11' title="bbox 160 1235 1689 1307">
     <span class='ocr_line' id='line_1_11' title="bbox 160 1235 1689 1307; baseline 0 -16"><span class='ocrx_word' id='word_1_71' title='bbox 160 1252 254 1303; x_wconf 80' lang='lat' dir='ltr'><strong>rat,</strong></span> <span class='ocrx_word' id='word_1_72' title='bbox 277 1250 325 1290; x_wconf 88' lang='lat' dir='ltr'><strong>et</strong></span> <span class='ocrx_word' id='word_1_73' title='bbox 351 1238 400 1288; x_wconf 89' lang='lat' dir='ltr'><strong>itt</strong></span> <span class='ocrx_word' id='word_1_74' title='bbox 431 1235 646 1292; x_wconf 83' lang='lat' dir='ltr'><strong>ﬂuvium</strong></span> <span class='ocrx_word' id='word_1_75' title='bbox 687 1255 847 1306; x_wconf 81' lang='lat' dir='ltr'><strong>quem</strong></span> <span class='ocrx_word' id='word_1_76' title='bbox 879 1253 998 1290; x_wconf 92' lang='lat' dir='ltr'><strong>cum</strong></span> <span class='ocrx_word' id='word_1_77' title='bbox 1035 1239 1314 1307; x_wconf 83' lang='lat' dir='ltr'><strong>Strymone</strong></span> <span class='ocrx_word' id='word_1_78' title='bbox 1342 1253 1689 1306; x_wconf 81' lang='lat' dir='ltr'><strong>comparave-</strong></span> 
     </span>
    </p>
   </div>
   <div class='ocr_carea' id='block_1_12' title="bbox 160 1325 1689 1400">
    <p class='ocr_par' dir='ltr' id='par_1_12' title="bbox 160 1325 1689 1400">
     <span class='ocr_line' id='line_1_12' title="bbox 160 1325 1689 1400; baseline 0 -18"><span class='ocrx_word' id='word_1_79' title='bbox 160 1343 259 1394; x_wconf 85' lang='lat' dir='ltr'><strong>rat;</strong></span> <span class='ocrx_word' id='word_1_80' title='bbox 284 1340 386 1381; x_wconf 86' lang='lat' dir='ltr'><strong>tum</strong></span> <span class='ocrx_word' id='word_1_81' title='bbox 415 1344 540 1384; x_wconf 74' lang='lat' dir='ltr'><strong>vero</strong></span> <span class='ocrx_word' id='word_1_82' title='bbox 579 1333 687 1384; x_wconf 86' lang='lat' dir='ltr'><strong>ait:</strong></span> <span class='ocrx_word' id='word_1_83' title='bbox 730 1331 794 1380; x_wconf 65' lang='grc' dir='ltr'><strong>*Α</strong></span> <span class='ocrx_word' id='word_1_84' title='bbox 826 1329 922 1399; x_wconf 80' lang='grc' dir='ltr'><strong>μὲν</strong></span> <span class='ocrx_word' id='word_1_85' title='bbox 963 1325 1053 1382; x_wconf 71' lang='grc' dir='ltr'><strong>οὖν</strong></span> <span class='ocrx_word' id='word_1_86' title='bbox 1095 1331 1252 1400; x_wconf 82' lang='grc' dir='ltr'>ἡμεῖς</span> <span class='ocrx_word' id='word_1_87' title='bbox 1283 1330 1537 1400; x_wconf 74' lang='grc' dir='ltr'>σύνισμεν</span> <span class='ocrx_word' id='word_1_88' title='bbox 1573 1332 1689 1393; x_wconf 77' lang='grc' dir='ltr'><strong>ταῖς</strong></span> 
     </span>
    </p>
   </div>
   <div class='ocr_carea' id='block_1_13' title="bbox 159 1418 1691 1489">
    <p class='ocr_par' dir='ltr' id='par_1_13' title="bbox 159 1418 1691 1489">
     <span class='ocr_line' id='line_1_13' title="bbox 159 1418 1691 1489; baseline 0.003 -20"><span class='ocrx_word' id='word_1_89' title='bbox 159 1419 252 1469; x_wconf 75' lang='grc' dir='ltr'><strong>τῶν</strong></span> <span class='ocrx_word' id='word_1_90' title='bbox 287 1418 539 1489; x_wconf 72' lang='grc' dir='ltr'><strong>μακάρων</strong></span> <span class='ocrx_word' id='word_1_91' title='bbox 596 1421 778 1488; x_wconf 73' lang='grc' dir='ltr'><strong>νήσοις</strong></span> <span class='ocrx_word' id='word_1_92' title='bbox 831 1421 1121 1482; x_wconf 77' lang='grc' dir='ltr'><strong>ταύταις...</strong></span> <span class='ocrx_word' id='word_1_93' title='bbox 1153 1422 1324 1476; x_wconf 76' lang='grc' dir='ltr'><strong>ταῦτά</strong></span> <span class='ocrx_word' id='word_1_94' title='bbox 1381 1423 1516 1472; x_wconf 73' lang='grc' dir='ltr'><strong>ἐστι.</strong></span> <span class='ocrx_word' id='word_1_95' title='bbox 1560 1419 1691 1483; x_wconf 74' lang='lat' dir='ltr'><strong>Qua:</strong></span> 
     </span>
    </p>
   </div>
   <div class='ocr_carea' id='block_1_14' title="bbox 160 1510 1689 1580">
    <p class='ocr_par' dir='ltr' id='par_1_14' title="bbox 160 1510 1689 1580">
     <span class='ocr_line' id='line_1_14' title="bbox 160 1510 1689 1580; baseline 0.003 -20"><span class='ocrx_word' id='word_1_96' title='bbox 160 1510 302 1574; x_wconf 82' lang='lat' dir='ltr'><strong>igitur</strong></span> <span class='ocrx_word' id='word_1_97' title='bbox 344 1511 532 1564; x_wconf 87' lang='lat' dir='ltr'><strong>scimus</strong></span> <span class='ocrx_word' id='word_1_98' title='bbox 575 1510 637 1563; x_wconf 89' lang='lat' dir='ltr'><strong>de</strong></span> <span class='ocrx_word' id='word_1_99' title='bbox 682 1511 788 1565; x_wconf 93' lang='lat' dir='ltr'><strong>illis</strong></span> <span class='ocrx_word' id='word_1_100' title='bbox 830 1514 1218 1580; x_wconf 79' lang='lat' dir='ltr'><strong>fortunatorum</strong></span> <span class='ocrx_word' id='word_1_101' title='bbox 1273 1513 1528 1564; x_wconf 78' lang='lat' dir='ltr'><strong>insulis...</strong></span> <span class='ocrx_word' id='word_1_102' title='bbox 1582 1512 1689 1565; x_wconf 78' lang='lat' dir='ltr'><strong>lucc</strong></span> 
     </span>
    </p>
   </div>
   <div class='ocr_carea' id='block_1_15' title="bbox 162 1601 1690 1671">
    <p class='ocr_par' dir='ltr' id='par_1_15' title="bbox 162 1601 1690 1671">
     <span class='ocr_line' id='line_1_15' title="bbox 162 1601 1690 1671; baseline 0.005 -22"><span class='ocrx_word' id='word_1_103' title='bbox 162 1611 284 1656; x_wconf 82' lang='lat' dir='ltr'><strong>sunt.</strong></span> <span class='ocrx_word' id='word_1_104' title='bbox 312 1601 425 1656; x_wconf 81' lang='lat' dir='ltr'><strong>lam</strong></span> <span class='ocrx_word' id='word_1_105' title='bbox 473 1616 603 1670; x_wconf 86' lang='lat' dir='ltr'><strong>ergo</strong></span> <span class='ocrx_word' id='word_1_106' title='bbox 641 1601 894 1657; x_wconf 81' lang='lat' dir='ltr'><strong>Basiliam</strong></span> <span class='ocrx_word' id='word_1_107' title='bbox 931 1603 1188 1657; x_wconf 85' lang='lat' dir='ltr'><strong>inviserat</strong></span> <span class='ocrx_word' id='word_1_108' title='bbox 1241 1602 1552 1671; x_wconf 78' lang='lat' dir='ltr'><strong>Gregorius,</strong></span> <span class='ocrx_word' id='word_1_109' title='bbox 1592 1619 1690 1657; x_wconf 88' lang='lat' dir='ltr'><strong>nec</strong></span> 
     </span>
    </p>
   </div>
   <div class='ocr_carea' id='block_1_16' title="bbox 161 1692 1688 1762">
    <p class='ocr_par' dir='ltr' id='par_1_16' title="bbox 161 1692 1688 1762">
     <span class='ocr_line' id='line_1_16' title="bbox 161 1692 1688 1762; baseline 0.002 -19"><span class='ocrx_word' id='word_1_110' title='bbox 161 1693 426 1762; x_wconf 85' lang='lat' dir='ltr'><strong>quidquam</strong></span> <span class='ocrx_word' id='word_1_111' title='bbox 477 1692 710 1756; x_wconf 87' lang='lat' dir='ltr'><strong>dicebat,</strong></span> <span class='ocrx_word' id='word_1_112' title='bbox 749 1694 890 1762; x_wconf 88' lang='lat' dir='ltr'><strong>quod</strong></span> <span class='ocrx_word' id='word_1_113' title='bbox 922 1710 1024 1746; x_wconf 89' lang='lat' dir='ltr'><strong>non</strong></span> <span class='ocrx_word' id='word_1_114' title='bbox 1057 1697 1329 1748; x_wconf 87' lang='lat' dir='ltr'><strong>oculorum</strong></span> <span class='ocrx_word' id='word_1_115' title='bbox 1381 1694 1688 1747; x_wconf 87' lang='lat' dir='ltr'><strong>testimonio</strong></span> 
     </span>
    </p>
   </div>
   <div class='ocr_carea' id='block_1_17' title="bbox 160 1783 1689 1852">
    <p class='ocr_par' dir='ltr' id='par_1_17' title="bbox 160 1783 1689 1852">
     <span class='ocr_line' id='line_1_17' title="bbox 160 1783 1689 1852; baseline 0.001 -16"><span class='ocrx_word' id='word_1_116' title='bbox 160 1786 406 1852; x_wconf 83' lang='lat' dir='ltr'><strong>cognitum</strong></span> <span class='ocrx_word' id='word_1_117' title='bbox 464 1783 706 1849; x_wconf 80' lang='lat' dir='ltr'><strong>haberet,</strong></span> <span class='ocrx_word' id='word_1_118' title='bbox 759 1796 815 1838; x_wconf 90' lang='lat' dir='ltr'><strong>ut</strong></span> <span class='ocrx_word' id='word_1_119' title='bbox 872 1786 1107 1840; x_wconf 78' lang='lat' dir='ltr'><strong>declarat</strong></span> <span class='ocrx_word' id='word_1_120' title='bbox 1144 1801 1243 1838; x_wconf 78' lang='lat' dir='ltr'><strong>vox</strong></span> <span class='ocrx_word' id='word_1_121' title='bbox 1277 1784 1459 1840; x_wconf 71' lang='lat' dir='ltr'><strong>Grmca</strong></span> <span class='ocrx_word' id='word_1_122' title='bbox 1506 1787 1689 1839; x_wconf 83' lang='grc' dir='ltr'><strong>σύνισ-</strong></span> 
     </span>
    </p>
   </div>
   <div class='ocr_carea' id='block_1_18' title="bbox 162 1874 1691 1946">
    <p class='ocr_par' dir='ltr' id='par_1_18' title="bbox 162 1874 1691 1946">
     <span class='ocr_line' id='line_1_18' title="bbox 162 1874 1691 1946; baseline 0 -19"><span class='ocrx_word' id='word_1_123' title='bbox 162 1893 261 1944; x_wconf 83' lang='grc' dir='ltr'><strong>μεν.</strong></span> <span class='ocrx_word' id='word_1_124' title='bbox 297 1874 450 1926; x_wconf 87' lang='lat' dir='ltr'><strong>Certe</strong></span> <span class='ocrx_word' id='word_1_125' title='bbox 475 1874 772 1946; x_wconf 78' lang='lat' dir='ltr'><strong>Gregorius</strong></span> <span class='ocrx_word' id='word_1_126' title='bbox 799 1874 978 1929; x_wconf 85' lang='lat' dir='ltr'><strong>Basilii</strong></span> <span class='ocrx_word' id='word_1_127' title='bbox 1010 1875 1347 1929; x_wconf 86' lang='lat' dir='ltr'><strong>solitudinem</strong></span> <span class='ocrx_word' id='word_1_128' title='bbox 1370 1874 1691 1942; x_wconf 84' lang='lat' dir='ltr'><strong>sicjocando</strong></span> 
     </span>
    </p>
   </div>
   <div class='ocr_carea' id='block_1_19' title="bbox 158 1965 1686 2038">
    <p class='ocr_par' dir='ltr' id='par_1_19' title="bbox 158 1965 1686 2038">
     <span class='ocr_line' id='line_1_19' title="bbox 158 1965 1686 2038; baseline 0.001 -21"><span class='ocrx_word' id='word_1_129' title='bbox 158 1965 413 2031; x_wconf 83' lang='lat' dir='ltr'><strong>describit,</strong></span> <span class='ocrx_word' id='word_1_130' title='bbox 448 1977 507 2020; x_wconf 93' lang='lat' dir='ltr'><strong>ut</strong></span> <span class='ocrx_word' id='word_1_131' title='bbox 539 1984 658 2022; x_wconf 90' lang='lat' dir='ltr'><strong>eum</strong></span> <span class='ocrx_word' id='word_1_132' title='bbox 705 1967 773 2020; x_wconf 93' lang='lat' dir='ltr'><strong>ibi</strong></span> <span class='ocrx_word' id='word_1_133' title='bbox 821 1967 930 2036; x_wconf 87' lang='lat' dir='ltr'><strong>jam</strong></span> <span class='ocrx_word' id='word_1_134' title='bbox 987 1981 1246 2022; x_wconf 88' lang='lat' dir='ltr'><strong>moratum</strong></span> <span class='ocrx_word' id='word_1_135' title='bbox 1298 1984 1417 2024; x_wconf 90' lang='lat' dir='ltr'><strong>esse</strong></span> <span class='ocrx_word' id='word_1_136' title='bbox 1468 1970 1686 2038; x_wconf 80' lang='lat' dir='ltr'><strong>liqueat.</strong></span> 
     </span>
    </p>
   </div>
   <div class='ocr_carea' id='block_1_20' title="bbox 160 2060 1692 2132">
    <p class='ocr_par' dir='ltr' id='par_1_20' title="bbox 160 2060 1692 2132">
     <span class='ocr_line' id='line_1_20' title="bbox 160 2060 1692 2132; baseline 0.002 -19"><span class='ocrx_word' id='word_1_137' title='bbox 160 2060 249 2113; x_wconf 79' lang='lat' dir='ltr'><strong>Sed</strong></span> <span class='ocrx_word' id='word_1_138' title='bbox 275 2060 408 2127; x_wconf 90' lang='lat' dir='ltr'><strong>quod</strong></span> <span class='ocrx_word' id='word_1_139' title='bbox 445 2077 558 2115; x_wconf 91' lang='lat' dir='ltr'><strong>rem</strong></span> <span class='ocrx_word' id='word_1_140' title='bbox 607 2075 936 2132; x_wconf 77' lang='lat' dir='ltr'><strong>causamque</strong></span> <span class='ocrx_word' id='word_1_141' title='bbox 972 2065 1203 2117; x_wconf 82' lang='lat' dir='ltr'><strong>maxime</strong></span> <span class='ocrx_word' id='word_1_142' title='bbox 1249 2065 1510 2124; x_wconf 86' lang='lat' dir='ltr'><strong>continet,</strong></span> <span class='ocrx_word' id='word_1_143' title='bbox 1544 2073 1692 2130; x_wconf 84' lang='lat' dir='ltr'><strong>post-</strong></span> 
     </span>
    </p>
   </div>
   <div class='ocr_carea' id='block_1_21' title="bbox 155 2155 1690 2225">
    <p class='ocr_par' dir='ltr' id='par_1_21' title="bbox 155 2155 1690 2225">
     <span class='ocr_line' id='line_1_21' title="bbox 155 2155 1690 2225; baseline 0.005 -23"><span class='ocrx_word' id='word_1_144' title='bbox 155 2169 294 2222; x_wconf 88' lang='lat' dir='ltr'><strong>quam</strong></span> <span class='ocrx_word' id='word_1_145' title='bbox 325 2165 450 2207; x_wconf 84' lang='lat' dir='ltr'><strong>satts</strong></span> <span class='ocrx_word' id='word_1_146' title='bbox 478 2155 688 2223; x_wconf 87' lang='lat' dir='ltr'><strong>jocalos</strong></span> <span class='ocrx_word' id='word_1_147' title='bbox 739 2167 839 2216; x_wconf 87' lang='lat' dir='ltr'><strong>est,</strong></span> <span class='ocrx_word' id='word_1_148' title='bbox 872 2158 946 2210; x_wconf 89' lang='lat' dir='ltr'><strong>ait</strong></span> <span class='ocrx_word' id='word_1_149' title='bbox 979 2175 991 2210; x_wconf 93' lang='lat'>:</span> <span class='ocrx_word' id='word_1_150' title='bbox 1033 2156 1108 2209; x_wconf 88' lang='lat' dir='ltr'><strong>Tu</strong></span> <span class='ocrx_word' id='word_1_151' title='bbox 1161 2166 1365 2218; x_wconf 79' lang='lat' dir='ltr'><strong>autent,</strong></span> <span class='ocrx_word' id='word_1_152' title='bbox 1435 2156 1690 2225; x_wconf 81' lang='lat' dir='ltr'><strong>siquidem</strong></span> 
     </span>
    </p>
   </div>
   <div class='ocr_carea' id='block_1_22' title="bbox 155 2244 1688 2316">
    <p class='ocr_par' dir='ltr' id='par_1_22' title="bbox 155 2244 1688 2316">
     <span class='ocr_line' id='line_1_22' title="bbox 155 2244 1688 2316; baseline 0.006 -22"><span class='ocrx_word' id='word_1_153' title='bbox 155 2245 231 2296; x_wconf 82' lang='lat' dir='ltr'><strong>hos</strong></span> <span class='ocrx_word' id='word_1_154' title='bbox 253 2244 391 2312; x_wconf 86' lang='lat' dir='ltr'><strong>jocos</strong></span> <span class='ocrx_word' id='word_1_155' title='bbox 426 2263 570 2316; x_wconf 69' lang='lat' dir='ltr'><strong>azquo</strong></span> <span class='ocrx_word' id='word_1_156' title='bbox 597 2251 766 2301; x_wconf 88' lang='lat' dir='ltr'><strong>animo</strong></span> <span class='ocrx_word' id='word_1_157' title='bbox 801 2251 957 2316; x_wconf 87' lang='lat' dir='ltr'><strong>feras,</strong></span> <span class='ocrx_word' id='word_1_158' title='bbox 1000 2257 1133 2300; x_wconf 83' lang='lat' dir='ltr'><strong>recte</strong></span> <span class='ocrx_word' id='word_1_159' title='bbox 1159 2247 1337 2315; x_wconf 79' lang='lat' dir='ltr'><strong>feceris</strong></span> <span class='ocrx_word' id='word_1_160' title='bbox 1363 2265 1382 2312; x_wconf 88' lang='lat'><strong><em>;</em></strong></span> <span class='ocrx_word' id='word_1_161' title='bbox 1409 2248 1488 2301; x_wconf 88' lang='lat' dir='ltr'><strong>sin</strong></span> <span class='ocrx_word' id='word_1_162' title='bbox 1521 2267 1688 2314; x_wconf 83' lang='lat' dir='ltr'><strong>secus,</strong></span> 
     </span>
    </p>
   </div>
   <div class='ocr_carea' id='block_1_23' title="bbox 155 2333 1688 2411">
    <p class='ocr_par' dir='ltr' id='par_1_23' title="bbox 155 2333 1688 2411">
     <span class='ocr_line' id='line_1_23' title="bbox 155 2333 1688 2411; baseline 0.005 -26"><span class='ocrx_word' id='word_1_163' title='bbox 155 2333 288 2400; x_wconf 78' lang='lat' dir='ltr'><strong>plura</strong></span> <span class='ocrx_word' id='word_1_164' title='bbox 330 2355 529 2409; x_wconf 88' lang='lat' dir='ltr'><strong>quoque</strong></span> <span class='ocrx_word' id='word_1_165' title='bbox 587 2341 951 2408; x_wconf 84' lang='lat' dir='ltr'><strong>adjungemus.</strong></span> <span class='ocrx_word' id='word_1_166' title='bbox 981 2339 1112 2393; x_wconf 89' lang='lat' dir='ltr'><strong>Cum</strong></span> <span class='ocrx_word' id='word_1_167' title='bbox 1164 2338 1390 2394; x_wconf 85' lang='lat' dir='ltr'><strong>Basilius</strong></span> <span class='ocrx_word' id='word_1_168' title='bbox 1447 2340 1688 2411; x_wconf 80' lang='lat' dir='ltr'><strong>Gregorii</strong></span> 
     </span>
    </p>
   </div>
   <div class='ocr_carea' id='block_1_24' title="bbox 151 2429 1691 2501">
    <p class='ocr_par' dir='ltr' id='par_1_24' title="bbox 151 2429 1691 2501">
     <span class='ocr_line' id='line_1_24' title="bbox 151 2429 1691 2501; baseline 0.002 -19"><span class='ocrx_word' id='word_1_169' title='bbox 151 2429 376 2496; x_wconf 90' lang='lat' dir='ltr'><strong>jocos,ut</strong></span> <span class='ocrx_word' id='word_1_170' title='bbox 399 2448 497 2500; x_wconf 89' lang='lat' dir='ltr'><strong>par</strong></span> <span class='ocrx_word' id='word_1_171' title='bbox 523 2441 659 2495; x_wconf 88' lang='lat' dir='ltr'><strong>erat,</strong></span> <span class='ocrx_word' id='word_1_172' title='bbox 699 2432 990 2501; x_wconf 88' lang='lat' dir='ltr'><strong>accepisset</strong></span> <span class='ocrx_word' id='word_1_173' title='bbox 1022 2472 1036 2497; x_wconf 91' lang='lat'><strong>,</strong></span> <span class='ocrx_word' id='word_1_174' title='bbox 1088 2441 1197 2486; x_wconf 94' lang='lat' dir='ltr'><strong>tum</strong></span> <span class='ocrx_word' id='word_1_175' title='bbox 1236 2448 1356 2487; x_wconf 90' lang='lat' dir='ltr'><strong>eum</strong></span> <span class='ocrx_word' id='word_1_176' title='bbox 1396 2432 1691 2499; x_wconf 83' lang='lat' dir='ltr'><strong>Gregorius</strong></span> 
     </span>
    </p>
   </div>
   <div class='ocr_carea' id='block_1_25' title="bbox 155 2522 1691 2598">
    <p class='ocr_par' dir='ltr' id='par_1_25' title="bbox 155 2522 1691 2598">
     <span class='ocr_line' id='line_1_25' title="bbox 155 2522 1691 2598; baseline 0.001 -23"><span class='ocrx_word' id='word_1_177' title='bbox 155 2522 220 2575; x_wconf 88' lang='lat' dir='ltr'><strong>sic</strong></span> <span class='ocrx_word' id='word_1_178' title='bbox 238 2523 512 2590; x_wconf 84' lang='lat' dir='ltr'><strong>compellat</strong></span> <span class='ocrx_word' id='word_1_179' title='bbox 542 2522 592 2575; x_wconf 95' lang='lat' dir='ltr'><strong>in</strong></span> <span class='ocrx_word' id='word_1_180' title='bbox 621 2523 722 2577; x_wconf 91' lang='lat' dir='ltr'><strong>alia</strong></span> <span class='ocrx_word' id='word_1_181' title='bbox 751 2526 972 2594; x_wconf 86' lang='lat' dir='ltr'><strong>epistola</strong></span> <span class='ocrx_word' id='word_1_182' title='bbox 1000 2526 1074 2598; x_wconf 88' lang='lat' dir='ltr'><strong>(a)</strong></span> <span class='ocrx_word' id='word_1_183' title='bbox 1104 2545 1117 2580; x_wconf 90' lang='lat'>:</span> <span class='ocrx_word' id='word_1_184' title='bbox 1167 2528 1429 2592; x_wconf 80' lang='lat' dir='ltr'><strong>Quoniam</strong></span> <span class='ocrx_word' id='word_1_185' title='bbox 1460 2525 1691 2593; x_wconf 71' lang='lat' dir='ltr'><strong>quaz~jo-</strong></span> 
     </span>
    </p>
   </div>
   <div class='ocr_carea' id='block_1_26' title="bbox 154 2612 1690 2686">
    <p class='ocr_par' dir='ltr' id='par_1_26' title="bbox 154 2612 1690 2686">
     <span class='ocr_line' id='line_1_26' title="bbox 154 2612 1690 2686; baseline 0.006 -25"><span class='ocrx_word' id='word_1_186' title='bbox 154 2623 303 2662; x_wconf 65' lang='lat' dir='ltr'><strong>confes</strong></span> <span class='ocrx_word' id='word_1_187' title='bbox 329 2612 396 2661; x_wconf 90' lang='lat' dir='ltr'><strong>ad</strong></span> <span class='ocrx_word' id='word_1_188' title='bbox 429 2623 478 2664; x_wconf 88' lang='lat' dir='ltr'><strong>te</strong></span> <span class='ocrx_word' id='word_1_189' title='bbox 509 2614 826 2681; x_wconf 83' lang='lat' dir='ltr'><strong>scripsimus,</strong></span> <span class='ocrx_word' id='word_1_190' title='bbox 865 2633 1012 2686; x_wconf 79' lang='lat' dir='ltr'><strong>wquo</strong></span> <span class='ocrx_word' id='word_1_191' title='bbox 1053 2634 1227 2669; x_wconf 81' lang='lat' dir='ltr'><strong>animo</strong></span> <span class='ocrx_word' id='word_1_192' title='bbox 1274 2616 1400 2684; x_wconf 89' lang='lat' dir='ltr'><strong>fers,</strong></span> <span class='ocrx_word' id='word_1_193' title='bbox 1427 2631 1540 2684; x_wconf 87' lang='lat' dir='ltr'><strong>age,</strong></span> <span class='ocrx_word' id='word_1_194' title='bbox 1574 2633 1690 2686; x_wconf 67' lang='lat' dir='ltr'><strong>quia</strong></span> 
     </span>
    </p>
   </div>
   <div class='ocr_carea' id='block_1_27' title="bbox 154 2699 1692 2774">
    <p class='ocr_par' dir='ltr' id='par_1_27' title="bbox 154 2699 1692 2774">
     <span class='ocr_line' id='line_1_27' title="bbox 154 2699 1692 2774; baseline 0.009 -20"><span class='ocrx_word' id='word_1_195' title='bbox 154 2699 446 2769; x_wconf 75' lang='lat' dir='ltr'><strong>sequuntur,</strong></span> <span class='ocrx_word' id='word_1_196' title='bbox 502 2705 853 2774; x_wconf 85' lang='lat' dir='ltr'><strong>adjiciamus,</strong></span> <span class='ocrx_word' id='word_1_197' title='bbox 911 2710 976 2760; x_wconf 88' lang='lat' dir='ltr'><strong>ab</strong></span> <span class='ocrx_word' id='word_1_198' title='bbox 1027 2707 1258 2762; x_wconf 80' lang='lat' dir='ltr'><strong>Homero</strong></span> <span class='ocrx_word' id='word_1_199' title='bbox 1322 2709 1534 2764; x_wconf 88' lang='lat' dir='ltr'><strong>initium</strong></span> <span class='ocrx_word' id='word_1_200' title='bbox 1593 2717 1692 2767; x_wconf 88' lang='lat' dir='ltr'><strong>du-</strong></span> 
     </span>
    </p>
   </div>
   <div class='ocr_carea' id='block_1_28' title="bbox 154 2803 316 2857">
    <p class='ocr_par' dir='ltr' id='par_1_28' title="bbox 154 2803 316 2857">
     <span class='ocr_line' id='line_1_28' title="bbox 154 2803 316 2857; baseline 0.006 -11"><span class='ocrx_word' id='word_1_201' title='bbox 154 2803 316 2857; x_wconf 77' lang='lat' dir='ltr'><strong>centes,</strong></span> 
     </span>
    </p>
   </div>
   <div class='ocr_carea' id='block_1_29' title="bbox 212 2884 1590 3009">
    <p class='ocr_par' dir='ltr' id='par_1_29' title="bbox 212 2884 1590 3009">
     <span class='ocr_line' id='line_1_29' title="bbox 212 2884 1590 3009; baseline 0.01 -72"><span class='ocrx_word' id='word_1_202' title='bbox 212 2884 355 3009; x_wconf 57' lang='grc' dir='ltr'><strong>ἔειπε</strong></span> <span class='ocrx_word' id='word_1_203' title='bbox 389 2906 486 2957; x_wconf 87' lang='lat' dir='ltr'><strong>age</strong></span> <span class='ocrx_word' id='word_1_204' title='bbox 507 2892 835 2959; x_wconf 84' lang='lat' dir='ltr'><strong>progrediens</strong></span> <span class='ocrx_word' id='word_1_205' title='bbox 856 2893 1117 2948; x_wconf 87' lang='lat' dir='ltr'><strong>internum</strong></span> <span class='ocrx_word' id='word_1_206' title='bbox 1145 2897 1375 2960; x_wconf 84' lang='lat' dir='ltr'><strong>concine,</strong></span> <span class='ocrx_word' id='word_1_207' title='bbox 1399 2912 1590 2965; x_wconf 78' lang='lat' dir='ltr'><strong>quwso,</strong></span> 
     </span>
     <span class='ocr_line' id='line_1_30' title="bbox 256 2973 500 3009; baseline 0.008 -2"><span class='ocrx_word' id='word_1_208' title='bbox 256 2973 460 3009; x_wconf 82' lang='lat' dir='ltr'><strong>rnatum</strong></span> <span class='ocrx_word' id='word_1_209' title='bbox 480 2975 500 3009; x_wconf 83' lang='grc'><strong>,⁸</strong></span> 
     </span>
    </p>
   </div>
   <div class='ocr_carea' id='block_1_30' title="bbox 256 2973 500 3012">
    <p class='ocr_par' dir='ltr' id='par_1_30' title="bbox 256 2973 500 3012">
     <span class='ocr_line' id='line_1_31' title="bbox 256 2973 500 3012; baseline 0.012 -5"><span class='ocrx_word' id='word_1_210' title='bbox 256 2973 460 3012; x_wconf 84' lang='lat' dir='ltr'><strong>malum</strong></span> <span class='ocrx_word' id='word_1_211' title='bbox 480 2975 500 3010; x_wconf 89' lang='grc'><strong>.’</strong></span> 
     </span>
    </p>
   </div>
   <div class='ocr_carea' id='block_1_31' title="bbox 151 3053 1686 3136">
    <p class='ocr_par' dir='ltr' id='par_1_31' title="bbox 151 3053 1686 3136">
     <span class='ocr_line' id='line_1_32' title="bbox 151 3053 1686 3136; baseline 0.014 -35"><span class='ocrx_word' id='word_1_212' title='bbox 151 3053 390 3118; x_wconf 79' lang='lat' dir='ltr'><strong>tugurium</strong></span> <span class='ocrx_word' id='word_1_213' title='bbox 452 3053 692 3108; x_wconf 76' lang='lat' dir='ltr'><strong>videlicet</strong></span> <span class='ocrx_word' id='word_1_214' title='bbox 731 3065 860 3110; x_wconf 90' lang='lat' dir='ltr'><strong>tecto</strong></span> <span class='ocrx_word' id='word_1_215' title='bbox 901 3067 951 3111; x_wconf 88' lang='lat' dir='ltr'><strong>et</strong></span> <span class='ocrx_word' id='word_1_216' title='bbox 1010 3059 1186 3127; x_wconf 78' lang='lat' dir='ltr'><strong>ianuis</strong></span> <span class='ocrx_word' id='word_1_217' title='bbox 1244 3079 1445 3132; x_wconf 84' lang='lat' dir='ltr'><strong>carens,</strong></span> <span class='ocrx_word' id='word_1_218' title='bbox 1511 3067 1686 3136; x_wconf 87' lang='lat' dir='ltr'><strong>focum</strong></span> 
     </span>
    </p>
   </div>
   <div class='ocr_carea' id='block_1_32' title="bbox 151 3142 1687 3225">
    <p class='ocr_par' dir='ltr' id='par_1_32' title="bbox 151 3142 1687 3225">
     <span class='ocr_line' id='line_1_33' title="bbox 151 3142 1687 3225; baseline 0.014 -33"><span class='ocrx_word' id='word_1_219' title='bbox 151 3142 265 3209; x_wconf 85' lang='lat' dir='ltr'><strong>ignis</strong></span> <span class='ocrx_word' id='word_1_220' title='bbox 293 3152 342 3195; x_wconf 91' lang='lat' dir='ltr'><strong>et</strong></span> <span class='ocrx_word' id='word_1_221' title='bbox 382 3146 518 3212; x_wconf 87' lang='lat' dir='ltr'><strong>fumi</strong></span> <span class='ocrx_word' id='word_1_222' title='bbox 561 3161 840 3214; x_wconf 72' lang='lat' dir='ltr'><strong>expertem,</strong></span> <span class='ocrx_word' id='word_1_223' title='bbox 883 3153 1110 3220; x_wconf 83' lang='lat' dir='ltr'><strong>parietes</strong></span> <span class='ocrx_word' id='word_1_224' title='bbox 1151 3157 1257 3225; x_wconf 85' lang='lat' dir='ltr'><strong>igni</strong></span> <span class='ocrx_word' id='word_1_225' title='bbox 1280 3161 1590 3224; x_wconf 74' lang='lat' dir='ltr'><strong>exsiccatos,</strong></span> <span class='ocrx_word' id='word_1_226' title='bbox 1625 3177 1687 3213; x_wconf 88' lang='lat' dir='ltr'><strong>ne</strong></span> 
     </span>
    </p>
   </div>
   <div class='ocr_carea' id='block_1_33' title="bbox 153 3233 1682 3318">
    <p class='ocr_par' dir='ltr' id='par_1_33' title="bbox 153 3233 1682 3318">
     <span class='ocr_line' id='line_1_34' title="bbox 153 3233 1682 3318; baseline 0.011 -33"><span class='ocrx_word' id='word_1_227' title='bbox 153 3233 236 3286; x_wconf 74' lang='lat' dir='ltr'><strong>luti</strong></span> <span class='ocrx_word' id='word_1_228' title='bbox 271 3239 428 3305; x_wconf 81' lang='lat' dir='ltr'><strong>guttis</strong></span> <span class='ocrx_word' id='word_1_229' title='bbox 478 3243 808 3306; x_wconf 84' lang='lat' dir='ltr'><strong>impetamur,</strong></span> <span class='ocrx_word' id='word_1_230' title='bbox 874 3243 1108 3300; x_wconf 86' lang='lat' dir='ltr'><strong>Tantalis</strong></span> <span class='ocrx_word' id='word_1_231' title='bbox 1155 3249 1351 3301; x_wconf 83' lang='lat' dir='ltr'><strong>similes</strong></span> <span class='ocrx_word' id='word_1_232' title='bbox 1402 3251 1682 3318; x_wconf 82' lang='lat' dir='ltr'><strong>eodemque</strong></span> 
     </span>
    </p>
   </div>
   <div class='ocr_carea' id='block_1_34' title="bbox 154 3330 1688 3410">
    <p class='ocr_par' dir='ltr' id='par_1_34' title="bbox 154 3330 1688 3410">
     <span class='ocr_line' id='line_1_35' title="bbox 154 3330 1688 3410; baseline 0.011 -31"><span class='ocrx_word' id='word_1_233' title='bbox 154 3344 279 3392; x_wconf 77' lang='lat' dir='ltr'><strong>ptrue</strong></span> <span class='ocrx_word' id='word_1_234' title='bbox 326 3330 584 3397; x_wconf 87' lang='lat' dir='ltr'><strong>mulctati,</strong></span> <span class='ocrx_word' id='word_1_235' title='bbox 625 3335 868 3386; x_wconf 84' lang='lat' dir='ltr'><strong>nimirum</strong></span> <span class='ocrx_word' id='word_1_236' title='bbox 899 3339 952 3388; x_wconf 88' lang='lat' dir='ltr'><strong>in</strong></span> <span class='ocrx_word' id='word_1_237' title='bbox 980 3341 1128 3404; x_wconf 86' lang='lat' dir='ltr'><strong>aquis</strong></span> <span class='ocrx_word' id='word_1_238' title='bbox 1174 3341 1404 3392; x_wconf 86' lang='lat' dir='ltr'><strong>sitientes</strong></span> <span class='ocrx_word' id='word_1_239' title='bbox 1439 3357 1455 3392; x_wconf 91' lang='lat'><strong>.&#39;</strong></span> <span class='ocrx_word' id='word_1_240' title='bbox 1479 3341 1688 3410; x_wconf 84' lang='lat' dir='ltr'><strong>jejunus</strong></span> 
     </span>
    </p>
   </div>
   <div class='ocr_carea' id='block_1_35' title="bbox 153 3422 1688 3501">
    <p class='ocr_par' dir='ltr' id='par_1_35' title="bbox 153 3422 1688 3501">
     <span class='ocr_line' id='line_1_36' title="bbox 153 3422 1688 3501; baseline 0.01 -29"><span class='ocrx_word' id='word_1_241' title='bbox 153 3422 284 3475; x_wconf 85' lang='lat' dir='ltr'><strong>etiam</strong></span> <span class='ocrx_word' id='word_1_242' title='bbox 331 3423 450 3476; x_wconf 88' lang='lat' dir='ltr'><strong>illas</strong></span> <span class='ocrx_word' id='word_1_243' title='bbox 476 3436 523 3476; x_wconf 92' lang='lat' dir='ltr'><strong>et</strong></span> <span class='ocrx_word' id='word_1_244' title='bbox 552 3428 766 3478; x_wconf 88' lang='lat' dir='ltr'><strong>miseras</strong></span> <span class='ocrx_word' id='word_1_245' title='bbox 818 3428 1020 3494; x_wconf 87' lang='lat' dir='ltr'><strong>epulas,</strong></span> <span class='ocrx_word' id='word_1_246' title='bbox 1053 3430 1120 3482; x_wconf 88' lang='lat' dir='ltr'><strong>ad</strong></span> <span class='ocrx_word' id='word_1_247' title='bbox 1142 3446 1270 3498; x_wconf 90' lang='lat' dir='ltr'><strong>quas</strong></span> <span class='ocrx_word' id='word_1_248' title='bbox 1296 3447 1322 3484; x_wconf 90' lang='lat' dir='ltr'><strong>e</strong></span> <span class='ocrx_word' id='word_1_249' title='bbox 1358 3431 1688 3501; x_wconf 80' lang='lat' dir='ltr'><strong>Cappadocia</strong></span> 
     </span>
    </p>
   </div>
   <div class='ocr_carea' id='block_1_36' title="bbox 153 3518 1688 3595">
    <p class='ocr_par' dir='ltr' id='par_1_36' title="bbox 153 3518 1688 3595">
     <span class='ocr_line' id='line_1_37' title="bbox 153 3518 1688 3595; baseline 0.012 -32"><span class='ocrx_word' id='word_1_250' title='bbox 153 3518 296 3565; x_wconf 81' lang='lat' dir='ltr'><strong>rocati</strong></span> <span class='ocrx_word' id='word_1_251' title='bbox 332 3532 514 3568; x_wconf 82' lang='lat' dir='ltr'><strong>sumus</strong></span> <span class='ocrx_word' id='word_1_252' title='bbox 555 3533 655 3571; x_wconf 88' lang='lat' dir='ltr'><strong>non</strong></span> <span class='ocrx_word' id='word_1_253' title='bbox 707 3529 955 3588; x_wconf 86' lang='lat' dir='ltr'><strong>tanquam</strong></span> <span class='ocrx_word' id='word_1_254' title='bbox 1007 3523 1075 3575; x_wconf 87' lang='lat' dir='ltr'><strong>ad</strong></span> <span class='ocrx_word' id='word_1_255' title='bbox 1103 3522 1521 3595; x_wconf 77' lang='lat' dir='ltr'><strong>LOIOpItagorum</strong></span> <span class='ocrx_word' id='word_1_256' title='bbox 1574 3529 1688 3582; x_wconf 86' lang='lat' dir='ltr'><strong>ino-</strong></span> 
     </span>
    </p>
   </div>
   <div class='ocr_carea' id='block_1_37' title="bbox 151 3603 1686 3672">
    <p class='ocr_par' dir='ltr' id='par_1_37' title="bbox 151 3603 1686 3672">
     <span class='ocr_line' id='line_1_38' title="bbox 151 3603 1686 3672; baseline 0.014 -23"><span class='ocrx_word' id='word_1_257' title='bbox 151 3603 290 3665; x_wconf 81' lang='lat' dir='ltr'><strong>piam,</strong></span> <span class='ocrx_word' id='word_1_258' title='bbox 329 3609 419 3656; x_wconf 85' lang='lat' dir='ltr'><strong>sed</strong></span> <span class='ocrx_word' id='word_1_259' title='bbox 473 3606 608 3659; x_wconf 80' lang='lat' dir='ltr'><strong>velut</strong></span> <span class='ocrx_word' id='word_1_260' title='bbox 663 3611 730 3659; x_wconf 88' lang='lat' dir='ltr'><strong>ad</strong></span> <span class='ocrx_word' id='word_1_261' title='bbox 791 3610 997 3664; x_wconf 78' lang='lat' dir='ltr'><strong>Alcinoi</strong></span> <span class='ocrx_word' id='word_1_262' title='bbox 1056 3629 1285 3669; x_wconf 86' lang='lat' dir='ltr'><strong>mensam</strong></span> <span class='ocrx_word' id='word_1_263' title='bbox 1329 3633 1420 3671; x_wconf 90' lang='lat' dir='ltr'><strong>nos</strong></span> <span class='ocrx_word' id='word_1_264' title='bbox 1471 3620 1590 3671; x_wconf 82' lang='lat' dir='ltr'><strong>noui</strong></span> <span class='ocrx_word' id='word_1_265' title='bbox 1636 3628 1686 3672; x_wconf 88' lang='lat' dir='ltr'><strong>et</strong></span> 
     </span>
    </p>
   </div>
   <div class='ocr_carea' id='block_1_38' title="bbox 151 3698 1686 3779">
    <p class='ocr_par' dir='ltr' id='par_1_38' title="bbox 151 3698 1686 3779">
     <span class='ocr_line' id='line_1_39' title="bbox 151 3698 1686 3779; baseline 0.011 -34"><span class='ocrx_word' id='word_1_266' title='bbox 151 3701 412 3749; x_wconf 71' lang='lat' dir='ltr'><strong>terumnosi</strong></span> <span class='ocrx_word' id='word_1_267' title='bbox 462 3698 728 3770; x_wconf 79' lang='lat' dir='ltr'><strong>naufragi.</strong></span> <span class='ocrx_word' id='word_1_268' title='bbox 760 3701 978 3757; x_wconf 77' lang='lat' dir='ltr'><strong>Memini</strong></span> <span class='ocrx_word' id='word_1_269' title='bbox 1007 3706 1144 3759; x_wconf 90' lang='lat' dir='ltr'><strong>enim</strong></span> <span class='ocrx_word' id='word_1_270' title='bbox 1174 3724 1334 3774; x_wconf 88' lang='lat' dir='ltr'><strong>panes</strong></span> <span class='ocrx_word' id='word_1_271' title='bbox 1391 3710 1510 3761; x_wconf 87' lang='lat' dir='ltr'><strong>illos</strong></span> <span class='ocrx_word' id='word_1_272' title='bbox 1536 3720 1580 3761; x_wconf 89' lang='lat' dir='ltr'><strong>et</strong></span> <span class='ocrx_word' id='word_1_273' title='bbox 1600 3711 1686 3779; x_wconf 86' lang='lat' dir='ltr'><strong>ju-</strong></span> 
     </span>
    </p>
   </div>
   <div class='ocr_carea' id='block_1_39' title="bbox 151 3785 1681 3865">
    <p class='ocr_par' dir='ltr' id='par_1_39' title="bbox 151 3785 1681 3865">
     <span class='ocr_line' id='line_1_40' title="bbox 151 3785 1681 3865; baseline 0.013 -32"><span class='ocrx_word' id='word_1_274' title='bbox 151 3785 275 3837; x_wconf 88' lang='lat' dir='ltr'><strong>scula</strong></span> <span class='ocrx_word' id='word_1_275' title='bbox 311 3791 406 3856; x_wconf 85' lang='lat' dir='ltr'><strong>(sic</strong></span> <span class='ocrx_word' id='word_1_276' title='bbox 448 3791 584 3842; x_wconf 86' lang='lat' dir='ltr'><strong>enim</strong></span> <span class='ocrx_word' id='word_1_277' title='bbox 633 3794 995 3863; x_wconf 62' lang='lat' dir='ltr'><strong>nominantur)</strong></span> <span class='ocrx_word' id='word_1_278' title='bbox 1038 3813 1334 3865; x_wconf 82' lang='lat' dir='ltr'><strong>semperque</strong></span> <span class='ocrx_word' id='word_1_279' title='bbox 1384 3799 1681 3864; x_wconf 88' lang='lat' dir='ltr'><strong>meminero,</strong></span> 
     </span>
    </p>
   </div>
   <div class='ocr_carea' id='block_1_40' title="bbox 153 3881 1684 3958">
    <p class='ocr_par' dir='ltr' id='par_1_40' title="bbox 153 3881 1684 3958">
     <span class='ocr_line' id='line_1_41' title="bbox 153 3881 1684 3958; baseline 0.011 -32"><span class='ocrx_word' id='word_1_280' title='bbox 153 3881 362 3933; x_wconf 83' lang='lat' dir='ltr'><strong>dentibus</strong></span> <span class='ocrx_word' id='word_1_281' title='bbox 397 3883 538 3934; x_wconf 89' lang='lat' dir='ltr'><strong>circa</strong></span> <span class='ocrx_word' id='word_1_282' title='bbox 567 3883 858 3951; x_wconf 89' lang='lat' dir='ltr'><strong>fragmenta</strong></span> <span class='ocrx_word' id='word_1_283' title='bbox 895 3885 1376 3952; x_wconf 86' lang='lat' dir='ltr'><strong>collabescentibus,</strong></span> <span class='ocrx_word' id='word_1_284' title='bbox 1414 3907 1474 3942; x_wconf 87' lang='lat' dir='ltr'><strong>ac</strong></span> <span class='ocrx_word' id='word_1_285' title='bbox 1507 3901 1684 3958; x_wconf 86' lang='lat' dir='ltr'><strong>postea</strong></span> 
     </span>
    </p>
   </div>
   <div class='ocr_carea' id='block_1_41' title="bbox 150 3972 1681 4050">
    <p class='ocr_par' dir='ltr' id='par_1_41' title="bbox 150 3972 1681 4050">
     <span class='ocr_line' id='line_1_42' title="bbox 150 3972 1681 4050; baseline 0.012 -31"><span class='ocrx_word' id='word_1_286' title='bbox 150 3984 241 4020; x_wconf 86' lang='lat' dir='ltr'><strong>sese</strong></span> <span class='ocrx_word' id='word_1_287' title='bbox 293 3972 634 4040; x_wconf 84' lang='lat' dir='ltr'><strong>erigentibus,</strong></span> <span class='ocrx_word' id='word_1_288' title='bbox 699 3975 936 4044; x_wconf 86' lang='lat' dir='ltr'><strong>velutque</strong></span> <span class='ocrx_word' id='word_1_289' title='bbox 989 3992 1052 4031; x_wconf 79' lang='lat' dir='ltr'><strong>eo:</strong></span> <span class='ocrx_word' id='word_1_290' title='bbox 1104 3994 1246 4031; x_wconf 75' lang='lat' dir='ltr'><strong>caeno</strong></span> <span class='ocrx_word' id='word_1_291' title='bbox 1291 3982 1681 4050; x_wconf 87' lang='lat' dir='ltr'><strong>emergentibus.</strong></span> 
     </span>
    </p>
   </div>
   <div class='ocr_carea' id='block_1_42' title="bbox 152 4059 1684 4144">
    <p class='ocr_par' dir='ltr' id='par_1_42' title="bbox 152 4059 1684 4144">
     <span class='ocr_line' id='line_1_43' title="bbox 152 4059 1684 4144; baseline 0.014 -35"><span class='ocrx_word' id='word_1_292' title='bbox 152 4059 263 4124; x_wconf 78' lang='lat' dir='ltr'><strong>Qua:</strong></span> <span class='ocrx_word' id='word_1_293' title='bbox 288 4074 339 4116; x_wconf 85' lang='lat' dir='ltr'><strong>tu</strong></span> <span class='ocrx_word' id='word_1_294' title='bbox 366 4065 562 4119; x_wconf 83' lang='lat' dir='ltr'><strong>scilicet</strong></span> <span class='ocrx_word' id='word_1_295' title='bbox 582 4066 852 4122; x_wconf 80' lang='lat' dir='ltr'><strong>sublimius</strong></span> <span class='ocrx_word' id='word_1_296' title='bbox 879 4071 1238 4140; x_wconf 78' lang='lat' dir='ltr'><strong>exaggerabis,</strong></span> <span class='ocrx_word' id='word_1_297' title='bbox 1258 4076 1486 4142; x_wconf 87' lang='lat' dir='ltr'><strong>prapriis</strong></span> <span class='ocrx_word' id='word_1_298' title='bbox 1507 4092 1684 4144; x_wconf 82' lang='lat' dir='ltr'><strong>nempe</strong></span> 
     </span>
    </p>
   </div>
   <div class='ocr_carea' id='block_1_43' title="bbox 150 4155 1682 4236">
    <p class='ocr_par' dir='ltr' id='par_1_43' title="bbox 150 4155 1682 4236">
     <span class='ocr_line' id='line_1_44' title="bbox 150 4155 1682 4236; baseline 0.013 -35"><span class='ocrx_word' id='word_1_299' title='bbox 150 4155 514 4210; x_wconf 82' lang='lat' dir='ltr'><strong>calamitatibus</strong></span> <span class='ocrx_word' id='word_1_300' title='bbox 546 4159 799 4214; x_wconf 89' lang='lat' dir='ltr'><strong>orationis</strong></span> <span class='ocrx_word' id='word_1_301' title='bbox 830 4164 1237 4230; x_wconf 80' lang='lat' dir='ltr'><strong>magnitudinem</strong></span> <span class='ocrx_word' id='word_1_302' title='bbox 1289 4164 1384 4217; x_wconf 87' lang='lat' dir='ltr'><strong>tibi</strong></span> <span class='ocrx_word' id='word_1_303' title='bbox 1436 4168 1682 4236; x_wconf 86' lang='lat' dir='ltr'><strong>suppedi-</strong></span> 
     </span>
    </p>
   </div>
   <div class='ocr_carea' id='block_1_44' title="bbox 151 4247 1681 4327">
    <p class='ocr_par' dir='ltr' id='par_1_44' title="bbox 151 4247 1681 4327">
     <span class='ocr_line' id='line_1_45' title="bbox 151 4247 1681 4327; baseline 0.012 -33"><span class='ocrx_word' id='word_1_304' title='bbox 151 4248 376 4301; x_wconf 83' lang='lat' dir='ltr'><strong>tantibus.</strong></span> <span class='ocrx_word' id='word_1_305' title='bbox 409 4247 612 4312; x_wconf 80' lang='lat' dir='ltr'><strong>Quibus</strong></span> <span class='ocrx_word' id='word_1_306' title='bbox 652 4252 754 4304; x_wconf 84' lang='lat' dir='ltr'><strong>nisi</strong></span> <span class='ocrx_word' id='word_1_307' title='bbox 789 4269 976 4321; x_wconf 83' lang='lat' dir='ltr'><strong>magna</strong></span> <span class='ocrx_word' id='word_1_308' title='bbox 1023 4257 1114 4308; x_wconf 88' lang='lat' dir='ltr'><strong>illa</strong></span> <span class='ocrx_word' id='word_1_309' title='bbox 1150 4274 1365 4325; x_wconf 84' lang='lat' dir='ltr'><strong>vereque</strong></span> <span class='ocrx_word' id='word_1_310' title='bbox 1395 4275 1681 4327; x_wconf 83' lang='lat' dir='ltr'><strong>pauperum</strong></span> 
     </span>
    </p>
   </div>
   <div class='ocr_carea' id='block_1_45' title="bbox 149 4338 1678 4417">
    <p class='ocr_par' dir='ltr' id='par_1_45' title="bbox 149 4338 1678 4417">
     <span class='ocr_line' id='line_1_46' title="bbox 149 4338 1678 4417; baseline 0.012 -32"><span class='ocrx_word' id='word_1_311' title='bbox 149 4338 362 4392; x_wconf 87' lang='lat' dir='ltr'><strong>studiosa</strong></span> <span class='ocrx_word' id='word_1_312' title='bbox 415 4352 585 4395; x_wconf 87' lang='lat' dir='ltr'><strong>mater</strong></span> <span class='ocrx_word' id='word_1_313' title='bbox 623 4351 713 4395; x_wconf 89' lang='lat' dir='ltr'><strong>tua</strong></span> <span class='ocrx_word' id='word_1_314' title='bbox 746 4362 837 4397; x_wconf 89' lang='lat' dir='ltr'><strong>nos</strong></span> <span class='ocrx_word' id='word_1_315' title='bbox 868 4363 1023 4413; x_wconf 91' lang='lat' dir='ltr'><strong>quam</strong></span> <span class='ocrx_word' id='word_1_316' title='bbox 1069 4347 1334 4401; x_wconf 85' lang='lat' dir='ltr'><strong>celerrime</strong></span> <span class='ocrx_word' id='word_1_317' title='bbox 1391 4350 1678 4417; x_wconf 85' lang='lat' dir='ltr'><strong>liberasset,</strong></span> 
     </span>
    </p>
   </div>
   <div class='ocr_carea' id='block_1_46' title="bbox 150 4431 1678 4512">
    <p class='ocr_par' dir='ltr' id='par_1_46' title="bbox 150 4431 1678 4512">
     <span class='ocr_line' id='line_1_47' title="bbox 150 4431 1678 4512; baseline 0.011 -33"><span class='ocrx_word' id='word_1_318' title='bbox 150 4431 366 4499; x_wconf 85' lang='lat' dir='ltr'><strong>nobisque</strong></span> <span class='ocrx_word' id='word_1_319' title='bbox 389 4444 693 4499; x_wconf 71' lang='lat' dir='ltr'><strong>tempestate</strong></span> <span class='ocrx_word' id='word_1_320' title='bbox 711 4438 931 4507; x_wconf 88' lang='lat' dir='ltr'><strong>jactatis</strong></span> <span class='ocrx_word' id='word_1_321' title='bbox 971 4440 1105 4493; x_wconf 84' lang='lat' dir='ltr'><strong>velut</strong></span> <span class='ocrx_word' id='word_1_322' title='bbox 1152 4454 1331 4508; x_wconf 89' lang='lat' dir='ltr'><strong>portus</strong></span> <span class='ocrx_word' id='word_1_323' title='bbox 1381 4447 1678 4512; x_wconf 76' lang='lat' dir='ltr'><strong>exstitisset,</strong></span> 
     </span>
    </p>
   </div>
   <div class='ocr_carea' id='block_1_47' title="bbox 1792 575 3353 648">
    <p class='ocr_par' dir='ltr' id='par_1_47' title="bbox 1792 575 3353 648">
     <span class='ocr_line' id='line_1_48' title="bbox 1792 575 3353 648; baseline -0.008 -16"><span class='ocrx_word' id='word_1_324' title='bbox 1792 581 1964 646; x_wconf 87' lang='lat' dir='ltr'><strong>jorem</strong></span> <span class='ocrx_word' id='word_1_325' title='bbox 2003 588 2206 648; x_wconf 84' lang='lat' dir='ltr'><strong>partem</strong></span> <span class='ocrx_word' id='word_1_326' title='bbox 2249 577 2702 643; x_wconf 62' lang='lat' dir='ltr'><strong>pratertttiltemtts</strong></span> <span class='ocrx_word' id='word_1_327' title='bbox 2750 575 2976 626; x_wconf 84' lang='lat' dir='ltr'><strong>aliarum</strong></span> <span class='ocrx_word' id='word_1_328' title='bbox 3006 585 3202 628; x_wconf 85' lang='lat' dir='ltr'><strong>rerum,</strong></span> <span class='ocrx_word' id='word_1_329' title='bbox 3237 584 3353 636; x_wconf 70' lang='lat' dir='ltr'><strong>qua:</strong></span> 
     </span>
    </p>
   </div>
   <div class='ocr_carea' id='block_1_48' title="bbox 1796 657 3354 736">
    <p class='ocr_par' dir='ltr' id='par_1_48' title="bbox 1796 657 3354 736">
     <span class='ocr_line' id='line_1_49' title="bbox 1796 657 3354 736; baseline -0.007 -15"><span class='ocrx_word' id='word_1_330' title='bbox 1796 671 1974 724; x_wconf 75' lang='lat' dir='ltr'><strong>multm</strong></span> <span class='ocrx_word' id='word_1_331' title='bbox 2027 671 2170 726; x_wconf 90' lang='lat' dir='ltr'><strong>nobis</strong></span> <span class='ocrx_word' id='word_1_332' title='bbox 2220 669 2561 735; x_wconf 89' lang='lat' dir='ltr'><strong>contigerunt,</strong></span> <span class='ocrx_word' id='word_1_333' title='bbox 2615 664 2811 736; x_wconf 86' lang='lat' dir='ltr'><strong>pudore</strong></span> <span class='ocrx_word' id='word_1_334' title='bbox 2874 660 3127 718; x_wconf 82' lang='lat' dir='ltr'><strong>deterriti.</strong></span> <span class='ocrx_word' id='word_1_335' title='bbox 3171 657 3354 713; x_wconf 83' lang='lat' dir='ltr'><strong>Tertio</strong></span> 
     </span>
    </p>
   </div>
   <div class='ocr_carea' id='block_1_49' title="bbox 1793 750 3344 828">
    <p class='ocr_par' dir='ltr' id='par_1_49' title="bbox 1793 750 3344 828">
     <span class='ocr_line' id='line_1_50' title="bbox 1793 750 3344 828; baseline -0.007 -12"><span class='ocrx_word' id='word_1_336' title='bbox 1793 763 1977 816; x_wconf 74' lang='lat' dir='ltr'><strong>eadem</strong></span> <span class='ocrx_word' id='word_1_337' title='bbox 2004 766 2070 817; x_wconf 89' lang='lat' dir='ltr'><strong>de</strong></span> <span class='ocrx_word' id='word_1_338' title='bbox 2102 777 2157 817; x_wconf 88' lang='lat' dir='ltr'><strong>re</strong></span> <span class='ocrx_word' id='word_1_339' title='bbox 2190 758 2482 828; x_wconf 81' lang='lat' dir='ltr'><strong>Gregorius</strong></span> <span class='ocrx_word' id='word_1_340' title='bbox 2513 761 2724 828; x_wconf 86' lang='lat' dir='ltr'><strong>scripsit</strong></span> <span class='ocrx_word' id='word_1_341' title='bbox 2758 757 2855 828; x_wconf 85' lang='lat' dir='ltr'><strong>(b),</strong></span> <span class='ocrx_word' id='word_1_342' title='bbox 2882 757 2974 808; x_wconf 88' lang='lat' dir='ltr'><strong>sed</strong></span> <span class='ocrx_word' id='word_1_343' title='bbox 3016 771 3118 808; x_wconf 92' lang='lat' dir='ltr'><strong>non</strong></span> <span class='ocrx_word' id='word_1_344' title='bbox 3154 750 3344 806; x_wconf 80' lang='lat' dir='ltr'><strong>eodem</strong></span> 
     </span>
    </p>
   </div>
   <div class='ocr_carea' id='block_1_50' title="bbox 1795 847 3346 908">
    <p class='ocr_par' dir='ltr' id='par_1_50' title="bbox 1795 847 3346 908">
     <span class='ocr_line' id='line_1_51' title="bbox 1795 847 3346 908; baseline -0.008 -2"><span class='ocrx_word' id='word_1_345' title='bbox 1795 853 1976 906; x_wconf 89' lang='lat' dir='ltr'><strong>modo.</strong></span> <span class='ocrx_word' id='word_1_346' title='bbox 2019 853 2263 908; x_wconf 87' lang='lat' dir='ltr'><strong>Declarat</strong></span> <span class='ocrx_word' id='word_1_347' title='bbox 2317 851 2459 903; x_wconf 88' lang='lat' dir='ltr'><strong>enim</strong></span> <span class='ocrx_word' id='word_1_348' title='bbox 2504 863 2562 904; x_wconf 88' lang='lat' dir='ltr'><strong>se</strong></span> <span class='ocrx_word' id='word_1_349' title='bbox 2605 866 2706 904; x_wconf 88' lang='lat' dir='ltr'><strong>non</strong></span> <span class='ocrx_word' id='word_1_350' title='bbox 2757 847 2959 904; x_wconf 86' lang='lat' dir='ltr'><strong>salibus</strong></span> <span class='ocrx_word' id='word_1_351' title='bbox 2998 854 3056 896; x_wconf 89' lang='lat' dir='ltr'><strong>ut</strong></span> <span class='ocrx_word' id='word_1_352' title='bbox 3101 855 3255 897; x_wconf 86' lang='lat' dir='ltr'><strong>antea</strong></span> <span class='ocrx_word' id='word_1_353' title='bbox 3295 847 3346 895; x_wconf 89' lang='lat' dir='ltr'><strong>el</strong></span> 
     </span>
    </p>
   </div>
   <div class='ocr_carea' id='block_1_51' title="bbox 1788 935 3347 1014">
    <p class='ocr_par' dir='ltr' id='par_1_51' title="bbox 1788 935 3347 1014">
     <span class='ocr_line' id='line_1_52' title="bbox 1788 935 3347 1014; baseline -0.009 -15"><span class='ocrx_word' id='word_1_354' title='bbox 1788 945 1928 1014; x_wconf 89' lang='lat' dir='ltr'><strong>jocis</strong></span> <span class='ocrx_word' id='word_1_355' title='bbox 1964 945 2258 1014; x_wconf 86' lang='lat' dir='ltr'><strong>indulgere,</strong></span> <span class='ocrx_word' id='word_1_356' title='bbox 2297 943 2387 998; x_wconf 90' lang='lat' dir='ltr'><strong>sed</strong></span> <span class='ocrx_word' id='word_1_357' title='bbox 2419 941 2562 998; x_wconf 90' lang='lat' dir='ltr'><strong>serio</strong></span> <span class='ocrx_word' id='word_1_358' title='bbox 2593 942 2756 1008; x_wconf 89' lang='lat' dir='ltr'><strong>loqui.</strong></span> <span class='ocrx_word' id='word_1_359' title='bbox 2788 942 2952 998; x_wconf 88' lang='lat' dir='ltr'><strong>Grata</strong></span> <span class='ocrx_word' id='word_1_360' title='bbox 2977 935 3347 990; x_wconf 87' lang='lat' dir='ltr'><strong>recordatione</strong></span> 
     </span>
    </p>
   </div>
   <div class='ocr_carea' id='block_1_52' title="bbox 1794 1024 3347 1094">
    <p class='ocr_par' dir='ltr' id='par_1_52' title="bbox 1794 1024 3347 1094">
     <span class='ocr_line' id='line_1_53' title="bbox 1794 1024 3347 1094; baseline -0.014 0"><span class='ocrx_word' id='word_1_361' title='bbox 1794 1047 2020 1094; x_wconf 88' lang='lat' dir='ltr'><strong>renovat</strong></span> <span class='ocrx_word' id='word_1_362' title='bbox 2055 1037 2108 1090; x_wconf 89' lang='lat' dir='ltr'><strong>in</strong></span> <span class='ocrx_word' id='word_1_363' title='bbox 2148 1040 2325 1092; x_wconf 90' lang='lat' dir='ltr'><strong>ani-mo</strong></span> <span class='ocrx_word' id='word_1_364' title='bbox 2349 1037 2464 1091; x_wconf 89' lang='lat' dir='ltr'><strong>dies</strong></span> <span class='ocrx_word' id='word_1_365' title='bbox 2486 1048 2605 1088; x_wconf 91' lang='lat' dir='ltr'><strong>cum</strong></span> <span class='ocrx_word' id='word_1_366' title='bbox 2637 1032 2833 1086; x_wconf 90' lang='lat' dir='ltr'><strong>Basilio</strong></span> <span class='ocrx_word' id='word_1_367' title='bbox 2877 1028 3172 1092; x_wconf 87' lang='lat' dir='ltr'><strong>traductos,</strong></span> <span class='ocrx_word' id='word_1_368' title='bbox 3201 1024 3347 1093; x_wconf 89' lang='lat' dir='ltr'><strong>psal-</strong></span> 
     </span>
    </p>
   </div>
   <div class='ocr_carea' id='block_1_53' title="bbox 1794 1121 3350 1196">
    <p class='ocr_par' dir='ltr' id='par_1_53' title="bbox 1794 1121 3350 1196">
     <span class='ocr_line' id='line_1_54' title="bbox 1794 1121 3350 1196; baseline -0.011 -12"><span class='ocrx_word' id='word_1_369' title='bbox 1794 1131 1999 1185; x_wconf 89' lang='lat' dir='ltr'><strong>modias</strong></span> <span class='ocrx_word' id='word_1_370' title='bbox 2042 1128 2345 1196; x_wconf 88' lang='lat' dir='ltr'><strong>etvigilias,</strong></span> <span class='ocrx_word' id='word_1_371' title='bbox 2389 1126 2639 1188; x_wconf 81' lang='lat' dir='ltr'><strong>fratrum,</strong></span> <span class='ocrx_word' id='word_1_372' title='bbox 2674 1137 2806 1192; x_wconf 88' lang='lat' dir='ltr'><strong>quos</strong></span> <span class='ocrx_word' id='word_1_373' title='bbox 2836 1123 3062 1177; x_wconf 85' lang='lat' dir='ltr'><strong>Basilius</strong></span> <span class='ocrx_word' id='word_1_374' title='bbox 3091 1121 3156 1172; x_wconf 91' lang='lat' dir='ltr'><strong>ad</strong></span> <span class='ocrx_word' id='word_1_375' title='bbox 3200 1130 3350 1172; x_wconf 86' lang='lat' dir='ltr'><strong>sum-</strong></span> 
     </span>
    </p>
   </div>
   <div class='ocr_carea' id='block_1_54' title="bbox 1793 1211 3351 1290">
    <p class='ocr_par' dir='ltr' id='par_1_54' title="bbox 1793 1211 3351 1290">
     <span class='ocr_line' id='line_1_55' title="bbox 1793 1211 3351 1290; baseline -0.012 -11"><span class='ocrx_word' id='word_1_376' title='bbox 1793 1238 1939 1279; x_wconf 91' lang='lat' dir='ltr'><strong>mum</strong></span> <span class='ocrx_word' id='word_1_377' title='bbox 1968 1222 2181 1290; x_wconf 83' lang='lat' dir='ltr'><strong>pietatis</strong></span> <span class='ocrx_word' id='word_1_378' title='bbox 2222 1222 2504 1284; x_wconf 70' lang='lat' dir='ltr'><strong>0V0i18b8l,</strong></span> <span class='ocrx_word' id='word_1_379' title='bbox 2553 1215 2893 1273; x_wconf 90' lang='lat' dir='ltr'><strong>concordiam</strong></span> <span class='ocrx_word' id='word_1_380' title='bbox 2942 1226 2994 1268; x_wconf 88' lang='lat' dir='ltr'><strong>et</strong></span> <span class='ocrx_word' id='word_1_381' title='bbox 3045 1211 3351 1268; x_wconf 89' lang='lat' dir='ltr'><strong>animorum-</strong></span> 
     </span>
    </p>
   </div>
   <div class='ocr_carea' id='block_1_55' title="bbox 1794 1304 3348 1382">
    <p class='ocr_par' dir='ltr' id='par_1_55' title="bbox 1794 1304 3348 1382">
     <span class='ocr_line' id='line_1_56' title="bbox 1794 1304 3348 1382; baseline -0.011 -13"><span class='ocrx_word' id='word_1_382' title='bbox 1794 1315 2256 1382; x_wconf 85' lang='lat' dir='ltr'><strong>conjunctionetn,</strong></span> <span class='ocrx_word' id='word_1_383' title='bbox 2307 1314 2536 1379; x_wconf 87' lang='lat' dir='ltr'><strong>scriptas</strong></span> <span class='ocrx_word' id='word_1_384' title='bbox 2598 1326 2702 1365; x_wconf 91' lang='lat' dir='ltr'><strong>una</strong></span> <span class='ocrx_word' id='word_1_385' title='bbox 2751 1321 2872 1362; x_wconf 88' lang='lat' dir='ltr'><strong>cmn</strong></span> <span class='ocrx_word' id='word_1_386' title='bbox 2930 1304 3122 1360; x_wconf 88' lang='lat' dir='ltr'><strong>Basilio</strong></span> <span class='ocrx_word' id='word_1_387' title='bbox 3160 1315 3348 1357; x_wconf 88' lang='lat' dir='ltr'><strong>mona-</strong></span> 
     </span>
    </p>
   </div>
   <div class='ocr_carea' id='block_1_56' title="bbox 1793 1396 3344 1474">
    <p class='ocr_par' dir='ltr' id='par_1_56' title="bbox 1793 1396 3344 1474">
     <span class='ocr_line' id='line_1_57' title="bbox 1793 1396 3344 1474; baseline -0.009 -14"><span class='ocrx_word' id='word_1_388' title='bbox 1793 1406 1942 1460; x_wconf 67' lang='lat' dir='ltr'><strong>sticae</strong></span> <span class='ocrx_word' id='word_1_389' title='bbox 1960 1406 2079 1458; x_wconf 76' lang='lat' dir='ltr'><strong>vita:</strong></span> <span class='ocrx_word' id='word_1_390' title='bbox 2105 1405 2248 1474; x_wconf 88' lang='lat' dir='ltr'><strong>leges</strong></span> <span class='ocrx_word' id='word_1_391' title='bbox 2265 1411 2316 1457; x_wconf 92' lang='lat' dir='ltr'><strong>et</strong></span> <span class='ocrx_word' id='word_1_392' title='bbox 2337 1401 2569 1472; x_wconf 86' lang='lat' dir='ltr'><strong>regulas,</strong></span> <span class='ocrx_word' id='word_1_393' title='bbox 2595 1416 2762 1455; x_wconf 67' lang='lat' dir='ltr'><strong>sacra:</strong></span> <span class='ocrx_word' id='word_1_394' title='bbox 2787 1399 3078 1466; x_wconf 70' lang='lat' dir='ltr'><strong>Scriptum</strong></span> <span class='ocrx_word' id='word_1_395' title='bbox 3090 1396 3344 1458; x_wconf 86' lang='lat' dir='ltr'><strong>studium,</strong></span> 
     </span>
    </p>
   </div>
   <div class='ocr_carea' id='block_1_57' title="bbox 1791 1488 3352 1562">
    <p class='ocr_par' dir='ltr' id='par_1_57' title="bbox 1791 1488 3352 1562">
     <span class='ocr_line' id='line_1_58' title="bbox 1791 1488 3352 1562; baseline -0.011 -8"><span class='ocrx_word' id='word_1_396' title='bbox 1791 1511 1846 1555; x_wconf 87' lang='lat' dir='ltr'><strong>et</strong></span> <span class='ocrx_word' id='word_1_397' title='bbox 1877 1512 2127 1550; x_wconf 88' lang='lat' dir='ltr'><strong>manuum</strong></span> <span class='ocrx_word' id='word_1_398' title='bbox 2181 1497 2437 1550; x_wconf 87' lang='lat' dir='ltr'><strong>laborem.</strong></span> <span class='ocrx_word' id='word_1_399' title='bbox 2478 1493 2613 1546; x_wconf 91' lang='lat' dir='ltr'><strong>Sunt</strong></span> <span class='ocrx_word' id='word_1_400' title='bbox 2643 1493 2723 1546; x_wconf 72' lang='lat' dir='ltr'><strong>bac</strong></span> <span class='ocrx_word' id='word_1_401' title='bbox 2745 1488 2991 1562; x_wconf 88' lang='lat' dir='ltr'><strong>Gregorii</strong></span> <span class='ocrx_word' id='word_1_402' title='bbox 3021 1494 3132 1540; x_wconf 86' lang='lat' dir='ltr'><strong>tres</strong></span> <span class='ocrx_word' id='word_1_403' title='bbox 3157 1488 3352 1542; x_wconf 60' lang='lat' dir='ltr'><strong>littera‘</strong></span> 
     </span>
    </p>
   </div>
   <div class='ocr_carea' id='block_1_58' title="bbox 1794 1584 3348 1654">
    <p class='ocr_par' dir='ltr' id='par_1_58' title="bbox 1794 1584 3348 1654">
     <span class='ocr_line' id='line_1_59' title="bbox 1794 1584 3348 1654; baseline -0.008 -9"><span class='ocrx_word' id='word_1_404' title='bbox 1794 1593 1877 1645; x_wconf 86' lang='lat' dir='ltr'><strong>ita-</strong></span> <span class='ocrx_word' id='word_1_405' title='bbox 1901 1590 2039 1643; x_wconf 88' lang='lat' dir='ltr'><strong>inter</strong></span> <span class='ocrx_word' id='word_1_406' title='bbox 2071 1604 2128 1642; x_wconf 89' lang='lat' dir='ltr'><strong>se</strong></span> <span class='ocrx_word' id='word_1_407' title='bbox 2180 1603 2351 1654; x_wconf 66' lang='lat' dir='ltr'><strong>nexae,</strong></span> <span class='ocrx_word' id='word_1_408' title='bbox 2382 1597 2439 1640; x_wconf 90' lang='lat' dir='ltr'><strong>ut</strong></span> <span class='ocrx_word' id='word_1_409' title='bbox 2472 1584 2657 1640; x_wconf 77' lang='lat' dir='ltr'><strong>divelli</strong></span> <span class='ocrx_word' id='word_1_410' title='bbox 2698 1601 2801 1638; x_wconf 86' lang='lat' dir='ltr'><strong>non</strong></span> <span class='ocrx_word' id='word_1_411' title='bbox 2845 1584 3096 1652; x_wconf 84' lang='lat' dir='ltr'><strong>possint:</strong></span> <span class='ocrx_word' id='word_1_412' title='bbox 3138 1589 3188 1632; x_wconf 87' lang='lat' dir='ltr'><strong>et</strong></span> <span class='ocrx_word' id='word_1_413' title='bbox 3226 1595 3348 1632; x_wconf 86' lang='lat' dir='ltr'><strong>cum</strong></span> 
     </span>
    </p>
   </div>
   <div class='ocr_carea' id='block_1_59' title="bbox 1793 1673 3350 1748">
    <p class='ocr_par' dir='ltr' id='par_1_59' title="bbox 1793 1673 3350 1748">
     <span class='ocr_line' id='line_1_60' title="bbox 1793 1673 3350 1748; baseline -0.011 -8"><span class='ocrx_word' id='word_1_414' title='bbox 1793 1701 1974 1740; x_wconf 87' lang='lat' dir='ltr'><strong>earum</strong></span> <span class='ocrx_word' id='word_1_415' title='bbox 2028 1682 2430 1737; x_wconf 88' lang='lat' dir='ltr'><strong>scribendarum</strong></span> <span class='ocrx_word' id='word_1_416' title='bbox 2486 1681 2638 1748; x_wconf 82' lang='lat' dir='ltr'><strong>origo</strong></span> <span class='ocrx_word' id='word_1_417' title='bbox 2693 1691 2756 1730; x_wconf 84' lang='lat' dir='ltr'><strong>ex</strong></span> <span class='ocrx_word' id='word_1_418' title='bbox 2791 1677 2971 1731; x_wconf 81' lang='lat' dir='ltr'><strong>Basilii</strong></span> <span class='ocrx_word' id='word_1_419' title='bbox 3015 1673 3241 1742; x_wconf 87' lang='lat' dir='ltr'><strong>cpistola</strong></span> <span class='ocrx_word' id='word_1_420' title='bbox 3283 1675 3350 1725; x_wconf 77' lang='lat' dir='ltr'><strong>M</strong></span> 
     </span>
    </p>
   </div>
   <div class='ocr_carea' id='block_1_60' title="bbox 1793 1764 3348 1838">
    <p class='ocr_par' dir='ltr' id='par_1_60' title="bbox 1793 1764 3348 1838">
     <span class='ocr_line' id='line_1_61' title="bbox 1793 1764 3348 1838; baseline -0.008 -12"><span class='ocrx_word' id='word_1_421' title='bbox 1793 1784 1908 1827; x_wconf 90' lang='lat' dir='ltr'><strong>orta</strong></span> <span class='ocrx_word' id='word_1_422' title='bbox 1974 1773 2079 1838; x_wconf 92' lang='lat' dir='ltr'><strong>sit,</strong></span> <span class='ocrx_word' id='word_1_423' title='bbox 2133 1771 2329 1826; x_wconf 90' lang='lat' dir='ltr'><strong>merito</strong></span> <span class='ocrx_word' id='word_1_424' title='bbox 2375 1769 2662 1823; x_wconf 89' lang='lat' dir='ltr'><strong>statuimus</strong></span> <span class='ocrx_word' id='word_1_425' title='bbox 2718 1767 2856 1821; x_wconf 88' lang='lat' dir='ltr'><strong>banc</strong></span> <span class='ocrx_word' id='word_1_426' title='bbox 2911 1764 3189 1834; x_wconf 87' lang='lat' dir='ltr'><strong>epistolam</strong></span> <span class='ocrx_word' id='word_1_427' title='bbox 3245 1777 3348 1814; x_wconf 90' lang='lat' dir='ltr'><strong>non</strong></span> 
     </span>
    </p>
   </div>
   <div class='ocr_carea' id='block_1_61' title="bbox 1727 1852 3352 1935">
    <p class='ocr_par' dir='ltr' id='par_1_61' title="bbox 1727 1852 3352 1935">
     <span class='ocr_line' id='line_1_62' title="bbox 1727 1852 3352 1935; baseline -0.007 -18"><span class='ocrx_word' id='word_1_428' title='bbox 1727 1852 1770 1907; x_wconf 83' lang='grc' dir='ltr'><strong>Β</strong></span> <span class='ocrx_word' id='word_1_429' title='bbox 1797 1864 1947 1921; x_wconf 90' lang='lat' dir='ltr'><strong>initio</strong></span> <span class='ocrx_word' id='word_1_430' title='bbox 1978 1880 2223 1920; x_wconf 89' lang='lat' dir='ltr'><strong>secessus</strong></span> <span class='ocrx_word' id='word_1_431' title='bbox 2268 1864 2524 1935; x_wconf 89' lang='lat' dir='ltr'><strong>scriptam</strong></span> <span class='ocrx_word' id='word_1_432' title='bbox 2571 1859 2769 1926; x_wconf 82' lang='lat' dir='ltr'><strong>fuisse,</strong></span> <span class='ocrx_word' id='word_1_433' title='bbox 2821 1857 2912 1912; x_wconf 89' lang='lat' dir='ltr'><strong>sed</strong></span> <span class='ocrx_word' id='word_1_434' title='bbox 2943 1859 3147 1928; x_wconf 88' lang='lat' dir='ltr'><strong>aliquot</strong></span> <span class='ocrx_word' id='word_1_435' title='bbox 3193 1855 3352 1908; x_wconf 81' lang='lat' dir='ltr'><strong>annis</strong></span> 
     </span>
    </p>
   </div>
   <div class='ocr_carea' id='block_1_62' title="bbox 1793 1954 2004 2023">
    <p class='ocr_par' dir='ltr' id='par_1_62' title="bbox 1793 1954 2004 2023">
     <span class='ocr_line' id='line_1_63' title="bbox 1793 1954 2004 2023; baseline -0.009 -13"><span class='ocrx_word' id='word_1_436' title='bbox 1793 1954 2004 2023; x_wconf 84' lang='lat' dir='ltr'><strong>elapsis.</strong></span> 
     </span>
    </p>
   </div>
   <div class='ocr_carea' id='block_1_63' title="bbox 1873 2037 3351 2114">
    <p class='ocr_par' dir='ltr' id='par_1_63' title="bbox 1873 2037 3351 2114">
     <span class='ocr_line' id='line_1_64' title="bbox 1873 2037 3351 2114; baseline -0.007 -11"><span class='ocrx_word' id='word_1_437' title='bbox 1873 2048 2092 2114; x_wconf 84' lang='lat' dir='ltr'><strong>Decepit</strong></span> <span class='ocrx_word' id='word_1_438' title='bbox 2116 2047 2357 2101; x_wconf 90' lang='lat' dir='ltr'><strong>eruditos</strong></span> <span class='ocrx_word' id='word_1_439' title='bbox 2389 2046 2538 2100; x_wconf 86' lang='lat' dir='ltr'><strong>viros</strong></span> <span class='ocrx_word' id='word_1_440' title='bbox 2587 2041 2879 2110; x_wconf 90' lang='lat' dir='ltr'><strong>descriptio</strong></span> <span class='ocrx_word' id='word_1_441' title='bbox 2911 2039 3215 2094; x_wconf 87' lang='lat' dir='ltr'><strong>solitudinis</strong></span> <span class='ocrx_word' id='word_1_442' title='bbox 3249 2037 3351 2092; x_wconf 86' lang='lat' dir='ltr'><strong>Ba-</strong></span> 
     </span>
    </p>
   </div>
   <div class='ocr_carea' id='block_1_64' title="bbox 1793 2133 3349 2206">
    <p class='ocr_par' dir='ltr' id='par_1_64' title="bbox 1793 2133 3349 2206">
     <span class='ocr_line' id='line_1_65' title="bbox 1793 2133 3349 2206; baseline -0.008 -10"><span class='ocrx_word' id='word_1_443' title='bbox 1793 2142 1917 2206; x_wconf 87' lang='lat' dir='ltr'><strong>silii,</strong></span> <span class='ocrx_word' id='word_1_444' title='bbox 1971 2140 2063 2194; x_wconf 89' lang='lat' dir='ltr'><strong>sed</strong></span> <span class='ocrx_word' id='word_1_445' title='bbox 2100 2148 2275 2192; x_wconf 83' lang='lat' dir='ltr'><strong>tamen</strong></span> <span class='ocrx_word' id='word_1_446' title='bbox 2311 2153 2376 2190; x_wconf 92' lang='lat' dir='ltr'><strong>ne</strong></span> <span class='ocrx_word' id='word_1_447' title='bbox 2405 2138 2490 2191; x_wconf 90' lang='lat' dir='ltr'><strong>illa</strong></span> <span class='ocrx_word' id='word_1_448' title='bbox 2549 2139 2766 2202; x_wconf 89' lang='lat' dir='ltr'><strong>quidem</strong></span> <span class='ocrx_word' id='word_1_449' title='bbox 2811 2133 3022 2189; x_wconf 89' lang='lat' dir='ltr'><strong>indiciis</strong></span> <span class='ocrx_word' id='word_1_450' title='bbox 3069 2140 3248 2196; x_wconf 87' lang='lat' dir='ltr'><strong>caret,</strong></span> <span class='ocrx_word' id='word_1_451' title='bbox 3282 2144 3349 2184; x_wconf 78' lang='lat' dir='ltr'><strong>ex</strong></span> 
     </span>
    </p>
   </div>
   <div class='ocr_carea' id='block_1_65' title="bbox 1793 2220 3351 2302">
    <p class='ocr_par' dir='ltr' id='par_1_65' title="bbox 1793 2220 3351 2302">
     <span class='ocr_line' id='line_1_66' title="bbox 1793 2220 3351 2302; baseline -0.007 -16"><span class='ocrx_word' id='word_1_452' title='bbox 1793 2235 1989 2302; x_wconf 85' lang='lat' dir='ltr'><strong>quibus</strong></span> <span class='ocrx_word' id='word_1_453' title='bbox 2016 2233 2190 2287; x_wconf 90' lang='lat' dir='ltr'><strong>locum</strong></span> <span class='ocrx_word' id='word_1_454' title='bbox 2216 2229 2475 2298; x_wconf 83' lang='lat' dir='ltr'><strong>Gregorio</strong></span> <span class='ocrx_word' id='word_1_455' title='bbox 2496 2237 2680 2281; x_wconf 90' lang='lat' dir='ltr'><strong>notum</strong></span> <span class='ocrx_word' id='word_1_456' title='bbox 2711 2229 2876 2282; x_wconf 80' lang='lat' dir='ltr'><strong>fuisse</strong></span> <span class='ocrx_word' id='word_1_457' title='bbox 2893 2225 3220 2296; x_wconf 76' lang='lat' dir='ltr'><strong>iudicemus.</strong></span> <span class='ocrx_word' id='word_1_458' title='bbox 3258 2220 3351 2275; x_wconf 83' lang='lat' dir='ltr'><strong>Sic</strong></span> 
     </span>
    </p>
   </div>
   <div class='ocr_carea' id='block_1_66' title="bbox 1793 2315 3350 2393">
    <p class='ocr_par' dir='ltr' id='par_1_66' title="bbox 1793 2315 3350 2393">
     <span class='ocr_line' id='line_1_67' title="bbox 1793 2315 3350 2393; baseline -0.008 -14"><span class='ocrx_word' id='word_1_459' title='bbox 1793 2326 1937 2379; x_wconf 88' lang='lat' dir='ltr'><strong>enim</strong></span> <span class='ocrx_word' id='word_1_460' title='bbox 1972 2325 2148 2377; x_wconf 88' lang='lat' dir='ltr'><strong>omnia</strong></span> <span class='ocrx_word' id='word_1_461' title='bbox 2207 2321 2445 2393; x_wconf 87' lang='lat' dir='ltr'><strong>depingit</strong></span> <span class='ocrx_word' id='word_1_462' title='bbox 2489 2318 2754 2384; x_wconf 84' lang='lat' dir='ltr'><strong>Basilius,</strong></span> <span class='ocrx_word' id='word_1_463' title='bbox 2801 2320 2878 2373; x_wconf 89' lang='lat' dir='ltr'><strong>sic</strong></span> <span class='ocrx_word' id='word_1_464' title='bbox 2931 2318 3029 2372; x_wconf 92' lang='lat' dir='ltr'><strong>loci</strong></span> <span class='ocrx_word' id='word_1_465' title='bbox 3067 2315 3350 2372; x_wconf 83' lang='lat' dir='ltr'><strong>commoda</strong></span> 
     </span>
    </p>
   </div>
   <div class='ocr_carea' id='block_1_67' title="bbox 1794 2409 3351 2484">
    <p class='ocr_par' dir='ltr' id='par_1_67' title="bbox 1794 2409 3351 2484">
     <span class='ocr_line' id='line_1_68' title="bbox 1794 2409 3351 2484; baseline -0.004 -15"><span class='ocrx_word' id='word_1_466' title='bbox 1794 2423 2104 2484; x_wconf 83' lang='lat' dir='ltr'><strong>exaggerat,</strong></span> <span class='ocrx_word' id='word_1_467' title='bbox 2137 2422 2191 2466; x_wconf 91' lang='lat' dir='ltr'><strong>et</strong></span> <span class='ocrx_word' id='word_1_468' title='bbox 2221 2415 2285 2466; x_wconf 83' lang='lat' dir='ltr'><strong>iis</strong></span> <span class='ocrx_word' id='word_1_469' title='bbox 2323 2429 2440 2481; x_wconf 67' lang='lat' dir='ltr'><strong>qua:</strong></span> <span class='ocrx_word' id='word_1_470' title='bbox 2471 2410 2804 2468; x_wconf 88' lang='lat' dir='ltr'><strong>incommoda</strong></span> <span class='ocrx_word' id='word_1_471' title='bbox 2839 2418 2890 2463; x_wconf 91' lang='lat' dir='ltr'><strong>et</strong></span> <span class='ocrx_word' id='word_1_472' title='bbox 2923 2409 3208 2478; x_wconf 88' lang='lat' dir='ltr'><strong>injucunda</strong></span> <span class='ocrx_word' id='word_1_473' title='bbox 3229 2423 3351 2464; x_wconf 86' lang='lat' dir='ltr'><strong>esse</strong></span> 
     </span>
    </p>
   </div>
   <div class='ocr_carea' id='block_1_68' title="bbox 1793 2500 3352 2572">
    <p class='ocr_par' dir='ltr' id='par_1_68' title="bbox 1793 2500 3352 2572">
     <span class='ocr_line' id='line_1_69' title="bbox 1793 2500 3352 2572; baseline -0.005 -10"><span class='ocrx_word' id='word_1_474' title='bbox 1793 2509 2085 2570; x_wconf 88' lang='lat' dir='ltr'><strong>debebant,</strong></span> <span class='ocrx_word' id='word_1_475' title='bbox 2132 2505 2296 2560; x_wconf 89' lang='lat' dir='ltr'><strong>aliam</strong></span> <span class='ocrx_word' id='word_1_476' title='bbox 2329 2504 2490 2559; x_wconf 86' lang='lat' dir='ltr'><strong>veluti</strong></span> <span class='ocrx_word' id='word_1_477' title='bbox 2541 2505 2764 2559; x_wconf 81' lang='lat' dir='ltr'><strong>formam</strong></span> <span class='ocrx_word' id='word_1_478' title='bbox 2799 2502 3010 2559; x_wconf 89' lang='lat' dir='ltr'><strong>dicendi</strong></span> <span class='ocrx_word' id='word_1_479' title='bbox 3064 2503 3243 2572; x_wconf 89' lang='lat' dir='ltr'><strong>lepore</strong></span> <span class='ocrx_word' id='word_1_480' title='bbox 3270 2500 3352 2556; x_wconf 81' lang='lat' dir='ltr'><strong>af-</strong></span> 
     </span>
    </p>
   </div>
   <div class='ocr_carea' id='block_1_69' title="bbox 1795 2591 3350 2672">
    <p class='ocr_par' dir='ltr' id='par_1_69' title="bbox 1795 2591 3350 2672">
     <span class='ocr_line' id='line_1_70' title="bbox 1795 2591 3350 2672; baseline -0.007 -16"><span class='ocrx_word' id='word_1_481' title='bbox 1795 2602 1966 2672; x_wconf 74' lang='lat' dir='ltr'><strong>fingit,</strong></span> <span class='ocrx_word' id='word_1_482' title='bbox 2019 2610 2077 2654; x_wconf 90' lang='lat' dir='ltr'><strong>ut</strong></span> <span class='ocrx_word' id='word_1_483' title='bbox 2131 2613 2463 2668; x_wconf 81' lang='lat' dir='ltr'><strong>nequaquam</strong></span> <span class='ocrx_word' id='word_1_484' title='bbox 2512 2596 2754 2650; x_wconf 83' lang='lat' dir='ltr'><strong>videatur</strong></span> <span class='ocrx_word' id='word_1_485' title='bbox 2806 2597 2980 2651; x_wconf 92' lang='lat' dir='ltr'><strong>amico</strong></span> <span class='ocrx_word' id='word_1_486' title='bbox 3027 2594 3191 2665; x_wconf 82' lang='lat' dir='ltr'><strong>ignoti</strong></span> <span class='ocrx_word' id='word_1_487' title='bbox 3247 2591 3350 2647; x_wconf 91' lang='lat' dir='ltr'><strong>loci</strong></span> 
     </span>
    </p>
   </div>
   <div class='ocr_carea' id='block_1_70' title="bbox 1791 2688 3352 2765">
    <p class='ocr_par' dir='ltr' id='par_1_70' title="bbox 1791 2688 3352 2765">
     <span class='ocr_line' id='line_1_71' title="bbox 1791 2688 3352 2765; baseline -0.005 -15"><span class='ocrx_word' id='word_1_488' title='bbox 1791 2695 2155 2765; x_wconf 86' lang='lat' dir='ltr'><strong>cognitionem</strong></span> <span class='ocrx_word' id='word_1_489' title='bbox 2194 2691 2438 2760; x_wconf 83' lang='lat' dir='ltr'><strong>injicere,</strong></span> <span class='ocrx_word' id='word_1_490' title='bbox 2470 2688 2564 2743; x_wconf 89' lang='lat' dir='ltr'><strong>sed</strong></span> <span class='ocrx_word' id='word_1_491' title='bbox 2599 2690 2772 2757; x_wconf 87' lang='lat' dir='ltr'><strong>potius</strong></span> <span class='ocrx_word' id='word_1_492' title='bbox 2799 2705 2917 2743; x_wconf 92' lang='lat' dir='ltr'><strong>cum</strong></span> <span class='ocrx_word' id='word_1_493' title='bbox 2959 2705 3022 2742; x_wconf 91' lang='lat' dir='ltr'><strong>eo</strong></span> <span class='ocrx_word' id='word_1_494' title='bbox 3054 2688 3352 2756; x_wconf 87' lang='lat' dir='ltr'><strong>perurbane</strong></span> 
     </span>
    </p>
   </div>
   <div class='ocr_carea' id='block_1_71' title="bbox 1791 2781 3351 2855">
    <p class='ocr_par' dir='ltr' id='par_1_71' title="bbox 1791 2781 3351 2855">
     <span class='ocr_line' id='line_1_72' title="bbox 1791 2781 3351 2855; baseline -0.004 -15"><span class='ocrx_word' id='word_1_495' title='bbox 1791 2796 1841 2840; x_wconf 91' lang='lat' dir='ltr'><strong>et</strong></span> <span class='ocrx_word' id='word_1_496' title='bbox 1870 2785 2145 2855; x_wconf 88' lang='lat' dir='ltr'><strong>eleganter</strong></span> <span class='ocrx_word' id='word_1_497' title='bbox 2176 2784 2471 2838; x_wconf 89' lang='lat' dir='ltr'><strong>colludere.</strong></span> <span class='ocrx_word' id='word_1_498' title='bbox 2504 2781 2708 2836; x_wconf 90' lang='lat' dir='ltr'><strong>Deinde</strong></span> <span class='ocrx_word' id='word_1_499' title='bbox 2732 2797 2862 2836; x_wconf 87' lang='lat' dir='ltr'><strong>vero</strong></span> <span class='ocrx_word' id='word_1_500' title='bbox 2911 2782 3036 2835; x_wconf 91' lang='lat' dir='ltr'><strong>dum</strong></span> <span class='ocrx_word' id='word_1_501' title='bbox 3073 2781 3144 2833; x_wconf 88' lang='lat' dir='ltr'><strong>ait</strong></span> <span class='ocrx_word' id='word_1_502' title='bbox 3169 2795 3226 2834; x_wconf 86' lang='lat' dir='ltr'><strong>se</strong></span> <span class='ocrx_word' id='word_1_503' title='bbox 3258 2795 3351 2834; x_wconf 86' lang='lat' dir='ltr'><strong>ne-</strong></span> 
     </span>
    </p>
   </div>
   <div class='ocr_carea' id='block_1_72' title="bbox 1789 2871 3352 2952">
    <p class='ocr_par' dir='ltr' id='par_1_72' title="bbox 1789 2871 3352 2952">
     <span class='ocr_line' id='line_1_73' title="bbox 1789 2871 3352 2952; baseline -0.004 -20"><span class='ocrx_word' id='word_1_504' title='bbox 1789 2878 1948 2947; x_wconf 87' lang='lat' dir='ltr'><strong>gotiis</strong></span> <span class='ocrx_word' id='word_1_505' title='bbox 1973 2877 2286 2952; x_wconf 79' lang='lat' dir='ltr'><strong>distractum</strong></span> <span class='ocrx_word' id='word_1_506' title='bbox 2319 2885 2633 2945; x_wconf 83' lang='lat' dir='ltr'><strong>exspectare</strong></span> <span class='ocrx_word' id='word_1_507' title='bbox 2676 2889 2780 2928; x_wconf 90' lang='lat' dir='ltr'><strong>non</strong></span> <span class='ocrx_word' id='word_1_508' title='bbox 2817 2889 2975 2945; x_wconf 89' lang='lat' dir='ltr'><strong>posse</strong></span> <span class='ocrx_word' id='word_1_509' title='bbox 3005 2875 3129 2928; x_wconf 92' lang='lat' dir='ltr'><strong>dum</strong></span> <span class='ocrx_word' id='word_1_510' title='bbox 3169 2871 3352 2927; x_wconf 83' lang='lat' dir='ltr'><strong>veniat</strong></span> 
     </span>
    </p>
   </div>
   <div class='ocr_carea' id='block_1_73' title="bbox 1793 2963 3353 3040">
    <p class='ocr_par' dir='ltr' id='par_1_73' title="bbox 1793 2963 3353 3040">
     <span class='ocr_line' id='line_1_74' title="bbox 1793 2963 3353 3040; baseline -0.003 -15"><span class='ocrx_word' id='word_1_511' title='bbox 1793 2969 2116 3040; x_wconf 81' lang='lat' dir='ltr'><strong>Gregorius,</strong></span> <span class='ocrx_word' id='word_1_512' title='bbox 2155 2985 2400 3039; x_wconf 79' lang='lat' dir='ltr'><strong>quamam</strong></span> <span class='ocrx_word' id='word_1_513' title='bbox 2439 2969 2586 3022; x_wconf 90' lang='lat' dir='ltr'><strong>illum</strong></span> <span class='ocrx_word' id='word_1_514' title='bbox 2619 2969 2829 3038; x_wconf 86' lang='lat' dir='ltr'><strong>negotia</strong></span> <span class='ocrx_word' id='word_1_515' title='bbox 2858 2968 2909 3020; x_wconf 89' lang='lat' dir='ltr'><strong>in</strong></span> <span class='ocrx_word' id='word_1_516' title='bbox 2934 2967 3161 3021; x_wconf 85' lang='lat' dir='ltr'><strong>Pontum</strong></span> <span class='ocrx_word' id='word_1_517' title='bbox 3210 2963 3353 3020; x_wconf 89' lang='lat' dir='ltr'><strong>cele-</strong></span> 
     </span>
    </p>
   </div>
   <div class='ocr_carea' id='block_1_74' title="bbox 1791 3055 3352 3132">
    <p class='ocr_par' dir='ltr' id='par_1_74' title="bbox 1791 3055 3352 3132">
     <span class='ocr_line' id='line_1_75' title="bbox 1791 3055 3352 3132; baseline -0.004 -15"><span class='ocrx_word' id='word_1_518' title='bbox 1791 3063 1924 3118; x_wconf 88' lang='lat' dir='ltr'><strong>riter</strong></span> <span class='ocrx_word' id='word_1_519' title='bbox 1953 3062 2222 3132; x_wconf 84' lang='lat' dir='ltr'><strong>prollcisci</strong></span> <span class='ocrx_word' id='word_1_520' title='bbox 2279 3062 2569 3129; x_wconf 90' lang='lat' dir='ltr'><strong>cogebant,</strong></span> <span class='ocrx_word' id='word_1_521' title='bbox 2603 3059 2707 3112; x_wconf 89' lang='lat' dir='ltr'><strong>nisi</strong></span> <span class='ocrx_word' id='word_1_522' title='bbox 2747 3057 3057 3111; x_wconf 89' lang='lat' dir='ltr'><strong>monasterii</strong></span> <span class='ocrx_word' id='word_1_523' title='bbox 3082 3055 3192 3125; x_wconf 87' lang='lat' dir='ltr'><strong>jam</strong></span> <span class='ocrx_word' id='word_1_524' title='bbox 3221 3070 3352 3110; x_wconf 88' lang='lat' dir='ltr'><strong>con-</strong></span> 
     </span>
    </p>
   </div>
   <div class='ocr_carea' id='block_1_75' title="bbox 1789 3149 3348 3221">
    <p class='ocr_par' dir='ltr' id='par_1_75' title="bbox 1789 3149 3348 3221">
     <span class='ocr_line' id='line_1_76' title="bbox 1789 3149 3348 3221; baseline -0.007 -9"><span class='ocrx_word' id='word_1_525' title='bbox 1789 3157 1979 3212; x_wconf 76' lang='lat' dir='ltr'><strong>structi</strong></span> <span class='ocrx_word' id='word_1_526' title='bbox 2012 3156 2180 3209; x_wconf 86' lang='lat' dir='ltr'><strong>cura?</strong></span> <span class='ocrx_word' id='word_1_527' title='bbox 2209 3153 2310 3206; x_wconf 89' lang='lat' dir='ltr'><strong>Sed</strong></span> <span class='ocrx_word' id='word_1_528' title='bbox 2361 3167 2480 3206; x_wconf 88' lang='lat' dir='ltr'><strong>cum</strong></span> <span class='ocrx_word' id='word_1_529' title='bbox 2525 3150 2756 3221; x_wconf 88' lang='lat' dir='ltr'><strong>primum</strong></span> <span class='ocrx_word' id='word_1_530' title='bbox 2811 3149 3056 3213; x_wconf 89' lang='lat' dir='ltr'><strong>secessit,</strong></span> <span class='ocrx_word' id='word_1_531' title='bbox 3086 3165 3189 3203; x_wconf 91' lang='lat' dir='ltr'><strong>non</strong></span> <span class='ocrx_word' id='word_1_532' title='bbox 3226 3162 3348 3202; x_wconf 87' lang='lat' dir='ltr'><strong>eum</strong></span> 
     </span>
    </p>
   </div>
   <div class='ocr_carea' id='block_1_76' title="bbox 1790 3241 3350 3318">
    <p class='ocr_par' dir='ltr' id='par_1_76' title="bbox 1790 3241 3350 3318">
     <span class='ocr_line' id='line_1_77' title="bbox 1790 3241 3350 3318; baseline -0.005 -13"><span class='ocrx_word' id='word_1_533' title='bbox 1790 3249 2003 3318; x_wconf 80' lang='lat' dir='ltr'><strong>negotia</strong></span> <span class='ocrx_word' id='word_1_534' title='bbox 2040 3247 2091 3301; x_wconf 91' lang='lat' dir='ltr'><strong>in</strong></span> <span class='ocrx_word' id='word_1_535' title='bbox 2124 3246 2352 3300; x_wconf 87' lang='lat' dir='ltr'><strong>Pontum</strong></span> <span class='ocrx_word' id='word_1_536' title='bbox 2386 3253 2668 3309; x_wconf 78' lang='lat' dir='ltr'><strong>vocarunt,</strong></span> <span class='ocrx_word' id='word_1_537' title='bbox 2731 3245 2822 3300; x_wconf 91' lang='lat' dir='ltr'><strong>sed</strong></span> <span class='ocrx_word' id='word_1_538' title='bbox 2861 3243 3004 3298; x_wconf 91' lang='lat' dir='ltr'><strong>solus</strong></span> <span class='ocrx_word' id='word_1_539' title='bbox 3035 3257 3189 3297; x_wconf 89' lang='lat' dir='ltr'><strong>amor</strong></span> <span class='ocrx_word' id='word_1_540' title='bbox 3222 3241 3350 3297; x_wconf 84' lang='lat' dir='ltr'><strong>soli-</strong></span> 
     </span>
    </p>
   </div>
   <div class='ocr_carea' id='block_1_77' title="bbox 1793 3337 3350 3395">
    <p class='ocr_par' dir='ltr' id='par_1_77' title="bbox 1793 3337 3350 3395">
     <span class='ocr_line' id='line_1_78' title="bbox 1793 3337 3350 3395; baseline -0.001 -1"><span class='ocrx_word' id='word_1_541' title='bbox 1793 3341 2013 3395; x_wconf 87' lang='lat' dir='ltr'><strong>tudinis.</strong></span> <span class='ocrx_word' id='word_1_542' title='bbox 2067 3341 2448 3395; x_wconf 87' lang='lat' dir='ltr'><strong>Demonstrant</strong></span> <span class='ocrx_word' id='word_1_543' title='bbox 2497 3339 2657 3394; x_wconf 90' lang='lat' dir='ltr'><strong>etiam</strong></span> <span class='ocrx_word' id='word_1_544' title='bbox 2707 3348 2979 3393; x_wconf 90' lang='lat' dir='ltr'><strong>assuetum</strong></span> <span class='ocrx_word' id='word_1_545' title='bbox 3041 3339 3166 3391; x_wconf 91' lang='lat' dir='ltr'><strong>buic</strong></span> <span class='ocrx_word' id='word_1_546' title='bbox 3229 3337 3350 3392; x_wconf 92' lang='lat' dir='ltr'><strong>loco</strong></span> 
     </span>
    </p>
   </div>
   <div class='ocr_carea' id='block_1_78' title="bbox 1790 3427 3349 3497">
    <p class='ocr_par' dir='ltr' id='par_1_78' title="bbox 1790 3427 3349 3497">
     <span class='ocr_line' id='line_1_79' title="bbox 1790 3427 3349 3497; baseline -0.004 -12"><span class='ocrx_word' id='word_1_547' title='bbox 1790 3433 2024 3486; x_wconf 87' lang='lat' dir='ltr'><strong>animum</strong></span> <span class='ocrx_word' id='word_1_548' title='bbox 2056 3432 2170 3490; x_wconf 61' lang='lat' dir='ltr'><strong>haec</strong></span> <span class='ocrx_word' id='word_1_549' title='bbox 2210 3431 2369 3483; x_wconf 85' lang='lat' dir='ltr'><strong>verba</strong></span> <span class='ocrx_word' id='word_1_550' title='bbox 2395 3431 2467 3497; x_wconf 25' lang='lat' dir='ltr'><strong>(pr.</strong></span> <span class='ocrx_word' id='word_1_551' title='bbox 2501 3429 2590 3497; x_wconf 65' lang='lat'><strong>94)</strong></span> <span class='ocrx_word' id='word_1_552' title='bbox 2620 3448 2631 3482; x_wconf 93' lang='lat'>:</span> <span class='ocrx_word' id='word_1_553' title='bbox 2673 3427 2826 3493; x_wconf 85' lang='lat' dir='ltr'><strong>Quod</strong></span> <span class='ocrx_word' id='word_1_554' title='bbox 2861 3437 3032 3479; x_wconf 88' lang='lat' dir='ltr'><strong>autem</strong></span> <span class='ocrx_word' id='word_1_555' title='bbox 3061 3428 3349 3480; x_wconf 70' lang='lat' dir='ltr'><strong>maximum</strong></span> 
     </span>
    </p>
   </div>
   <div class='ocr_carea' id='block_1_79' title="bbox 1788 3517 3348 3588">
    <p class='ocr_par' dir='ltr' id='par_1_79' title="bbox 1788 3517 3348 3588">
     <span class='ocr_line' id='line_1_80' title="bbox 1788 3517 3348 3588; baseline -0.006 -10"><span class='ocrx_word' id='word_1_556' title='bbox 1788 3526 1851 3578; x_wconf 90' lang='lat' dir='ltr'><strong>de</strong></span> <span class='ocrx_word' id='word_1_557' title='bbox 1881 3526 1975 3577; x_wconf 86' lang='lat' dir='ltr'><strong>hoc</strong></span> <span class='ocrx_word' id='word_1_558' title='bbox 2004 3523 2115 3575; x_wconf 83' lang='lat' dir='ltr'><strong>loco</strong></span> <span class='ocrx_word' id='word_1_559' title='bbox 2145 3523 2328 3583; x_wconf 69' lang='lat' dir='ltr'><strong>diceret</strong></span> <span class='ocrx_word' id='word_1_560' title='bbox 2356 3536 2652 3588; x_wconf 86' lang='lat' dir='ltr'><strong>possumus,</strong></span> <span class='ocrx_word' id='word_1_561' title='bbox 2703 3518 2834 3571; x_wconf 91' lang='lat' dir='ltr'><strong>illud</strong></span> <span class='ocrx_word' id='word_1_562' title='bbox 2874 3527 2970 3581; x_wconf 88' lang='lat' dir='ltr'><strong>est,</strong></span> <span class='ocrx_word' id='word_1_563' title='bbox 3021 3517 3182 3587; x_wconf 90' lang='lat' dir='ltr'><strong>quod,</strong></span> <span class='ocrx_word' id='word_1_564' title='bbox 3229 3531 3348 3569; x_wconf 84' lang='lat' dir='ltr'><strong>cum</strong></span> 
     </span>
    </p>
   </div>
   <div class='ocr_carea' id='block_1_80' title="bbox 1790 3608 3340 3680">
    <p class='ocr_par' dir='ltr' id='par_1_80' title="bbox 1790 3608 3340 3680">
     <span class='ocr_line' id='line_1_81' title="bbox 1790 3608 3340 3680; baseline -0.003 -12"><span class='ocrx_word' id='word_1_565' title='bbox 1790 3615 1851 3668; x_wconf 90' lang='lat' dir='ltr'><strong>ob</strong></span> <span class='ocrx_word' id='word_1_566' title='bbox 1884 3615 2019 3667; x_wconf 88' lang='lat' dir='ltr'><strong>situs</strong></span> <span class='ocrx_word' id='word_1_567' title='bbox 2046 3613 2485 3680; x_wconf 88' lang='lat' dir='ltr'><strong>opportunitatem</strong></span> <span class='ocrx_word' id='word_1_568' title='bbox 2527 3609 2594 3662; x_wconf 90' lang='lat' dir='ltr'><strong>ad</strong></span> <span class='ocrx_word' id='word_1_569' title='bbox 2625 3626 2799 3663; x_wconf 84' lang='lat' dir='ltr'><strong>omnes</strong></span> <span class='ocrx_word' id='word_1_570' title='bbox 2830 3611 3032 3676; x_wconf 90' lang='lat' dir='ltr'><strong>fructus</strong></span> <span class='ocrx_word' id='word_1_571' title='bbox 3066 3608 3340 3677; x_wconf 85' lang='lat' dir='ltr'><strong>proferen-</strong></span> 
     </span>
    </p>
   </div>
   <div class='ocr_carea' id='block_1_81' title="bbox 1789 3700 3347 3770">
    <p class='ocr_par' dir='ltr' id='par_1_81' title="bbox 1789 3700 3347 3770">
     <span class='ocr_line' id='line_1_82' title="bbox 1789 3700 3347 3770; baseline -0.005 -10"><span class='ocrx_word' id='word_1_572' title='bbox 1789 3708 1882 3760; x_wconf 88' lang='lat' dir='ltr'><strong>dos</strong></span> <span class='ocrx_word' id='word_1_573' title='bbox 1906 3706 2121 3760; x_wconf 87' lang='lat' dir='ltr'><strong>idoneus</strong></span> <span class='ocrx_word' id='word_1_574' title='bbox 2157 3705 2249 3770; x_wconf 88' lang='lat' dir='ltr'><strong>sit,</strong></span> <span class='ocrx_word' id='word_1_575' title='bbox 2282 3720 2442 3756; x_wconf 89' lang='lat' dir='ltr'><strong>unttm</strong></span> <span class='ocrx_word' id='word_1_576' title='bbox 2470 3703 2706 3756; x_wconf 90' lang='lat' dir='ltr'><strong>omnium</strong></span> <span class='ocrx_word' id='word_1_577' title='bbox 2738 3701 2862 3754; x_wconf 86' lang='lat' dir='ltr'><strong>mihi</strong></span> <span class='ocrx_word' id='word_1_578' title='bbox 2902 3700 3347 3770; x_wconf 88' lang='lat' dir='ltr'><strong>jucundissimunt</strong></span> 
     </span>
    </p>
   </div>
   <div class='ocr_carea' id='block_1_82' title="bbox 1789 3793 3346 3870">
    <p class='ocr_par' dir='ltr' id='par_1_82' title="bbox 1789 3793 3346 3870">
     <span class='ocr_line' id='line_1_83' title="bbox 1789 3793 3346 3870; baseline -0.003 -19"><span class='ocrx_word' id='word_1_579' title='bbox 1789 3801 2013 3870; x_wconf 86' lang='lat' dir='ltr'><strong>quietem</strong></span> <span class='ocrx_word' id='word_1_580' title='bbox 2039 3813 2101 3849; x_wconf 87' lang='lat' dir='ltr'><strong>ac</strong></span> <span class='ocrx_word' id='word_1_581' title='bbox 2133 3795 2572 3864; x_wconf 80' lang='lat' dir='ltr'><strong>tranquillitatem</strong></span> <span class='ocrx_word' id='word_1_582' title='bbox 2599 3794 2718 3858; x_wconf 88' lang='lat' dir='ltr'><strong>alit,</strong></span> <span class='ocrx_word' id='word_1_583' title='bbox 2750 3810 2849 3847; x_wconf 90' lang='lat' dir='ltr'><strong>non</strong></span> <span class='ocrx_word' id='word_1_584' title='bbox 2891 3793 3060 3847; x_wconf 84' lang='lat' dir='ltr'><strong>soluat</strong></span> <span class='ocrx_word' id='word_1_585' title='bbox 3094 3802 3346 3861; x_wconf 72' lang='lat' dir='ltr'><strong>qualem</strong></span> 
     </span>
    </p>
   </div>
   <div class='ocr_carea' id='block_1_83' title="bbox 1789 3885 3344 3954">
    <p class='ocr_par' dir='ltr' id='par_1_83' title="bbox 1789 3885 3344 3954">
     <span class='ocr_line' id='line_1_84' title="bbox 1789 3885 3344 3954; baseline -0.004 -9"><span class='ocrx_word' id='word_1_586' title='bbox 1789 3891 1852 3945; x_wconf 90' lang='lat' dir='ltr'><strong>ab</strong></span> <span class='ocrx_word' id='word_1_587' title='bbox 1904 3891 2118 3944; x_wconf 86' lang='lat' dir='ltr'><strong>urbanis</strong></span> <span class='ocrx_word' id='word_1_588' title='bbox 2148 3889 2457 3942; x_wconf 87' lang='lat' dir='ltr'><strong>tumultibus</strong></span> <span class='ocrx_word' id='word_1_589' title='bbox 2487 3887 2616 3940; x_wconf 87' lang='lat' dir='ltr'><strong>liber</strong></span> <span class='ocrx_word' id='word_1_590' title='bbox 2650 3898 2746 3953; x_wconf 88' lang='lat' dir='ltr'><strong>est,</strong></span> <span class='ocrx_word' id='word_1_591' title='bbox 2788 3887 2878 3940; x_wconf 88' lang='lat' dir='ltr'><strong>sed</strong></span> <span class='ocrx_word' id='word_1_592' title='bbox 2914 3885 3077 3938; x_wconf 89' lang='lat' dir='ltr'><strong>etiam</strong></span> <span class='ocrx_word' id='word_1_593' title='bbox 3104 3885 3229 3954; x_wconf 90' lang='lat' dir='ltr'><strong>quia</strong></span> <span class='ocrx_word' id='word_1_594' title='bbox 3280 3901 3344 3939; x_wconf 87' lang='lat' dir='ltr'><strong>ne</strong></span> 
     </span>
    </p>
   </div>
   <div class='ocr_carea' id='block_1_84' title="bbox 1784 3976 3346 4053">
    <p class='ocr_par' dir='ltr' id='par_1_84' title="bbox 1784 3976 3346 4053">
     <span class='ocr_line' id='line_1_85' title="bbox 1784 3976 3346 4053; baseline -0.005 -15"><span class='ocrx_word' id='word_1_595' title='bbox 1784 3985 2032 4038; x_wconf 80' lang='lat' dir='ltr'><strong>viatorem</strong></span> <span class='ocrx_word' id='word_1_596' title='bbox 2079 3983 2284 4053; x_wconf 88' lang='lat' dir='ltr'><strong>quidem</strong></span> <span class='ocrx_word' id='word_1_597' title='bbox 2334 3979 2496 4034; x_wconf 91' lang='lat' dir='ltr'><strong>ullum</strong></span> <span class='ocrx_word' id='word_1_598' title='bbox 2545 3981 2614 4032; x_wconf 88' lang='lat' dir='ltr'><strong>ad</strong></span> <span class='ocrx_word' id='word_1_599' title='bbox 2656 3995 2748 4033; x_wconf 84' lang='lat' dir='ltr'><strong>nos</strong></span> <span class='ocrx_word' id='word_1_600' title='bbox 2793 3977 3134 4039; x_wconf 86' lang='lat' dir='ltr'><strong>transmittit,</strong></span> <span class='ocrx_word' id='word_1_601' title='bbox 3172 3976 3218 4029; x_wconf 89' lang='lat' dir='ltr'><strong>si</strong></span> <span class='ocrx_word' id='word_1_602' title='bbox 3259 3992 3346 4030; x_wconf 86' lang='lat' dir='ltr'><strong>eos</strong></span> 
     </span>
    </p>
   </div>
   <div class='ocr_carea' id='block_1_85' title="bbox 1783 4068 3340 4145">
    <p class='ocr_par' dir='ltr' id='par_1_85' title="bbox 1783 4068 3340 4145">
     <span class='ocr_line' id='line_1_86' title="bbox 1783 4068 3340 4145; baseline -0.007 -15"><span class='ocrx_word' id='word_1_603' title='bbox 1783 4077 2010 4145; x_wconf 71' lang='lat' dir='ltr'><strong>excipias</strong></span> <span class='ocrx_word' id='word_1_604' title='bbox 2043 4113 2059 4138; x_wconf 90' lang='lat'><strong>,</strong></span> <span class='ocrx_word' id='word_1_605' title='bbox 2098 4075 2186 4145; x_wconf 89' lang='lat' dir='ltr'><strong>qui</strong></span> <span class='ocrx_word' id='word_1_606' title='bbox 2231 4075 2361 4126; x_wconf 85' lang='lat' dir='ltr'><strong>inter</strong></span> <span class='ocrx_word' id='word_1_607' title='bbox 2393 4073 2680 4126; x_wconf 87' lang='lat' dir='ltr'><strong>venandum</strong></span> <span class='ocrx_word' id='word_1_608' title='bbox 2720 4069 2987 4121; x_wconf 89' lang='lat' dir='ltr'><strong>nobiscum</strong></span> <span class='ocrx_word' id='word_1_609' title='bbox 3041 4068 3340 4120; x_wconf 85' lang='lat' dir='ltr'><strong>miscentur.</strong></span> 
     </span>
    </p>
   </div>
   <div class='ocr_carea' id='block_1_86' title="bbox 1790 4161 3343 4234">
    <p class='ocr_par' dir='ltr' id='par_1_86' title="bbox 1790 4161 3343 4234">
     <span class='ocr_line' id='line_1_87' title="bbox 1790 4161 3343 4234; baseline -0.006 -13"><span class='ocrx_word' id='word_1_610' title='bbox 1790 4167 1931 4221; x_wconf 85' lang='lat' dir='ltr'><strong>Nam</strong></span> <span class='ocrx_word' id='word_1_611' title='bbox 1967 4179 2155 4234; x_wconf 80' lang='lat' dir='ltr'><strong>prwter</strong></span> <span class='ocrx_word' id='word_1_612' title='bbox 2196 4165 2396 4228; x_wconf 88' lang='lat' dir='ltr'><strong>reliqua</strong></span> <span class='ocrx_word' id='word_1_613' title='bbox 2433 4165 2572 4228; x_wconf 89' lang='lat' dir='ltr'><strong>feras</strong></span> <span class='ocrx_word' id='word_1_614' title='bbox 2600 4161 2758 4213; x_wconf 88' lang='lat' dir='ltr'><strong>etiam</strong></span> <span class='ocrx_word' id='word_1_615' title='bbox 2805 4161 3150 4224; x_wconf 88' lang='lat' dir='ltr'><strong>enutrit,non</strong></span> <span class='ocrx_word' id='word_1_616' title='bbox 3192 4176 3343 4212; x_wconf 88' lang='lat' dir='ltr'><strong>ursos</strong></span> 
     </span>
    </p>
   </div>
   <div class='ocr_carea' id='block_1_87' title="bbox 1786 4250 3357 4325">
    <p class='ocr_par' dir='ltr' id='par_1_87' title="bbox 1786 4250 3357 4325">
     <span class='ocr_line' id='line_1_88' title="bbox 1786 4250 3357 4325; baseline -0.005 -14"><span class='ocrx_word' id='word_1_617' title='bbox 1786 4268 1875 4311; x_wconf 90' lang='lat' dir='ltr'><strong>aut</strong></span> <span class='ocrx_word' id='word_1_618' title='bbox 1916 4257 2063 4325; x_wconf 91' lang='lat' dir='ltr'><strong>lupos</strong></span> <span class='ocrx_word' id='word_1_619' title='bbox 2101 4267 2296 4309; x_wconf 69' lang='lat' dir='ltr'><strong>vestros</strong></span> <span class='ocrx_word' id='word_1_620' title='bbox 2323 4253 2518 4323; x_wconf 73' lang='lat' dir='ltr'><strong>(absit!</strong></span> <span class='ocrx_word' id='word_1_621' title='bbox 2539 4256 2580 4322; x_wconf 86' lang='lat'><strong>),</strong></span> <span class='ocrx_word' id='word_1_622' title='bbox 2603 4255 2691 4305; x_wconf 89' lang='lat' dir='ltr'><strong>sed</strong></span> <span class='ocrx_word' id='word_1_623' title='bbox 2725 4267 2990 4305; x_wconf 84' lang='lat' dir='ltr'><strong>cervorum</strong></span> <span class='ocrx_word' id='word_1_624' title='bbox 3020 4263 3171 4314; x_wconf 88' lang='lat' dir='ltr'><strong>atque</strong></span> <span class='ocrx_word' id='word_1_625' title='bbox 3194 4250 3357 4304; x_wconf 76' lang='lat' dir='ltr'><strong>siles--</strong></span> 
     </span>
    </p>
   </div>
   <div class='ocr_carea' id='block_1_88' title="bbox 1783 4343 3343 4416">
    <p class='ocr_par' dir='ltr' id='par_1_88' title="bbox 1783 4343 3343 4416">
     <span class='ocr_line' id='line_1_89' title="bbox 1783 4343 3343 4416; baseline -0.005 -14"><span class='ocrx_word' id='word_1_626' title='bbox 1783 4351 1966 4404; x_wconf 89' lang='lat' dir='ltr'><strong>strium</strong></span> <span class='ocrx_word' id='word_1_627' title='bbox 1987 4363 2262 4416; x_wconf 88' lang='lat' dir='ltr'><strong>caprarum</strong></span> <span class='ocrx_word' id='word_1_628' title='bbox 2281 4361 2477 4416; x_wconf 88' lang='lat' dir='ltr'><strong>greges,</strong></span> <span class='ocrx_word' id='word_1_629' title='bbox 2502 4345 2818 4414; x_wconf 80' lang='lat' dir='ltr'><strong>lepOresque,</strong></span> <span class='ocrx_word' id='word_1_630' title='bbox 2837 4345 2940 4397; x_wconf 90' lang='lat' dir='ltr'><strong>etsi</strong></span> <span class='ocrx_word' id='word_1_631' title='bbox 2958 4345 3084 4413; x_wconf 88' lang='lat' dir='ltr'><strong>qttid</strong></span> <span class='ocrx_word' id='word_1_632' title='bbox 3099 4343 3179 4396; x_wconf 87' lang='lat' dir='ltr'><strong>Itis</strong></span> <span class='ocrx_word' id='word_1_633' title='bbox 3195 4344 3343 4396; x_wconf 89' lang='lat' dir='ltr'><strong>simi-</strong></span> 
     </span>
    </p>
   </div>
   <div class='ocr_carea' id='block_1_89' title="bbox 1783 4438 3342 4512">
    <p class='ocr_par' dir='ltr' id='par_1_89' title="bbox 1783 4438 3342 4512">
     <span class='ocr_line' id='line_1_90' title="bbox 1783 4438 3342 4512; baseline -0.004 -16"><span class='ocrx_word' id='word_1_634' title='bbox 1783 4443 1849 4499; x_wconf 88' lang='lat' dir='ltr'><strong>le.</strong></span> <span class='ocrx_word' id='word_1_635' title='bbox 1884 4443 2024 4496; x_wconf 86' lang='lat' dir='ltr'><strong>Nunt</strong></span> <span class='ocrx_word' id='word_1_636' title='bbox 2055 4442 2218 4512; x_wconf 91' lang='lat' dir='ltr'><strong>igitur</strong></span> <span class='ocrx_word' id='word_1_637' title='bbox 2233 4443 2453 4511; x_wconf 89' lang='lat' dir='ltr'><strong>cogitas,</strong></span> <span class='ocrx_word' id='word_1_638' title='bbox 2497 4457 2597 4508; x_wconf 88' lang='lat' dir='ltr'><strong>quo</strong></span> <span class='ocrx_word' id='word_1_639' title='bbox 2629 4459 2718 4511; x_wconf 86' lang='lat' dir='ltr'><strong>ego</strong></span> <span class='ocrx_word' id='word_1_640' title='bbox 2747 4440 2964 4511; x_wconf 87' lang='lat' dir='ltr'><strong>periculi</strong></span> <span class='ocrx_word' id='word_1_641' title='bbox 2988 4438 3177 4491; x_wconf 89' lang='lat' dir='ltr'><strong>stultus</strong></span> <span class='ocrx_word' id='word_1_642' title='bbox 3203 4452 3342 4490; x_wconf 85' lang='lat' dir='ltr'><strong>vene-</strong></span> 
     </span>
    </p>
   </div>
   <div class='ocr_carea' id='block_1_90' title="bbox 141 4521 3341 4604">
    <p class='ocr_par' dir='ltr' id='par_1_90' title="bbox 141 4521 3341 4604">
     <span class='ocr_line' id='line_1_91' title="bbox 141 4521 3341 4604; baseline 0.002 -28"><span class='ocrx_word' id='word_1_643' title='bbox 141 4521 431 4589; x_wconf 83' lang='lat' dir='ltr'><strong>jampridem</strong></span> <span class='ocrx_word' id='word_1_644' title='bbox 463 4529 602 4595; x_wconf 86' lang='lat' dir='ltr'><strong>apud</strong></span> <span class='ocrx_word' id='word_1_645' title='bbox 631 4530 769 4582; x_wconf 79' lang='lat' dir='ltr'><strong>vivos</strong></span> <span class='ocrx_word' id='word_1_646' title='bbox 796 4548 904 4584; x_wconf 85' lang='lat' dir='ltr'><strong>esse</strong></span> <span class='ocrx_word' id='word_1_647' title='bbox 929 4534 1281 4599; x_wconf 88' lang='lat' dir='ltr'><strong>desiissemus,</strong></span> <span class='ocrx_word' id='word_1_648' title='bbox 1303 4537 1426 4601; x_wconf 83' lang='lat' dir='ltr'><strong>fidei</strong></span> <span class='ocrx_word' id='word_1_649' title='bbox 1448 4534 1682 4592; x_wconf 78' lang='lat' dir='ltr'><strong>Pontica:</strong></span> <span class='ocrx_word' id='word_1_650' title='bbox 1714 4535 1758 4590; x_wconf 86' lang='lat' dir='ltr'><strong>D</strong></span> <span class='ocrx_word' id='word_1_651' title='bbox 1787 4539 1910 4600; x_wconf 88' lang='lat' dir='ltr'><strong>rint,</strong></span> <span class='ocrx_word' id='word_1_652' title='bbox 1937 4553 2052 4589; x_wconf 86' lang='lat' dir='ltr'><strong>cum</strong></span> <span class='ocrx_word' id='word_1_653' title='bbox 2088 4537 2388 4604; x_wconf 85' lang='lat' dir='ltr'><strong>ltujusmodi</strong></span> <span class='ocrx_word' id='word_1_654' title='bbox 2413 4537 2585 4590; x_wconf 90' lang='lat' dir='ltr'><strong>sedem</strong></span> <span class='ocrx_word' id='word_1_655' title='bbox 2625 4534 2890 4596; x_wconf 73' lang='lat' dir='ltr'><strong>Tiberina,</strong></span> <span class='ocrx_word' id='word_1_656' title='bbox 2917 4533 3056 4585; x_wconf 91' lang='lat' dir='ltr'><strong>orbis</strong></span> <span class='ocrx_word' id='word_1_657' title='bbox 3082 4542 3341 4583; x_wconf 90' lang='lat' dir='ltr'><strong>tetrarum</strong></span> 
     </span>
    </p>
   </div>
   <div class='ocr_carea' id='block_1_91' title="bbox 149 4616 1677 4697">
    <p class='ocr_par' dir='ltr' id='par_1_91' title="bbox 149 4616 1677 4697">
     <span class='ocr_line' id='line_1_92' title="bbox 149 4616 1677 4697; baseline 0.014 -35"><span class='ocrx_word' id='word_1_658' title='bbox 149 4616 330 4666; x_wconf 83' lang='lat' dir='ltr'><strong>nomine</strong></span> <span class='ocrx_word' id='word_1_659' title='bbox 368 4632 470 4669; x_wconf 87' lang='lat' dir='ltr'><strong>non</strong></span> <span class='ocrx_word' id='word_1_660' title='bbox 509 4619 761 4686; x_wconf 85' lang='lat' dir='ltr'><strong>majorem</strong></span> <span class='ocrx_word' id='word_1_661' title='bbox 814 4622 1024 4676; x_wconf 90' lang='lat' dir='ltr'><strong>laudem</strong></span> <span class='ocrx_word' id='word_1_662' title='bbox 1079 4637 1442 4694; x_wconf 87' lang='lat' dir='ltr'><strong>consequentes</strong></span> <span class='ocrx_word' id='word_1_663' title='bbox 1466 4667 1481 4691; x_wconf 92' lang='lat'><strong>,</strong></span> <span class='ocrx_word' id='word_1_664' title='bbox 1523 4646 1677 4697; x_wconf 87' lang='lat' dir='ltr'><strong>quam</strong></span> 
     </span>
    </p>
   </div>
   <div class='ocr_carea' id='block_1_92' title="bbox 147 4708 1676 4784">
    <p class='ocr_par' dir='ltr' id='par_1_92' title="bbox 147 4708 1676 4784">
     <span class='ocr_line' id='line_1_93' title="bbox 147 4708 1676 4784; baseline 0.016 -32"><span class='ocrx_word' id='word_1_665' title='bbox 147 4708 505 4760; x_wconf 81' lang='lat' dir='ltr'><strong>miserationem</strong></span> <span class='ocrx_word' id='word_1_666' title='bbox 523 4723 800 4766; x_wconf 63' lang='lat' dir='ltr'><strong>moventes.</strong></span> <span class='ocrx_word' id='word_1_667' title='bbox 832 4713 1071 4779; x_wconf 86' lang='lat' dir='ltr'><strong>Quonam</strong></span> <span class='ocrx_word' id='word_1_668' title='bbox 1104 4734 1262 4784; x_wconf 87' lang='lat' dir='ltr'><strong>porro</strong></span> <span class='ocrx_word' id='word_1_669' title='bbox 1294 4722 1446 4774; x_wconf 87' lang='lat' dir='ltr'><strong>modo</strong></span> <span class='ocrx_word' id='word_1_670' title='bbox 1474 4723 1676 4777; x_wconf 87' lang='lat' dir='ltr'><strong>steriles</strong></span> 
     </span>
    </p>
   </div>
   <div class='ocr_carea' id='block_1_93' title="bbox 146 4793 1679 4887">
    <p class='ocr_par' dir='ltr' id='par_1_93' title="bbox 146 4793 1679 4887">
     <span class='ocr_line' id='line_1_94' title="bbox 146 4793 1679 4887; baseline 0.022 -47"><span class='ocrx_word' id='word_1_671' title='bbox 146 4793 247 4849; x_wconf 90' lang='lat' dir='ltr'><strong>illos</strong></span> <span class='ocrx_word' id='word_1_672' title='bbox 289 4801 486 4865; x_wconf 81' lang='lat' dir='ltr'><strong>hortos,</strong></span> <span class='ocrx_word' id='word_1_673' title='bbox 520 4803 840 4875; x_wconf 88' lang='lat' dir='ltr'><strong>oleribusque</strong></span> <span class='ocrx_word' id='word_1_674' title='bbox 882 4822 1113 4864; x_wconf 86' lang='lat' dir='ltr'><strong>carentes</strong></span> <span class='ocrx_word' id='word_1_675' title='bbox 1137 4818 1432 4881; x_wconf 77' lang='lat' dir='ltr'><strong>prwteriba,</strong></span> <span class='ocrx_word' id='word_1_676' title='bbox 1477 4818 1679 4887; x_wconf 80' lang='lat' dir='ltr'><strong>Augite-</strong></span> 
     </span>
    </p>
   </div>
   <div class='ocr_carea' id='block_1_94' title="bbox 149 4892 1675 4974">
    <p class='ocr_par' dir='ltr' id='par_1_94' title="bbox 149 4892 1675 4974">
     <span class='ocr_line' id='line_1_95' title="bbox 149 4892 1675 4974; baseline 0.016 -35"><span class='ocrx_word' id='word_1_677' title='bbox 149 4902 232 4952; x_wconf 85' lang='lat' dir='ltr'><strong>qtte</strong></span> <span class='ocrx_word' id='word_1_678' title='bbox 257 4892 433 4958; x_wconf 78' lang='lat' dir='ltr'><strong>ﬁmum</strong></span> <span class='ocrx_word' id='word_1_679' title='bbox 467 4908 495 4945; x_wconf 89' lang='lat' dir='ltr'><strong>e</strong></span> <span class='ocrx_word' id='word_1_680' title='bbox 525 4896 677 4945; x_wconf 90' lang='lat' dir='ltr'><strong>domo</strong></span> <span class='ocrx_word' id='word_1_681' title='bbox 708 4911 1051 4966; x_wconf 74' lang='lat' dir='ltr'><strong>expurgatum</strong></span> <span class='ocrx_word' id='word_1_682' title='bbox 1082 4919 1181 4971; x_wconf 89' lang='lat' dir='ltr'><strong>quo</strong></span> <span class='ocrx_word' id='word_1_683' title='bbox 1206 4921 1291 4957; x_wconf 90' lang='lat' dir='ltr'><strong>eos</strong></span> <span class='ocrx_word' id='word_1_684' title='bbox 1337 4907 1675 4974; x_wconf 79' lang='lat' dir='ltr'><strong>oppleuimus,</strong></span> 
     </span>
    </p>
   </div>
   <div class='ocr_carea' id='block_1_95' title="bbox 146 4987 1672 5066">
    <p class='ocr_par' dir='ltr' id='par_1_95' title="bbox 146 4987 1672 5066">
     <span class='ocr_line' id='line_1_96' title="bbox 146 4987 1672 5066; baseline 0.014 -35"><span class='ocrx_word' id='word_1_685' title='bbox 146 4995 243 5034; x_wconf 81' lang='lat' dir='ltr'><strong>ctuti</strong></span> <span class='ocrx_word' id='word_1_686' title='bbox 272 4997 560 5040; x_wconf 80' lang='lat' dir='ltr'><strong>montosum</strong></span> <span class='ocrx_word' id='word_1_687' title='bbox 589 4987 723 5040; x_wconf 90' lang='lat' dir='ltr'><strong>illud</strong></span> <span class='ocrx_word' id='word_1_688' title='bbox 767 4991 1081 5057; x_wconf 86' lang='lat' dir='ltr'><strong>plaustrum,</strong></span> <span class='ocrx_word' id='word_1_689' title='bbox 1107 5005 1155 5048; x_wconf 91' lang='lat' dir='ltr'><strong>et</strong></span> <span class='ocrx_word' id='word_1_690' title='bbox 1187 5012 1278 5066; x_wconf 88' lang='lat' dir='ltr'><strong>ego</strong></span> <span class='ocrx_word' id='word_1_691' title='bbox 1311 5001 1672 5065; x_wconf 82' lang='lat' dir='ltr'><strong>vindemiator,</strong></span> 
     </span>
    </p>
   </div>
   <div class='ocr_carea' id='block_1_96' title="bbox 147 5080 1671 5160">
    <p class='ocr_par' dir='ltr' id='par_1_96' title="bbox 147 5080 1671 5160">
     <span class='ocr_line' id='line_1_97' title="bbox 147 5080 1671 5160; baseline 0.015 -37"><span class='ocrx_word' id='word_1_692' title='bbox 147 5081 185 5124; x_wconf 87' lang='lat' dir='ltr'><strong>et</strong></span> <span class='ocrx_word' id='word_1_693' title='bbox 214 5083 288 5137; x_wconf 81' lang='lat' dir='ltr'><strong>tu,</strong></span> <span class='ocrx_word' id='word_1_694' title='bbox 317 5080 511 5142; x_wconf 87' lang='lat' dir='ltr'><strong>facetus</strong></span> <span class='ocrx_word' id='word_1_695' title='bbox 568 5080 741 5144; x_wconf 80' lang='lat' dir='ltr'><strong>homo,</strong></span> <span class='ocrx_word' id='word_1_696' title='bbox 776 5082 874 5134; x_wconf 83' lang='lat' dir='ltr'><strong>hac</strong></span> <span class='ocrx_word' id='word_1_697' title='bbox 917 5086 1108 5138; x_wconf 79' lang='lat' dir='ltr'><strong>cervice</strong></span> <span class='ocrx_word' id='word_1_698' title='bbox 1131 5131 1144 5153; x_wconf 91' lang='lat'><strong>,</strong></span> <span class='ocrx_word' id='word_1_699' title='bbox 1196 5091 1536 5160; x_wconf 86' lang='lat' dir='ltr'><strong>manibusque</strong></span> <span class='ocrx_word' id='word_1_700' title='bbox 1569 5094 1671 5158; x_wconf 86' lang='lat' dir='ltr'><strong>Itis,</strong></span> 
     </span>
    </p>
   </div>
   <div class='ocr_carea' id='block_1_97' title="bbox 148 5165 1673 5244">
    <p class='ocr_par' dir='ltr' id='par_1_97' title="bbox 148 5165 1673 5244">
     <span class='ocr_line' id='line_1_98' title="bbox 148 5165 1673 5244; baseline 0.018 -33"><span class='ocrx_word' id='word_1_701' title='bbox 148 5177 244 5228; x_wconf 82' lang='lat' dir='ltr'><strong>qua:</strong></span> <span class='ocrx_word' id='word_1_702' title='bbox 276 5165 506 5220; x_wconf 77' lang='lat' dir='ltr'><strong>laborant</strong></span> <span class='ocrx_word' id='word_1_703' title='bbox 531 5172 746 5237; x_wconf 80' lang='lat' dir='ltr'><strong>uestigia</strong></span> <span class='ocrx_word' id='word_1_704' title='bbox 792 5174 1074 5228; x_wconf 88' lang='lat' dir='ltr'><strong>etiamnum</strong></span> <span class='ocrx_word' id='word_1_705' title='bbox 1131 5179 1322 5244; x_wconf 85' lang='lat' dir='ltr'><strong>ferunt,</strong></span> <span class='ocrx_word' id='word_1_706' title='bbox 1354 5184 1673 5238; x_wconf 78' lang='lat' dir='ltr'><strong>traheremus</strong></span> 
     </span>
    </p>
   </div>
   <div class='ocr_carea' id='block_1_98' title="bbox 148 5257 1673 5337">
    <p class='ocr_par' dir='ltr' id='par_1_98' title="bbox 148 5257 1673 5337">
     <span class='ocr_line' id='line_1_99' title="bbox 148 5257 1673 5337; baseline 0.013 -30"><span class='ocrx_word' id='word_1_707' title='bbox 148 5257 336 5318; x_wconf 86' lang='lat' dir='ltr'><strong>(oterra</strong></span> <span class='ocrx_word' id='word_1_708' title='bbox 368 5269 411 5310; x_wconf 90' lang='lat' dir='ltr'><strong>et</strong></span> <span class='ocrx_word' id='word_1_709' title='bbox 434 5260 534 5322; x_wconf 89' lang='lat' dir='ltr'><strong>sol,</strong></span> <span class='ocrx_word' id='word_1_710' title='bbox 558 5277 586 5313; x_wconf 88' lang='grc' dir='ltr'><strong><em>ο</em></strong></span> <span class='ocrx_word' id='word_1_711' title='bbox 608 5261 688 5312; x_wconf 82' lang='lat' dir='ltr'><strong>t-ir</strong></span> <span class='ocrx_word' id='word_1_712' title='bbox 719 5274 762 5314; x_wconf 90' lang='lat' dir='ltr'><strong>et</strong></span> <span class='ocrx_word' id='word_1_713' title='bbox 792 5263 952 5316; x_wconf 80' lang='lat' dir='ltr'><strong>virtus</strong></span> <span class='ocrx_word' id='word_1_714' title='bbox 975 5265 994 5317; x_wconf 89' lang='lat'><em>!</em></span> <span class='ocrx_word' id='word_1_715' title='bbox 1015 5266 1227 5333; x_wconf 87' lang='lat' dir='ltr'><strong>pattlum</strong></span> <span class='ocrx_word' id='word_1_716' title='bbox 1257 5271 1506 5337; x_wconf 84' lang='lat' dir='ltr'><strong>quiddam</strong></span> <span class='ocrx_word' id='word_1_717' title='bbox 1533 5289 1673 5328; x_wconf 84' lang='lat' dir='ltr'><strong>more</strong></span> 
     </span>
    </p>
   </div>
   <div class='ocr_carea' id='block_1_99' title="bbox 149 5349 1673 5431">
    <p class='ocr_par' dir='ltr' id='par_1_99' title="bbox 149 5349 1673 5431">
     <span class='ocr_line' id='line_1_100' title="bbox 149 5349 1673 5431; baseline 0.015 -37"><span class='ocrx_word' id='word_1_718' title='bbox 149 5349 326 5415; x_wconf 83' lang='lat' dir='ltr'><strong>tragico</strong></span> <span class='ocrx_word' id='word_1_719' title='bbox 341 5350 686 5421; x_wconf 69' lang='lat' dir='ltr'><strong>exclamatio),</strong></span> <span class='ocrx_word' id='word_1_720' title='bbox 715 5370 812 5406; x_wconf 89' lang='lat' dir='ltr'><strong>non</strong></span> <span class='ocrx_word' id='word_1_721' title='bbox 834 5365 886 5405; x_wconf 91' lang='lat' dir='ltr'><strong>ul</strong></span> <span class='ocrx_word' id='word_1_722' title='bbox 917 5355 1298 5424; x_wconf 82' lang='lat' dir='ltr'><strong>Hellespontum</strong></span> <span class='ocrx_word' id='word_1_723' title='bbox 1312 5362 1673 5431; x_wconf 79' lang='lat' dir='ltr'><strong>junqeremus,</strong></span> 
     </span>
    </p>
   </div>
   <div class='ocr_carea' id='block_1_100' title="bbox 148 5442 1674 5522">
    <p class='ocr_par' dir='ltr' id='par_1_100' title="bbox 148 5442 1674 5522">
     <span class='ocr_line' id='line_1_101' title="bbox 148 5442 1674 5522; baseline 0.014 -36"><span class='ocrx_word' id='word_1_724' title='bbox 148 5442 222 5489; x_wconf 76' lang='lat' dir='ltr'><strong>sed</strong></span> <span class='ocrx_word' id='word_1_725' title='bbox 255 5448 314 5491; x_wconf 82' lang='lat' dir='ltr'><strong>ut</strong></span> <span class='ocrx_word' id='word_1_726' title='bbox 344 5456 659 5510; x_wconf 78' lang='lat' dir='ltr'><strong>prwruptum</strong></span> <span class='ocrx_word' id='word_1_727' title='bbox 706 5457 752 5497; x_wconf 90' lang='lat' dir='ltr'><strong>et</strong></span> <span class='ocrx_word' id='word_1_728' title='bbox 795 5447 1108 5513; x_wconf 73' lang='grc' dir='ltr'><strong>μιατὶμὶιεηι</strong></span> <span class='ocrx_word' id='word_1_729' title='bbox 1159 5448 1324 5503; x_wconf 87' lang='lat' dir='ltr'><strong>locum</strong></span> <span class='ocrx_word' id='word_1_730' title='bbox 1373 5469 1674 5522; x_wconf 68' lang='lat' dir='ltr'><strong>ea‘tuquare-</strong></span> 
     </span>
    </p>
   </div>
   <div class='ocr_carea' id='block_1_101' title="bbox 148 5531 1673 5612">
    <p class='ocr_par' dir='ltr' id='par_1_101' title="bbox 148 5531 1673 5612">
     <span class='ocr_line' id='line_1_102' title="bbox 148 5531 1673 5612; baseline 0.014 -34"><span class='ocrx_word' id='word_1_731' title='bbox 148 5543 264 5581; x_wconf 72' lang='lat' dir='ltr'><strong>tntis.</strong></span> <span class='ocrx_word' id='word_1_732' title='bbox 315 5531 509 5586; x_wconf 79' lang='lat' dir='ltr'><strong>[larum</strong></span> <span class='ocrx_word' id='word_1_733' title='bbox 545 5552 716 5587; x_wconf 86' lang='lat' dir='ltr'><strong>rerum</strong></span> <span class='ocrx_word' id='word_1_734' title='bbox 766 5542 1186 5593; x_wconf 86' lang='lat' dir='ltr'><strong>commemoratio</strong></span> <span class='ocrx_word' id='word_1_735' title='bbox 1233 5544 1276 5595; x_wconf 93' lang='lat' dir='ltr'><strong>si</strong></span> <span class='ocrx_word' id='word_1_736' title='bbox 1320 5555 1368 5596; x_wconf 88' lang='lat' dir='ltr'><strong>te</strong></span> <span class='ocrx_word' id='word_1_737' title='bbox 1409 5545 1673 5612; x_wconf 79' lang='lat' dir='ltr'><strong>offensura</strong></span> 
     </span>
    </p>
   </div>
   <div class='ocr_carea' id='block_1_102' title="bbox 152 5625 1669 5702">
    <p class='ocr_par' dir='ltr' id='par_1_102' title="bbox 152 5625 1669 5702">
     <span class='ocr_line' id='line_1_103' title="bbox 152 5625 1669 5702; baseline 0.018 -38"><span class='ocrx_word' id='word_1_738' title='bbox 152 5632 238 5668; x_wconf 71' lang='lat' dir='ltr'><strong>ﬂuit</strong></span> <span class='ocrx_word' id='word_1_739' title='bbox 267 5632 356 5684; x_wconf 87' lang='lat' dir='ltr'><strong>est,</strong></span> <span class='ocrx_word' id='word_1_740' title='bbox 387 5625 556 5693; x_wconf 88' lang='lat' dir='ltr'><strong>utique</strong></span> <span class='ocrx_word' id='word_1_741' title='bbox 588 5642 678 5680; x_wconf 82' lang='lat' dir='ltr'><strong>nec</strong></span> <span class='ocrx_word' id='word_1_742' title='bbox 715 5644 807 5682; x_wconf 89' lang='lat' dir='ltr'><strong>nos</strong></span> <span class='ocrx_word' id='word_1_743' title='bbox 833 5646 849 5681; x_wconf 89' lang='lat'><em>:</em></span> <span class='ocrx_word' id='word_1_744' title='bbox 883 5631 926 5683; x_wconf 85' lang='lat' dir='ltr'><strong>si</strong></span> <span class='ocrx_word' id='word_1_745' title='bbox 951 5640 1120 5683; x_wconf 86' lang='lat' dir='ltr'><strong>autem</strong></span> <span class='ocrx_word' id='word_1_746' title='bbox 1153 5633 1482 5702; x_wconf 73' lang='lat' dir='ltr'><strong>oﬂ&#39;ensiuuent</strong></span> <span class='ocrx_word' id='word_1_747' title='bbox 1510 5652 1573 5689; x_wconf 74' lang='lat' dir='ltr'><strong>ea;</strong></span> <span class='ocrx_word' id='word_1_748' title='bbox 1609 5654 1669 5692; x_wconf 84' lang='lat' dir='ltr'><strong>ea</strong></span> 
     </span>
    </p>
   </div>
   <div class='ocr_carea' id='block_1_103' title="bbox 212 5821 616 5900">
    <p class='ocr_par' dir='ltr' id='par_1_103' title="bbox 212 5821 616 5900">
     <span class='ocr_line' id='line_1_104' title="bbox 212 5821 616 5900; baseline 0.002 -21"><span class='ocrx_word' id='word_1_749' title='bbox 212 5821 278 5890; x_wconf 73' lang='grc' dir='ltr'><strong>(ιτ)</strong></span> <span class='ocrx_word' id='word_1_750' title='bbox 314 5825 433 5881; x_wconf 69' lang='lat' dir='ltr'><strong>Naz,</strong></span> <span class='ocrx_word' id='word_1_751' title='bbox 461 5847 541 5900; x_wconf 80' lang='lat' dir='ltr'><strong>cp.</strong></span> <span class='ocrx_word' id='word_1_752' title='bbox 563 5831 616 5886; x_wconf 89' lang='lat'><strong>8.</strong></span> 
     </span>
    </p>
   </div>
   <div class='ocr_carea' id='block_1_104' title="bbox 1788 4621 3340 4697">
    <p class='ocr_par' dir='ltr' id='par_1_104' title="bbox 1788 4621 3340 4697">
     <span class='ocr_line' id='line_1_105' title="bbox 1788 4621 3340 4697; baseline -0.007 -13"><span class='ocrx_word' id='word_1_753' title='bbox 1788 4632 2060 4693; x_wconf 85' lang='lat' dir='ltr'><strong>barathro,</strong></span> <span class='ocrx_word' id='word_1_754' title='bbox 2117 4643 2435 4682; x_wconf 90' lang='lat' dir='ltr'><strong>commutare</strong></span> <span class='ocrx_word' id='word_1_755' title='bbox 2474 4629 2810 4697; x_wconf 89' lang='lat' dir='ltr'><strong>pertinaciter</strong></span> <span class='ocrx_word' id='word_1_756' title='bbox 2850 4623 3065 4678; x_wconf 82' lang='lat' dir='ltr'><strong>uellem?</strong></span> <span class='ocrx_word' id='word_1_757' title='bbox 3097 4638 3245 4692; x_wconf 76' lang='lat' dir='ltr'><strong>quens</strong></span> <span class='ocrx_word' id='word_1_758' title='bbox 3270 4621 3340 4674; x_wconf 85' lang='lat' dir='ltr'><strong>ad</strong></span> 
     </span>
    </p>
   </div>
   <div class='ocr_carea' id='block_1_105' title="bbox 1788 4715 3339 4788">
    <p class='ocr_par' dir='ltr' id='par_1_105' title="bbox 1788 4715 3339 4788">
     <span class='ocr_line' id='line_1_106' title="bbox 1788 4715 3339 4788; baseline -0.006 -13"><span class='ocrx_word' id='word_1_759' title='bbox 1788 4722 1964 4775; x_wconf 85' lang='lat' dir='ltr'><strong>locum</strong></span> <span class='ocrx_word' id='word_1_760' title='bbox 1990 4737 2123 4774; x_wconf 91' lang='lat' dir='ltr'><strong>nunc</strong></span> <span class='ocrx_word' id='word_1_761' title='bbox 2157 4720 2454 4788; x_wconf 84' lang='lat' dir='ltr'><strong>properanti</strong></span> <span class='ocrx_word' id='word_1_762' title='bbox 2481 4719 2684 4772; x_wconf 87' lang='lat' dir='ltr'><strong>veniam</strong></span> <span class='ocrx_word' id='word_1_763' title='bbox 2713 4718 2883 4770; x_wconf 85' lang='lat' dir='ltr'><strong>dabis.</strong></span> <span class='ocrx_word' id='word_1_764' title='bbox 2912 4715 3051 4769; x_wconf 83' lang='lat' dir='ltr'><strong>Nam</strong></span> <span class='ocrx_word' id='word_1_765' title='bbox 3102 4715 3339 4783; x_wconf 88' lang='lat' dir='ltr'><strong>profecto</strong></span> 
     </span>
    </p>
   </div>
   <div class='ocr_carea' id='block_1_106' title="bbox 1790 4807 3341 4877">
    <p class='ocr_par' dir='ltr' id='par_1_106' title="bbox 1790 4807 3341 4877">
     <span class='ocr_line' id='line_1_107' title="bbox 1790 4807 3341 4877; baseline -0.008 -8"><span class='ocrx_word' id='word_1_766' title='bbox 1790 4831 1879 4869; x_wconf 88' lang='lat' dir='ltr'><strong>nec</strong></span> <span class='ocrx_word' id='word_1_767' title='bbox 1903 4813 2168 4866; x_wconf 72' lang='lat' dir='ltr'><strong>Alcmwon</strong></span> <span class='ocrx_word' id='word_1_768' title='bbox 2208 4812 2426 4865; x_wconf 87' lang='lat' dir='ltr'><strong>inventis</strong></span> <span class='ocrx_word' id='word_1_769' title='bbox 2456 4809 2818 4864; x_wconf 83' lang='lat' dir='ltr'><strong>Echinadibus</strong></span> <span class='ocrx_word' id='word_1_770' title='bbox 2846 4807 3064 4877; x_wconf 90' lang='lat' dir='ltr'><strong>amplius</strong></span> <span class='ocrx_word' id='word_1_771' title='bbox 3094 4807 3341 4860; x_wconf 87' lang='lat' dir='ltr'><strong>oberrare</strong></span> 
     </span>
    </p>
   </div>
   <div class='ocr_carea' id='block_1_107' title="bbox 1782 4907 1964 4962">
    <p class='ocr_par' dir='ltr' id='par_1_107' title="bbox 1782 4907 1964 4962">
     <span class='ocr_line' id='line_1_108' title="bbox 1782 4907 1964 4962; baseline -0.022 0"><span class='ocrx_word' id='word_1_772' title='bbox 1782 4907 1964 4962; x_wconf 80' lang='lat' dir='ltr'><strong>voluit.</strong></span> 
     </span>
    </p>
   </div>
   <div class='ocr_carea' id='block_1_108' title="bbox 1859 4988 3335 5065">
    <p class='ocr_par' dir='ltr' id='par_1_108' title="bbox 1859 4988 3335 5065">
     <span class='ocr_line' id='line_1_109' title="bbox 1859 4988 3335 5065; baseline -0.009 -12"><span class='ocrx_word' id='word_1_773' title='bbox 1859 4999 2034 5053; x_wconf 89' lang='lat' dir='ltr'><strong>Unum</strong></span> <span class='ocrx_word' id='word_1_774' title='bbox 2086 4998 2243 5051; x_wconf 92' lang='lat' dir='ltr'><strong>nobis</strong></span> <span class='ocrx_word' id='word_1_775' title='bbox 2271 5006 2439 5052; x_wconf 88' lang='lat' dir='ltr'><strong>restat</strong></span> <span class='ocrx_word' id='word_1_776' title='bbox 2468 4994 2861 5065; x_wconf 80' lang='lat' dir='ltr'><strong>explicandum,</strong></span> <span class='ocrx_word' id='word_1_777' title='bbox 2891 5009 2986 5046; x_wconf 89' lang='lat' dir='ltr'><strong>cur</strong></span> <span class='ocrx_word' id='word_1_778' title='bbox 3015 4989 3246 5045; x_wconf 88' lang='lat' dir='ltr'><strong>Basilius</strong></span> <span class='ocrx_word' id='word_1_779' title='bbox 3282 4988 3335 5041; x_wconf 92' lang='lat' dir='ltr'><strong>in</strong></span> 
     </span>
    </p>
   </div>
   <div class='ocr_carea' id='block_1_109' title="bbox 1783 5081 3331 5157">
    <p class='ocr_par' dir='ltr' id='par_1_109' title="bbox 1783 5081 3331 5157">
     <span class='ocr_line' id='line_1_110' title="bbox 1783 5081 3331 5157; baseline -0.01 -10"><span class='ocrx_word' id='word_1_780' title='bbox 1783 5091 2012 5147; x_wconf 91' lang='lat' dir='ltr'><strong>Pontum</strong></span> <span class='ocrx_word' id='word_1_781' title='bbox 2055 5089 2425 5157; x_wconf 88' lang='lat' dir='ltr'><strong>proliciscens,</strong></span> <span class='ocrx_word' id='word_1_782' title='bbox 2474 5097 2652 5156; x_wconf 84' lang='lat' dir='ltr'><strong>speret</strong></span> <span class='ocrx_word' id='word_1_783' title='bbox 2691 5103 2746 5142; x_wconf 83' lang='lat' dir='ltr'><strong>se</strong></span> <span class='ocrx_word' id='word_1_784' title='bbox 2799 5086 3010 5140; x_wconf 89' lang='lat' dir='ltr'><strong>tandem</strong></span> <span class='ocrx_word' id='word_1_785' title='bbox 3045 5081 3331 5151; x_wconf 87' lang='lat' dir='ltr'><strong>aliquando</strong></span> 
     </span>
    </p>
   </div>
   <div class='ocr_carea' id='block_1_110' title="bbox 1779 5176 3333 5249">
    <p class='ocr_par' dir='ltr' id='par_1_110' title="bbox 1779 5176 3333 5249">
     <span class='ocr_line' id='line_1_111' title="bbox 1779 5176 3333 5249; baseline -0.006 -12"><span class='ocrx_word' id='word_1_786' title='bbox 1779 5184 1939 5237; x_wconf 85' lang='lat' dir='ltr'><strong>ﬁnem</strong></span> <span class='ocrx_word' id='word_1_787' title='bbox 1969 5180 2252 5234; x_wconf 88' lang='lat' dir='ltr'><strong>oberrandi</strong></span> <span class='ocrx_word' id='word_1_788' title='bbox 2307 5180 2569 5234; x_wconf 83' lang='lat' dir='ltr'><strong>facturum</strong></span> <span class='ocrx_word' id='word_1_789' title='bbox 2593 5220 2610 5246; x_wconf 89' lang='lat'><strong>,</strong></span> <span class='ocrx_word' id='word_1_790' title='bbox 2648 5181 2794 5249; x_wconf 88' lang='lat' dir='ltr'><strong>quasi</strong></span> <span class='ocrx_word' id='word_1_791' title='bbox 2852 5190 2978 5232; x_wconf 88' lang='lat' dir='ltr'><strong>tunc</strong></span> <span class='ocrx_word' id='word_1_792' title='bbox 3015 5176 3240 5244; x_wconf 89' lang='lat' dir='ltr'><strong>primum</strong></span> <span class='ocrx_word' id='word_1_793' title='bbox 3274 5186 3333 5227; x_wconf 77' lang='lat' dir='ltr'><strong>se</strong></span> 
     </span>
    </p>
   </div>
   <div class='ocr_carea' id='block_1_111' title="bbox 1778 5263 3328 5341">
    <p class='ocr_par' dir='ltr' id='par_1_111' title="bbox 1778 5263 3328 5341">
     <span class='ocr_line' id='line_1_112' title="bbox 1778 5263 3328 5341; baseline -0.009 -11"><span class='ocrx_word' id='word_1_794' title='bbox 1778 5275 1830 5330; x_wconf 89' lang='lat' dir='ltr'><strong>iu</strong></span> <span class='ocrx_word' id='word_1_795' title='bbox 1865 5273 2206 5328; x_wconf 89' lang='lat' dir='ltr'><strong>solitudinem</strong></span> <span class='ocrx_word' id='word_1_796' title='bbox 2234 5275 2513 5341; x_wconf 89' lang='lat' dir='ltr'><strong>reciperet.</strong></span> <span class='ocrx_word' id='word_1_797' title='bbox 2540 5271 2652 5325; x_wconf 79' lang='lat' dir='ltr'><strong>Non</strong></span> <span class='ocrx_word' id='word_1_798' title='bbox 2679 5272 2830 5326; x_wconf 70' lang='lat' dir='ltr'><strong>valde</strong></span> <span class='ocrx_word' id='word_1_799' title='bbox 2862 5267 3088 5322; x_wconf 82' lang='lat' dir='ltr'><strong>tlillicilis</strong></span> <span class='ocrx_word' id='word_1_800' title='bbox 3118 5275 3170 5318; x_wconf 90' lang='lat' dir='ltr'><strong>et</strong></span> <span class='ocrx_word' id='word_1_801' title='bbox 3201 5263 3328 5317; x_wconf 85' lang='lat' dir='ltr'><strong>abs-</strong></span> 
     </span>
    </p>
   </div>
   <div class='ocr_carea' id='block_1_112' title="bbox 1779 5356 3326 5431">
    <p class='ocr_par' dir='ltr' id='par_1_112' title="bbox 1779 5356 3326 5431">
     <span class='ocr_line' id='line_1_113' title="bbox 1779 5356 3326 5431; baseline -0.008 -11"><span class='ocrx_word' id='word_1_802' title='bbox 1779 5377 1923 5420; x_wconf 87' lang='lat' dir='ltr'><strong>trusa</strong></span> <span class='ocrx_word' id='word_1_803' title='bbox 1959 5380 2045 5419; x_wconf 93' lang='lat' dir='ltr'><strong>res</strong></span> <span class='ocrx_word' id='word_1_804' title='bbox 2076 5374 2182 5418; x_wconf 89' lang='lat' dir='ltr'><strong>est.</strong></span> <span class='ocrx_word' id='word_1_805' title='bbox 2220 5365 2474 5431; x_wconf 64' lang='lat' dir='ltr'><strong>Quamvis</strong></span> <span class='ocrx_word' id='word_1_806' title='bbox 2518 5364 2658 5419; x_wconf 88' lang='lat' dir='ltr'><strong>enim</strong></span> <span class='ocrx_word' id='word_1_807' title='bbox 2708 5362 2936 5417; x_wconf 87' lang='lat' dir='ltr'><strong>Basilius</strong></span> <span class='ocrx_word' id='word_1_808' title='bbox 2988 5356 3326 5413; x_wconf 89' lang='lat' dir='ltr'><strong>solitudinem</strong></span> 
     </span>
    </p>
   </div>
   <div class='ocr_carea' id='block_1_113' title="bbox 1777 5450 3327 5519">
    <p class='ocr_par' dir='ltr' id='par_1_113' title="bbox 1777 5450 3327 5519">
     <span class='ocr_line' id='line_1_114' title="bbox 1777 5450 3327 5519; baseline -0.008 -7"><span class='ocrx_word' id='word_1_809' title='bbox 1777 5473 1928 5512; x_wconf 90' lang='lat' dir='ltr'><strong>suam</strong></span> <span class='ocrx_word' id='word_1_810' title='bbox 1981 5457 2031 5511; x_wconf 88' lang='lat' dir='ltr'><strong>itt</strong></span> <span class='ocrx_word' id='word_1_811' title='bbox 2063 5457 2270 5511; x_wconf 89' lang='lat' dir='ltr'><strong>deliciis</strong></span> <span class='ocrx_word' id='word_1_812' title='bbox 2308 5458 2544 5519; x_wconf 81' lang='lat' dir='ltr'><strong>haberet,</strong></span> <span class='ocrx_word' id='word_1_813' title='bbox 2603 5471 2726 5509; x_wconf 90' lang='lat' dir='ltr'><strong>eum</strong></span> <span class='ocrx_word' id='word_1_814' title='bbox 2777 5464 2958 5507; x_wconf 86' lang='lat' dir='ltr'><strong>tamen</strong></span> <span class='ocrx_word' id='word_1_815' title='bbox 2988 5454 3051 5504; x_wconf 87' lang='lat' dir='ltr'><strong>ab</strong></span> <span class='ocrx_word' id='word_1_816' title='bbox 3081 5450 3164 5502; x_wconf 87' lang='lat' dir='ltr'><strong>illa</strong></span> <span class='ocrx_word' id='word_1_817' title='bbox 3190 5464 3327 5502; x_wconf 87' lang='lat' dir='ltr'><strong>non-</strong></span> 
     </span>
    </p>
   </div>
   <div class='ocr_carea' id='block_1_114' title="bbox 1783 5547 3329 5619">
    <p class='ocr_par' dir='ltr' id='par_1_114' title="bbox 1783 5547 3329 5619">
     <span class='ocr_line' id='line_1_115' title="bbox 1783 5547 3329 5619; baseline -0.006 -18"><span class='ocrx_word' id='word_1_818' title='bbox 1783 5563 2055 5618; x_wconf 87' lang='lat' dir='ltr'><strong>nunquam</strong></span> <span class='ocrx_word' id='word_1_819' title='bbox 2105 5563 2278 5600; x_wconf 76' lang='lat' dir='ltr'><strong>causa:</strong></span> <span class='ocrx_word' id='word_1_820' title='bbox 2327 5548 2602 5619; x_wconf 83' lang='lat' dir='ltr'><strong>graviores</strong></span> <span class='ocrx_word' id='word_1_821' title='bbox 2655 5547 3329 5607; x_wconf 77' lang='lat' dir='ltr'><strong>abstraxerunt;coactus</strong></span> 
     </span>
    </p>
   </div>
   <div class='ocr_carea' id='block_1_115' title="bbox 1775 5628 3323 5710">
    <p class='ocr_par' dir='ltr' id='par_1_115' title="bbox 1775 5628 3323 5710">
     <span class='ocr_line' id='line_1_116' title="bbox 1775 5628 3323 5710; baseline -0.006 -15"><span class='ocrx_word' id='word_1_822' title='bbox 1775 5649 1858 5695; x_wconf 85' lang='lat' dir='ltr'><strong>est</strong></span> <span class='ocrx_word' id='word_1_823' title='bbox 1885 5638 2393 5709; x_wconf 67' lang='lat' dir='ltr'><strong>Coustantiuottolim</strong></span> <span class='ocrx_word' id='word_1_824' title='bbox 2424 5638 2689 5710; x_wconf 78' lang='lat' dir='ltr'><strong>proﬁcisci</strong></span> <span class='ocrx_word' id='word_1_825' title='bbox 2715 5649 2850 5691; x_wconf 86' lang='lat' dir='ltr'><strong>anno</strong></span> <span class='ocrx_word' id='word_1_826' title='bbox 2879 5634 2998 5689; x_wconf 79' lang='lat'><strong>559.</strong></span> <span class='ocrx_word' id='word_1_827' title='bbox 3029 5631 3187 5687; x_wconf 81' lang='lat' dir='ltr'><strong>Venit</strong></span> <span class='ocrx_word' id='word_1_828' title='bbox 3219 5628 3323 5685; x_wconf 83' lang='lat' dir='ltr'><strong>Na-</strong></span> 
     </span>
    </p>
   </div>
   <div class='ocr_carea' id='block_1_116' title="bbox 1849 5838 2278 5910">
    <p class='ocr_par' dir='ltr' id='par_1_116' title="bbox 1849 5838 2278 5910">
     <span class='ocr_line' id='line_1_117' title="bbox 1849 5838 2278 5910; baseline 0.007 -18"><span class='ocrx_word' id='word_1_829' title='bbox 1849 5840 1921 5908; x_wconf 81' lang='lat' dir='ltr'><strong>(b)</strong></span> <span class='ocrx_word' id='word_1_830' title='bbox 1963 5838 2090 5896; x_wconf 70' lang='lat' dir='ltr'><strong>Nat.</strong></span> <span class='ocrx_word' id='word_1_831' title='bbox 2117 5856 2196 5910; x_wconf 82' lang='lat' dir='ltr'><strong>ep.</strong></span> <span class='ocrx_word' id='word_1_832' title='bbox 2227 5841 2278 5895; x_wconf 83' lang='lat'><strong>9.</strong></span> 
     </span>
    </p>
   </div>
  </div>
