4094 6308
710 377 858 417 IX!"

2076 350 2246 411 PROL
2255 349 2591 409 EGOMENA.

713 479 965 530 tianzum
1017 485 1160 526 anno
1210 454 1335 525 ⁸560.
1370 470 1562 525 Dianio
1609 468 1928 524 Caesariensi
1981 468 2281 538 periculose
2311 475 2357 533 Α
2388 478 2633 539 experto,
2672 484 2776 524 non
2799 466 2999 523 Basilio
3025 466 3114 537 qui
3148 482 3418 536 nunquam
3453 470 3611 539 hujus
3642 468 3941 539 imperato-

710 562 990 629 aegrotanti
1022 560 1189 615 adfuit
1236 576 1377 617 anno
1415 560 1534 617 362.
1568 557 1790 613 Videtur
1812 576 1940 629 ergo
1986 559 2270 614 defunctus

714 654 975 707 molestiis
999 652 1228 720 alicujus
1259 651 1711 724 peregrinationis
1750 668 1883 707 nova
1912 650 2140 717 quadam
2175 665 2268 704 cu-

713 746 938 815 piditate
1006 747 1394 801 monasterium
1441 744 1764 812 repetiisse;
1818 742 2026 811 sibique
2082 743 2277 797 nullam

713 838 966 908 deinceps
1018 837 1304 893 oberrandi
1349 849 1569 891 causam
1633 841 2079 905 superventuram
2137 845 2261 903 spec

714 942 886 982 1⁵³858.

784 1021 982 1075 Locum
1015 1022 1114 1076 sibi
1156 1019 1387 1075 vindicat
1418 1020 1641 1087 epistola
1685 1017 1889 1072 decima
1926 1016 2111 1087 quinta
2139 1017 2281 1070 inter

715 1126 809 1166 eas
831 1128 951 1182 qua:
993 1115 1206 1181 scripta:
1255 1115 1308 1167 in
1357 1129 1570 1168 secessu
1633 1110 1867 1164 fuerunt.
1918 1109 2276 1164 Commendat

716 1202 951 1260 Basilius
978 1205 1210 1260 Arcadio
1249 1207 1429 1259 comiti
1461 1203 1535 1257 rei
1568 1202 1791 1273 privata:
1827 1204 1964 1256 cives
2010 1211 2277 1269 metropo-

719 1294 784 1348 lis
816 1312 834 1349 :
862 1310 967 1363 quo
999 1297 1215 1348 nomine
1263 1294 1563 1365 Caesaream
1619 1290 1817 1344 absens
1845 1302 1889 1343 et
1918 1289 1969 1341 in
1995 1286 2166 1341 Ponto
2194 1287 2280 1339 de-

720 1402 850 1455 gens
875 1386 1149 1457 appellare
1189 1384 1384 1453 potuit;
1419 1384 1498 1436 sic
1535 1384 1674 1436 enim
1724 1394 1844 1435 eam
1888 1379 2129 1446 designat
2167 1378 2280 1446 ipse

720 1476 1014 1548 Gregorius
1035 1476 1288 1544 Theologi
1326 1484 1480 1543 pater
1498 1474 1548 1527 iu
1569 1471 1795 1541 epistola
1822 1472 1960 1525 inter
1983 1468 2280 1522 Basilianas

721 1571 807 1624 47.
835 1571 901 1625 At
931 1572 984 1624 in
1022 1572 1134 1639 ipsa
1170 1567 1302 1621 urbe
1351 1581 1447 1621 nec
1478 1576 1600 1636 apte
1648 1564 1795 1618 illam
1849 1576 1947 1618 nec
2002 1559 2282 1617 commode

724 1661 1059 1731 motropolim
1086 1666 1357 1713 vocasset.

796 1752 982 1807 ltelert
1001 1750 1376 1806 Tillcmontius
1400 1749 1542 1805 hanc
1561 1746 1837 1818 epistolam
1863 1744 1929 1799 ad
1962 1743 2278 1799 divisionem

2381 561 2454 615 ris
2484 560 2643 611 limen
2671 560 2868 629 attigit.
2898 556 2949 610 Id
2977 566 3122 628 patet
3155 571 3219 611 ex
3251 556 3334 609 his
3363 559 3539 613 verbis
3568 560 3767 615 Juliani
3800 578 3811 613 :
3847 557 3939 611 Vi-

2383 654 2548 707 vimus
2584 652 2720 705 enim
2759 653 2894 705 inter
2935 666 3026 703 nos
3052 668 3153 703 non
3181 666 3296 704 cum
3350 648 3461 703 sola
3508 654 3685 707 aulica
3718 653 3944 708 simula-

2381 748 2542 812 tione,
2575 760 2733 812 quam
2766 754 2815 799 te
2844 743 2996 798 credo
3027 745 3277 798 hactenus
3313 752 3575 812 expertum
3602 761 3734 801 esse.
3764 748 3944 800 Altera

2384 837 2641 893 tribuitur
2673 835 2886 890 Juliano
2910 834 2973 888 ad
3010 833 3265 886 Basiliam
3301 833 3545 903 cpistola,
3588 831 3653 885 de
3690 850 3794 903 qua
3824 838 3943 906 qui-

2379 931 2500 987 dem
2536 939 2589 983 et
2613 930 2677 982 de
2699 928 2880 984 Basilii
2913 925 3260 995 responsione
3287 929 3425 981 inl‘ra
3453 940 3691 997 agemus.

2451 1025 2512 1079 II.
2532 1022 2821 1091 Gregorius
2840 1004 3203 1077 Nazianzenus
3228 1033 3344 1071 cum
3370 1030 3604 1085 paterna:
3621 1018 3819 1073 cedens
3849 1037 3949 1072 au-

2381 1120 2639 1185 ctoritati,
2675 1116 2766 1172 sed
2810 1125 2985 1172 tamen
3012 1115 3208 1171 invitus
3246 1127 3310 1165 ac
3345 1128 3449 1167 non
3490 1115 3695 1178 libens,
3723 1114 3952 1181 presby-

2383 1222 2463 1267 ter
2490 1224 2703 1268 creatus
2735 1208 2941 1274 luisset,
2976 1212 3074 1265 hac
3109 1207 3388 1280 tyrannide
3416 1206 3513 1277 (sic
3548 1211 3689 1261 enim
3714 1207 3827 1274 ipse
3849 1218 3951 1270 ap-

2380 1306 2563 1375 pellat)
2598 1304 2827 1359 oll’ensus
2864 1302 2914 1353 in
2942 1302 3165 1355 Pontum
3197 1302 3331 1370 fugit
3354 1301 3448 1371 (al,
3470 1308 3577 1350 tum
3612 1310 3669 1352 ut
3703 1299 3947 1354 dolorem

2380 1412 2534 1452 suum
2568 1398 2725 1453 amici
2770 1394 3048 1463 colloquiis
3097 1394 3322 1459 leniret,
3359 1404 3466 1447 tum
3511 1399 3568 1445 ut
3624 1392 3956 1446 deliberaret

2381 1493 2507 1561 quid
2531 1493 2630 1547 sibi
2665 1491 2922 1563 agendum
2953 1500 3116 1546 esset.
3155 1487 3266 1541 Non
3305 1498 3478 1541 tamen
3522 1486 3602 1541 diu
3640 1483 3691 1536 in
3728 1486 3831 1539 hac
3866 1497 3960 1536 so-

2381 1582 2606 1637 litudine
2661 1582 2890 1644 resedit.
2933 1581 3024 1633 sed
3072 1578 3265 1648 partim
3313 1579 3544 1632 obducto
3584 1573 3755 1628 dolori
3793 1574 3960 1639 callo,

2382 1674 2575 1745 partim
2626 1679 2828 1729 veritus
2872 1688 2937 1727 ne
2976 1670 3140 1741 patris
3171 1669 3301 1722 iram
3334 1670 3385 1723 in
3431 1685 3488 1724 se
3518 1667 3810 1722 concitaret
3855 1665 3960 1733 (b),

2392 1765 2435 1819 si
2472 1766 2707 1833 precanti
2755 1780 2857 1818 non
2911 1764 3160 1825 cederet,
3196 1762 3349 1814 rediit
3405 1760 3469 1814 ad
3520 1761 3657 1813 diem
3699 1754 3963 1819 Pasclne,

725 1843 1093 1913 (Ῑδββθάοείίθο
1127 1841 1233 1898 Sed
1263 1844 1330 1897 ad
1352 1855 1468 1894 eam
1500 1841 1787 1897 'Mionem'
1816 1849 1975 1905 quam
1996 1831 2287 1892 auulimus‘
2324 1834 2366 1889 Β
2396 1831 2516 1915 cum
2550 1856 2655 1911 alio
2682 1856 2767 1910 die
2790 1855 2923 1909 festo
2960 1869 3061 1908 non
3113 1851 3282 1905 multo
3315 1861 3437 1905 ante
3479 1851 3835 1905 discessisset.
3870 1845 3969 1898 Ait

729 1937 859 1991 illud
897 1937 1060 1990 etiam
1097 1936 1324 1997 accedit,
1349 1930 1489 2001 quod
1524 1944 1645 1984 cum
1676 1926 1938 1996 epistolze,
1963 1938 2084 1994 quas
2114 1924 2179 1979 de
2204 1924 2287 1979 di-

727 2027 937 2083 visione
993 2025 1343 2096 Cappadociae
1404 2021 1620 2090 scriptae
1667 2027 1815 2081 sunt,
1862 2016 2022 2072 ﬂebili
2065 2026 2286 2086 prorsus

729 2120 866 2189 stylo
898 2119 1033 2172 mala
1063 2118 1249 2187 patriae
1274 2115 1573 2187 deplorant,
1604 2113 1715 2167 haec
1740 2111 1943 2167 decima
1974 2110 2157 2179 quinta
2200 2106 2285 2159 ni-

731 2208 805 2263 hil
830 2209 971 2263 aliud
997 2207 1181 2274 habet,
1212 2208 1314 2263 nisi
1342 2214 1651 2278 peracutam
1670 2212 1724 2259 et
1750 2203 2107 2273 perurbanam
2140 2211 2289 2251 com-

735 2299 1156 2356 mendationem.

1292 2386 1523 2443 CAPUT
1563 2385 1695 2440 VIII.

732 2481 773 2536 I.
803 2474 877 2535 De
902 2480 1108 2533 Iuliani
1138 2480 1465 2546 imperatoris
1493 2485 1558 2528 ad
1597 2486 1836 2546 sanctum
1897 2470 2159 2546 Basiliam.
2185 2468 2293 2532 epi-

802 2558 957 2604 stola.
983 2551 1041 2604 ll.
1068 2539 1292 2604 Saucius
1316 2546 1593 2615 Gregorius
1634 2545 1999 2615 Nazianzenus
2027 2539 2286 2615 presbyter

804 2632 1032 2676 creatur.
1050 2621 1132 2675 lll.
1152 2619 1380 2673 Basilius
1402 2612 1683 2670 accersitur
1699 2630 1729 2666 a
1750 2612 1939 2666 Dlatllo
1962 2612 2292 2674 Ca’sttriensi,

809 2703 857 2746 et
887 2709 1003 2746 cum
1029 2708 1088 2746 eo
1113 2691 1477 2744 communicat.
1526 2686 1714 2739 Utrum
1745 2687 1929 2736 merito
1960 2682 2095 2734 hunc
2130 2680 2297 2731 homi-

810 2778 923 2814 nem
979 2762 1265 2815 (mutaverit
1320 2758 1569 2813 Basilius.
1617 2756 1703 2811 IV.
1749 2753 1941 2806 Diania
1987 2749 2297 2804 (ἐσίδω-ἱεηεὶ

807 2835 1034 2883 succedit
1058 2831 1313 2884 Eusebius
1359 2830 1448 2879 sub
1478 2825 1711 2878 Iuliano.
1750 2824 1806 2875 γ.
1847 2823 2089 2875 Julianus
2132 2818 2299 2871 (Σωπα-

811 2917 956 2951 reant
979 2902 1163 2951 tendit.
1198 2899 1406 2965 Spuria:
1426 2896 1655 2965 epistolis
1677 2892 1930 2965 Basiliiet
1958 2890 2184 2965 Juliaui.

810 2969 1155 3024 Cwsarienses
1179 2956 1403 3019 maxime
1428 2956 1555 3023 odit,
1587 2962 1780 3014 Basilio
1804 2958 2116 3024 etGregorio
2143 2956 2301 3006 mini-

813 3052 976 3094 tatur.
1019 3038 1126 3095 VII.
1170 3037 1384 3091 Videtur
1418 3033 1650 3089 Basilius
1673 3031 1765 3084 sub
1795 3028 2011 3082 Juliano
2033 3027 2298 3092 scripsisse

811 3112 1059 3164 adversus
1088 3109 1426 3163 Ennomiunt.
1461 3105 1565 3158 Sub
1597 3110 1773 3157 eodem
1801 3102 2005 3164 scripta:
2039 3100 2153 3149 dua:
2182 3096 2299 3148 alia:

810 3183 1060 3241 epirtoltz.
1100 3178 1228 3233 VIII.
1272 3180 1351 3231 Ad
1392 3180 1526 3229 idem
1570 3185 1764 3242 tempus
1806 3170 2088 3242 referenda:
2132 3165 2298 3242 sancti
2327 3169 2369 3227 C

813 3234 1089 3301 Athanasii
1115 3252 1181 3298 ad
1201 3246 1453 3298 Basiliam
1475 3234 1679 3296 litterw:
1707 3240 1792 3295 IX.
1812 3234 2071 3292 Probatur
2088 3234 2296 3290 sublu-

811 3320 955 3372 liano
986 3317 1292 3385 Gregorium
1315 3314 1576 3385 Nasiauzi
1588 3314 1908 3385 __episc0punt
1936 3308 2301 3371 subscripsisse

814 3392 1057 3457 formula:
1093 3378 1202 3440 non
1233 3384 1551 3457 orthodoxy.
1588 3378 1676 3457 X._
1705 3378 1892 3457 Statim
1930 3387 2045 3443 post
2083 3384 2300 3426 mortem

815 3448 1021 3516 'Juliani
1060 3457 1341 3526 Gregorius
1369 3451 1626 3506 Basiliam
1660 3448 1861 3500 invisit.

814 3550 857 3604 l.
883 3547 1125 3603 Julianus
1149 3547 1460 3613 imperator,
1486 3541 1573 3610 qui
1606 3537 1857 3591 Basilium
1892 3543 1942 3588 et
1977 3530 2293 3602 Gregorium

745 3641 971 3696 Athenis
1008 3646 1332 3707 cognoverat
1361 3675 1377 3699 ,
1417 3648 1481 3687 eo
1516 3631 1689 3699 magis
1719 3630 1771 3681 in
1802 3640 2026 3696 utroque
2074 3623 2302 3677 studium

744 3730 1065 3785 Christiana!
1100 3726 1373 3794 religionis
1395 3724 1516 3776 odio
1544 3720 1749 3782 habuit,
1778 3734 1882 3787 quo
1921 3715 2121 3783 majora
2154 3717 2203 3767 in
2228 3715 2306 3767 eis

670 3814 671 3819 ¹
748 3821 815 3875 ad
838 3820 979 3874 illam
1011 3815 1392 3871 defendendam
1426 3810 1627 3880 ingenii
1670 3817 1723 3862 et
1754 3808 2011 3860 doctrina:
2059 3805 2307 3874 praesidia

748 3912 986 3968 videbat.
1024 3909 1128 3962 Sed
1160 3916 1335 3960 tamen
1370 3903 1415 3957 si
1452 3901 1700 3973 genuina:
1742 3907 1865 3951 sunt
1902 3897 2058 3965 hujus
2094 3906 2309 3964 aposta-

752 4004 905 4058 taad
930 4002 1182 4057 Basilium
1213 3998 1426 4059 litterre,
1460 3994 1667 4048 videtur
1707 3991 1859 4045 initio
1911 3988 2096 4042 Basilii
2148 3987 2299 4041 blan-

750 4094 898 4148 ditiis
925 4091 1193 4145 alliciendi
1220 4104 1339 4157 spes
1372 4089 1553 4139 inanes
1592 4082 1924 4151 concepisse.
1959 4081 2151 4135 Invitat
2183 4094 2304 4134 eum

752 4186 819 4240 ad
851 4197 928 4250 se,
963 4192 1020 4235 ut
1061 4183 1126 4234 ad
1164 4184 1536 4247 imperatorem
1563 4180 1634 4230 ita
1668 4191 1788 4229 cum
1812 4174 1997 4229 amicis
2020 4174 2305 4233 viventem,

754 4287 940 4331 utnec
967 4276 1012 4329 ei
1050 4274 1251 4328 adulari
1296 4283 1555 4342 cogantur
1587 4288 1602 4335 ;
1638 4286 1733 4325 nec
1759 4271 1826 4323 ob
1862 4268 2075 4337 imperii
2132 4268 2310 4336 splen-

755 4368 964 4431 dorem,
997 4376 1089 4420 aut
1118 4380 1293 4419 rerum
1344 4365 1676 4433 publicarum
1733 4360 2136 4430 occupationem
2190 4374 2307 4412 mo-

756 4458 879 4513 lesti
929 4467 1237 4513 occurrant.
1269 4456 1529 4511 Cenccdit
1568 4456 1613 4508 ei
1651 4468 1867 4509 cursum
1928 4450 2220 4522 publicum,

755 4552 822 4603 ad
856 4565 913 4603 se
941 4564 1228 4618 properare
1271 4547 1419 4601 velit.
1461 4544 1584 4599 llaec
1639 4545 1867 4612 epistola
1922 4545 2063 4597 inter
2109 4540 2303 4597 Juliani

758 4642 967 4696 litteras
997 4642 1313 4694 duodecima
1343 4651 1443 4692 ρει.
1473 4637 1738 4703 Scriptam
1773 4636 1990 4705 conjicit
2021 4634 2260 4702 Dupinus
2283 4649 2311 4686 a

757 4732 970 4787 Juliano
994 4733 1227 4788 nondum
1252 4730 1609 4786 Christianam
1638 4728 1950 4798 religionem
1981 4738 2165 4795 aperte
2193 4725 2307 4793 eju-

759 4826 922 4880 ranti.
958 4822 1125 4892 Negat
1163 4824 1263 4876 hoc
1292 4821 1696 4885 Tillemontius;
1749 4819 1947 4888 quippe
1989 4833 2107 4871 cum
2158 4831 2315 4886 repu-

763 4927 959 4990 gnetut
988 4914 1241 4968 Basiliam
1273 4913 1516 4967 Julianus
1544 4914 1608 4965 ad
1639 4926 1695 4965 se
1728 4912 1779 4965 in
1806 4908 2005 4963 Gallias
2049 4907 2309 4961 invitave-

762 5011 853 5073 rit,
890 5007 1039 5062 etde
1077 5005 1287 5075 publico
1340 5005 1393 5059 in
1436 5003 1655 5059 Oriente
1703 5017 1861 5055 cursu
1914 5001 1976 5052 al
2011 4997 2299 5052 arbitrium

763 5115 920 5153 suum
974 5098 1204 5151 nondum
1235 5096 1504 5164 Augustus
1537 5094 1806 5148 statuerit.
1846 5090 1948 5146 Sed
1983 5100 2157 5143 tamen
2206 5103 2309 5141 non

764 5189 966 5243 invitus
983 5187 1224 5241 concedit
1250 5184 1543 5249 Julianum,
1576 5200 1696 5239 cum
1727 5184 1838 5236 h:ec
1868 5181 2151 5241 Scriberet,
2184 5193 2315 5229 non-

769 5278 892 5332 dum
922 5274 1308 5346 persecutionis
1351 5277 1558 5344 signum
1603 5274 1881 5328 extulisse.
1913 5271 2103 5324 Abiere
2132 5269 2184 5321 in
2223 5268 2318 5321 has

768 5368 1110 5437 conjecturas
1142 5368 1333 5423 eruditi
1360 5367 1433 5420 illi
1460 5366 1580 5430 viri,
1623 5365 1747 5433 quia
1776 5367 1913 5419 hanc
1939 5362 2220 5431 epistolam
2252 5360 2315 5412 ad

772 5459 1027 5513 Basilium
1064 5460 1317 5530 scriptam
1371 5459 1650 5528 putabant.
1698 5454 1805 5509 Sed
1849 5455 1893 5509 si
1940 5469 2057 5508 eam
2109 5450 2325 5520 scripsit

771 5548 1031 5617 Julianus,
1046 5552 1249 5608 homini
1280 5549 1806 5623 scripsitConstantii
1833 5548 1965 5603 aulze
1986 5543 2323 5601 incommoda

842 5738 919 5873 tu
956 5738 1129 5865 fat“-
1160 5737 1209 5793 ¹·

2386 1952 2527 2005 enim
2554 1949 2666 2019 ipse
2686 1948 2750 2001 de
2776 1961 2831 2000 se
2854 1946 2922 2014 (ε)
2949 1960 2963 1997 :
2999 1945 3306 2015 Μυστήριον
3346 1942 3525 2013 ἔχρισὲ
3557 1960 3644 2013 με,
3676 1938 3968 2014 μυστηρίῳ

2391 2045 2582 2115 μικρὸν
2611 2040 2936 2113 ὑπεχώρησα
2956 2081 2969 2103 ,
2995 2041 3115 2092 ὅσον
3138 2037 3365 2108 ἐμαυτὸν
3400 2036 3822 2107 ἐπισκέψασθαι,
3857 2051 3968 2104 μυ·-

2389 2137 2592 2206 στηρίῳ
2649 2135 2740 2187 καὶ
2790 2130 3218 2201 συνεισέρχομαι.
3267 2126 3570 2196 Mysterium
3632 2127 3785 2179 unxit
3828 2136 3967 2177 me:

2389 2228 2634 2297 mysterio
2677 2226 2942 2295 paulisper
2988 2225 3136 2285 cessi,
3184 2228 3239 2273 ut
3275 2219 3521 2284 meipsum
3571 2218 3885 2283 inspicerem
3918 2224 3970 2269 et

2390 2319 2714 2388 explorarem
2750 2332 2768 2369 :
2796 2334 2911 2369 cum
2951 2314 3196 2385 mysterio
3220 2315 3374 2366 etiam
3408 2307 3799 2364 simulintroeo.
3829 2308 3971 2359 Exi-

2393 2413 2573 2468 stimat
2597 2408 2813 2464 Nicetas
2841 2409 3142 2460 ordinatum
3174 2405 3317 2458 illum
3352 2403 3515 2457 fuisse
3550 2402 3602 2454 in
3639 2398 3725 2453 die
3756 2396 3974 2451 Natalis

2394 2502 2615 2566 Christi,
2657 2498 2851 2569 fugisse
2889 2496 2974 2550 die
3018 2495 3150 2549 festo
3181 2493 3598 2561 Luminum,qui
3643 2489 3802 2560 paulo
3845 2496 3972 2556 post

2398 2595 2585 2651 Natale
2624 2591 2827 2647 Domini
2859 2588 3247 2645 celebrabatur.
3295 2584 3444 2639 Unde
3488 2585 3765 2638 existimat
3796 2579 3974 2634 Tille-

2398 2690 2629 2743 montins
2666 2684 2981 2753 Gregorium
3036 2679 3120 2733 die
3175 2677 3244 2731 25
3300 2676 3603 2729 Decembris
3654 2665 3973 2727 ordinatu'm

2400 2781 2560 2833 fuisse
2594 2794 2733 2831 anno
2768 2776 2891 2839 5635,
2924 2782 3014 2828 aut
3057 2771 3179 2826 362.
3226 2769 3328 2824 Sed
3374 2767 3624 2821 libentius
3652 2766 3875 2819 inclinat
3923 2766 3976 2814 in

2400 2887 2595 2925 annum
2650 2869 2773 2931 ὅδε,
2808 2869 2931 2936 quia
2986 2866 3257 2925 Basiliam,
3308 2875 3463 2930 quem
3495 2868 3612 2927 post
3642 2856 3977 2928 Gregorium

2398 2964 2700 3016 ordinatum
2749 2958 2911 3012 fuisse
2950 2965 3176 3018 constat,
3210 2966 3349 3007 anuo
3380 2950 3482 3004 369..
3516 2950 3580 3002 ad
3619 2952 3755 3003 hanc
3800 2947 3983 3017 digni-

2402 3063 2561 3109 tatem
2593 3059 2775 3106 censet
2799 3061 3039 3104 evectum
3071 3047 3248 3100 fuisse.
3288 3044 3359 3098 De
3382 3042 3575 3096 Basilio
3600 3041 3732 3095 infra
3760 3039 3983 3093 videbi-

2406 3162 2561 3213 mus;
2593 3147 2686 3199 sed
2712 3143 2925 3197 interim
2954 3140 3249 3195 doctissimi
3281 3138 3378 3190 viri
3420 3136 3721 3205 opinionem
3771 3130 3983 3185 contir-

2401 3256 2550 3296 mare
2583 3251 2867 3309 possumus
2912 3233 3219 3289 testimonio
3252 3228 3519 3299 Gregorii,
3550 3227 3641 3294 qui
3680 3225 3757 3278 sic
3798 3223 3987 3293 loqui.

2403 3341 2491 3389 tur
2536 3332 2586 3385 in
2627 3329 2876 3399 Apologia
2901 3366 2915 3392 ,
2947 3340 3105 3393 quam
3148 3323 3318 3377 reditu
3372 3334 3472 3375 suo
3512 3318 3814 3388 composuit
3849 3316 3934 3386 (ιι)
3966 3316 3984 3353 ε

2402 3427 2511 3479 Καὶ
2564 3426 2653 3476 τὸν
2689 3425 2784 3493 μὲν
2838 3420 3032 3486 ἔξωθεν
3081 3420 3139 3471 οὐ
3183 3416 3391 3470 δέδοικα
3438 3413 3699 3482 πόλεμον,
3729 3410 3855 3464 οὐδὲ
3888 3410 3988 3463 τὸν

2402 3516 2495 3568 νῦν
2534 3515 2907 3566 ἐπαναστάντα
2939 3513 3078 3582 θῆρα
3124 3514 3241 3573 ταῖς
3268 3506 3598 3578 ἐκκλησίαις,
3626 3506 3719 3558 καὶ
3750 3504 3848 3557 τοῦ
3885 3521 3991 3555 πο-

2404 3607 2565 3679 νηροῦ
2600 3606 2660 3658 τὸ
2710 3604 2994 3675 πλήρωμα,
3031 3603 3129 3656 κᾶν
3161 3604 3271 3673 πῦρ
3306 3602 3517 3670 ἀπειλῇ,
3559 3600 3661 3652 κᾶν
3694 3598 3845 3665 ξίφη,
3874 3597 3991 3647 κᾶν

2410 3703 2599 3773 θῆρας,
2656 3698 2755 3753 κᾶν
2808 3694 3102 3767 κρημνοὺς,
3136 3693 3235 3745 κᾶν
3283 3692 3548 3761 βάραθρα,
3600 3689 3703 3741 κᾶν
3754 3688 3991 3739 πάντων

2408 3796 2627 3865 γένηται
2652 3791 2756 3845 τῶν
2782 3788 2995 3842 πώποτε
3033 3792 3302 3857 μανέντων
3323 3778 3835 3849 ἁπανθρωπότατος,
3878 3775 3993 3828 κᾶν

2409 3889 2528 3949 ταῖς
2558 3886 2742 3947 οὔσαις
2762 3882 3048 3952 τιμωρίαις
3075 3878 3410 3950 προσεξεύρῃ
3435 3870 3844 3943 χαλεπωτέρας.
3872 3868 3992 3922 Nec

2412 3996 2527 4033 vero
2579 3988 2849 4029 externum
2882 3972 3067 4024 bellum
3101 3982 3291 4028 metuo,
3339 3984 3428 4019 nec
3474 3966 3635 4033 [eram
3662 3964 3835 4025 illam,
3862 3977 3991 4029 qua:

2412 4086 2546 4125 nunc
2580 4068 2826 4119 adversus
2850 4062 3090 4114 ecclesias
3117 4062 3359 4125 impetum
3392 4056 3545 4123 fecit,
3572 4055 3775 4106 etiamsi
3805 4053 3994 4119 ignem

2410 4163 2655 4219 minetur,
2692 4155 2895 4209 etiamsi
2930 4152 3149 4221 gladios,
3182 4148 3384 4200 etiamsi
3409 4148 3567 4213 feras,
3596 4144 3801 4196 etiamsi
3843 4159 3991 4209 pra:-

2413 4251 2588 4319 cipitia
2615 4258 2659 4301 et
2685 4246 2969 4313 voragines,
2994 4240 3197 4294 etiamsi
3228 4238 3476 4298 omnium,
3512 4235 3597 4296 qui
3640 4248 3871 4301 unquam
3895 4233 3992 4301 [u-

2415 4360 2530 4396 rare
2559 4340 2843 4408 prarcipites
2878 4336 2980 4388 acti
3012 4341 3161 4395 sttnt,
3200 4328 3587 4383 crudelissimus
3624 4324 3739 4392 ﬁat,
3771 4326 3991 4377 etiamsi

2266 4449 2307 4503 si
2344 4498 2378 4505 _
2408 4436 2521 4505 jam
2550 4432 2766 4486 inventis
2798 4426 3061 4496 suppliciis
3090 4423 3355 4477 acerbiora
3386 4419 3493 4471 alia
3530 4418 3987 4471 comminiscetur.

2344 4498 2388 4551 θ
2420 4528 2495 4582 Ex
2527 4528 2609 4580 his
2639 4540 2740 4577 non
2775 4525 3001 4575 obscure
3031 4516 3329 4585 colligimus
3355 4509 3663 4579 Gregorium
3700 4509 3815 4562 hac
3840 4508 3990 4559 seri-

2420 4617 2588 4687 psisse
2623 4627 2759 4665 anno
2784 4609 2905 4671 562,
2935 4622 2995 4661 ac
3018 4606 3238 4676 proinde
3275 4602 3575 4656 ordinatum
3602 4599 3768 4653 fuisse
3798 4597 3887 4649 die
3914 4596 3991 4649 9.5

2423 4709 2726 4769 Decembris
2748 4707 2988 4776 proxime
3014 4702 3199 4771 elapsi.
3231 4699 3457 4752 Exhibet
3489 4694 3629 4749 enim
3669 4692 3825 4748 nobis
3860 4691 3990 4743 ani-

2422 4821 2564 4859 Illlllll
2596 4816 2697 4855 [1011
2727 4809 2831 4853 tam
2857 4810 3083 4867 pugnam
3109 4801 3408 4859 expertum,
3444 4802 3602 4857 quam
3633 4791 3881 4852 paratum
3919 4783 3992 4835 ad

2420 4894 2791 4967 pugnandum;
2829 4904 2894 4942 ex
2937 4902 3041 4958 quo
3084 4882 3207 4938 illud
3240 4880 3513 4948 sequitur,
3544 4878 3775 4929 nondum
3810 4870 3997 4927 Julia-

2418 4964 2541 5041 num
2584 4985 2633 5036 in
2659 4978 3042 5049 Cappadociam
3066 4974 3292 5026 venisse.
3316 4970 3596 5028 Praeterea,
3619 4964 3661 5017 si
3691 4966 3806 5017 haec
3841 4966 3990 5017 scri—

2418 5078 2609 5149 psisset
2636 5072 2924 5141 Gregorius
2944 5078 3061 5137 post
3091 5064 3291 5119 Pascha
3314 5062 3435 5116 anni
3459 5058 3581 5123 563,
3604 5072 3710 5125 quo
3740 5067 3994 5125 tempore

2422 5181 2526 5222 tam
2560 5165 2720 5219 multa
2781 5162 3061 5217 exstabant
3109 5156 3303 5211 Iuliani
3336 5152 3663 5208 crudelitatis
3711 5150 3990 5215 exempla,

2422 5278 2525 5316 non
2576 5259 2684 5326 jam
2716 5256 3015 5325 suSpicatus
3063 5260 3205 5305 esset
3246 5249 3369 5319 quid
3413 5247 3647 5299 facturus
3671 5250 3816 5295 esset
3855 5256 3993 5308 apo-

2421 5365 2583 5418 stata,
2611 5350 2703 5405 sed
2733 5349 2847 5416 ejus
2892 5348 3027 5400 laeta
3064 5343 3372 5402 indicasset,
3400 5350 3627 5405 eumque
3655 5351 3760 5387 non
3798 5347 3995 5401 exspe-

2428 5448 2683 5509 ctatione,
2721 5453 2779 5494 ut
2808 5443 2860 5494 in
2911 5437 3213 5493 testimonio
3243 5434 3423 5497 allato,
3460 5431 3552 5483 sed
3583 5445 3639 5482 re
3673 5426 3994 5481 crudelissi-

2431 5554 2574 5596 mum
2595 5536 2903 5603 iudicasset.
2936 5530 3154 5584 Videtur
3184 5534 3323 5595 ergo‘
3336 5525 3446 5578 haec
3473 5519 3754 5588 scripsisse
3784 5516 3993 5586 Grego-

2510 5718 2578 5785 (c)
2618 5714 2704 5785 Or.
2740 5714 2823 5766 41.

2505 5784 2580 5856 (d)
2622 5784 2747 5838 Νη.
2784 5799 2860 5837 or.
2894 5784 2937 5837 l.
