4094 6308
1511 356 1670 411 γιτΑ
1709 358 1765 413 S.
1805 358 2070 416 BASILII.

3215 386 3384 427 XXXIII

176 476 295 535 rius,
326 482 618 541 antequam
646 469 905 534 Julianus,
942 469 1030 537 qui
1062 469 1517 539 Constantinopoli
1550 470 1728 540 profe-
1756 480 1803 537 Α
1830 473 2059 528 Basilius
2094 488 2220 529 vero
2265 475 2513 531 maximis
2545 475 2793 533 laudibus
2843 478 3046 535 eﬂ'erat.
3079 480 3185 537 Sed
3212 485 3387 539 minus

175 576 283 618 ctus
317 574 400 618 est
435 577 621 617 mense
670 562 805 616 Maio
831 562 951 616 anni
987 560 1112 626 362,
1152 562 1203 615 in
1236 560 1560 631 regionibus.
1595 578 1729 631 quas

176 656 508 709 Antiochiam
541 664 725 724 petens
749 655 1069 723 peragravit,
1100 653 1362 709 horrenda
1394 653 1728 709 crudelitatis

177 756 515 801 monumenta
568 745 886 815 reliquisset,
930 745 1120 815 quibus
1147 753 1329 813 postea
1375 744 1639 799 cumulum
1673 745 1727 799 in

178 838 388 893 Oriente
422 839 692 908 imposuit.

239 928 325 985 Ill.
377 928 494 982 Non
537 928 705 982 multo
756 937 873 998 post
923 926 1160 996 Gregorii
1218 924 1727 992 reditum,B.isilius

179 1022 466 1074 Caesaream
509 1021 672 1083 venit,
727 1019 892 1073 Dianii
931 1018 1274 1073 Caesariensis
1334 1019 1614 1071 accersitu.
1678 1017 1727 1073 Is

176 1112 307 1165 enim
345 1126 468 1164 eum
516 1113 566 1164 in
621 1125 829 1181 gravem
881 1110 1122 1163 morbum
1170 1108 1458 1172 incidisset,
1511 1124 1576 1162 ex
1619 1124 1726 1178 quo

174 1203 323 1255 etlam
352 1216 383 1254 e
414 1202 525 1254 vita
560 1202 820 1264 discessit,
850 1215 970 1253 cum
1021 1198 1236 1264 Basilio,
1261 1214 1417 1268 quem
1444 1215 1472 1253 a
1497 1215 1555 1254 se
1593 1201 1722 1255 sub-

174 1293 405 1347 scribens
463 1292 702 1347 formulze
752 1290 1207 1362 Constantinopoli
1251 1291 1424 1346 allata:
1464 1292 1725 1347 alienave-

177 1392 271 1447 rat,
289 1386 583 1439 amicitiam
617 1394 671 1437 et
692 1386 1119 1439 communionem
1147 1384 1509 1454 redintegrare
1534 1386 1719 1450 voluit,

174 1486 451 1544 antequam
516 1484 833 1531 moreretur.
885 1476 1065 1546 Itaque
1119 1479 1377 1529 accersito
1412 1475 1605 1532 Basilio
1642 1479 1719 1531 di-

172 1568 244 1620 xit
278 1568 350 1635 (ο)
389 1565 661 1621 :Domino
727 1576 871 1632 teste,
915 1584 969 1621 se
1031 1568 1219 1634 scripto
1270 1565 1717 1636 Constantinopoli

176 1659 328 1711 allato
364 1658 417 1710 in
454 1659 789 1727 simplicitate
810 1660 980 1713 cordis
1012 1658 1311 1724 assensisse,
1358 1662 1446 1713 sed
1489 1658 1619 1712 nihil
1648 1658 1714 1711 ad

171 1750 281 1815 ﬁdei
312 1748 551 1804 Nicena:
581 1769 611 1804 a
639 1755 832 1805 sanctis
864 1750 1111 1803 Patribus
1139 1751 1384 1818 exposita:
1409 1750 1715 1804 eversionem

1830 568 2105 619 commoda
2143 565 2350 621 videtur
2392 568 2507 621 hac
2542 566 2697 621 fama:
2729 570 2897 622 Dianii
2929 570 3272 628 defendendae
3302 590 3384 627 ra-

1832 656 1925 709 tio.
1956 656 2182 712 Etiamsi
2223 658 2367 711 enim
2403 658 2669 729 Theognis
2723 660 2776 714 in
2831 658 2953 715 Julii
2986 662 3232 731 epistola,
3279 682 3383 719 non

1830 750 2047 803 Dianius
2072 748 2338 818 legeretur
2357 752 2517 821 (quod
2540 762 2713 807 tamen
2746 752 2861 807 ﬁeri
2887 754 3082 810 debere
3114 767 3269 827 negat
3294 758 3388 811 dn-

1828 842 2100 896 ctissimus
2133 843 2307 897 editor
2342 844 2635 899 litterarum
2663 844 3018 901 Romanorum
3053 849 3383 918 pontificum,

1828 934 1953 1002 quia
2006 932 2272 1002 Theognis
2308 933 2554 992 Nictenus
2603 938 2654 991 in
2707 938 2889 991 eadem
2920 940 3139 1007 epistola
3172 943 3387 1011 proprio

1827 1026 2042 1081 nomine
2085 1027 2399 1099 appellatur)
2430 1046 2445 1094 ;
2488 1045 2613 1082 num
2659 1029 2855 1084 idcirco
2892 1029 3062 1086 Dianii
3096 1047 3285 1087 nomen
3319 1048 3383 1088 ex

1828 1118 2110 1173 Sozomeni
2138 1118 2367 1175 Historia
2402 1120 2472 1189 (ε)
2512 1120 2678 1174 deleri
2730 1130 2928 1191 posset,
2961 1125 3048 1192 qui
3094 1140 3214 1180 eum
3246 1125 3387 1180 inter

1824 1213 2121 1282 praecipuos
2155 1212 2363 1267 concilii
2408 1212 2722 1266 Antiocheni
2770 1214 3045 1283 episcopos
3087 1216 3387 1271 numerat?

1823 1300 2086 1357 Praeterea
2136 1304 2277 1357 aliud
2310 1304 2559 1372 probrum
2590 1320 2692 1358 non
2749 1305 2914 1360 multo
2948 1308 3121 1361 minus
3164 1308 3387 1363 inhaeret

1823 1389 2011 1446 Dianio
2041 1392 2357 1447 Caesariensi
2401 1407 2467 1446 ex
2524 1392 2828 1449 Sardieensi
2881 1396 3139 1462 concilio,
3170 1396 3221 1450 in
3273 1412 3379 1465 quo

1819 1499 1939 1538 cum
1966 1485 2179 1538 Arianis
2205 1486 2517 1552 conjunclus
2550 1484 2648 1537 fuit
2671 1483 2747 1553 (ά)
2766 1524 2780 1550 ,
2814 1498 2979 1553 seque
3007 1500 3129 1539 cum
3168 1487 3246 1541 eis
3275 1488 3385 1543 dis.

1811 1571 1990 1639 junxit
2018 1574 2083 1627 ab
2107 1574 2419 1627 orthodoxis
2456 1574 2740 1643 episcopis,
2773 1590 2943 1643 neque
2968 1589 3153 1629 exsors
3178 1577 3383 1632 videtur

1816 1662 1982 1718 fuisse
2005 1681 2188 1719 eorum
2220 1666 2436 1719 nefarim
2462 1666 2512 1719 in
2542 1663 2736 1717 iulium
2765 1680 2976 1735 papam,
3000 1669 3377 1734 Athanasium,

1822 1756 2029 1820 Osium,
2088 1757 2435 1811 Maximinum
2501 1757 2870 1812 Trevirensem
2922 1759 3190 1825 audacias,
3241 1774 3376 1829 quos

172 1842 260 1894 sibi
287 1846 645 1911 proposuisse,
671 1860 827 1914 neque
873 1843 1015 1895 aliud
1042 1843 1095 1896 in
1122 1844 1277 1897 corde
1317 1842 1525 1904 habere,
1561 1858 1716 1910 quam
1753 1831 1794 1887 Β
1821 1848 2272 1902 anathematizare
2317 1863 2420 1902 non
2474 1849 2801 1903 dubitarunt.
2845 1847 3065 1905 Frustra
3113 1865 3239 1921 ergo
3279 1867 3383 1907 ex-

168 1935 293 2000 qsod
306 1937 367 1986 ab
386 1936 540 1987 initio
571 1937 819 1988 traditum
840 1947 1170 2003 acceperat...
1201 1936 1302 1987 imo
1334 1934 1488 1987 etiam
1513 1935 1718 2000 precari

169 2046 218 2083 se
254 2042 389 2084 utne
428 2042 749 2099 separetura
778 2040 911 2083 δοτιε
940 2039 1279 2083 trecentorum
1315 2030 1487 2083 decem
1524 2042 1569 2083 et
1606 2044 1719 2084 OClO

166 2124 539 2190 episcoporum,
570 2123 657 2190 qui
686 2121 823 2187 piam
853 2120 997 2173 illam
1021 2121 1311 2173 doctrinam
1359 2121 1470 2175 orbi
1511 2138 1718 2175 annun-

167 2214 380 2267 tierunt.
409 2214 505 2268 IIis
538 2214 733 2266 auditis
769 2212 1016 2278 Basilius,
1051 2216 1299 2283 scrupulo
1341 2216 1483 2269 omni
1512 2214 1715 2279 evulso,

169 2308 223 2357 ad
255 2304 686 2359 communionem
723 2306 893 2359 Dianii
921 2308 1167 2362 accessit.

228 2396 430 2464 Magnis
460 2396 705 2452 laudibus
738 2398 878 2453 hunc
923 2400 1224 2468 episcopum
1278 2395 1429 2451 ell'ert
1451 2396 1714 2463 Basilius;

167 2498 212 2541 et
242 2505 359 2542 cum
392 2504 519 2544 eum
553 2491 1031 2544 anathematizasse
1059 2492 1359 2555 diceretur,
1402 2489 1453 2543 id
1489 2506 1517 2543 a
1549 2506 1606 2545 se
1636 2491 1716 2544 in-

166 2592 264 2632 star
286 2583 467 2652 magni
496 2583 736 2637 criminis
763 2586 1051 2635 detestatus
1076 2591 1173 2637 est.
1197 2580 1439 2637 Declarat
1463 2584 1533 2654 (b)
1565 2598 1621 2637 se
1652 2584 1715 2635 ab

166 2674 359 2727 ineunte
408 2682 571 2728 a'tate
618 2675 889 2727 educatum
925 2673 1090 2739 fuisse
1135 2675 1190 2728 in
1229 2674 1369 2729 illius
1420 2692 1637 2739 amore;
1668 2687 1714 2730 et

163 2762 401 2817 intuendo
437 2764 799 2818 considerasse
825 2780 978 2832 quam
1011 2776 1140 2821 esset
1170 2767 1259 2822 ille
1293 2770 1370 2824 rir
1397 2780 1605 2837 aspectu
1632 2784 1716 2822 ve-

166 2856 415 2921 nerabilis,
458 2865 655 2926 quanta
684 2856 956 2924 majestate
976 2860 1249 2925 prazditus,
1278 2870 1525 2929 quantum
1543 2861 1716 2930 digni-

164 2947 271 2998 latis
322 2947 670 3001 sacerdotalis
722 2964 810 3001 ore
858 2950 1159 3020 praeferens.
1216 2952 1500 3020 Postquam
1536 2962 1713 3006 autern

161 3038 355 3093 virilem
388 3048 605 3092 aetatem
640 3040 863 3110 adeptus
891 3053 991 3110 est,
1026 3054 1134 3098 tum
1170 3059 1297 3098 vero
1325 3044 1471 3097 illum
1503 3060 1567 3097 ea:
1590 3044 1710 3097 ani-

1821 1950 2084 2011 pungatur
2132 1940 2302 1993 Dianii
2347 1955 2539 1994 nomen
2585 1955 2649 1995 ex
2700 1942 2923 2009 epistola
2957 1940 3082 1996 Julii
3130 1958 3296 2013 papae,
3327 1945 3378 1998 in

1820 2046 1921 2100 qua
1958 2042 2134 2084 tamen
2174 2031 2378 2099 primus
2407 2032 2475 2084 ob
2525 2031 2667 2085 sedis
2699 2032 3013 2098 dignitatem
3057 2033 3263 2087 videtur
3293 2048 3380 2087 re—

1821 2122 2049 2187 censeri,
2082 2122 2220 2191 quod
2252 2121 2447 2186 primas
2473 2122 2609 2176 inter
2640 2121 2856 2177 Incresis
2877 2122 3183 2180 defensores
3231 2136 3379 2181 tene-

1818 2223 1917 2267 ret.

1890 2303 1993 2359 Sed
2026 2319 2121 2358 cur
2150 2305 2290 2359 hunc
2321 2307 2613 2373 hominem,
2638 2306 2787 2378 cujus
2820 2306 2970 2362 fama:
2995 2306 3251 2377 ejusmodi
3276 2326 3382 2365 ma-

1818 2396 1932 2451 cula
1957 2397 2240 2463 insidebat,
2276 2407 2351 2450 tot
2385 2398 2630 2454 laudibus
2677 2401 2866 2455 extulit
2918 2401 3142 2457 Basilius
3178 2401 3201 2456 τ
3231 2402 3379 2457 Illum

1818 2503 1945 2543 sane
1962 2487 2265 2553 Basilius,si
2290 2499 2431 2543 recte
2456 2490 2799 2554 attendimus,
2818 2506 2920 2544 non
2938 2494 3054 2546 si-se
3074 2494 3382 2565 exceptione

1818 2580 2016 2638 laudat.
2043 2580 2154 2635 Non
2170 2581 2309 2635 enim
2328 2583 2375 2635 ei
2401 2581 2630 2636 studium
2648 2596 2789 2635 sanae
2832 2581 3105 2649 doctrinae,
3130 2600 3233 2639 non
3256 2601 3381 2641 con-

1819 2675 2067 2728 stantiam
2106 2675 2155 2727 in
2176 2674 2421 2743 periculis
2440 2690 2535 2744 pro
2560 2676 2659 2729 lide
2682 2675 2938 2730 obeundis
2965 2676 3206 2730 attribuit
3230 2696 3241 2731 :
3262 2692 3382 2746 qua:

1820 2772 1995 2818 tamen
2025 2764 2290 2833 praecipue
2326 2764 2528 2817 laudari
2561 2766 2641 2819 his
2675 2766 3002 2835 temporibus
3050 2767 3101 2819 in
3134 2767 3382 2836 episcopo

1820 2862 1981 2907 tanta:
2003 2854 2147 2908 sedis
2177 2855 2502 2907 debuissent.
2522 2854 2845 2919 Quinetiam,
2862 2864 2918 2907 ut
2934 2867 2991 2908 se
3011 2853 3077 2906 ab
3093 2854 3207 2924 ejus
3227 2870 3377 2908 com-

1816 2946 2067 2998 munione
2093 2954 2411 3010 removeret,
2438 2946 2572 2999 forte
2606 2960 2706 2999 non
2738 2944 2905 2999 solum
2936 2946 3221 3000 novissimo
3239 2945 3378 3000 illius

1817 3038 1983 3101 facto,
2010 3039 2103 3094 sed
2132 3040 2297 3094 etiam
2333 3038 2697 3108 superioribus
2720 3041 2883 3109 gestis
2918 3042 3077 3094 rebus
3119 3040 3380 3095 adductus

162 3145 248 3181 nite
272 3132 417 3182 bonis
448 3131 681 3197 novisse,
710 3134 951 3203 illiusque
990 3135 1299 3189 delectatum
1321 3136 1707 3201 consuetudine,
1737 3169 1779 3228 ϐ
1816 3129 1936 3187 fuit.
1964 3129 2078 3185 Non
2117 3132 2260 3186 enim
2286 3130 2460 3194 video,
2495 3145 2589 3184 cur
2611 3128 2852 3201 Gregorii
2882 3128 3133 3184 Nazianzi
3168 3131 3377 3201 episco-

163 3216 539 3286 simplicitatem
562 3235 608 3279 et
636 3225 1000 3295 ingenuitatem
1026 3243 1087 3279 ac
1114 3225 1479 3280 liberalitatem
1505 3242 1706 3281 morum

162 3315 484 3380 perspexisse,
522 3326 571 3370 et
595 3333 911 3386 quwcunque
949 3318 1055 3369 alia
1086 3319 1295 3385 prOpria
1328 3328 1474 3371 erant
1509 3320 1602 3371 viri
1630 3335 1709 3372 or-

164 3415 411 3471 namenta,
437 3408 608 3459 animi
640 3408 1001 3474 mansuetudo,
1031 3409 1434 3477 magnanimitas
1478 3410 1634 3461 simul
1660 3418 1707 3461 et

164 3495 367 3561 bonitas,
399 3499 582 3552 decori
602 3500 856 3563 studium,
885 3502 1088 3553 animus
1113 3502 1205 3555 ira:
1242 3516 1441 3567 expers,
1472 3501 1705 3551 hilaritas

163 3600 201 3640 et
236 3592 523 3657 affabilitas
583 3592 837 3660 gravitate
876 3593 1143 3657 permisto.
1179 3590 1351 3653 Quare
1376 3590 1539 3655 ipsum
1573 3590 1707 3641 inter

162 3680 371 3732 homines
406 3685 598 3733 virtute
622 3684 1020 3746 spectatissimos
1050 3679 1379 3733 numerabat.
1402 3679 1561 3734 Addit
1585 3697 1705 3735 eum

163 3784 243 3837 pro
265 3784 355 3822 sua
396 3784 614 3823 morum
653 3771 869 3826 lenitate
901 3780 954 3826 et
1000 3772 1405 3829 mansuetudine
1460 3775 1707 3829 omnibus

163 3872 362 3929 paterno
393 3871 616 3932 pectore
652 3862 962 3918 satisfacere
989 3864 1181 3920 solere.

222 3952 431 4009 Diﬂicile
457 3955 634 4025 prima
666 3956 842 4024 specie
879 3957 1084 4011 videtur
1115 3958 1213 4011 has
1244 3957 1427 4012 laudes
1456 3958 1705 4013 concilia-

162 4058 211 4097 re
246 4061 361 4099 cum
410 4048 676 4113 maculis,
711 4062 844 4115 quas
884 4049 1083 4101 numini
1120 4048 1289 4102 Dianii
1336 4050 1569 4103 historiae
1595 4066 1706 4106 mo-

162 4148 394 4189 numenta
428 4140 672 4191 inurunt.
714 4137 759 4190 ls
804 4138 942 4190 enim
979 4140 1029 4191 in
1066 4140 1191 4193 sede
1224 4140 1362 4195 inter
1404 4142 1533 4196 alias
1569 4145 1705 4198 emi-

162 4226 289 4279 uenti
318 4227 615 4280 collocatus
636 4267 650 4292 ,
681 4243 741 4283 ac
776 4244 1093 4299 magnorum
1126 4230 1243 4287 ﬁdei
1272 4232 1496 4289 Nicarna:
1527 4236 1705 4291 defen-

160 4331 320 4371 sorum
347 4332 657 4386 successor,
682 4320 993 4390 conjunetus
1039 4338 1161 4378 cum
1191 4325 1407 4379 Arianis
1443 4330 1706 4395 reperitur

164 4407 206 4460 in
233 4409 455 4464 concilio
488 4410 827 4467 Antiocheno
854 4416 977 4469 anni
1012 4416 1108 4469 5H
1136 4456 1150 4481 ,
1193 4416 1244 4471 in
1274 4432 1380 4487 quo
1403 4427 1505 4469 tam
1540 4418 1702 4470 multa

1814 3226 1886 3293 pi,
1918 3226 2011 3294 qui
2046 3223 2288 3279 formula:
2312 3241 2414 3277 non
2447 3225 2755 3280 orthodoxa:
2778 3224 3113 3293 subscripsit,
3138 3239 3377 3278 commu-

1812 3316 1957 3368 nioni
1992 3329 2206 3384 semper
2250 3315 2435 3369 aliixus
2470 3315 2650 3377 fuerit,
2702 3315 2890 3369 Dianio
2921 3326 3099 3371 autem
3121 3356 3136 3383 ,
3168 3315 3253 3370 cui
3300 3325 3377 3370 tot

1812 3406 2118 3458 nominibus
2148 3405 2441 3459 obstrictus
2481 3415 2619 3470 erat,
2650 3420 2754 3460 non
2795 3406 3036 3462 eamdem
3070 3407 3373 3463 exhibuerit

1810 3495 1972 3549 animi
2023 3496 2477 3560 moderationem;
2524 3497 2625 3550 nisi
2678 3498 2799 3565 quia
2856 3498 3193 3567 perspicuum
3256 3508 3372 3553 erat

1810 3584 2052 3657 Gregorii
2089 3599 2315 3641 mentem
2350 3588 2566 3643 illaesam
2610 3603 2672 3643 ac
2714 3596 3032 3658 atramento,
3058 3601 3115 3646 ut
3150 3592 3226 3645 ait
3260 3591 3375 3660 ejus

1809 3680 2059 3749 Iilius(e),
2091 3679 2305 3733 minime
2343 3679 2591 3734 infectam
2622 3679 2807 3744 fuisse,
2842 3681 3059 3735 Dianius
3103 3694 3229 3735 vero
3267 3698 3370 3737 non

1809 3771 1881 3823 ita
1922 3784 2040 3823 sese
2086 3771 2341 3823 hactenus
2387 3778 2688 3838 paraverat,
2726 3777 2783 3822 ut
2816 3783 2938 3823 eum
2991 3771 3223 3839 SUSpicIO
3265 3788 3370 3831 non

1806 3858 2109 3925 attingeret.

1877 3947 1980 4002 Sed
2007 3949 2053 4002 si
2081 3949 2298 4003 Dianius
2331 3949 2648 4005 Arianorum
2680 3950 2994 4006 fermentum
3024 3967 3126 4005 non
3152 3951 3367 4023 effugit,

1807 4052 1911 4092 non
1960 4048 2137 4094 tamen
2177 4054 2362 4094 eorum
2410 4056 2645 4095 errorem
2692 4041 2869 4095 animo
2924 4042 3223 4112 suscepisse
3254 4059 3370 4098 cre-

1806 4131 2010 4186 dendus
2047 4141 2149 4191 est,
2176 4140 2230 4185 et
2274 4147 2302 4185 a
2338 4130 2531 4185 Basilio
2578 4130 2781 4187 laudari
2812 4148 2915 4189 non
2944 4133 3363 4189 debuisse.Con-

1807 4233 1911 4277 stat
1938 4224 2077 4277 enim
2108 4224 2358 4289 Arianos,
2393 4224 2624 4291 quandiu
2667 4224 2721 4279 in
2754 4225 2867 4281 solo
2916 4225 3365 4283 Consubstautiali

1806 4316 2158 4385 oppugnando
2194 4318 2395 4369 haerere
2440 4315 2783 4381 videbantur,
2823 4333 2885 4372 ac
2941 4319 3164 4374 haeresis
3209 4336 3366 4376 vene-

1806 4418 1931 4458 num
1982 4405 2313 4473 premebant,
2349 4406 2585 4475 pluribus
2630 4406 2941 4463 orthodoxis
2972 4410 3234 4478 episcopis
3283 4412 3366 4463 fu-

162 4498 301 4567 impie
326 4512 378 4557 et
408 4501 617 4555 nefarie
655 4516 800 4569 gesta
834 4517 958 4560 sunt
989 4525 1002 4560 :
1037 4506 1256 4576 ejusque
1288 4523 1477 4561 nomen
1507 4523 1533 4560 a
1565 4508 1705 4562 Iulio

1814 4509 1927 4547 cum
1966 4495 2179 4561 fecisse,
2200 4498 2289 4566 qui
2317 4500 2509 4568 partim
2541 4500 2687 4569 pacis
2711 4498 2919 4569 decepti
2945 4501 3142 4565 studio,
3170 4503 3360 4569 partim

162 4604 275 4658 papa
308 4595 483 4659 primo
520 4595 635 4649 loco
666 4608 967 4652 recensetur
989 4601 1127 4653 inter
1150 4598 1424 4668 episcopos
1453 4598 1705 4653 Eusebia-

161 4696 326 4735 naruin
372 4688 633 4754 partium.
682 4684 738 4737 In
784 4690 1139 4753 annotatione,
1171 4703 1288 4760 qua:
1316 4688 1379 4740 ad
1408 4688 1547 4744 hunc
1582 4687 1705 4742 Julii

161 4774 372 4840 epistola:
386 4778 563 4831 locum
584 4779 819 4848 apposita
832 4790 912 4831 εει
925 4782 1060 4846 apud
1077 4789 1315 4834 sanetum
1330 4778 1698 4847 Athanasium,

161 4866 384 4920 observat
404 4871 652 4923 eruditus
674 4870 844 4924 editor
870 4868 1108 4926 Dianium
1132 4873 1243 4927 sive
1271 4870 1518 4937 Danium,
1543 4889 1701 4942 quem

160 4952 307 5012 Julius
327 4957 502 5027 primo
534 4957 650 5010 loco
676 4969 935 5022 recenset,
967 4976 1069 5015 non
1108 4978 1225 5018 esse
1250 4963 1556 5033 episcopum
1585 4964 1698 5018 Cte-

162 5047 455 5117 sariensem,
473 5047 571 5103 sed
596 5052 837 5105 eumdem
867 5052 954 5120 qui
987 5053 1174 5118 passim
1197 5055 1332 5121 apud
1352 5053 1695 5106 Athanasium

160 5133 397 5202 Διὸγνιος,
427 5138 742 5206 quandoque
775 5142 913 5206 apud
960 5138 1219 5193 Hilarium
1263 5142 1695 5211 I)iognius,com-

160 5229 342 5279 manias
369 5230 513 5296 apud
547 5240 818 5293 utrumque
837 5231 1081 5299 Θεόγνιος
1111 5242 1158 5283 et
1190 5231 1439 5301 Theognis
1467 5243 1696 5296 vocatur,

159 5314 200 5366 id
220 5327 295 5372 est
332 5316 703 5389 'I'heognidem
730 5319 1018 5376 Nicaenum.
1046 5320 1214 5389 llujus
1244 5324 1565 5391 conjectura:
1590 5323 1701 5376 haec

157 5407 351 5464 aﬂ’ertur
374 5412 540 5475 ratio,
580 5412 721 5480 quod
750 5410 993 5466 Dianium
1025 5413 1404 5469 Cicsariensem
1441 5427 1699 5481 nusquam

157 5493 459 5557 Athanasiiis
513 5503 660 5558 inter
692 5502 921 5557 Ariauos
958 5506 1037 5560 vcl
1069 5504 1395 5562 Eusebianos
1434 5514 1699 5567 numeret,

214 5641 280 5707 (ρ)
320 5641 411 5707 lsp.
444 5643 536 5703 51,
572 5656 625 5694 n.
669 5640 724 5696 2.

211 5704 277 5773 (ὃ)
312 5704 439 5763 Ibid.
484 5728 543 5765 η.
572 5713 621 5763 1.

210 5782 273 5845 (ι’)
311 5778 368 5833 ι..
401 5795 479 5845 in,
526 5795 582 5835 c.
621 5780 683 5847 5.,

1812 4600 1904 4653 spe
1938 4596 2029 4641 aut
2054 4598 2196 4642 metu
2223 4591 2490 4657 conducti,
2515 4603 2698 4644 eorum
2731 4589 3023 4646 intererant
3047 4593 3284 4649 conciliis
3311 4604 3363 4647 et

1810 4673 2051 4733 formulis
2078 4680 2497 4753 subscribebant.
2526 4680 2594 4732 At
2619 4687 2893 4751 postquam
2918 4682 3100 4737 Ariani
3123 4698 3187 4738 ex
3214 4684 3363 4738 dissi-

1810 4770 2115 4826 mulationis
2165 4773 2382 4826 latebris
2414 4772 2465 4825 in
2501 4784 2739 4842 apertam
2778 4776 3100 4842 impietatem
3150 4778 3360 4844 prodie-

1808 4872 1949 4927 runt,
1986 4874 2095 4917 tum
2129 4878 2253 4917 vero
2286 4862 2496 4930 plurimi
2534 4865 2601 4920 ab
2632 4881 2814 4921 eorum
2848 4866 3223 4922 communione
3250 4868 3359 4923 dis-

1806 4967 2037 5017 cessere,
2068 4967 2360 5023 eorumque
2398 4956 2655 5025 impietati
2709 4955 2901 5010 bellum
2934 4957 3189 5022 indixere,
3224 4972 3358 5026 qua-

1802 5042 1879 5097 les
1914 5044 1965 5097 in
2012 5043 2241 5099 concilio
2294 5043 2620 5098 Seleuciensi
2662 5044 2892 5113 quinque
2937 5056 3093 5112 supra
3144 5054 3355 5097 centum

1805 5135 2066 5190 numerati
2102 5146 2245 5190 sunt.
2277 5135 2495 5189 Videtur
2537 5151 2601 5189 ex
2658 5134 2916 5204 ejusmodi
2963 5132 3232 5189 hominum
3260 5149 3355 5185 nn-

1798 5240 1947 5279 mero
1985 5224 2148 5279 fuisse
2211 5225 2453 5279 Dianius.
2504 5224 2660 5278 Lenis
2710 5224 2851 5279 illius
2903 5222 3136 5287 indoles,
3184 5222 3353 5289 qualis

1797 5332 1827 5369 a
1864 5317 2055 5371 Basilio
2088 5318 2497 5387 depingitur,ut
2534 5315 2749 5371 omnino
2774 5317 2957 5371 idonea
2984 5330 3085 5369 non
3108 5323 3353 5379 eratqute

1798 5408 2010 5463 Arianis
2040 5408 2252 5463 fortiter
2278 5413 2577 5471 resisteret,
2608 5409 2680 5462 ita
2714 5424 2742 5462 a
2787 5406 3140 5479 perturbanda
3168 5402 3350 5457 Eccle-

1800 5500 1889 5554 sia:
1922 5515 2029 5555 sua:
2063 5514 2194 5569 pace
2225 5510 2316 5553 aut
2361 5500 2598 5554 doctrina
2629 5500 2957 5555 imnmtanda
3006 5507 3117 5552 erat
3144 5493 3350 5550 alienis-

1880 5638 1958 5703 (ιι)
2000 5632 2165 5704 Hilar.
2195 5634 2380 5704 fragm.
2410 5634 2461 5686 2.

1879 5707 1947 5773 (e)
1982 5702 2072 5757 0r.
2099 5704 2181 5757 19.
