4094 6308
759 351 921 393 XXXIV

2085 342 2609 399 PROLECOMENA.

756 472 913 511 sima.
945 456 1207 511 Niczenam
1260 458 1416 513 ﬁdem
1448 459 1524 513 ab
1548 474 1617 515 eo
1663 460 1883 517 minime
1920 471 2227 519 attentatam
2259 467 2309 519 in
2340 471 2386 526 Α
2415 476 2561 529 cunt,
2583 480 2644 520 ac
2665 466 2927 536 episcopis
2948 468 3197 532 oll‘erunt,
3218 485 3245 522 a
3275 471 3466 539 quibus
3488 473 3675 539 partim
3705 474 3980 541 precibus,

758 548 993 601 Ecclesia
1033 548 1343 605 Caesariensi
1391 552 1551 607 fuisse
1599 563 1860 606 testantur
1905 570 2023 623 qua:
2080 558 2309 613 moriens

755 636 952 692 Basilio
981 637 1196 702 juravit.
1241 640 1352 695 Huc
1396 643 1600 696 accedit
1653 644 1816 711 ipsius
1860 644 2039 699 Basilii
2071 650 2307 701 testimo-

754 732 901 784 nium
930 733 1026 800 (a),
1058 733 1143 800 qui
1173 733 1328 787 fidem
1357 734 1621 788 Niczenam
1647 737 1695 788 in
1725 736 1973 805 Ecclesia;
1992 738 2307 793 Caesariensi

751 838 965 893 semper
992 824 1220 893 viguisse
1256 838 1507 881 testatur:
1531 844 1628 881 nec
1662 829 1932 896 probabile
1964 841 2043 884 cst
2066 830 2306 886 Dianium

755 930 944 968 nOvam
967 933 1152 971 ausum
1189 934 1306 973 esse
1337 919 1617 973 formulam
1660 936 1970 991 proponere.
2008 924 2137 977 Erat
2166 926 2307 979 cnim

752 1006 902 1074 plebs
936 1007 1301 1072 Cmsariensis,
1327 1021 1381 1062 ut
1404 1014 1477 1064 ait
1508 1011 1792 1079 Gregorius
1814 1013 2183 1069 Nazianzenus
2211 1018 2306 1085 (b),

748 1097 816 1150 ob
850 1098 969 1151 ﬁdei
1012 1099 1242 1153 calorem
1300 1101 1365 1155 ad
1417 1103 1727 1156 seditionem
1790 1108 2038 1173 proclivis
2074 1124 2089 1171 ;
2124 1122 2219 1162 nec
2262 1110 2306 1162 si

748 1189 875 1251 quid
904 1192 1019 1243 novi
1056 1193 1323 1246 docuisset
1353 1195 1589 1252 Dianius.
1632 1196 1771 1247 illius
1798 1201 2049 1252 memoria
2082 1210 2226 1252 tanto
2253 1200 2304 1253 in

748 1284 918 1348 pretio
943 1283 1150 1349 fuisset,
1191 1295 1245 1337 ut
1276 1286 1455 1340 odium
1485 1287 1677 1343 Basilio
1700 1287 2017 1344 conﬁaturos
2050 1307 2107 1345 se
2132 1292 2307 1345 inimi-

744 1376 795 1429 ci
834 1387 1132 1443 sperarent,
1185 1378 1229 1431 si
1268 1378 1511 1434 Dianium
1560 1382 1627 1436 ab
1684 1396 1748 1435 eo
1801 1384 2303 1439 anathematizatqu

746 1468 1009 1525 dicerent.

820 1562 1001 1631 Neque
1039 1562 1201 1617 etiam
1228 1562 1355 1618 illud
1382 1565 1602 1619 dubium
1628 1576 1712 1619 est
1744 1567 1869 1634 quin
1902 1581 1958 1621 se
1990 1568 2055 1621 ab
2088 1569 2304 1625 Arianis

745 1657 1091 1725 disiunxerit,
1131 1658 1218 1710 ubi
1260 1671 1446 1711 eorum
1501 1665 1682 1725 aperte
1732 1658 1908 1725 erupit
1958 1658 2223 1727 impietas,
2251 1670 2304 1714 et

746 1761 867 1799 cum
898 1746 1201 1800 fortissimis
1245 1747 1363 1800 ﬁdei
1406 1744 1775 1801 defensoribus
1823 1746 2193 1815 conjunxerit;
2227 1751 2303 1803 si-

2412 561 2601 627 partim
2640 560 2689 611 vi
2720 569 2773 612 et
2796 559 3144 615 immoderato
3168 571 3222 615 et
3260 563 3598 617 tumultuario
3626 565 3823 633 impetu
3854 581 3982 618 con-

2410 650 2653 710 tendunt,
2687 660 2742 703 ut
2788 650 3073 705 Eusebium
3115 654 3383 719 baptizent
3412 666 3465 709 et
3502 657 3804 724 episc0pum
3855 672 3984 726 pro-

2409 744 2657 796 clament.
2691 742 2872 796 Coacti
2909 744 2981 795 illi
3020 743 3300 796 Eusebium
3344 746 3636 815 baptizant,
3660 749 3975 814 cpisc0pum

2411 834 2738 896 renuntiant,
2781 834 2834 886 in
2884 840 3075 889 throno
3112 836 3396 901 collocant,
3440 839 3532 890 sed
3578 853 3738 889 manu
3794 840 3981 905 potius

2408 938 2565 988 quam
2615 923 2776 975 animi
2827 925 3121 986 sententia,
3158 934 3214 976 ut
3268 933 3448 991 postea
3488 925 3815 977 declaratum
3864 936 3975 977 est.

2410 1009 2600 1064 Statim
2644 1012 2784 1064 enim
2818 1021 2976 1080 atque
3006 1014 3069 1066 ab
3104 1015 3404 1081 importuna
3446 1015 3777 1069 multitudine
3813 1015 3980 1068 liberi

2408 1108 2462 1151 et
2493 1098 2589 1154 soli
2629 1099 2795 1167 fuere,
2844 1100 3123 1155 consilium
3168 1104 3304 1155 inter
3336 1116 3396 1156 se
3439 1101 3701 1166 inierunt,
3745 1113 3804 1156 ut
3838 1101 3980 1154 nihil

2409 1204 2591 1245 eorum
2631 1208 2747 1261 quae
2793 1202 2940 1263 gesta
2977 1192 3208 1259 fuerant,
3240 1206 3411 1248 ratum
3460 1210 3523 1247 ac
3561 1195 3769 1248 ﬁrmum
3800 1196 3975 1249 duce-

2410 1293 2556 1347 rent;
2595 1285 2699 1335 vim
2728 1285 2774 1338 ei
2819 1285 3151 1353 objicientes,
3178 1288 3265 1353 qui
3298 1301 3401 1340 non
3460 1287 3634 1339 minus
3673 1301 3834 1354 quam
3863 1287 3977 1355 ipsi

2407 1375 2511 1427 vim
2543 1390 2729 1442 passus
2761 1376 2951 1429 fuerat.
2998 1374 3254 1431 Dissensit
3296 1378 3415 1431 huic
3459 1377 3680 1431 consilio
3708 1375 3976 1432 Nazianzi

2406 1464 2707 1533 episcopus,
2731 1481 2792 1521 ac
2832 1467 3223 1521 ordinationem
3257 1466 3467 1522 Eusebii
3500 1483 3603 1522 non
3644 1468 3822 1521 minus
3856 1468 3976 1523 for-

2406 1556 2530 1607 titer
2556 1554 2807 1620 defendit,
2847 1572 3006 1627 quam
3055 1560 3098 1613 si
3135 1559 3300 1611 libere
3350 1558 3487 1611 facta
3521 1567 3683 1615 esset.
3734 1558 3972 1612 Demon-

2404 1646 2594 1699 stravit
2620 1646 2835 1716 collegis
2880 1651 2987 1703 vim
3043 1649 3142 1702 sibi
3188 1663 3305 1701 cum
3359 1648 3583 1702 Eusebio
3622 1664 3972 1703 communem

2408 1741 2610 1795 fuisse:
2650 1742 2827 1808 itaque
2859 1750 2949 1793 aut
2987 1743 3343 1795 accusandum
3381 1754 3499 1791 eum
3543 1754 3644 1793 non
3695 1757 3835 1807 esse,
3873 1753 3973 1795 aut

744 1838 957 1907 quidem
990 1836 1047 1893 S.
1096 1838 1290 1891 Meletii
1340 1839 1762 1893 communicator
1810 1843 2034 1904 exstitit,
2077 1854 2129 1896 et
2166 1858 2293 1909 pra:-

2408 1834 2684 1901 cpiscopos
2731 1833 2842 1901 pari
2877 1832 3098 1885 crimine
3150 1831 3496 1898 implicandos
3530 1831 3610 1884 vel
3639 1835 3799 1887 etiam
3834 1849 3970 1905 gra-

740 1929 871 1981 clari
898 1928 1229 1989 certaminis,
1260 1930 1397 1995 quod
1423 1943 1644 1998 magnus
1677 1929 1763 1983 ille
1790 1930 1987 1983 athleta
2022 1932 2299 1997 sustinuit,

739 2020 1052 2085 admirator,
1076 2028 1132 2072 ut
1153 2019 1325 2088 colligi
1351 2029 1523 2087 potest
1553 2036 1617 2073 ex
1654 2021 1736 2074 his
1763 2020 1941 2074 Basilii
1978 2023 2153 2077 verbis
2185 2021 2251 2093 (c)
2286 2040 2301 2079 :

744 2110 854 2164 Nos
884 2122 1074 2176 autem,
1100 2112 1290 2179 inquit,
1330 2128 1451 2177 quia
1494 2113 1583 2179 qui
1635 2114 1777 2179 prior
1833 2114 2100 2167 veritatem
2148 2114 2302 2170 libere

739 2202 988 2271 defendit,
1021 2214 1066 2257 et
1094 2203 1281 2255 bonum
1324 2203 1455 2256 illud
1486 2214 1745 2257 certamen
1796 2204 2100 2259 Constantio
2141 2210 2299 2275 impe-

738 2305 884 2349 rante
916 2296 1146 2361 certavit,
1168 2296 1404 2348 Mefetius
1432 2305 1503 2347 est
1526 2297 1975 2350 reverendissimus
1998 2299 2299 2366 episcopus;

734 2399 785 2439 et
824 2392 945 2455 quia
983 2404 1099 2440 eum
1146 2388 1324 2439 habuit
1353 2385 1584 2440 Ecclesia
1625 2407 1735 2442 mea
1788 2391 2297 2455 communicatorem,

738 2493 1046 2547 magnopere
1094 2495 1207 2530 eum
1256 2480 1469 2547 diligens
1511 2481 1570 2533 ob
1616 2488 1801 2548 fortem
1853 2482 2003 2534 illam
2054 2499 2113 2535 ac
2168 2485 2298 2536 invi-

737 2579 872 2620 ctam
908 2570 1312 2631 dimicationem,
1340 2568 1534 2621 idcirco
1569 2571 1814 2622 habemus
1842 2570 1993 2623 illum
2026 2572 2293 2634 hactenus,

738 2661 845 2714 Deo
885 2663 1157 2731 largiente,
1182 2662 1689 2725 communicatorem,
1714 2672 1758 2713 et
1796 2672 1950 2722 certe,
1982 2664 2027 2715 si
2055 2662 2192 2715 Deus
2219 2678 2298 2716 vo-

737 2754 913 2817 luerit,
946 2752 1269 2807 habebimus.

809 2846 1032 2901 Videtur
1073 2860 1202 2914 ergo
1233 2843 1449 2899 Dianius
1480 2858 1543 2899 ex
1576 2845 1817 2899 conciliis
1851 2843 2167 2897 Arianorum
2209 2856 2296 2897 re—

737 2954 920 2993 versus
954 2940 1019 2991 ad
1054 2937 1341 2991 Ecclesiam
1372 2953 1543 3002 suam,
1572 2936 1653 2989 vel
1686 2936 1984 2989 occultasse
2019 2950 2136 3003 qua:
2166 2934 2295 2988 foris

735 3041 938 3099 egerat,
971 3028 1053 3081 vel
1085 3044 1289 3080 morum
1321 3029 1554 3091 lenitate,
1589 3044 1649 3081 ac
1676 3030 1908 3096 ejusdem
1934 3044 2147 3096 semper
2172 3028 2292 3082 ﬁdei

2408 1924 2557 1977 viori.
2605 1921 2785 1991 Longe
2840 1922 2983 1975 enim
3034 1923 3201 1977 satius
3249 1921 3412 1976 fuisse
3469 1932 3768 1977 extremum
3829 1930 3972 1995 peri-

2404 2016 2577 2068 eulum
2634 2018 2801 2079 adire,
2835 2017 3158 2072 ordinationi
3217 2014 3541 2081 resistendo,
3584 2033 3744 2085 quam
3796 2021 3970 2072 semel

2403 2121 2675 2178 peractam
2726 2111 3002 2179 antiquare
3048 2110 3211 2175 velle,
3244 2110 3537 2180 prazsertim
3582 2125 3645 2163 eo
3702 2121 3968 2177 tempore,

2400 2215 2506 2269 quo
2532 2211 2739 2255 veteres
2769 2202 3060 2256 inimicitia:
3091 2206 3412 2273 deponendae
3437 2211 3624 2267 erant;
3668 2217 3774 2255 non
3812 2217 3970 2256 nova:

2399 2292 2774 2360 suscipiendae.

2470 2379 2894 2450 Exspectabatur
2921 2382 3061 2436 enim
3098 2378 3359 2444 Julianus,
3406 2387 3494 2454 qui
3533 2395 3656 2439 tunc
3704 2385 3757 2437 in
3799 2382 3967 2437 Chri-

2398 2474 2601 2529 stianos
2646 2473 2904 2528 fremebat
2930 2491 2943 2528 :
2976 2475 3321 2527 minitabatur
3346 2477 3391 2529 ei
3430 2478 3516 2543 qui
3542 2480 3820 2532 ordinatus
3847 2477 3968 2530 fue—

2398 2575 2499 2628 rat,
2549 2579 2613 2619 ac
2656 2566 2707 2617 in
2752 2579 3019 2619 summum
3064 2566 3353 2633 periculum
3404 2567 3688 2620 devenerat
3741 2571 3965 2623 civitas.

2397 2653 2529 2706 Nam
2558 2656 2874 2719 iracundiae,
2926 2672 3082 2723 quam
3124 2655 3366 2711 Julianus
3409 2657 3460 2709 in
3490 2655 3849 2712 Czesarieuses
3894 2663 3965 2713 ob

2397 2745 2671 2798 incensum
2695 2746 2943 2801 Fortuna:
2979 2748 3226 2814 templum
3258 2757 3597 2817 conceperat,
3624 2765 3786 2801 novas
3815 2750 3968 2804 faces

2398 2840 2636 2894 admovit
2666 2838 2823 2890 unius
2850 2852 2914 2891 ex
2945 2840 3339 2906 IllagiSlt'ali'Uus
3369 2839 3654 2907 ordinatio,
3704 2857 3811 2911 qua
3845 2860 3965 2897 rem

2397 2932 2663 3001 publicam
2692 2930 2807 2983 laedi
2852 2928 3197 2998 querebatur.
3234 2928 3344 2996 Ipse
3388 2934 3546 2984 etiam
3589 2950 3785 3001 praeses
3814 2949 3967 3003 qua!-

2397 3027 2546 3079 rebat
2584 3022 2852 3093 quomodo
2895 3030 2948 3075 et
2996 3022 3221 3091 gratiam
3279 3026 3412 3089 apud
3456 3020 3728 3076 lulianum
3776 3027 3966 3090 iniret,

736 3120 1113 3185 praedicatione
1141 3118 1389 3171 invidiam
1436 3128 1489 3171 et
1522 3118 1937 3186 indignationem
1970 3120 2287 3173 declinasse.
2318 3155 2362 3213 α
2394 3125 2445 3168 et
2477 3116 2764 3168 Eusebium
2813 3112 3194 3177 ulcisceretur,
3231 3112 3314 3166 cui
3366 3112 3569 3166 amicus
3612 3115 3809 3183 alioqui
3854 3133 3969 3170 non

733 3213 911 3279 Quare
934 3226 1036 3266 non
1076 3210 1254 3263 debuit
1292 3208 1517 3263 Basilius
1544 3212 1790 3277 episc0po
1820 3224 1916 3263 suo
1944 3210 2286 3277 exprobrare,

735 3318 854 3371 quae
881 3316 935 3356 se
959 3317 1125 3372 puero
1159 3298 1477 3355 difﬁcillimis
1512 3301 1835 3368 temporibus
1866 3310 2015 3365 gesta
2059 3300 2287 3364 fuerant,

734 3409 830 3448 nec
854 3395 899 3448 ei
925 3394 1128 3447 debitas
1147 3394 1326 3445 laudes
1352 3394 1642 3458 denegare.
1670 3407 1798 3459 quas
1825 3391 1871 3444 ei
1903 3403 2091 3458 magna
2120 3391 2289 3444 virtu-

737 3496 846 3538 tum
888 3493 1197 3537 ornamenta
1246 3485 1481 3535 omnium
1518 3480 1713 3545 judicio
1739 3480 2093 3534 conciliabant
2127 3497 2287 3545 ;cum

732 3578 1023 3643 prwset'tim
1045 3576 1266 3626 Basilius
1283 3589 1402 3627 cum
1428 3573 1664 3639 pluribus
1689 3573 1930 3641 aliis,qui
1955 3590 2056 3629 non
2079 3590 2290 3643 semper

731 3668 798 3720 ab
828 3668 971 3720 omni
1020 3667 1335 3719 Arianorum
1388 3661 1647 3716 fermento
1684 3663 1799 3731 puri
1840 3675 1894 3717 et
1941 3664 2123 3717 intacti
2175 3666 2292 3720 fue-

730 3769 870 3824 rant,
898 3768 955 3810 ut
1009 3758 1201 3812 Basilio
1246 3756 1532 3823 Ancyrauo
1570 3765 1621 3809 et
1653 3754 1929 3811 Eustatbio
1971 3757 2288 3821 Sebasteno,

730 3850 1106 3902 communione
1153 3858 1207 3902 et
1252 3848 1483 3900 amicitia
1534 3848 1847 3915 coniunctus
1900 3848 2081 3905 fuerit.
2128 3851 2291 3907 Forte

730 3940 917 3994 iisdem
958 3940 1021 3994 de
1062 3940 1236 3993 causis
1273 3938 1595 3991 Athanasius
1624 3954 1886 4007 nunquam
1918 3940 2160 3996 Dianiqu
2201 3942 2290 3996 in-

732 4042 813 4087 ter
863 4032 1189 4087 Eusebianos
1239 4047 1301 4085 ac
1368 4033 1583 4089 haeresis
1633 4030 1936 4085 defensores
1991 4044 2285 4088 numerat:

727 4137 1029 4194 quanquam
1069 4138 1186 4175 cum
1214 4138 1277 4177 eo
1321 4124 1536 4178 minime
1578 4122 2002 4177 communicabat
2047 4124 2285 4177 Athana-

729 4217 861 4270 sius.
910 4216 1241 4269 Enumerans
1280 4216 1423 4268 enim
1462 4217 1760 4284 provincias
1799 4215 2115 4285 quibuscum
2141 4229 2287 4270 com-

729 4304 1057 4369 municabat,
1090 4305 1153 4358 de
1191 4306 1520 4372 Cappadocia
1551 4322 1769 4375 prorsus
1796 4309 1915 4360 silet
1942 4306 2043 4379 (ιι).

795 4396 881 4450 ιν.
918 4395 1122 4450 Mortuo
1169 4397 1352 4449 Dianio
1397 4396 1733 4461 Caesariensi,
1775 4414 1897 4453 cum
1942 4399 2284 4454 advenissent

2398 3218 2531 3268 erat,
2567 3209 2659 3261 sed
2702 3209 2770 3260 ob
2818 3207 3027 3260 diversa
3062 3207 3111 3258 in
3148 3206 3221 3259 rei
3245 3206 3468 3273 publica:
3493 3205 3969 3264 administratione

2400 3294 2572 3346 studia
2622 3296 2989 3348 succensebat.
3040 3294 3363 3347 Accersebat
3414 3312 3538 3363 ergo
3600 3314 3693 3364 per
3750 3296 3969 3351 litteras

2398 3386 2701 3454 episcOpos,
2746 3394 2803 3437 ut
2847 3385 3130 3439 Eusebium
3164 3389 3498 3447 accusare‘nt,
3543 3390 3737 3443 additis
3795 3394 3967 3445 etiam

2399 3478 2559 3532 minis
2591 3488 2839 3545 tanquam
2870 3476 3019 3541 jussu
3062 3478 3417 3544 imperatoris.
3464 3476 3557 3530 llic
3590 3494 3801 3548 quoque
3844 3486 3971 3537 eni-

2397 3570 2493 3623 luit
2546 3569 2779 3639 episcopi
2833 3568 3151 3621 Nazianzeni
3214 3584 3419 3621 summa
3464 3570 3624 3621 animi
3680 3571 3967 3628 l'ortitu'lo.

2399 3659 2490 3712 Sic
2516 3663 2655 3713 enim
2697 3662 2968 3729 respondit
3022 3661 3230 3729 praesidi
3283 3660 3348 3730 (Γ)
3396 3678 3407 3713 :
3454 3659 3587 3722 Nos,
3622 3661 3813 3729 inquit,
3845 3666 3971 3729 (po-

2398 3752 2680 3803 tentissime
2729 3754 2935 3821 presses)
2977 3771 3147 3805 rerum
3214 3755 3474 3817 omnium,
3531 3772 3644 3824 quw
3684 3768 3967 3825 geruntur,

2395 3858 2656 3895 censorem
2694 3859 2851 3894 unum
2894 3860 2953 3895 ac
3010 3861 3176 3909 regem
3228 3846 3507 3913 habemus,
3564 3849 3649 3915 qui
3692 3865 3827 3901 nunc
3869 3866 3971 3916 op-

2392 3946 2672 4007 pugnatur.
2704 3935 2761 3989 Is
2788 3950 2832 3989 et
2855 3946 3155 4003 prwsentem
3182 3933 3475 3987 electionem
3498 3942 3764 4003 expendet,
3801 3957 3966 4008 quant

2394 4048 2486 4083 nos
2509 4031 2601 4083 rite
2622 4046 2681 4083 ac
2711 4029 3136 4096 legitime,atque,
3154 4034 3209 4078 ttt
3231 4028 3327 4092 ipsi
3350 4039 3552 4094 gratum
3575 4039 3645 4079 est
3674 4070 3687 4092 ,
3715 4030 3964 4095 fecintua.

2401 4121 2501 4175 Vos
2524 4134 2697 4176 autem
2718 4123 2823 4174 alia
2847 4123 3052 4191 quidem
3086 4120 3260 4189 aliqua
3295 4123 3347 4170 in
3381 4135 3431 4171 re
3470 4120 3645 4183 nobis,
3673 4123 3717 4174 si
3750 4125 3963 4178 animus

2393 4214 2467 4265 ita
2492 4214 2686 4279 tulerit,
2726 4215 2824 4264 vim
2870 4214 3054 4279 a/ferre
3098 4210 3348 4278 perfacile
3396 4215 3629 4275 potestis,
3676 4214 3729 4264 id
3781 4228 3963 4268 autem

2392 4321 2537 4357 nemo
2574 4321 2801 4372 unquam
2824 4306 2965 4357 nobis
2996 4308 3218 4367 adimet,
3244 4307 3368 4372 quin
3383 4320 3442 4357 ea
3461 4347 3473 4369 ,
3503 4324 3617 4374 qua:
3640 4308 3780 4374 facta
3811 4322 3959 4373 sunt,

2392 4402 2445 4443 ut
2470 4403 2604 4443 recte
2648 4408 2709 4444 ac
2736 4394 2882 4459 juste
2918 4395 3057 4460 facta
3099 4393 3458 4457 defendamus.
3501 4395 3620 4447 Νἱδὶ
3665 4396 3800 4463 [orte
3820 4398 3961 4451 hanc

726 4491 965 4543 nonnulli
1008 4490 1295 4558 provincia:
1323 4490 1558 4559 episcopi
1591 4501 1645 4544 ut
1668 4506 2030 4545 successorem
2064 4492 2283 4544 ordina—
2315 4511 2358 4566 ι)
2387 4500 2587 4555 quoilue
2609 4483 2767 4552 legem
2805 4488 3067 4545 statuatis,
3100 4484 3281 4551 quibus
3332 4503 3393 4541 ne
3430 4490 3481 4541 in
3514 4500 3716 4541 nostras
3744 4491 3960 4556 quidem

728 4591 864 4647 rent,
901 4582 1051 4635 scissi
1109 4592 1233 4637 sunt
1262 4580 1617 4636 Caesarienses
1664 4582 1715 4634 in
1772 4582 2039 4635 contraria
2085 4584 2280 4645 studia,

725 4675 841 4728 aliis
856 4672 1015 4725 alium
1039 4674 1343 4743 episcopum
1369 4673 1707 4743 poscentibus
1728 4671 1817 4739 (e).
1837 4671 2134 4727 Vehemens
2166 4682 2284 4725 erat

724 4768 915 4820 seditio
948 4780 1047 4819 nec
1072 4763 1223 4817 facile
1255 4766 1429 4820 sedari
1454 4774 1681 4835 poterat.
1707 4763 1973 4830 Propensa
2002 4765 2144 4818 enim
2166 4774 2284 4818 erat

724 4856 915 4909 civitas
949 4857 1015 4909 ad
1038 4854 1347 4917 seditiones,
1381 4857 1431 4910 in
1474 4855 1823 4910 electiouibus
1868 4854 2183 4920 praesertim,
2216 4856 2283 4909 ob

728 4944 847 4999 ﬁdei
874 4945 1171 5000 fervorem:
1204 4960 1267 4999 ac
1290 4947 1592 5013 praecellens
1635 4947 1901 5002 cathedrae
1936 4948 2167 5015 dignitas
2197 4962 2285 5002 ca-

728 5036 891 5089 lorem
911 5037 1105 5091 animis
1134 5037 1381 5091 addebat.
1404 5034 1635 5092 Tandem
1660 5038 1890 5091 universi
1920 5050 2124 5091 summo
2155 5053 2281 5093 con-

725 5142 888 5182 sensu
946 5144 1105 5182 unum
1140 5143 1202 5183 ex
1242 5128 1660 5198 magistratibus,
1718 5129 2001 5183 Eusebium
2050 5132 2280 5195 nomine,

726 5219 898 5271 virum
931 5214 1031 5270 ﬁde
1066 5228 1118 5273 et
1146 5219 1379 5273 moribus
1406 5229 1765 5287 praestantem,
1804 5221 2026 5273 invitum
2065 5231 2119 5273 et
2146 5222 2283 5275 relu-

726 5319 959 5364 ctantcm
988 5310 1301 5379 corripiunt,
1333 5326 1392 5363 ac
1416 5325 1569 5379 opem
1622 5308 1917 5366 ferentibus
1959 5310 2280 5367 militaribus

724 5404 914 5470 copiis,
939 5416 1058 5473 quae
1101 5412 1224 5457 tunc
1256 5403 1307 5457 in
1336 5402 1466 5458 urbe
1494 5410 1666 5469 erant,
1697 5404 1746 5457 in
1786 5404 2080 5460 sacrarium
2111 5405 2275 5459 addu-

815 5633 870 5692 sl
908 5627 1002 5693 Ep.
1039 5628 1159 5691 HO,
1188 5646 1237 5682 :t.
1262 5629 1313 5684 2.

813 5698 863 5758 b)
898 5702 988 5751 υτ.
1024 5700 1105 5752 l9.

814 5771 864 5832 c)
899 5768 993 5837 Ep.
1028 5768 1151 5824 258.

2390 4594 2466 4629 res
2496 4576 2787 4643 prospicere
2807 4579 2889 4645 [as
2924 4586 3020 4630 est.
3054 4575 3340 4643 Epistulam
3372 4582 3665 4633 admiratus
3697 4591 3777 4633 est
3818 4599 3960 4652 pra--

2388 4685 2493 4731 ses,
2524 4669 2622 4722 etsi
2662 4672 2834 4738 primo
2872 4670 3095 4723 moleste
3142 4672 3260 4726 tulit
3306 4690 3319 4725 :
3354 4684 3511 4741 atque
3559 4674 3655 4726 hac
3706 4673 3981 4745 Gregorii"

2388 4762 2684 4814 constantia
2749 4762 2945 4817 Juliani
3014 4762 3243 4831 impetus
3316 4779 3695 4833 compressus,
3762 4770 3959 4825 civitas

2391 4862 2533 4904 metu
2563 4853 2805 4916 liberata,
2839 4854 3072 4922 episcopi
3103 4855 3363 4907 dedecore
3390 4866 3441 4907 et
3472 4858 3783 4923 ignominia.

2459 4944 2587 4998 Cum
2639 4947 2752 4999 haec
2799 4944 3064 4999 ordinatio
3095 4958 3311 5015 peracta
3358 4948 3428 5001 sit
3477 4949 3710 5005 instante
3754 4949 3956 5021 Juliani

2386 5036 2638 5102 adventu,
2665 5049 2721 5091 ut
2755 5046 2979 5091 testatur
3021 5038 3331 5107 Gregorius,
3364 5042 3571 5095 videtur
3604 5045 3668 5095 ad
3710 5060 3955 5103 mensem

2386 5126 2598 5181 Junium
2630 5140 2721 5182 aut
2746 5128 2940 5183 Iulium
2985 5132 3315 5188 collocanda.
3364 5133 3645 5189 Profectus
3678 5147 3763 5193 est
3806 5144 3953 5196 enim

2386 5218 2843 5290 Constantinopoli
2888 5220 3131 5277 Julianus
3184 5240 3366 5279 mense
3402 5226 3536 5278 Maio
3556 5242 3855 5296 ,exeunte,
3902 5245 3957 5287 ct

2386 5327 2507 5365 eum
2547 5314 2596 5365 in
2633 5314 2933 5383 regionibus
2964 5317 3259 5384 interjectis
3304 5320 3609 5387 aliquandiu
3644 5337 3952 5378 commora~

2388 5412 2471 5457 tus
2518 5403 2679 5458 fuerit
2735 5405 2952 5475 (ubique
3004 5408 3147 5464 enim
3200 5411 3489 5481 impietatis
3558 5430 3670 5470 suae
3721 5419 3953 5487 vestigia

2458 5630 2532 5697 (d)
2580 5631 2711 5683 "ist.
2748 5632 2927 5685 Arian.

2479 5703 2525 5767 e)
2569 5701 2695 5757 Νη.
2725 5718 2806 5759 or.
2843 5704 2927 5758 19.

2481 5771 2522 5841 ι’)
2556 5769 2685 5825 Ibid.
