4094 6308
1491 358 1652 418 Vl'l‘A
1693 361 1750 418 S.
1788 363 2028 422 BASILII

3232 392 3373 430 ιῐιν

164 483 425 553 reliquit),
460 479 549 532 vix
578 477 751 547 potuit
778 486 900 533 ante
917 477 1115 535 Julium
1145 481 1551 549 autAugustum
1599 486 1716 539 (ἐω-
1747 490 1793 545 Α
1820 487 1927 542 Sed
1974 484 2168 541 Juliani
2198 483 2394 541 dictum
2440 489 2592 545 deest
2642 487 2697 541 in
2753 490 3023 562 plerisque
3080 490 3377 561 codicibus,

165 591 366 630 saream
392 571 672 625 advenire.

234 664 291 716 γ.
337 661 474 714 Dum
526 671 702 717 autem
738 665 856 717 urbi
896 661 1233 733 propinquat,
1273 663 1317 718 si
1354 664 1492 722 illius
1525 671 1589 722 ad
1618 668 1718 722 Ba-

163 754 333 806 silium
381 752 622 821 epistolae
650 751 889 807 habenda
935 752 1095 819 fides,
1119 752 1361 824 praecipit
1394 754 1623 821 Basilio,
1661 766 1718 812 ut

163 844 255 898 sibi
295 844 599 900 staream
642 842 945 897 advenienti
994 852 1048 898 et
1098 846 1271 899 adhuc
1314 845 1580 915 publicum
1617 849 1718 902 iter

166 934 385 999 tenenti,
415 945 610 1005 pnesto
637 934 745 986 sint
776 932 919 986 mille
945 937 1058 989 auri
1103 937 1251 989 libra:
1291 951 1305 988 :
1347 951 1501 994 secus
1543 939 1715 993 mina-

167 1036 245 1078 tur
270 1042 329 1081 se
363 1027 663 1082 Caesaream
712 1039 1022 1079 eversurum
1055 1067 1069 1091 ,
1100 1042 1161 1080 ac
1201 1034 1403 1085 statuas
1440 1040 1494 1084 et
1524 1028 1717 1098 templa

162 1127 489 1171 erecturum.
515 1113 619 1167 Sed
648 1114 747 1168 hoc
783 1114 895 1183 ipso
918 1130 985 1169 ex
1016 1116 1134 1169 loco
1167 1118 1566 1187 spuriam'zesse
1607 1120 1717 1188 cpi.

164 1210 344 1263 stolam
394 1207 736 1277 perspicitur.
782 1206 896 1262 Non
938 1208 1081 1260 enim
1125 1216 1249 1264 tunc
1300 1212 1558 1267 Caesareae
1603 1222 1716 1267 erat

164 1302 409 1362 Basilius,
469 1300 565 1355 sed
630 1300 828 1356 latebat
878 1303 933 1354 in
974 1300 1127 1353 Ponti
1172 1304 1478 1367 solitudine,
1520 1304 1715 1373 vixque

162 1400 370 1461 peracta
401 1400 521 1446 erat
554 1393 720 1463 ipsius
754 1391 967 1445 Eusebii
994 1392 1294 1459 ordinatio,
1322 1409 1442 1449 cum
1475 1394 1717 1453 Julianus

161 1483 313 1535 venit.
344 1482 493 1538 Idem
527 1492 759 1537 erratum
801 1485 1143 1538 commissum
1179 1496 1259 1541 est
1303 1486 1365 1548 in:
1382 1483 1495 1539 Vita
1526 1485 1586 1541 S.
1610 1487 1715 1541 Ba.

158 1576 275 1638 silii,
314 1591 439 1645 quae
467 1574 737 1644 supposita
763 1582 843 1629 est
869 1575 1258 1644 Amphilochio.
1293 1575 1365 1630 lbi
1395 1578 1535 1631 euim
1563 1578 1712 1635 Basi-

159 1668 248 1722 lius
286 1668 509 1724 Juliano
539 1666 751 1720 obviam
780 1668 1108 1737 processisse
1137 1669 1350 1734 dicitur,
1378 1680 1430 1722 et
1459 1668 1713 1728 Libanius

156 1760 342 1814 Juliani
390 1767 629 1827 quzestor
668 1760 877 1829 genibus
931 1762 1214 1829 pontiﬁcis,
1270 1776 1459 1829 nempe
1508 1762 1708 1831 Basilii,

1820 580 2000 634 Basilii
2032 593 2159 635 vero
2204 577 2259 632 in
2306 580 2553 638 omnibus
2603 588 2798 653 praeter
2836 584 3197 641 llarlreauum.
3230 584 3381 641 Prae-

1820 681 1964 725 terea
1994 687 2113 727 cum
2147 678 2257 725 tota
2296 670 2517 738 epistola
2562 676 2673 730 haec
2711 682 2818 729 tam
2859 690 3048 741 parum
3085 677 3376 744 cohaerent,

1820 775 1877 817 ur
1917 773 2095 816 assuta
2118 778 2237 818 esse
2272 762 2463 816 merito
2490 768 2795 831 pronuntiet
2820 764 3077 835 Dupinus.

1888 844 1976 899 VI.
2021 846 2119 901 Vix
2169 849 2330 903 ullam
2386 848 2654 901 civitatem
2706 854 2857 923 pejus
2907 853 3095 905 oderat
3135 853 3378 909 Julianus

1818 950 1975 1004 quam
2018 936 2349 1003 Caesaream,
2392 952 2458 995 eo
2492 942 2633 1008 quod
2669 946 2857 1000 studiis
2904 945 3224 1002 Christiana:
3253 949 3379 1003 relic

1816 1025 1988 1096 gionis
2033 1025 2278 1093 ferveret,
2327 1046 2390 1084 ac
2438 1031 2791 1097 paucissimos
2831 1036 3055 1092 haberet
3106 1038 3373 1092 ethnicos.

1817 1120 2081 1173 Praeterea
2125 1133 2190 1173 ex
2237 1121 2404 1176 tribus
2441 1122 2687 1191 templis,
2724 1139 2843 1193 quae
2875 1125 2923 1180 in
2956 1130 3070 1184 hac-
3092 1130 3225 1183 urbe
3263 1128 3379 1185 fue-

1815 1210 1954 1267 rant,
1981 1202 2089 1269 jam
2130 1204 2234 1256 duo
2266 1212 2417 1257 antea
2468 1222 2495 1260 a
2543 1207 2865 1261 Christianis
2908 1224 3089 1268 eversa
3139 1212 3373 1279 fuerant,

1812 1307 2003 1361 nempe
2046 1291 2193 1348 Jovis
2241 1303 2293 1348 et
2330 1296 2606 1363 Apollinis.
2652 1297 2924 1366 Tertium,
2962 1306 3100 1370 quod
3129 1306 3378 1361 Fortuna:

1814 1385 2091 1441 dicebatur
2112 1426 2127 1450 ,
2157 1388 2253 1440 sub
2283 1388 2394 1457 ipso
2414 1386 2620 1445 Juliano
2651 1407 2895 1449 eversum
2916 1434 2930 1457 ,
2961 1393 3115 1451 furiis
3143 1415 3263 1455 eum
3291 1399 3375 1454 ἰη-

1827 1477 2023 1533 cendit.
2058 1478 2335 1543 Quomodo
2366 1494 2553 1548 pinnas
2581 1496 2607 1533 a
2636 1482 3058 1540 Caesariensibus
3087 1493 3375 1558 repetierit,

1814 1567 1913 1637 legi
1958 1576 2134 1637 potest
2180 1572 2317 1637 apud
2370 1570 2646 1626 Socratem
2689 1575 2777 1630 lib.
2817 1593 2869 1642 v,
2916 1592 2968 1632 c.
3013 1577 3375 1638 4.1racundia

1813 1663 2074 1731 praecipue
2104 1666 2300 1717 exarsit
2333 1664 2382 1717 in
2413 1664 2468 1719 S.
2512 1666 2867 1736 Eupsychium
2893 1711 2907 1735 ,
2937 1670 3028 1740 qui
3062 1672 3218 1739 hujus
3249 1674 3375 1732 facti

1813 1754 1915 1807 dux
1944 1762 1998 1807 et
2029 1763 2216 1808 auctor
2253 1754 2422 1811 fuisse
2455 1756 2668 1813 dicitur.
2710 1758 2842 1812 lluic
2866 1762 3177 1830 adiungitur
3214 1778 3243 1818 a
3269 1763 3376 1818 Ba-

158 1854 447 1903 adrolutus.
478 1846 589 1903 Nec
610 1851 912 1905 accuratior
932 1849 1286 1919 Nicephorus,
1314 1852 1403 1919 qui
1429 1851 1706 1918 Basilium,
1740 1842 1781 1897 Β
1811 1844 1928 1898 δίιίο
1953 1847 2026 1916 (ὁ)
2057 1857 2274 1903 sanctus
2315 1849 2506 1904 Damas
2532 1860 2587 1903 et
2614 1850 2737 1915 alii,
2761 1849 2851 1920 qui
2881 1854 3079 1922 egregii
3115 1855 3374 1911 facinoris

155 1943 355 1995 Juliano
388 1957 489 2010 per
512 1940 898 2010 Cappadociam
934 1950 1261 2007 transeunte,
1290 1943 1549 1999 Ecclesias
1576 1945 1713 2014 Cap-

158 2033 386 2103 padocia:
426 2033 631 2086 rexisse
674 2032 831 2092 dicit,
869 2030 972 2085 τῶν
1015 2034 1071 2086 ὲν
1116 2035 1476 2106 Καππαδοκίᾳ
1516 2036 1713 2107 ἐκκλη-

156 2125 272 2177 σιῶν
303 2125 560 2193 τηνικάδε
605 2121 699 2192 τὴν
746 2123 1040 2198 ἐπιτροπὴν
1069 2127 1300 2196 ἔχοντος.
1343 2127 1563 2182 Frustra
1611 2127 1712 2182 Pa-

154 2219 259 2284 gius
288 2217 407 2270 haec
448 2225 665 2271 revocat
702 2217 763 2269 ad
811 2219 1181 2272 auctoritatem
1206 2257 1221 2282 ,
1259 2232 1421 2287 quam
1469 2220 1567 2274 sub
1606 2218 1713 2274 Eu-

153 2310 292 2363 sebio
320 2309 605 2381 presbyter
629 2310 855 2363 Basilius
886 2309 1115 2362 habebat
1136 2348 1151 2372 ,
1183 2324 1305 2362 nam
1336 2325 1403 2365 ne
1435 2314 1713 2382 presbyter

155 2405 360 2473 quidem
409 2415 540 2458 tunc
571 2413 705 2457 erat.
743 2402 799 2454 ln
850 2399 1103 2453 Chronico
1146 2400 1303 2455 etiam
1356 2404 1710 2457 Alexandrino

159 2498 377 2551 Basilius
426 2497 686 2548 Caesarea:
725 2493 824 2547 sub
870 2491 1080 2547 Juliano
1111 2493 1397 2563 episcopus
1440 2493 1708 2548 statuitur.

156 2587 346 2639 l-‘ucum
372 2602 506 2655 ergo
548 2585 675 2639 fecit
703 2585 937 2655 epistola:
970 2585 1282 2641 fabricatori
1320 2586 1433 2639 haec
1467 2584 1531 2641 de
1557 2583 1710 2639 Basi-

152 2678 200 2729 lii
231 2678 541 2745 episcOpatu
568 2677 769 2746 opinio.

217 2770 270 2821 lu
305 2770 539 2837 quodam
575 2770 775 2825 scholio
822 2767 1169 2825 vetustissimi
1214 2766 1413 2823 codicis
1449 2768 1706 2837 Mediczei,

150 2869 373 2926 utraque
425 2860 651 2928 epistola
680 2902 693 2923 ,
729 2859 927 2913 Juliaui
974 2869 1027 2912 et
1056 2858 1273 2925 Basilii,
1305 2860 1436 2913 nihil
1484 2875 1709 2928 prorsus

151 2950 340 3003 habere
362 2950 584 3013 dicitur,
609 2952 750 3018 quod
766 2949 1033 3003 lulianum
1061 2953 1420 3007 autBasilium
1447 2953 1705 3010 redoleat.

149 3040 249 3093 Eas
274 3052 455 3094 tamen
486 3057 588 3095 non
614 3043 834 3095 omnino
861 3042 1032 3107 rejicit
1066 3042 1461 3111 Tillemontius,
1495 3055 1549 3101 et
1575 3062 1706 3116 quo-

149 3135 319 3187 minus
356 3134 583 3188 omnino
615 3134 839 3201 rejiciat,
869 3134 1139 3190 detinetur
1177 3137 1513 3205 potissimum
1548 3141 1701 3194 testi-

150 3224 324 3278 monio
369 3225 681 3288 Sozomeni,
712 3226 795 3279 cui
851 3236 1005 3281 notas
1049 3226 1167 3282 illas
1212 3228 1376 3284 fuisse
1419 3240 1585 3298 putat.
1635 3233 1705 3285 At

148 3319 384 3383 profecto
443 3318 682 3386 epistola:
724 3319 825 3371 illze
872 3335 975 3372 non
1014 3322 1297 3375 exstabant
1342 3331 1576 3389 tempore
1603 3320 1704 3376 So-

148 3411 367 3463 zomeni.
410 3408 462 3462 Is
497 3411 640 3463 enim
674 3406 866 3461 Juliani
901 3410 1181 3477 epistolam
1219 3423 1603 3466 commemorat
1630 3414 1704 3483 (α)

148 3502 208 3551 ad
234 3502 519 3566 episcOpos
556 3498 645 3566 qui
680 3508 803 3552 tunc
840 3501 1071 3554 maxime
1110 3501 1345 3570 insignes
1377 3512 1529 3556 erant
1553 3543 1567 3566 ,
1593 3505 1703 3567 τοῖς

145 3592 255 3641 τότε
272 3590 666 3660 διαπρέπουσιν
688 3591 1003 3654 ἐπισκόποις
1023 3593 1351 3647 ἐπέστειλεν.
1375 3592 1503 3660 Quae
1526 3605 1700 3649 autem

149 3681 297 3734 hodie
323 3691 525 3745 exstat,
557 3682 655 3735 soli
684 3682 938 3749 inscripta
975 3682 1189 3746 Basilio,
1223 3700 1321 3739 nec
1350 3685 1511 3739 alium
1543 3700 1700 3753 quam

149 3773 395 3828 Basilium
432 3774 737 3841 compellat.
765 3774 963 3829 Deinde
989 3792 1115 3830 vero
1153 3776 1393 3829 Julianus
1426 3792 1510 3831 res
1547 3777 1702 3832 Chri-

148 3866 434 3918 stianorum
470 3864 521 3919 in
559 3863 809 3934 epistola,
851 3878 1007 3930 quam
1048 3874 1306 3920 memorat
1350 3863 1698 3935 Sozomenus,

147 3955 435 4019 irridebat,
483 3964 538 4007 et
583 3954 896 4022 Apollinarii
937 3956 1189 4011 adversus
1228 3958 1469 4015 ethnicos
1508 3958 1700 4013 librum

145 4046 467 4116 exagitabat.
501 4044 713 4100 Nullum
756 4045 913 4115 hujus
949 4048 1023 4102 rei
1064 4049 1342 4119 vestigium
1380 4050 1433 4103 in
1475 4050 1702 4118 epistola

145 4152 295 4205 quam
342 4153 491 4193 nunc
534 4140 814 4194 habemus.
854 4139 972 4207 Ipsa
1009 4139 1171 4194 etiam
1215 4142 1585 4208 episcoporum
1617 4156 1702 4195 re-

144 4232 373 4300 sponsio,
406 4246 569 4299 quam
604 4230 797 4284 Basilio
822 4230 1153 4285 Sozomenus
1177 4247 1205 4284 a
1239 4233 1507 4286 nonnullis
1541 4234 1698 4288 tribui

148 4334 378 4388 testatur,
418 4322 633 4376 videtur
664 4337 797 4392 opus
836 4322 1050 4391 aliquod
1090 4323 1297 4393 insigne
1336 4324 1401 4379 ad
1449 4324 1701 4379 eruditio-

144 4429 254 4467 nem
303 4413 495 4468 fuisse.
544 4412 635 4466 Ait
687 4413 829 4467 enim
884 4414 1021 4468 idem
1070 4413 1335 4483 scriptor,
1396 4416 1699 4485 quicunque

1820 1936 2061 1992 videntur
2082 1941 2282 1995 conscii
2318 1940 2505 1998 fuisse.
2559 1940 2758 1996 llorum
2796 1944 2909 1998 dies
2945 1942 3111 1999 festus
3148 1960 3375 2015 quotam

1816 2028 1898 2082 nis
1915 2026 2171 2083 Caesarea:
2197 2033 2282 2086 die
2311 2033 2533 2101 septima
2561 2032 2891 2101 Septembris
2912 2050 3117 2089 summa
3149 2037 3375 2092 celebri-

1815 2127 1925 2174 tate
1953 2119 2305 2187 recolebatur,
2341 2134 2398 2178 ut
2430 2124 2660 2195 perspici
2696 2134 2869 2195 potest
2899 2140 2964 2179 ex
2994 2128 3228 2194 pluribus
3268 2128 3373 2184 Ba-

1813 2215 1919 2270 silii
1955 2215 2195 2285 epistolis
2237 2218 2306 2287 (ε)
2332 2260 2344 2283 ,
2369 2221 2419 2274 in
2457 2223 2648 2287 quibus
2682 2223 2960 2293 episcopos
2988 2222 3179 2288 Ponti,
3206 2226 3373 2281 Euse-

1811 2310 1954 2363 bium
1987 2311 2437 2376 Samosatensem,
2463 2314 2886 2382 Amphilochium
2907 2356 2921 2380 ,
2955 2317 3019 2371 ad
3042 2317 3185 2373 hunc
3210 2319 3372 2383 diem,

1812 2411 1868 2455 ut
1901 2403 2055 2474 longe
2095 2402 2504 2458 celeberrimum
2528 2443 2543 2468 ,
2576 2405 2784 2458 invitat.
2827 2405 2931 2460 Sed
2969 2409 3014 2461 si
3063 2423 3253 2477 passus
3290 2418 3377 2465 est

1812 2490 1869 2544 S.
1949 2493 2280 2563 Eupsycbius
2347 2510 2532 2549 mense
2609 2493 2942 2562 Septembri,
3020 2511 3082 2551 ac
3150 2500 3371 2566 proinde

1810 2600 1951 2639 anno
1983 2585 2085 2639 562
2112 2588 2243 2656 (non
2278 2590 2418 2643 enim
2456 2589 2592 2644 alius
2633 2604 2804 2645 annus
2840 2599 3148 2661 regnantem
3190 2591 3371 2647 habui:

1806 2674 2075 2731 Julianum
2108 2692 2289 2732 mense
2320 2677 2668 2749 Septembri),
2705 2682 2788 2735 vel
2823 2681 2897 2752 (ά)
2930 2681 3029 2734 alia
3062 2683 3204 2738 illius
3229 2698 3372 2737 mar-

1811 2770 1932 2839 tyrii
1950 2770 2269 2839 assignanda
2294 2786 2476 2835 causa,
2495 2772 2759 2840 siquidem
2778 2772 2886 2841 jam
2905 2787 3149 2827 eversum
3169 2783 3284 2828 erat
3301 2775 3369 2844 (e)

1811 2861 2094 2930 templum,
2123 2876 2244 2915 cum
2287 2858 2531 2917 Julianus
2568 2862 2861 2918 Caesaream
2907 2864 3085 2931 venit;
3122 2865 3205 2919 vel
3246 2879 3369 2920 eum

1806 2949 2047 3006 Julianus
2080 2952 2132 3006 in
2169 2967 2383 3006 carcere
2412 2968 2582 3021 usque
2619 2953 2685 3007 ad
2713 2966 2950 3009 mensem
2994 2952 3369 3023 Septembrem

1806 3044 2030 3098 detineri
2068 3043 2268 3106 voluit,
2301 3054 2357 3096 ut
2390 3060 2577 3112 poenas
2611 3046 2723 3115 ejus
2771 3045 2980 3113 longius
3025 3049 3361 3114 produceret.

1806 3132 1969 3185 Error
1999 3140 2079 3185 est
2113 3133 2164 3185 in
2204 3131 2419 3187 Menaeis
2444 3133 2774 3188 Grmcorum.
2808 3133 2938 3187 Nam
2984 3134 3068 3188 die
3108 3136 3139 3190 9
3166 3135 3366 3205 Aprilis

1730 3189 1772 3244 (λ
1807 3222 2063 3276 habemus
2105 3222 2294 3276 festum
2341 3225 2395 3277 S.
2450 3224 2735 3293 Eupsychii
2774 3226 2870 3279 sub
2907 3189 3124 3280 Juliano
3172 3189 3315 3297 passi

1807 3313 1891 3366 die
1915 3323 2090 3366 autem
2136 3312 2166 3364 7
2214 3312 2541 3381 Septembris
2581 3314 2639 3369 S.
2680 3314 2964 3385 Eupsychii
3012 3316 3272 3371 Cmsareze
3310 3317 3363 3369 in

1804 3404 2132 3473 Cappadocia
2168 3406 2436 3476 ruart'yris,
2479 3420 2635 3473 quem
2674 3409 2771 3459 sub
2804 3407 3041 3460 Adriano
3078 3406 3364 3461 collocant.

1802 3496 1984 3551 Fidem
2012 3498 2171 3551 etiam
2199 3513 2378 3551 Curam
2422 3496 2633 3549 Juliauo
2667 3496 2932 3553 liberrime
2975 3499 3255 3555 canfessus
3285 3510 3368 3554 est

1804 3603 1867 3642 ac
1894 3590 2037 3640 varia
2066 3587 2576 3657 pertulitsupplicia,
2604 3598 2734 3643 teste
2754 3589 2988 3645 Palladio
3033 3591 3121 3659 (f),
3152 3591 3367 3663 presby-

1807 3691 1888 3733 ter
1908 3678 2262 3747 Philoromus,
2280 3680 2473 3734 Basilio
2492 3681 2865 3744 charissimus,
2887 3683 2974 3751 qui
2996 3684 3364 3739 describendis

1804 3769 1955 3825 libris
1984 3781 2037 3825 et
2061 3772 2255 3827 victum
2293 3772 2391 3827 sibi
2420 3784 2473 3827 et
2502 3774 2821 3841 pauperibus
2848 3774 3085 3831 subsidia
3112 3775 3357 3843 parabat,

1802 3877 1901 3919 nec
1928 3878 2249 3935 quemquam
2288 3866 2387 3922 sibi
2437 3868 2705 3921 munerari
2749 3868 3073 3936 patiebatur.
3110 3866 3165 3921 Si
3206 3866 3363 3920 nulla:

1800 3968 2010 4013 exstant
2060 3958 2258 4013 Juliani
2306 3962 2371 4014 ad
2410 3960 2665 4014 Basilium
2721 3960 2945 4026 litterae;
2993 3959 3118 4014 illud
3168 3960 3360 4014 saltem

1800 4059 2029 4114 constat,
2063 4050 2332 4104 infensum
2363 4053 2411 4105 ei
2441 4050 2605 4105 fuisse
2628 4050 2892 4106 lulianum
2922 4052 3015 4123 (g).
3050 4052 3180 4106 Nam
3209 4052 3361 4106 Basi-

1799 4141 1927 4193 lium
1954 4150 2007 4194 et
2039 4138 2355 4210 Gregorium
2398 4141 2604 4195 consilii
2642 4152 2695 4197 et
2728 4143 2941 4211 incmpti
2988 4142 3071 4195 sui
3104 4142 3360 4195 adversa-

1800 4233 1909 4287 rios
1944 4241 1997 4287 et
2025 4233 2206 4287 hostes
2238 4233 2416 4289 dicere
2436 4232 2661 4300 solebat,
2686 4249 2785 4289 nec
2805 4234 2993 4288 leviter
3013 4233 3090 4288 eis
3114 4233 3358 4287 minaba-

1800 4331 1887 4377 tur
1917 4340 1930 4376 :
1960 4323 2052 4377 sed
2078 4322 2234 4377 minae
2263 4323 2423 4379 decus
2453 4323 2719 4377 addebant
2752 4330 2806 4375 et
2831 4322 2895 4376 ad
2924 4322 3174 4391 pietatem
3201 4336 3363 4375 acue-

1797 4416 1947 4468 bant.
1989 4412 2121 4468 Cum
2160 4424 2335 4468 autem
2380 4429 2473 4468 eos
2501 4422 2556 4467 et
2594 4412 2831 4467 moribus
2869 4421 2921 4467 et
2957 4412 3261 4481 eloquentia
3304 4420 3359 4465 et

143 4506 313 4573 operis
359 4516 553 4560 auctor
590 4505 689 4571 sit,
721 4519 843 4559 eum
877 4506 943 4560 ob
972 4505 1136 4560 animi
1176 4507 1599 4577 magnitudinem
1642 4516 1695 4562 et
1721 4525 1771 4585 ι)
1798 4514 1978 4559 mutua
2001 4506 2139 4560 inter
2178 4518 2236 4560 se
2262 4504 2548 4560 concordia
2577 4503 2746 4559 claros
2780 4501 2891 4571 jam
2939 4502 3061 4555 inde
3087 4516 3118 4556 ι
3149 4500 3355 4556 Graecia

142 4597 490 4652 eruditionem
523 4597 874 4652 admiratione
915 4598 1131 4667 dignum
1160 4613 1299 4654 esse.
1327 4600 1397 4653 At
1427 4600 1693 4654 neminem

141 4699 259 4753 puto
288 4689 345 4742 in
386 4687 613 4756 epistola
636 4727 651 4752 ,
681 4702 799 4758 quae
832 4689 930 4743 sub
968 4688 1147 4743 Basilii
1177 4689 1391 4745 nomine
1435 4691 1501 4745 ad
1526 4688 1695 4744 Julia-

144 4795 259 4831 num
283 4779 487 4847 scripta
522 4790 786 4845 servatur,
813 4779 1169 4834 eruditionem
1212 4782 1549 4835 miraturum.
1589 4780 1693 4836 Le—

142 4876 333 4933 gunlur
358 4868 573 4937 quidem
610 4871 663 4922 In
698 4870 897 4924 nostris
936 4869 1179 4940 epistolis
1213 4885 1330 4939 quae
1360 4870 1695 4928 Sozomenus

141 4974 200 5010 ex
237 4955 433 5013 Iuliani
476 4968 530 5015 et
566 4959 938 5029 episcoporum
968 4960 1157 5016 litteris
1184 4963 1462 5031 excerpit:
1502 4978 1691 5031 nempe

142 5048 260 5101 illud
288 5046 484 5103 Juliani
524 5068 537 5103 :
572 5050 638 5102 'A
673 5048 730 5102 δὲ
757 5050 1024 5117 ἀνέγνων,
1059 5050 1229 5119 ἔγνων
1267 5052 1361 5105 καὶ
1391 5052 1685 5119 κατέγνων.

143 5144 267 5204 Qua
315 5150 486 5194 autem
524 5141 643 5210 legi,
688 5141 918 5195 intellexi
950 5153 995 5198 et
1037 5144 1374 5198 condemnavi
1401 5160 1419 5199 :
1450 5153 1560 5197 tum
1590 5143 1694 5197 Ba-

142 5232 236 5286 silii
272 5233 550 5301 responsio
575 5252 588 5288 :
622 5235 657 5288 ἃ
700 5235 880 5305 μέντοι
901 5235 1137 5305 ἀνέγνως
1165 5237 1263 5289 οὐκ
1290 5236 1457 5305 ἔγνως
1474 5252 1487 5265 °
1513 5237 1561 5289 el
1584 5235 1696 5307 γὰρ

142 5328 325 5392 ἔγνως,
353 5328 451 5381 οὐκ
471 5327 537 5382 ἂν
566 5329 857 5397 κατέγνως.
888 5328 1015 5395 Qua:
1045 5340 1217 5385 autem
1243 5330 1435 5400 legisti,
1475 5346 1575 5383 non
1613 5331 1694 5382 in-

139 5419 410 5481 tellexisti;
434 5436 557 5473 nam
573 5421 619 5473 si
640 5420 998 5487 intellexisses,
1026 5439 1125 5475 non
1139 5438 1262 5476 sane
1279 5423 1691 5476 condemnasses.

204 5576 279 5645 (α)
316 5573 431 5629 Lib.
458 5592 508 5637 v,
538 5592 587 5631 c.
624 5575 711 5631 18.

199 5652 276 5733 (Ϋῖ
314 5647 408 5733 Ep:
442 5648 615 5733 ἓδῗῖη.
671 5717 766 5733 ..η
816 5717 881 5733 ην

205 5722 276 5781 ιὶο)
318 5716 482 5782 Epist.
518 5718 638 5779 100,
666 5717 788 5780 176,
816 5716 938 5770 232.

194 5789 276 5853 (di
317 5786 641 5851 Tillemont.,
671 5799 780 5843 not.
826 5789 884 5841 l9
906 5789 955 5841 in
986 5785 1147 5843 Basil.

1794 4610 1913 4650 esse
1936 4596 2129 4659 sciret,
2178 4595 2427 4664 Cyclopis
2465 4595 2723 4651 honorem
2764 4593 2868 4648 illis
2909 4592 3215 4659 deferebat,
3257 4607 3354 4663 po-

1790 4699 2125 4756 stremosque
2174 4686 2486 4742 reservabat
2544 4707 2559 4743 :
2620 4686 2705 4741 vel
2754 4685 3085 4741 daemonibus
3146 4698 3239 4741 eos
3296 4696 3356 4739 ut

1793 4792 2039 4848 maguum
2068 4778 2321 4847 quiddam
2351 4793 2541 4835 munus
2588 4777 2865 4832 immolare
2910 4775 3127 4842 volens,
3170 4775 3257 4833 vel
3295 4792 3356 4833 se

1792 4869 2141 4938 abrepturum
2167 4869 2219 4923 in
2250 4869 2561 4924 barathrum
2588 4884 2744 4925 suum
2770 4866 3193 4937 stultesperans.

1864 4959 1971 5013 νη.
1998 4959 2195 5030 Scripti
2240 4960 2487 5016 videntur
2523 4961 2623 5015 sub
2671 4957 2882 5013 Juliano
2926 4958 3047 5013 libri
3097 4959 3353 5013 adversus

1794 5052 2149 5119 Eunomium,
2192 5068 2256 5107 ac
2295 5068 2401 5108 non
2431 5054 2600 5107 multo
2640 5060 2760 5121 post
2794 5050 2986 5106 Juliani
3026 5058 3253 5105 mortem
3296 5051 3348 5103 in

1792 5143 1962 5198 lucem
1984 5143 2131 5199 editi.
2162 5143 2275 5198 Non
2306 5145 2447 5198 enim
2475 5143 2633 5198 citius
2661 5143 2757 5197 hoc
2777 5157 2910 5211 opus
2934 5139 3153 5211 aggredi
3178 5142 3349 5208 potuit

1791 5235 2034 5291 Basilius.
2061 5235 2347 5305 Depositus
2375 5243 2456 5289 est
2480 5234 2768 5289 Eunomius
2808 5247 2948 5287 anno
2979 5231 3192 5287 circiter
3222 5231 3343 5285 56!.

1790 5328 1981 5388 Coram
2015 5327 2319 5395 iudicibus,
2356 5328 2445 5396 qui
2478 5342 2598 5381 eum
2640 5327 2995 5391 damnavere,
3028 5339 3095 5378 ne
3128 5324 3345 5378 verbum

1791 5419 2003 5489 quidem
2034 5418 2281 5488 proloqui
2315 5418 2512 5483 voluit,
2541 5432 2604 5473 eo
2630 5416 2772 5486 quod
2798 5414 2993 5473 nefarii
3023 5415 3262 5473 homines
3293 5423 3344 5469 et

1858 5574 1925 5645 (e)
1966 5574 2095 5627 Naz.
2124 5590 2206 5645 or.
2242 5575 2323 5628 19.

1858 5643 1925 5715 (Ῑ)
1968 5646 2106 5698 Hist.
2142 5643 2299 5697 Laus.
2333 5662 2378 5698 ο.
2411 5644 2527 5699 113.

1858 5717 1934 5786 (g)
1975 5716 2101 5769 Naz.
2142 5730 2223 5768 or.
2256 5715 2310 5767 4.
