4094 6308
754 345 913 397 ιΣΧῑΊ

2084 330 2615 385 PBOLEGOMl-LNA.

752 444 1011 513 improbi,
1036 452 1099 495 ut
1130 442 1242 512 ipse
1272 442 1446 497 aiebat
1475 442 1547 510 (τι)
1569 485 1583 507 ,
1619 444 1673 496 in
1701 441 1932 509 iudicum
1963 459 2155 499 munus
2193 460 2311 499 sese
2340 453 2385 505 Α
2415 460 2567 498 neam
2618 443 2824 499 dicendi
2868 444 2969 496 vim
3019 451 3384 511 accepturum.
3440 441 3546 499 Sed
3600 445 3787 499 nescio
3841 453 3988 505 unde

746 538 1122 591 obtrusissent.
1166 535 1267 589 Sed
1304 547 1488 604 postea
1528 535 1719 588 librum
1776 552 1927 591 suum
1985 536 2305 606 composuit,

745 648 905 698 quem
937 632 1208 699 inscripsit
1234 630 1562 699 Apologiam.
1596 630 1710 683 Non
1748 642 1921 684 tamen
1958 630 2094 686 hanc
2129 630 2311 685 clncu-

744 724 1046 780 brationem
1077 725 1257 776 statim
1296 722 1592 776 exsudavit.
1629 721 1760 775 Nam
1798 724 2129 791 perabsurde
2165 724 2313 777 illum

746 816 929 871 facere
968 818 1042 869 ait
1075 813 1349 885 Nysseuus
1386 816 1460 882 (ti)
1503 815 1641 883 quod
1671 817 1769 870 sibi
1822 813 2095 869 videretur
2126 816 2313 882 Apolo.

745 910 885 978 giam
933 910 981 959 in
1019 916 1258 973 tempore
1308 907 1607 960 instituisse
1632 948 1646 972 ,
1692 906 1939 977 quamvis
1974 908 2124 974 longe
2158 908 2315 959 alier-

749 1007 926 1053 rasset
970 1013 997 1049 a
1032 1008 1294 1063 tempore,
1324 998 1460 1064 quod
1510 1007 1637 1051 tunc
1678 997 1909 1051 maxime
1956 1006 2313 1066 Oppm'tunum

747 1092 872 1153 fuit,
902 1106 1020 1145 cum
1052 1088 1260 1155 judices
1290 1091 1560 1143 sederent.
1607 1089 1825 1141 Ἑαυτὸν
1874 1092 1971 1160 μὲν
2009 1087 2147 1142 κατὰ
2191 1107 2313 1142 και-

749 1185 841 1256 ρὸν
864 1183 1287 1253 ἀπολελογῆσθαι
1317 1183 1492 1250 λέγει,
1536 1182 1784 1237 τυσοῦτον
1813 1186 1905 1237 τοῦ
1944 1182 2129 1253 καιροῦ
2180 1200 2312 1235 κατ-

747 1279 869 1333 όπιν
902 1276 1211 1346 γενόμενον.
1242 1278 1315 1329 lix
1356 1278 1438 1328 his
1477 1284 1621 1342 patet
1657 1276 1856 1343 aliquid
1882 1276 2031 1340 spatii
2055 1276 2311 1340 judicium

750 1370 885 1424 inter
914 1376 967 1421 et
997 1367 1299 1435 Apologiam
1328 1366 1632 1428 ellluvisse;
1664 1383 1761 1422 nec
1793 1368 2011 1436 proinde
2046 1366 2307 1423 Basilium

748 1470 871 1515 ante
904 1475 1099 1513 annum
1141 1460 1247 1514 562
1274 1468 1363 1512 aut
1398 1458 1522 1522 365,
1572 1462 1769 1530 stylum
1808 1460 1872 1511 ad
1904 1473 2021 1512 eam
2066 1460 2313 1516 refellen-

748 1552 869 1607 dam
906 1551 1206 1607 execuisse.

818 1689 1003 1760 Neque
1038 1692 1196 1745 etiam
1239 1689 1416 1744 serius
1462 1690 1563 1744 hoc
1605 1705 1741 1758 opus
1797 1689 2055 1745 collocari
2108 1701 2305 1759 potest.

2418 536 2655 589 hauserit
2692 535 2910 590 Photius
2960 536 3095 590 hanc
3144 550 3355 602 unoque
3400 540 3626 604 primam
3666 539 3989 608 Apologiam

2417 630 2732 685 Eunomium
2788 630 2840 683 in
2874 630 3106 683 tenebris
3155 643 3351 682 arcano
3399 630 3619 693 fovisse.
3658 635 3730 687 ita
3764 642 3824 687 nt
3863 647 3989 685 eam

2415 724 2498 774 vix
2533 722 2768 775 nancisci
2800 722 3049 789 potuerit.
3078 720 3217 774 Nihil
3251 719 3508 787 ejusmodi
3542 728 3679 789 apud
3718 726 3983 779 Basilium

2417 815 2607 882 legitur
2648 827 2661 863 :
2699 812 2791 865 sed
2835 825 2958 865 suas
2993 812 3207 877 quidem
3250 811 3567 866 Eunomium
3614 814 3990 885 blasphemias

2414 908 2514 961 sub
2559 904 2804 974 specioso
2840 904 3106 973 Apologia:
3183 908 3397 959 nomine
3456 903 3755 961 occultasse
3812 910 3986 972 dicit;

2415 1000 2583 1067 ipsam
2610 1006 2786 1050 autem
2823 996 3129 1063 Apologiam
3153 997 3370 1051 minime
3393 999 3518 1053 dicit
3545 998 3871 1057 occultasse.

2486 1091 2693 1158 Scripta
2727 1100 2809 1143 est
2843 1092 3097 1144 adversus
3125 1087 3442 1143 Eunomiqu
3484 1093 3709 1161 epistola
3742 1092 3835 1155 l6,
3864 1112 3989 1161 qua:

2417 1193 2593 1237 tamen
2633 1183 2843 1237 videtur
2870 1184 3127 1253 longioris
3158 1181 3579 1241 elucubrationis
3608 1186 3986 1257 fragmentum

2413 1278 2590 1345 potius
2612 1292 2751 1339 eSse,
2780 1290 2938 1343 quam
2969 1274 3213 1345 epistola.

2485 1405 2695 1478 Scripta
2740 1408 2838 1463 sub
2882 1404 3096 1461 Juliano
3138 1408 3364 1478 epistola
3410 1422 3641 1477 sequens
3681 1412 3744 1464 ad
3788 1411 3987 1481 Orige-

2412 1512 2569 1560 nem,
2605 1499 2757 1567 cujus
2795 1498 2930 1550 tilios
2968 1497 3192 1551 Basilius
3230 1500 3457 1553 libenter
3484 1500 3534 1551 in
3559 1514 3656 1549 sua
3685 1501 3988 1555 solitudine

2412 1590 2640 1643 viderat.
2678 1592 2806 1645 Erat
2836 1590 3099 1658 Origenes
3144 1591 3231 1643 ille
3263 1591 3339 1642 vir
3368 1593 3630 1655 eruditus,
3669 1598 3722 1643 et
3758 1592 3986 1660 religio-

2413 1700 2532 1742 nem
2575 1686 2675 1739 sub
2708 1685 2869 1754 impio
2898 1685 3221 1747 imperatore
3264 1685 3478 1752 scriptis
3512 1686 3857 1748 defenderat,
3892 1696 3990 1739 aut

746 1784 836 1838 Ait
860 1786 999 1837 enim
1057 1780 1282 1836 Basilius
1332 1785 1401 1853 (c)
1448 1799 1505 1836 se
1554 1784 1602 1835 in
1650 1782 1751 1835 hoc
1795 1786 2063 1837 scribendi
2114 1801 2311 1854 genere
2344 1799 2384 1854 Β
2416 1775 2602 1829 saltem
2635 1777 2905 1831 liberrime
2936 1776 3211 1831 confessus
3238 1776 3429 1827 fuerat.
3462 1775 3567 1829 Deo
3598 1777 3739 1831 enim
3771 1778 3987 1847 gratias

745 1878 963 1929 omnino
995 1874 1404 1928 inexercitatum
1442 1886 1587 1935 esse,
1629 1888 1794 1943 seque
1830 1875 2125 1938 silentium,
2154 1880 2307 1946 cujus

746 1968 815 2023 ab
839 1965 989 2019 initio
1023 1964 1293 2019 studiosus
1323 1960 1459 2026 fuit,
1502 1976 1844 2018 servaturum
1876 1964 2076 2032 fuisse,
2104 1969 2146 2021 si
2182 1970 2309 2022 nihil

745 2069 933 2111 contra
969 2058 1246 2110 veritatem
1290 2055 1566 2124 Evangelii
1617 2066 1873 2109 tentatum
1910 2056 2121 2113 fuisset.
2164 2059 2309 2113 Prm—

746 2163 893 2208 terea
928 2156 1028 2207 hoc
1074 2167 1208 2221 Opus
1240 2152 1385 2204 misit
1426 2150 1653 2205 Leontio
1702 2152 1956 2219 sophista:
1989 2169 2131 2208 anno
2181 2154 2305 2219 564,

745 2255 803 2297 ιιι
847 2245 1028 2297 videre
1075 2253 1158 2297 est
1210 2244 1261 2296 in
1298 2242 1523 2311 epistola
1555 2241 1647 2295 ΞΟ.
1684 2240 1790 2297 Sed
1826 2245 2102 2299 dubitandi
2136 2246 2309 2299 locum

744 2349 849 2390 non
887 2334 1101 2403 reliquit
1140 2333 1438 2405 Nyssenus.
1477 2334 1524 2390 l8
1567 2337 1707 2391 enim
1746 2347 1973 2392 testatur
2015 2339 2091 2406 ((1)
2134 2338 2312 2391 Ειιιιο-

744 2430 911 2484 mium
954 2430 1008 2483 in
1033 2428 1355 2483 elaboranda
1388 2429 1644 2482 adversus
1676 2429 1931 2481 Basilium
1965 2430 2313 2498 responsione

746 2538 846 2574 non
866 2522 1135 2573 minimam
1154 2523 1270 2575 vita:
1304 2539 1413 2575 sua:
1446 2532 1643 2589 partem
1683 2520 2064 2589 insumpsisse;
2102 2536 2196 2575 nec
2217 2522 2315 2575 mi-

743 2626 861 2666 rum
880 2628 1017 2677 esse,
1038 2613 1081 2665 si
1103 2622 1300 2666 tantam
1318 2624 1617 2667 amatorum
1637 2628 1852 2667 suorum
1876 2616 2311 2684 approbationem

741 2707 1126 2770 commoverit;
1161 2723 1279 2761 cum
1310 2707 1408 2762 hoc
1444 2722 1578 2775 opus
1616 2724 1708 2776 per
1745 2718 1817 2761 tot
1852 2724 2108 2761 annorum
2146 2708 2312 2778 olym-

742 2798 921 2866 piadas
948 2798 1373 2852 concinnaverit.
1403 2798 1582 2865 Quare
1624 2815 1744 2852 cum
1791 2803 1902 2852 haec
1935 2801 2169 2854 secunda
2204 2800 2310 2853 Eu-

742 2889 908 2942 nomii
942 2887 1197 2957 Apologia
1222 2890 1397 2942 statim
1416 2899 1532 2958 post
1563 2898 1787 2941 mortem
1810 2888 1987 2941 Basilii
2020 2890 2302 2958 prodierit,

743 2980 837 3051 qui
906 2982 1076 3051 prima
1126 2982 1211 3036 die
1250 2980 1373 3034 anni
1419 2980 1521 3035 379
1574 2981 1745 3047 obiit;
1793 2980 1978 3034 saltem
2025 2980 2306 3033 duodecim

743 3087 1006 3127 annorum
1035 3073 1266 3142 spatium
1292 3072 1431 3126 inter
1453 3086 1586 3142 opus
1610 3071 1788 3126 Basilii
1822 3081 1875 3125 et
1903 3072 2308 3142 responsionem

745 3162 992 3215 Eunomii
1032 3163 1405 3226 statuendum,
1445 3179 1510 3217 ne
1544 3171 1623 3217 tot
1672 3163 2006 3232 olympiades
2030 3205 2043 3227 ,
2090 3179 2221 3231 quas
2254 3164 2307 3218 in
2335 3146 2378 3204 ο

745 3254 846 3309 hac
906 3253 1310 3307 elucubratione
1373 3254 1720 3321 insumpsisse
1764 3255 2055 3310 Eunomius
2093 3257 2308 3322 dicitur,

746 3345 1038 3401 absurdam
1077 3343 1545 3415 exaggerationem
1598 3345 1799 3399 habere
1849 3348 2152 3399 videantur.
2222 3349 2312 3401 Vi-

742 3439 943 3490 dentur
976 3451 1102 3505 ergo
1140 3435 1258 3489 libri
1289 3437 1339 3489 in
1377 3436 1696 3491 Eunomium
1729 3438 1990 3509 prodiisse
2014 3453 2153 3491 anno
2180 3438 2306 3502 565,

742 3536 837 3577 aut
864 3526 989 3579 564.

816 3661 1011 3714 Narrat
1044 3662 1267 3716 Photius
1301 3662 1389 3732 (ε)
1418 3663 1757 3727 Eunomium,
1791 3666 1889 3719 etsi
1922 3668 2112 3719 multas
2143 3666 2309 3739 olym-

744 3756 931 3825 piades
966 3755 1016 3808 in
1042 3754 1141 3808 hoc
1184 3769 1346 3822 Opere
1377 3757 1691 3823 insumpsit,
1726 3758 1851 3809 illud
1891 3767 2067 3814 tamen
2098 3760 2313 3814 vivente

746 3844 947 3899 Basilio
972 3844 1286 3909 absolvisse,
1333 3844 1425 3896 sed
1456 3842 1638 3896 sedulo
1685 3845 1897 3897 cavisse
1952 3860 2019 3897 ne
2062 3846 2114 3897 in
2166 3845 2310 3899 illius

747 3949 939 3988 manus
966 3936 1292 4001 perveniret,
1322 3949 1383 3989 ac
1411 3934 1527 3988 fidis
1552 3939 1755 3989 tantum
1786 3936 1973 3989 amicis
2022 3935 2309 4005 legendum

745 4025 1104 4080 commisisse.
1136 4026 1295 4078 Addit
1319 4026 1533 4079 easdem
1563 4027 1834 4081 cautiones
1865 4036 2073 4079 mortuo
2116 4025 2311 4079 Basilio

744 4118 1015 4173 adhibitas
1050 4116 1238 4179 fuisse,
1274 4119 1521 4186 quamvis
1556 4119 1685 4172 nihil
1713 4120 1820 4189 jam
1854 4119 2196 4173 metuendum
2226 4119 2309 4171 vi-

742 4210 996 4266 deretur:
1023 4211 1115 4264 sed
1141 4222 1313 4263 tamen
1333 4219 1678 4264 consecutum
1707 4228 1808 4265 non
1834 4226 1952 4265 esse
1971 4211 2311 4273 Eunominm,

748 4312 807 4356 ut
833 4318 967 4373 opus
990 4318 1096 4357 non
1124 4302 1384 4356 incideret
1411 4302 1463 4354 in
1498 4316 1685 4355 manus
1721 4301 2026 4364 Theodori.
2064 4303 2311 4371 Gregorii

746 4392 971 4464 Nysseui
1008 4404 1061 4446 et
1090 4394 1399 4461 Sophronii,
1423 4393 1511 4463 qui
1530 4392 1655 4445 illud
1694 4395 1908 4461 egregie
1936 4392 2309 4462 profligarunt.

752 4489 825 4541 Ex
858 4488 943 4541 his
972 4495 1115 4557 patet
1145 4500 1304 4553 quam
1347 4501 1449 4538 non
1501 4486 1759 4555 pudenter
1797 4484 2088 4536 mentiatur
2129 4483 2307 4534 l’hilo-
2341 4496 2385 4551 ι)

744 4580 1021 4647 storgius,
1048 4592 1165 4631 cum
1202 4576 1453 4629 Basilium
1501 4577 1575 4628 ait
1604 4575 1669 4645 (Ι)
1725 4574 1860 4629 lecto
1906 4573 2063 4641 hujus
2090 4588 2311 4640 respou-

746 4672 915 4725 sionis
937 4672 1111 4738 primo
1136 4669 1292 4733 libro,
1315 4668 1615 4737 perculsum
1641 4668 1826 4722 dolore
1844 4683 1873 4721 e
1897 4669 2001 4719 vita
2027 4668 2306 4735 migrasse.

749 4762 993 4814 Secunda
1022 4759 1110 4811 illa
1142 4758 1385 4811 Eunomii
1419 4758 1670 4825 Apologia
1708 4758 1758 4811 in
1795 4768 1901 4811 tres
1940 4758 2103 4811 libros
2138 4757 2314 4810 distri-

749 4852 875 4906 buta
912 4860 1060 4913 erat,
1098 4851 1141 4904 si
1186 4850 1377 4904 Photio
1421 4850 1707 4904 credimus.
1756 4850 2005 4918 Quinque
2066 4861 2313 4903 numerat

748 4941 1155 5010 Philostorgins.
1212 4940 1391 4993 Prima
1431 4956 1554 4995 vero
1594 4941 1754 4994 unico
1785 4941 1965 4993 libello
1993 4944 2311 4994 contineba-

748 5042 857 5086 tur.
895 5031 1116 5085 Videtur
1157 5030 1389 5086 Basilius
1434 5034 1533 5086 hoc
1574 5048 1707 5101 upus
1750 5032 2138 5085 monachorum
2189 5048 2313 5085 sun-

748 5140 869 5178 rum
942 5135 1130 5193 rogatu
1203 5123 1553 5177 refellemlmn
1620 5126 1936 5191 suscepisse.
2010 5126 2101 5177 Ait
2164 5126 2304 5177 enim

748 5216 824 5284 (p.
851 5213 975 5277 207,
1010 5215 1133 5286 208)
1166 5216 1250 5280 iis,
1287 5215 1479 5285 quibus
1506 5216 1957 5271 elucubrationem
1984 5232 2135 5271 suam
2177 5233 2308 5269 nun-

750 5319 927 5373 cupat,
957 5321 1015 5360 se
1043 5323 1226 5361 eorum
1252 5322 1433 5362 amore
1462 5308 1649 5363 adduci
1679 5351 1693 5375 ,
1720 5321 1777 5363 ut
1814 5310 2048 5378 ipsorum
2085 5312 2313 5363 manda-

745 5398 819 5450 tis
850 5412 1049 5449 morem
1075 5406 1253 5463 gerat;
1285 5413 1448 5467 seque
1478 5413 1662 5453 eorum
1708 5402 1953 5471 precibus
1984 5413 2166 5473 sperat
2192 5403 2304 5457 ido-

820 5672 894 5737 (α)
937 5668 1093 5739 Nyss.
1132 5688 1145 5725 t
1184 5670 1403 5727 Eunom.

816 5744 891 5811 (ο)
932 5741 1056 5811 tum.

815 5806 887 5881 (c)
929 5825 945 5863 ι
981 5806 1202 5865 Eunom.
1230 5830 1281 5868 tt.
1312 5813 1362 5869 ί.

2410 1871 2519 1940 agit
2557 1868 2806 1934 Basilius,
2858 1871 2999 1939 quod
3051 1870 3330 1923 veritatem
3372 1884 3437 1923 ex
3475 1885 3659 1924 eorum
3699 1873 3787 1941 qui
3834 1888 3987 1926 sum-

2412 1977 2550 2016 mam
2592 1970 2906 2031 potestatem
2945 1961 3142 2016 habent
3183 1964 3481 2030 proditione
3517 1962 3633 2016 keili
3682 1981 3785 2019 non
3833 1967 3983 2019 sive-

2411 2057 2511 2117 rit,
2540 2056 2628 2109 sed
2659 2069 2751 2124 per
2781 2052 3063 2122 Origenem
3111 2056 3477 2109 defensionem
3516 2059 3756 2111 veritatis
3798 2060 3986 2127 imple-

2410 2148 2568 2199 verit.
2602 2146 2715 2200 Non
2763 2149 2970 2203 dubitat
3006 2148 3131 2216 quin
3169 2147 3237 2200 illi
3277 2150 3383 2201 cito
3417 2164 3755 2216 exarescant,
3788 2153 3991 2221 Orige-

2410 2252 2506 2291 nes
2548 2252 2676 2290 vero
2721 2239 3138 2293 eﬂlorescentem
3176 2255 3239 2293 ac
3288 2254 3497 2308 semper
3543 2258 3733 2294 novam
3772 2260 3994 2297 merce-

2412 2327 2529 2381 dem
2584 2343 2612 2379 a
2646 2329 2868 2383 Domino
2899 2343 3257 2400 consequatur
3288 2334 3355 2385 ob
3396 2346 3456 2383 ea
3501 2346 3618 2399 qua:
3665 2348 3761 2399 pro
3815 2334 3995 2400 ipsius

2413 2421 2627 2474 nomine
2670 2420 2874 2473 loeutus
2920 2432 3022 2475 est.
3075 2422 3361 2476 Existimat
3399 2417 3775 2477 Tillemontius
3826 2425 3878 2477 id
3924 2426 3996 2479 do

2413 2511 2649 2566 Ecclesia
2682 2512 2927 2565 meritum
2982 2528 3097 2565 esse
3128 2512 3409 2580 Origeneut
3435 2558 3448 2580 ,
3481 2527 3537 2569 ut
3573 2532 3693 2570 cum
3733 2513 3995 2569 Julianus

2412 2603 2744 2659 Christianos
2787 2618 2817 2657 a
2862 2603 3169 2657 liberalibus
3216 2606 3516 2673 disciplinis
3570 2618 3815 2673 arceret,
3872 2610 3998 2676 ip~e

2413 2698 2664 2753 nonnulla
2722 2697 2777 2751 in
2810 2711 2993 2754 eorum
3032 2712 3222 2763 usum,
3262 2697 3443 2753 itidem
3488 2712 3546 2755 ut
3591 2703 3996 2770 Apollinarius,

2410 2788 2729 2845 elaboraret.

2480 2927 2706 2982 Bedolet
2743 2927 2878 2981 idem
2914 2937 3120 2998 tempus
3152 2928 3373 2999 epistola
3410 2929 3473 2984 l8
3507 2930 3573 2983 ad
3606 2929 3911 2987 Macarintn
3941 2944 3996 2988 et

2410 3018 2703 3083 Joannem,
2748 3034 2883 3089 quos
2910 3035 3030 3074 cum
3067 3022 3228 3074 multa
3270 3022 3608 3077 deterrerent
3647 3026 3715 3080 ab
3743 3028 3992 3080 ascetica

2412 3112 2516 3163 vita
2545 3109 2911 3177 amplectenda
2933 3151 2948 3176 ,
2976 3112 3221 3164 hortatur
3247 3110 3476 3167 Basilius
3509 3123 3567 3168 ut
3604 3130 3703 3170 nee
3728 3131 3826 3169 eos
3855 3132 3995 3168 con-

2412 3202 2587 3257 turbet
2610 3205 2840 3255 mendax
2864 3204 3222 3266 contumelia,
3275 3219 3373 3260 nec
3419 3206 3575 3259 minae
3613 3214 3856 3259 terreant
3892 3221 3995 3259 eo-

2410 3309 2549 3356 rum,
2586 3294 2676 3361 qui
2731 3308 2994 3346 summam
3041 3305 3364 3364 potestatem
3400 3295 3629 3359 habent,
3689 3309 3791 3349 nec
3842 3297 3995 3349 risus

2408 3386 2689 3439 contristet
2733 3396 2825 3440 aut
2876 3388 3199 3441 contumelia
3265 3387 3643 3449 familiarium,
3688 3402 3787 3440 nec
3853 3404 3990 3442 con-

2408 3479 2680 3533 demnatio
2722 3481 2788 3535 ab
2834 3480 3138 3534 hominibus
3179 3494 3359 3532 curam
3403 3490 3458 3533 et
3490 3481 3724 3534 studium
3771 3497 3887 3549 pra:
3930 3500 3991 3537 se

2408 3569 2728 3632 ferentibus,
2780 3586 2807 3621 a
2860 3572 3054 3638 quibus
3122 3570 3415 3625 fortissima
3466 3572 3534 3625 ad
3599 3571 3991 3641 decipiendum

2408 3679 2533 3718 esca
2566 3664 2931 3733 praetenditur,
2966 3664 3213 3717 simulata
3243 3664 3546 3717 adhortatio

2488 3803 2614 3857 Vlll.
2639 3803 2857 3857 Videtur
2880 3803 2978 3857 sub
3001 3800 3209 3857 Juliano
3230 3810 3447 3857 sanctus
3459 3800 3688 3857 Basilius
3706 3805 3997 3874 accepisse

2410 3895 2616 3949 litteras
2642 3912 2668 3947 a
2698 3896 2752 3949 S.
2782 3896 3111 3959 Athanasio;
3146 3910 3277 3965 quas
3308 3896 3359 3949 in
3397 3898 3647 3951 manibus
3681 3898 3883 3953 habere
3932 3916 3996 3954 se

2418 3994 2471 4039 et
2517 3986 2927 4052 exposcentibus
2951 3988 3232 4039 ostendere
3260 3996 3483 4041 testatur
3513 3990 3563 4041 in
3590 3989 3815 4057 epistola
3848 3990 3992 4061 Ξοι,

2412 4092 2466 4130 n.
2498 4077 2549 4128 6.
2580 4078 2630 4128 In
2664 4078 2744 4129 his
2772 4077 2959 4130 litteris
2994 4088 3212 4130 sanctus
3235 4082 3605 4132 Athanasiusa
3635 4081 3831 4135 Basilio
3861 4100 3997 4139 con-

2411 4171 2582 4223 sultus
2598 4170 2739 4225 clare
2758 4170 3155 4238 pronuntiabat,
3177 4168 3363 4239 Siquis
3381 4187 3444 4224 ex
3462 4174 3773 4225 Arianorum
3793 4176 3995 4230 liter-esi

2414 4264 2684 4332 transferri
2735 4265 2973 4329 voluerit,
3023 4266 3177 4334 ﬁdem
3228 4266 3496 4321 Nicazuam
3532 4270 3821 4337 confitens,
3863 4292 3994 4327 eum

2418 4357 2795 4407 admittendum
2830 4372 2936 4407 esse
2960 4394 2974 4416 ,
2996 4372 3085 4407 nec
3122 4357 3175 4407 in
3212 4374 3269 4410 eo
3297 4358 3582 4423 recipiendo
3610 4361 3993 4421 Ita'st'mndum.

2418 4445 2583 4513 Hujus
2609 4447 2809 4499 decreti
2844 4448 3017 4500 socios
3052 4447 3251 4502 citabat
3276 4448 3607 4506 Athanasius
3643 4446 3993 4513 et‘Macedo-

2416 4537 2513 4589 uiae
2546 4544 2600 4589 et
2626 4536 2840 4589 Achaia:
2869 4536 3150 4605 episcopos
3174 4552 3380 4591 omnes.

2480 4669 2589 4725 Cur
2621 4673 2717 4727 has
2743 4672 2951 4729 litteras
2989 4674 3055 4728 ad
3110 4676 3210 4729 hoc
3260 4682 3473 4744 tempus
3511 4678 3761 4739 referam.
3800 4683 3997 4749 potius

2413 4777 2571 4831 quam
2603 4763 2667 4815 ad
2697 4778 2894 4817 annum
2930 4766 3052 4831 37l,
3086 4781 3193 4819 non
3240 4766 3448 4819 infirma
3491 4776 3776 4837 suppetunt
3815 4775 3998 4829 ratio-

2414 4870 2537 4906 num
2559 4864 2847 4909 momenta.
2867 4857 2916 4909 l'
2932 4854 3061 4910 Cum
3091 4870 3330 4911 sanctum
3350 4861 3694 4913 Athanasium
3710 4866 3998 4921 consuluit

2413 4943 2638 4999 Basilius
2663 4962 2804 5001 anno
2830 4948 2953 5005 57l.
2982 4949 3093 5016 jam
3125 4950 3325 5003 moveri
3364 4960 3603 5017 coeperat
3643 4953 3878 5018 quaastio
3925 4959 3995 5011 de

2413 5036 2615 5103 Spiritu
2650 5048 2868 5103 sancto,
2900 5054 3018 5107 quae
3046 5037 3299 5094 Basilium
3347 5041 3540 5109 aliquid
3584 5042 3704 5096 fidei
3748 5040 3995 5103 Nicena:

2410 5126 2607 5179 addere
2634 5128 2824 5196 coegit.
2848 5130 2913 5181 At
2940 5130 3128 5183 litterae
3158 5134 3222 5184 de
3248 5131 3439 5199 quibus
3463 5148 3605 5184 nunc
3639 5134 3874 5201 agimus,
3907 5141 3994 5190 ni-

2412 5218 2485 5271 hil
2534 5233 2753 5286 prorsus
2804 5221 3102 5275 addendum
3135 5225 3551 5291 prmscribebant
3586 5243 3597 5277 :
3632 5225 3775 5293 quod
3813 5242 3992 5299 arguo

2414 5319 2592 5365 mento
2622 5320 2705 5364 est
2737 5312 2865 5364 nihil
2896 5327 2955 5365 ea
2986 5313 3051 5367 de
3083 5330 3140 5369 re
3168 5316 3493 5369 sciscitatum
3541 5331 3660 5371 esse
3689 5318 3989 5388 Basilinm,

2411 5402 2501 5454 sed
2540 5409 2744 5455 tantum
2791 5403 2854 5457 de
2883 5404 2946 5458 iis
2986 5406 3077 5474 qui
3117 5408 3183 5460 ab
3224 5407 3541 5463 Arianorum
3596 5410 3787 5464 haeresi
3846 5414 3996 5468 redi-

2482 5677 2555 5739 (d)
2598 5677 2723 5733 Ibid.
2754 5678 2838 5731 86.

2482 5746 2549 5816 (ε)
2589 5746 2717 5800 Cod.
2752 5749 2869 5802 138.

2478 5819 2542 5887 (Ι)
2584 5817 2695 5871 Lib.
2724 5834 2838 5885 vttt,
2874 5836 2923 5873 η.
2961 5817 3042 5872 l2.
