4094 6308
1545 347 1706 401 ΥΞΤᾹ
1742 348 1798 402 S.
1837 349 2095 405 BASlLll.

3241 384 3420 422 XXXVII

196 458 338 512 haut.
377 459 441 514 3°
482 459 699 512 Citahat
747 459 1072 513 Athanasius
1122 461 1284 532 hujus
1334 465 1533 520 decreti
1583 469 2089 530 soniusAJuliutm.
2142 463 2273 524 Erat
2332 473 2474 527 enim
2527 472 2655 527 illud
2710 486 2958 547 tempus,
3017 480 3115 533 clsi
3172 485 3422 539 oumilms

194 550 525 605 Macedonia:
577 559 630 602 ct
677 553 896 605 Achaite
932 554 1216 622 episcopos
1250 570 1460 621 omnes,
1495 562 1581 628 qui
1621 559 1758 612 idem

195 639 385 711 procul
419 639 585 691 dubio
632 641 683 692 in
720 643 966 694 conciliis
1002 644 1130 698 suis
1161 655 1483 702 statuerant.
1526 653 1593 703 At
1628 651 1758 702 nihil

193 744 416 801 prorsus
478 732 690 787 dicebat
747 736 810 784 de
864 734 1089 788 aliarmn
1148 740 1409 808 gentium,
1463 756 1653 810 nempe
1705 744 1756 795 in

190 821 359 874 Gallia
392 833 447 876 et
473 823 728 894 llispania
762 826 1053 894 ctuhique,
1088 831 1373 899 episc0pis,
1395 836 1588 902 quibus
1618 836 1758 890 idem

193 913 466 980 placuisse
505 926 732 969 testatur
766 917 816 968 in
853 920 1074 986 cpistola
1111 925 1174 975 ad
1204 922 1584 979 liullinianum.
1623 926 1757 981 Num

191 1003 355 1071 igitur
411 1008 468 1060 S.
511 1007 860 1060 Athanasium
899 1012 1139 1066 dicemus
1189 1024 1266 1065 tot
1313 1020 1634 1084 synodorum
1668 1021 1758 1071 de-

188 1109 334 1150 creta
399 1098 796 1164 imprudentem
854 1106 1126 1168 omisisse,
1191 1116 1283 1160 aut
1336 1109 1615 1173 Basiliunt,
1666 1111 1756 1179 qui

191 1189 328 1244 illius
357 1191 648 1258 epistulam
693 1195 741 1246 in
778 1200 1027 1251 manibus
1061 1198 1384 1264 habebat,et
1417 1206 1754 1271 exposcenti-

190 1281 285 1335 bus
335 1282 554 1334 solebat
605 1291 908 1353 ostendere,
950 1290 1075 1357 quid
1127 1291 1178 1344 in
1221 1307 1281 1347 ea
1313 1297 1574 1362 scriptum
1611 1308 1755 1352 esset

189 1373 528 1426 nescivisse?
561 1375 617 1430 l-l
667 1378 911 1447 profecto
955 1379 1251 1438 verisimile
1300 1400 1404 1438 non
1459 1386 1533 1439 fit.
1580 1387 1757 1453 Quare

188 1465 341 1530 longe
386 1466 569 1522 satius
608 1480 692 1523 est
733 1471 1016 1536 epistolam
1069 1472 1126 1527 S.
1176 1477 1456 1532 Athanasii
1503 1483 1754 1550 scriptam

185 1553 402 1622 quidem
455 1569 581 1626 post
622 1561 858 1625 synodos
907 1561 960 1612 in
996 1561 1232 1636 Aigypto
1267 1576 1321 1622 et
1366 1567 1672 1625 Macedonia
1703 1581 1756 1627 ct

186 1647 386 1702 Achaia
427 1651 733 1705 celebratas
778 1653 1112 1722 existimare,
1157 1661 1250 1713 sed
1284 1670 1570 1728 antequam
1620 1681 1753 1719 con—

187 1739 302 1792 cilia
335 1745 535 1794 eadem
567 1740 631 1794 de
661 1759 718 1798 re
748 1744 800 1798 in
833 1744 1085 1818 Hispania
1119 1761 1174 1804 et
1200 1751 1370 1805 Gallia
1397 1765 1449 1806 et
1480 1756 1598 1812 aliis
1623 1759 1753 1811 locis

1865 560 2182 615 Christianis
2233 565 2534 629 molestum,
2595 566 2910 625 orthodoxis
2943 579 3119 625 tamen
3172 582 3238 627 ad
3301 578 3424 630 fidei

1862 652 2176 716 catholica),
2245 669 2403 721 quam
2463 658 2730 714 hmrcticis
2792 660 3158 718 defensionem
3222 669 3425 722 erroris

1861 744 2214 797 commodius.
2252 743 2355 796 Sed
2393 753 2566 797 tamen
2599 765 2718 801 cum
2753 763 2845 802 sua
2878 763 3066 818 sponte
3110 769 3214 808 non
3261 772 3422 825 repu-

1860 839 2009 896 gnat,
2057 841 2114 884 nt
2164 833 2452 901 Gregorius
2473 853 2484 867 -
2505 837 2893 893 pacilicationis
2923 854 3081 899 causa
3121 846 3285 898 etiam
3316 849 3419 899 sub

1858 915 2069 970 Juliano
2101 919 2339 975 formulae
2369 921 2524 976 alicui
2551 939 2656 976 non
2687 942 2826 982 sana:
2857 929 3273 1001 subscripserit;
3310 946 3424 990 tum

1861 1021 1989 1059 vero
2021 1025 2142 1061 eum
2204 1022 2328 1067 tunc
2362 1013 2749 1081 subscripsisse
2791 1020 2902 1075 hzcc
2942 1024 3175 1076 maxime
3207 1026 3424 1082 demon-

1860 1107 1996 1150 strat
2027 1099 2184 1165 ratio,
2227 1105 2366 1170 quod
2409 1109 2656 1160 monachi
2691 1107 3014 1167 Nazianzeni
3047 1115 3229 1168 statim
3263 1127 3422 1186 atque

1859 1188 2182 1258 subscripsit
2227 1195 2291 1246 ab
2337 1196 2452 1261 ejus
2497 1201 2876 1253 communione
2905 1206 3290 1271 discesserunt,
3324 1223 3425 1263 nec

1867 1289 2042 1332 tamen
2077 1292 2199 1335 ante
2240 1284 2364 1337 illud
2396 1291 2536 1356 quod
2575 1291 2682 1344 dixi
2718 1301 2929 1361 tempus
2961 1296 3347 1352 discesserunt.

1929 1368 2171 1424 Nondum
2216 1375 2460 1441 profecto
2502 1381 2750 1433 monachi
2791 1381 3153 1442 discesserant
3191 1402 3219 1442 a
3269 1402 3420 1442 com-

1859 1461 2109 1515 munione
2171 1465 2407 1532 episcopi
2473 1466 2823 1537 Nazianzeni,
2883 1491 3007 1529 cum
3060 1475 3351 1548 Gregorius
3390 1497 3423 1538 ο

1857 1551 2028 1606 Ponto
2062 1555 2274 1610 rediens
2309 1572 2449 1610 anno
2483 1559 2587 1612 56:2
2620 1577 2884 1619 summam
2914 1565 3164 1624 Ecclesiae
3193 1571 3425 1629 Nazian-

1856 1658 2002 1698 zenae
2056 1648 2397 1701 concordiam
2454 1649 2699 1706 laudaret
2763 1657 2812 1709 in
2879 1663 3112 1714 secunda
3177 1665 3421 1720 oratione

1857 1738 1932 1807 (p.
1961 1735 2071 1793 48).
2105 1737 2316 1794 Recens
2345 1751 2462 1795 erat
2492 1746 2894 1813 tumultuscum
2924 1753 3187 1809 scriberet
3217 1759 3421 1811 oratio-

187 1829 548 1895 habcrentur,
592 1845 682 1887 aut
728 1816 1144 1894 nummum
1182 1843 1562 1901 ηυηιίηι-ρηιυι.
1589 1850 1755 1902 Ama,
1784 1816 1827 1870 Β
1857 1843 1977 1882 nem
2012 1830 2251 1897 tertiam,
2283 1847 2404 1901 qua:
2439 1836 2610 1902 prima
2645 1847 2728 1891 est
2759 1838 2811 1892 in
2843 1841 3134 1899 lulianum.
3175 1847 3245 1900 Ihi
3277 1850 3419 1904 enim

188 1921 355 1974 nasio.
383 1921 445 1974 5ο
471 1923 756 1980 Rationem
792 1932 966 1984 reddit
998 1932 1250 2001 Basilius,
1288 1949 1386 1996 cur
1412 1939 1752 1995 Eustathium

187 2013 245 2065 ad
289 2027 450 2068 suam
487 2019 925 2073 communionem
965 2024 1293 2084 admisisset.
1316 2029 1614 2103 Non'enint
1647 2033 1754 2087 dif-

187 2104 319 2159 tieile
341 2118 430 2161 est
450 2107 794 2164 Eustathium
827 2111 908 2166 his
922 2117 1101 2172 verbis
1129 2119 1398 2189 depictum
1421 2137 1751 2191 agnoscere:

187 2196 244 2249 Si
269 2214 402 2265 quos
430 2200 744 2269 aliquando,
775 2205 952 2275 inquit
976 2208 1229 2274 Basilius,
1259 2215 1322 2264 ab
1349 2215 1474 2268 Ario
1504 2219 1752 2286 magistro

186 2289 445 2355 profectos
485 2291 543 2343 in
584 2302 996 2352 communionem
1034 2303 1364 2371 admisimus,
1399 2312 1633 2365 morbum
1670 2315 1753 2367 in-

189 2378 308 2432 timo
351 2384 516 2436 corde
572 2389 886 2442 occultantes
917 2401 962 2443 et
1003 2394 1089 2458 pia
1142 2398 1293 2450 verba
1342 2399 1622 2468 loquentes,
1661 2415 1753 2456 aut

189 2482 316 2525 certe
355 2475 424 2527 iis
452 2492 572 2544 qua:
601 2493 632 2528 a
663 2479 806 2532 nobis
835 2481 1138 2538 dicebantur
1167 2503 1269 2540 non
1305 2497 1755 2561 repugnantes,ita

188 2566 566 2630 suscepimus:
603 2582 720 2618 cum
773 2585 874 2625 non
926 2589 1075 2629 omne
1128 2578 1191 2632 de
1246 2579 1437 2634 talibus
1483 2583 1749 2651 judicium

190 2653 328 2704 trabis
360 2655 491 2714 ipsis
516 2660 946 2731 permitteremus,
987 2669 1075 2720 sed
1105 2676 1435 2738 sententiam,
1468 2691 1584 2745 qutc
1609 2680 1754 2745 prius

189 2741 293 2794 lata
334 2744 399 2798 de
430 2745 542 2800 illis
585 2749 756 2816 fuerat
802 2769 834 2806 a
872 2758 1107 2821 patribus
1153 2741 1750 2834 nostris,sequeremur.

190 2829 296 2901 Ego
334 2836 478 2889 enim
519 2856 638 2893 cum
680 2845 986 2910 accepissem
1024 2846 1226 2903 litteras
1262 2852 1544 2907 beatissimi
1587 2862 1752 2924 patris

187 2921 610 2982 Athanasii......
673 2945 814 2983 ratus
850 2949 1051 2989 necesse
1083 2954 1192 2992 esse
1225 2950 1430 2996 tantum
1461 2947 1631 2999 virum
1664 2966 1746 3001 se-

187 3013 268 3076 qui
300 3013 363 3063 ob
394 3029 579 3068 eorum
626 3021 713 3085 qui
759 3020 919 3089 legem
952 3026 1197 3093 tulerant,
1241 3037 1630 3100 auctoritatem,
1672 3041 1750 3093 si-

189 3101 392 3170 mulque
421 3107 637 3173 cupiens
668 3112 1048 3179 paciﬁcationis
1075 3123 1358 3176 mercedem
1385 3131 1648 3197 consequi,
1683 3133 1748 3198 ﬁ-
1777 3160 1817 3215 α

192 3191 293 3215 Α-..-
338 3194 485 3215 .‘ll_,_a
542 3212 580 3215 -.
637 3199 684 3215 ι’.
763 3210 772 3215 .
987 3208 1018 3215 ..
1069 3209 1079 3215 .

188 3191 297 3244 dem
337 3194 487 3248 illam
528 3199 832 3262 conﬁtentes
860 3208 1178 3265 ascribebam
1212 3230 1425 3270 numero
1459 3225 1749 3275 communi-

189 3295 446 3340 caturum.
491 3287 842 3348 Adduxerunt
888 3312 1017 3369 ergo
1055 3302 1313 3362 Basiliam
1346 3311 1628 3369 Athanasii
1664 3316 1750 3370 lit-

192 3380 334 3437 terae,
376 3385 438 3428 ut
488 3395 611 3434 cum
661 3386 939 3443 Enstathio
984 3398 1442 3466 communicaret;
1491 3411 1545 3458 et
1594 3417 1747 3462 ante-

190 3475 344 3528 quam
380 3465 483 3522 has
532 3475 804 3542 acciperet
848 3480 1074 3547 litteras,
1124 3485 1359 3544 incertus
1412 3465 1532 3546 erat
1567 3504 1747 3552 utrum

190 3554 452 3611 Eustathii
493 3567 928 3623 communionem
981 3585 1150 3628 necne
1183 3577 1515 3636 admitteret.
1567 3583 1618 3639 ld
1652 3601 1748 3640 au-

191 3655 288 3698 tem
321 3649 544 3707 minime
572 3659 824 3727 congruit
871 3676 1014 3717 anno
1043 3663 1166 3721 571.
1204 3667 1354 3725 Tunc
1385 3673 1528 3727 enim
1571 3678 1748 3731 nullas

190 3737 440 3808 habebat,
487 3754 582 3800 aut
621 3749 810 3805 saltem
861 3755 1032 3814 nullas
1080 3759 1182 3814 sibi
1225 3761 1426 3818 habere
1461 3767 1747 3822 videbatur

187 3828 485 3900 ambigendi
515 3850 706 3892 causas
737 3858 750 3893 ε
781 3851 834 3895 οι
866 3858 984 3898 cum
1019 3846 1178 3916 longe
1222 3859 1347 3905 ante
1391 3868 1588 3909 annum
1619 3858 1744 3923 571,

187 3915 337 3976 ﬁrma
372 3938 494 3978 cum
521 3926 802 3985 Eustathio
844 3915 1222 3993 communione
1249 3950 1302 3994 et
1346 3945 1578 4001 amicitia
1611 3963 1744 4004 con-

181 4008 392 4074 junctus
426 4027 605 4084 esset;
646 4037 985 4094 nequaquam
1034 4043 1157 4083 eum
1208 4031 1402 4088 littera:
1452 4037 1556 4092 hoc
1604 4057 1744 4098 anno

187 4112 412 4170 acceptae
435 4109 501 4160 ad
529 4110 664 4166 hanc
687 4118 1116 4173 communionem
1142 4122 1409 4180 adducere
1433 4137 1741 4194 potuerunt.

188 4186 283 4243 Sed
320 4206 444 4246 cum
490 4195 820 4267 Eustathius,
850 4220 992 4261 anno
1019 4208 1144 4274 560,
1185 4186 1590 4283 subscripsisset
1635 4186 1744 4277 for;

189 4281 334 4337 inulte
370 4284 1007 4362 Constantinopolitatm,
1064 4316 1126 4354 ac
1161 4301 1261 4356 sub
1293 4281 1504 4362 Iuliano
1545 4312 1746 4366 rediret

186 4385 242 4422 cs
277 4372 544 4432 Dardania
577 4380 653 4448 (in
682 4382 820 4439 hanc
848 4389 990 4441 enim
1021 4393 1299 4461 regionem
1332 4396 1599 4466 relegatus
1629 4401 1744 4456 fue-

1854 1920 1933 1972 sic
1963 1921 2196 1991 loquitur
2224 1924 2302 1994 (p.
2345 1927 2431 1996 55)
2464 1948 2476 1980 :
2509 1929 2630 1982 Εἴθε
2679 1949 2765 2005 μοι
2813 1934 2904 1986 τοῦ
2951 1939 3108 2007 χοροῦ
3155 1941 3318 2012 μέρος
3355 1939 3422 2014 ἦν

1855 2011 2069 2066 κάκεῖνο
2109 2017 2168 2068 τὸ
2201 2017 2469 2087 σύστημα.
2496 2021 2524 2072 ὃ
2551 2024 2645 2076 σὺν
2673 2027 2799 2094 ἡμῖν
2834 2028 2970 2091 τέως
2996 2029 3071 2099 τῷ
3104 2032 3220 2104 Θεῴ
3251 2050 3422 2105 προσ-

1858 2103 1983 2173 ᾴδον
2046 2107 2103 2157 οὐ
2154 2110 2404 2182 κίϐδηλον
2450 2113 2623 2186 ᾠδὴν,
2674 2120 2792 2172 οὐδὲ
2846 2121 3118 2192 ἀδόκιμον,
3153 2127 3287 2183 ἀλλὰ
3329 2132 3421 2184 καὶ

1852 2197 1951 2265 τῆς
1979 2197 2157 2264 δεξιᾶς
2192 2217 2318 2254 ποτε
2349 2206 2587 2270 στάσεως
2624 2208 2956 2282 ἀξιούμενον,
2994 2219 3229 2272 πιστεύω
3261 2222 3316 2272 δὲ
3340 2224 3421 2275 ὅτι

1855 2290 1946 2340 καὶ
1978 2293 2093 2360 μετ’
2139 2291 2315 2361 ὀλίγθν
2359 2295 2810 2370 ἀξιωθησόμενον,
2848 2308 2945 2360 οὐκ
2975 2305 3070 2362 οἷδ’
3099 2310 3178 2362 ὅτι
3229 2312 3419 2379 παθὸν,

1853 2380 2107 2454 ἐξαίφνης
2185 2386 2584 2458 μεθαρμόζεταί
2622 2410 2678 2444 τε
2731 2398 2846 2447 καῖ·
2874 2401 3289 2466 μετατάττεται·
3327 2407 3421 2458 καὶ.

1853 2473 1971 2523 οὐδὲ
2002 2475 2102 2527 ὑπὸ
2135 2478 2235 2546 τῆς
2284 2480 2642 2552 εὐφροσύνης,
2685 2485 2712 2536 ὃ
2759 2487 2850 2538 καὶ
2893 2488 3155 2558 Οαυμὰζω
3198 2494 3417 2561 μᾶλλον,

1855 2564 1933 2626 ei;
1955 2567 2149 2619 ταύτὸν
2180 2570 2415 2640 ἔρχεται.
2468 2576 2635 2646 Atque
2666 2581 2871 2632 utinam
2903 2581 2989 2634 ille
3019 2599 3220 2653 quoque
3258 2596 3418 2640 coetus

1855 2658 1921 2709 ad
1965 2657 2177 2711 chorum
2217 2676 2452 2716 nostrum
2487 2686 2539 2719 se
2589 2670 2919 2739 adjungeret,
2965 2691 3075 2743 qui,
3123 2693 3236 2729 cum
3272 2679 3418 2747 prius

1854 2750 2142 2803 cantionem
2175 2753 2581 2825 haudquaquam
2616 2762 2968 2816 adulterinum
3019 2777 3172 2833 atque
3216 2769 3418 2836 ignobi-

1855 2838 1952 2891 lem
1983 2842 2250 2896 nobiscum
2283 2844 2391 2898 Deo
2420 2849 2696 2914 accineret,
2727 2868 2788 2904 ac
2818 2855 3002 2908 dextro
3033 2858 3295 2926 quondam
3329 2877 3419 2914 ur-

1855 2927 1977 2980 dine
2015 2931 2202 2998 dignus
2267 2936 2562 3002 haberetur,
2627 2953 2779 3010 atque
2834 2945 3010 3010 etiam,
3077 2959 3131 3000 ut
3179 2950 3417 3017 con/ida.

1855 3018 1990 3071 brevi
2017 3022 2307 3092 habebitur,
2341 3029 2485 3082 haud
2517 3034 2624 3083 scio
2651 3049 2753 3101 qua
2781 3052 2832 3087 re
2867 3047 3176 3102 commotus,
3212 3051 3417 3107 repente

1856 3119 2066 3163 cantum
2103 3114 2155 3165 in
2186 3117 2445 3170 diversum
2473 3133 2657 3186 mutat,
2696 3126 2902 3193 alioque
2927 3127 3096 3193 gradu
3137 3137 3291 3198 atque
3324 3147 3415 3184 or-

1851 3199 1970 3251 dine
1996 3217 2104 3255 sese
2125 3205 2378 3271 collocat;
2414 3225 2476 3262 ac
2502 3228 2564 3264 ne
2595 3216 2655 3265 ob
2689 3230 3010 3270 communem
3037 3219 3246 3287 quidem
3276 3222 3415 3277 Itali-

1851 3290 1977 3344 tium
2021 3292 2181 3362 (quod
2223 3300 2382 3352 etiam
2440 3304 2603 3371 magis
2658 3306 2842 3377 miror)
2891 3309 3084 3362 adduci
3137 3321 3304 3378 potest
3355 3325 3414 3368 ut

1850 3385 2114 3438 nobiscum
2149 3391 2518 3461 conjungatur.
2551 3396 2642 3451 His
2674 3407 2821 3452 certe
2865 3401 3106 3467 vocibus,
3145 3420 3259 3456 cum
3286 3407 3412 3460 hac-

1851 3483 1997 3529 tenus
2041 3477 2146 3533 Deo
2180 3485 2471 3538 cantionem
2516 3488 2773 3541 accineret
2807 3491 3101 3557 nobiscum,
3128 3496 3297 3550 subito
3337 3498 3410 3550 ad

1848 3566 2006 3619 aliam
2033 3574 2445 3626 communionem
2470 3579 2782 3648 prorumpit,
2822 3596 3011 3636 recens
3050 3597 3170 3638 esse
3205 3585 3410 3639 indicat

1849 3657 2234 3712 monachorum
2283 3660 2505 3717 factum.
2549 3663 2643 3720 llis
2682 3669 2817 3720 adde
2847 3686 2996 3738 spem
3029 3672 3238 3727 illorum
3270 3677 3412 3733 redi-

1850 3754 1953 3809 tus,
1999 3762 2262 3804 summam
2315 3751 2609 3824 lenitatem,
2649 3774 2751 3827 qua
2798 3774 2890 3815 eos
2922 3772 2978 3816 ut
3027 3766 3265 3822 membra
3307 3784 3409 3824 sua

1847 3836 2254 3907 complectitur;
2282 3852 2336 3896 et
2359 3847 2501 3914 quod
2529 3847 2604 3901 ait
2633 3847 2686 3901 in
2718 3861 2855 3906 orat.
2886 3852 2970 3916 19.,
3007 3869 3058 3921 ρ.
3101 3855 3225 3920 196,
3249 3867 3407 3914 etor.

1848 3929 1934 3994 19,
1977 3946 2028 4000 ρ.
2065 3933 2190 3995 297.
2232 3939 2524 3992 monachos
2561 3940 2799 3993 omnium
2847 3955 3147 4009 postrentos
3203 3947 3409 4005 disces-.-

1845 4023 2000 4077 sisse.
2033 4025 2106 4078 Ex
2138 4026 2221 4080 his
2255 4039 2430 4082 autem
2464 4030 2620 4081 simul
2653 4033 2913 4099 probatur
2943 4051 3046 4089 non
3079 4037 3247 4092 multo
3276 4051 3405 4096 ante

1845 4113 2230 4183 subscripsisse
2256 4117 2594 4186 Gregorium.
2617 4121 2768 4188 Nam,
2798 4125 2843 4178 si
2872 4128 3281 4196 subscripsisset
3306 4133 3405 4186 sub

1844 4200 2161 4259 Constantio
2205 4220 2347 4260 anno
2395 4209 2498 4262 560
2545 4212 2624 4265 Vel
2663 4213 2786 4278 561,
2838 4219 3107 4284 quomodo
3155 4221 3405 4276 monachi

1845 4294 2265 4365 indignationem
2323 4315 2475 4355 suam
2525 4318 2696 4372 usque
2741 4306 2807 4356 ad
2861 4320 3058 4362 annum
3108 4309 3212 4365 565
3242 4311 3406 4366 corde

1843 4388 2201 4454 pressissent?
2240 4401 2331 4445 aut
2369 4392 2414 4445 si
2458 4392 2640 4445 tandiu
2690 4409 3020 4464 preSscrunt,
3072 4415 3171 4453 cur
3199 4401 3404 4457 disces-

190 4461 321 4533 rat),
355 4483 552 4546 magna
586 4474 900 4531 deliberatio
935 4480 1122 4536 incidit
1156 4483 1375 4552 Basilio,
1413 4461 1738 4559 quibusnam

1849 4477 2044 4531 sionem
2076 4481 2258 4534 subito
2285 4492 2339 4534 et
2378 4483 2639 4551 praecipiti
2671 4461 2895 4541 consilio
2923 4490 3173 4546 attribuit
3199 4491 3407 4565 Grego-

185 4557 576 4618 conditionibus
617 4579 737 4619 cum
786 4585 850 4624 eo
879 4576 1321 4632 communicaret.
1368 4579 1499 4634 Nam
1528 4599 1647 4638 eum
1681 4602 1739 4642 se

187 4643 404 4703 Basilius
432 4654 620 4708 eadem
670 4660 736 4712 de
778 4675 936 4716 causa
986 4666 1052 4718 ab
1106 4667 1340 4738 episcopi
1390 4670 1737 4732 Caesariensis

184 4742 558 4796 communione
619 4752 1225 4815 removisset,,temere
1280 4773 1400 4811 cum
1456 4759 1736 4820 Eustathio

185 4833 580 4889 communicare
611 4853 717 4892 non
749 4842 950 4896 debuit.
997 4845 1175 4910 Quare
1207 4849 1363 4916 digna
1401 4864 1487 4906 res
1525 4863 1642 4906 erat
1672 4855 1738 4910 de

185 4933 277 4986 qua
325 4926 394 4978 ad
439 4927 799 4983 Athanasium
851 4935 1078 4988 referret
1118 4954 1129 4988 :
1167 4952 1266 4992 nec
1325 4939 1467 4994 aliud
1529 4953 1735 5012 tempus

185 5015 342 5080 magis
385 5016 638 5072 idonemn
691 5021 773 5075 his
823 5023 966 5080 inter
997 5027 1355 5084 Athanasium
1393 5044 1446 5086 et
1479 5035 1730 5091 Basiliutn

182 5101 365 5159 litteris
397 5112 666 5179 assignari
710 5124 908 5179 potest.

244 5195 326 5250 IX.
365 5197 476 5253 lter
510 5203 562 5255 in
599 5203 828 5259 Pontum
863 5206 1073 5262 videtur
1104 5213 1411 5282 suscepisse
1443 5214 1732 5282 Gregorius
1764 5228 1765 5231 ‘

181 5289 268 5339 sub
304 5290 466 5344 finem
500 5293 713 5363 imperii
741 5297 971 5367 Juliani;
1012 5319 1198 5372 nempe
1229 5320 1349 5358 cum
1383 5308 1548 5374 ipsius
1581 5321 1731 5375 pater

180 5393 254 5441 eo,
285 5393 340 5434 ut
367 5384 500 5436 satis
526 5401 621 5453 per
643 5403 700 5442 se
725 5403 889 5458 patet,
919 5395 1139 5449 absente
1170 5396 1490 5466 subscripsit
1518 5402 1727 5455 cuidam

181 5465 432 5538 formulae,
463 5492 585 5544 qua:
634 5495 856 5550 magnas
898 5486 948 5537 in
980 5487 1204 5540 ecclesia
1236 5485 1575 5543 Nazianzeua
1619 5500 1731 5544 tur-

179 5557 266 5613 bas
292 5568 610 5634 commovit,
637 5585 702 5624 ac
728 5575 1002 5627 monachis
1027 5575 1204 5629 locum
1236 5577 1381 5630 dedit
1404 5579 1471 5632 a'o
1493 5580 1729 5649 episcopi

175 5651 247 5703 sui
291 5659 675 5715 communione
723 5664 1049 5718 discedendi.
1102 5665 1294 5722 Mirum
1346 5684 1477 5723 sane
1528 5685 1590 5724 ac
1639 5672 1726 5724 vis

177 5741 423 5802 credibile
477 5746 750 5817 ejusmodi
808 5755 1220 5822 subscriptionis
1277 5761 1579 5830 exemplum
1631 5763 1727 5817 sub

474 5841 752 5903 ΡΔτιιοι..
802 5845 917 5905 Gtt.
965 5849 1016 5908 Χ
1030 5850 1200 5914 XIX.

1841 4566 1987 4622 rius?
2032 4570 2259 4628 Eosdem
2292 4585 2447 4626 vocat
2475 4575 2785 4632 calidiorem
2824 4579 3078 4636 Ecclesiae
3108 4591 3314 4652 partem
3346 4585 3403 4639 in

1839 4658 2081 4711 oratione
2121 4659 2208 4723 19,
2245 4676 2366 4730 pag.
2410 4663 2535 4719 297.
2567 4664 2874 4723 Generatim
2921 4671 2986 4724 de
3013 4673 3259 4728 oumihus
3287 4689 3404 4731 m0-

1838 4751 2025 4804 nachis
2054 4752 2128 4804 ait
2157 4754 2210 4805 in
2238 4764 2376 4810 orat.
2405 4756 2494 4819 21,
2525 4773 2574 4826 p.
2607 4759 2730 4824 588,
2759 4778 2852 4814 eos
2880 4762 2931 4814 in
2961 4763 3081 4817 aliis
3113 4767 3275 4820 rebus
3303 4782 3399 4837 pa-

1838 4853 1986 4897 catos
2013 4855 2064 4897 et
2097 4846 2400 4900 moderatos
2439 4865 2577 4915 esse,
2619 4852 2717 4903 hac
2761 4853 2811 4906 in
2847 4868 2903 4906 re
2939 4854 3082 4908 lenes
3113 4867 3168 4910 et
3207 4857 3400 4916 faciles

1837 4948 1940 4985 non
1969 4950 2111 5001 esse,-
2145 4951 2266 4990 cum
2306 4954 2398 5004 per
2440 4940 2715 4993 silentium
2749 4953 2800 4995 et
2827 4947 3059 5010 quietem
3103 4947 3196 5001 Dei
3233 4964 3395 5004 causa

1837 5026 2102 5093 proditur,
2135 5031 2226 5081 sed
2271 5031 2496 5086 hellaccs
2531 5044 2583 5087 ct
2617 5034 2669 5085 in
2697 5036 3028 5103 confligendo
3054 5053 3208 5093 acres
3232 5049 3287 5093 et
3314 5039 3394 5096 fe-

1836 5133 2008 5173 roces.
2062 5120 2190 5173 Cum
2239 5122 2320 5175 his
2364 5139 2470 5176 non
2503 5125 2734 5191 quadrat
2777 5126 3138 5182 dissimulatio
3166 5130 3394 5196 plurium

1834 5225 2130 5276 annorum,
2180 5228 2340 5279 quam
2393 5218 2673 5269 monachis
2740 5217 3098 5273 Nauanzcnis
3153 5223 3398 5276 attribuit

1835 5301 2225 5367 'l'illemontius,
2255 5320 2377 5359 cum
2405 5305 2726 5376 Gregorium
2755 5310 3184 5368 subConstantio
3211 5314 3395 5368 existi-

1833 5401 1945 5444 mat
1972 5394 2376 5464 subscripsisse.

1904 5484 2170 5540 l’raucrea
2204 5504 2420 5543 causam
2468 5494 2837 5549 subscribcudi
2882 5511 2988 5551 non
3026 5498 3219 5567 repetit
3257 5497 3396 5554 Gre-

1831 5580 2008 5644 gorius
2043 5593 2108 5633 ex
2138 5581 2304 5649 jussis
2330 5583 2447 5636 aula
2473 5585 2732 5653 profectis
2763 5597 2852 5639 aut
2880 5603 2947 5642 ex
2975 5604 3153 5643 rerum
3182 5601 3396 5657 pertur-

1829 5669 2065 5734 batione,
2111 5687 2230 5741 qua:
2277 5683 2404 5729 tunc
2454 5692 2662 5731 summa
2713 5677 2832 5742 fuit,
2887 5681 2978 5733 sed
3027 5697 3092 5735 ex
3123 5681 3392 5735 desiderio

1829 5762 1976 5829 pacis
2039 5773 2094 5817 et
2164 5768 2559 5823 communionis
2608 5785 2728 5824 cum
2795 5770 3063 5825 nonnullis
3123 5770 3389 5827 ineundau

3036 5879 3068 5919 Β
