4068 6320
686 366 711 401 1
725 365 749 398 ι
762 364 787 397 .\‘
799 361 888 400 illi]

2008 336 2529 393 PROLEGOSIENA.

679 457 830 510 Patet
863 456 911 507 id
955 468 1017 507 ex
1067 454 1148 507 his
1184 455 1358 509 verbis
1407 462 1544 509 orat.
1587 454 1652 508 19
1681 454 2115 527 (ῃ.297);Παρὰ
2144 456 2232 509 τοῦ

2413 459 2581 524 Quam
2638 472 2741 511 non
2792 458 2946 511 modo
2996 460 3125 512 citra
3175 460 3543 530 ambitionem,
3600 462 3691 517 sed
3735 465 3888 521 etiam

675 547 1002 619 θερμοτέρου
1024 547 1219 618 μέρους
1234 548 1329 616 τῆς
1346 548 1667 619 Ἐκκλησίας
1679 551 2109 623 κατεστασιάσθη
2119 569 2236 621 μεν,

674 639 957 710 γράμματι
989 638 1285 702 κλαπέντες
1311 641 1403 693 καὶ
1429 641 1633 710 ῥήμασι
1665 646 1928 711 τεχνικοῖς
1966 644 2045 706 εἰς
2074 662 2236 714 πονη-

674 732 773 804 ρὰν
803 731 1105 785 κοινωνίαν.
1150 734 1193 785 Α
1232 732 1534 799 fert-entiam
1578 731 1829 789 Ecclesiae
1861 744 2009 801 parte
2033 736 2092 788 ob
2126 752 2238 789 eam

674 840 889 876 causam
918 825 1101 877 seditio
1132 823 1187 877 in
1226 840 1314 877 nos
1345 824 1571 878 excitata
1602 838 1698 888 est,
1728 827 1864 895 quod
1892 827 2091 894 scripto
2116 842 2239 896 quo-

671 913 792 965 dam
838 922 885 965 et
931 912 1230 979 artiﬁciosis
1277 912 1440 965 verbis
1486 914 1882 983 circumscripti,
1935 916 1989 970 in
2024 932 2237 985 pravam

671 1004 970 1057 societatem
1018 1003 1263 1074 pertracti
1300 1004 1598 1073 fuissemus.
1638 1005 1776 1058 Hinc
1823 1005 1985 1058 etiam
2034 1006 2239 1073 Grego-

672 1097 786 1150 rius
820 1097 896 1149 ait
922 1097 976 1151 in
998 1096 1240 1154 oratione
1262 1096 1328 1151 12
1348 1095 1421 1165 (p.
1456 1097 1578 1165 196)
1628 1097 1923 1152 Ecclesium
1946 1098 2239 1151 Nazianze-

676 1204 798 1241 nam
828 1202 954 1246 ante
981 1182 1108 1243 illud
1140 1190 1439 1253 dissidium,
1463 1204 1645 1244 arcam
1680 1188 1790 1244 Noe
1816 1190 1994 1246 vocari
2021 1189 2236 1244 solitam

668 1294 812 1347 esse,
841 1292 899 1335 ut
945 1294 1065 1348 quae
1110 1281 1341 1335 universi
1376 1282 1523 1335 orbis
1554 1281 1811 1335 diluvium
1847 1282 1957 1336 sola
2014 1280 2241 1352 elfugis-

673 1384 779 1429 set.
840 1373 964 1437 Sed,
1018 1376 1061 1429 si
1115 1374 1395 1443 cpiscopus
1443 1373 1734 1442 Gregorius
1784 1374 1881 1427 sub
1926 1372 2239 1427 Constantio

672 1466 993 1519 Arianorum
1025 1465 1229 1517 artibus
1269 1464 1646 1526 saccubuerat,
1675 1480 1779 1516 non
1813 1464 1967 1518 video
2006 1480 2104 1519 cur
2128 1464 2232 1517 Ec-

672 1557 892 1610 clesium
926 1557 1319 1609 Nazianzenam
1350 1555 1485 1607 mala
1522 1556 1829 1608 communia
1864 1556 2085 1610 minime
2112 1556 2237 1610 atti—

670 1650 812 1718 gisse
845 1651 1113 1703 dicantur.

743 1742 808 1793 Χ.
835 1741 1029 1793 Iuliani
1072 1753 1218 1792 mors
1263 1737 1518 1793 divinitus
1563 1739 1760 1792 Basilio
1801 1739 2037 1792 revelata
2069 1741 2235 1793 fuisse

671 1833 898 1896 dicitur;
931 1832 1024 1885 sed
1053 1846 1175 1885 cum
1208 1839 1356 1886 tanta
1389 1830 1921 1884 circumstantiaram
1950 1832 2231 1896 varietate,

668 1931 728 1976 ut
775 1922 975 1976 referre
1014 1938 1121 1976 non
1178 1921 1363 1983 libeat,
1401 1933 1520 1989 qua:
1569 1935 1629 1975 ea
1683 1921 1749 1975 de
1794 1936 1851 1975 rc
1895 1920 2141 1990 legantur
2180 1923 2232 1977 in

671 2013 926 2067 Chronico
962 2012 1328 2075 Alexandrino,
1368 2010 1509 2078 apud
1555 2020 1798 2065 sanctam
1833 2011 2231 2065 Damasceaum

669 2106 723 2158 in
756 2106 889 2157 libro
926 2103 998 2156 De
1032 2103 1369 2173 imaginibus,
1401 2103 1491 2173 qui
1530 2100 1723 2156 Vitam'
1741 2103 1925 2157 Basilii
1955 2106 2022 2157 ab
2052 2102 2230 2159 Hella-

670 2195 760 2248 dio
790 2196 1051 2264 scriptam
1096 2196 1244 2261 citat,
1282 2208 1337 2251 et
1377 2197 1427 2249 in
1478 2194 1670 2248 Basilii
1714 2194 1825 2247 Vita
1858 2197 2233 2268 Amphilocbio

669 2289 962 2355 supposita.

739 2369 816 2433 Ex
856 2381 939 2433 his
978 2379 1156 2433 verbis
1201 2381 1449 2433 secunda:
1498 2378 1760 2433 orationis
1783 2378 2027 2450 Gregorii
2059 2378 2113 2431 in
2136 2378 2234 2431 Ju-

667 2475 891 2535 lianum,
940 2473 1067 2527 llwc
1109 2472 1203 2525 tibi
1255 2471 1485 2526 Basilius
1524 2482 1569 2526 et
1604 2467 1925 2541 Gregorius,
1975 2472 2236 2541 colligunt

669 2563 864 2616 eruditi
902 2564 1003 2617 viri
1050 2562 1368 2632 Gregorium
1399 2577 1429 2616 a
1473 2562 1673 2617 Basilio
1710 2562 1949 2631 atljntum
1982 2562 2149 2618 luisse
2180 2564 2232 2618 in

666 2662 755 2713 bis
789 2661 1125 2714 orationibus
1177 2658 1580 2727 componendis.
1628 2656 1929 2712 Probabilis
1964 2673 2093 2713 sane
2121 2659 2235 2713 haec

668 2754 983 2822 conjectura
1016 2770 1030 2819 ;
1065 2760 1117 2806 et
1150 2767 1269 2807 cum
1304 2750 1601 2820 Gregorius
1634 2766 1755 2807 sese
1783 2761 2018 2821 paterna:
2046 2752 2233 2805 domus

668 2846 1016 2901 sollicitudini
1068 2846 1335 2899 interdum
1392 2848 1599 2914 eripere
1644 2846 1865 2908 soleret,
1921 2845 2131 2899 videtur
2180 2844 2233 2897 in

668 2938 896 2993 Pontum
930 2935 1139 2990 venisse
1165 2946 1285 3005 post
1310 2945 1533 2989 mortem
1561 2934 1784 2999 Jaliani,
1817 2944 1868 2987 et
1891 2934 2072 2987 Basilii
2106 2949 2233 2988 con-

669 3035 789 3088 silio
814 3036 879 3089 ad
913 3036 1052 3088 hanc
1080 3032 1535 3088 elacabrationem
1566 3046 1696 3087 usus
1726 3030 1910 3084 fuisse.

1269 3144 1492 3202 CAPUT
1546 3145 1639 3204 IX.

668 3240 709 3298 l.
743 3240 1016 3309 Presbyter
1038 3251 1248 3309 creatur
1268 3240 1523 3293 Basilius.
1549 3240 1611 3293 ΙΙ.
1639 3239 1930 3293 Ordinatus
1954 3253 2089 3309 anno

739 3313 821 3367 lll.
866 3306 939 3364 De
967 3311 1133 3377 prima
1154 3307 1298 3361 illius
1329 3311 1567 3377 oratione
1603 3319 1649 3361 et
1679 3309 1844 3361 tribus
1872 3308 2121 3377 epistolis.
2145 3306 2231 3361 IV.

740 3383 899 3435 Pacis
930 3375 1088 3432 causa
1135 3379 1324 3431 secedit
1364 3379 1417 3429 in
1467 3375 1717 3429 Pontum.
1768 3377 1827 3429 V.
1866 3376 2015 3430 Redit
2056 3376 2235 3430 Cresa-

739 3469 904 3511 renm,
954 3459 1008 3501 ut
1054 3456 1187 3500 hanc
1224 3449 1495 3501 ecclesiam
1549 3444 1763 3499 Valente
1810 3447 2115 3497 adveniente
2148 3447 2237 3496 rte-

740 3523 939 3591 {endah
982 3517 1069 3573 Vl.
1101 3516 1637 3591 gSecesiiodponenda
1676 3524 1892 3591 {senate
1935 3529 2071 3569 anno
2103 3513 2229 3575 564,

740 3584 829 3645 aut
868 3592 1074 3644 ineunte
1100 3588 1224 3643 565.
1265 3587 1486 3640 Reditus
1518 3604 1654 3640 anno
1684 3584 1809 3640 565.

746 3686 787 3737 1.
824 3685 1073 3750 Deplorat
1100 3680 1394 3749 Gregorius
1435 3677 1533 3749 (ιι),
1560 3688 1615 3731 ut
1640 3693 1889 3748 magnum
1921 3677 2095 3733 aetatis
2126 3692 2236 3733 sate

666 3776 880 3839 vitium,
916 3774 1055 3842 quod
1102 3786 1240 3839 saepe
1285 3772 1336 3823 in
1369 3770 1724 3823 elcctionibus
1769 3769 1910 3822 nulla
1944 3770 2237 3824 haberetur

669 3867 930 3923 doctrinae
951 3874 1004 3919 et
1043 3861 1346 3917 sanctitatis
1375 3858 1534 3921 ratio,
1566 3873 1627 3911 ac
1656 3857 1903 3911 homines
1932 3868 2125 3912 neutro
2153 3861 2236 3912 in-

669 3959 859 4013 structi
889 3953 1137 4026 praesidio
1162 3954 1227 4007 ad
1254 3950 1614 4007 sacerdotium
1642 3947 1818 4001 subito
1852 3947 2227 4008 eveherentur,

668 4061 724 4107 et
752 4052 923 4120 primo
956 4047 1074 4099 loco
1118 4042 1416 4102 constituti,
1460 4040 1711 4093 meliores
1754 4052 1811 4092 se
1842 4051 1905 4090 ac
1934 4035 2233 4090 sanctiores

667 4142 1025 4209 despicerent,
1062 4136 1215 4206 quasi
1241 4149 1361 4187 cum
1396 4133 1658 4199 dignitate
1690 4128 2005 4199 sapientiam
2034 4137 2086 4182 et
2109 4143 2233 4181 era-

666 4234 924 4288 ditionem
976 4229 1336 4298 accepissent.
1370 4218 1486 4278 Non
1529 4224 1607 4277 sic
1657 4222 1908 4285 Basilius,
1950 4220 2042 4275 sed
2091 4234 2232 4288 pra:-

666 4328 871 4394 ncripto
910 4322 1205 4379 canonibus
1238 4318 1427 4374 ordine
1467 4315 1531 4369 ad
1564 4313 1924 4368 sacerdotium
1953 4313 2231 4381 pervenit;

665 4430 719 4470 et
760 4432 880 4469 cum
927 4429 1109 4469 sacros
1151 4411 1320 4465 libros
1365 4406 1557 4478 papula
1591 4405 1824 4473 legisset,
1873 4402 1925 4455 in
1958 4402 2236 4471 presbyte-

2346 565 2448 603 non
2494 547 2721 600 libenter
2765 547 3042 601 ordinatus
3093 547 3272 611 fuerit,
3307 564 3373 602 ex
3411 552 3630 618 epistola
3665 550 3721 605 11
3761 549 3892 603 Gre-

2344 641 2475 709 gorii
2504 632 2868 707 perspicimus.
2908 643 2977 691 Tu
3008 658 3207 709 quoque
3236 651 3417 707 captus
3442 658 3516 704 es,
3546 646 3715 711 inquit
3741 643 3781 697 B
3802 644 3884 697 :si-

2344 732 2434 793 lio,
2483 731 2913 798 quemadmodum
2958 738 3007 782 et
3067 748 3158 784 uos
3214 731 3592 796 Cit't‘tthCt'ipli
3643 738 3893 802 :qttanrlo

2341 823 2547 889 quidem
2584 819 2651 870 ad
2692 821 3058 889 presbyterium
3106 825 3351 886 pertrncti
3397 837 3599 876 sumus.
3631 825 3795 893 Atque
3844 830 3895 880 id

2341 916 2545 980 quiz'em
2576 928 2604 961 (ι
2630 910 2776 964 uobis
2808 929 2911 965 nou
2937 913 3287 977 expetebatur.
3323 914 3462 966 Nam
3493 929 3700 974 uterque
3726 918 3892 983 alteri,

2341 1010 2385 1059 si
2416 1007 2505 1057 alii
2536 1004 2779 1070 cuipiam,
2816 1004 3093 1073 locupletes
3116 1020 3225 1057 esse
3253 1012 3403 1059 testes
3432 1022 3726 1071 possumus,
3747 1025 3896 1075 quam

2343 1102 2486 1150 nobis
2523 1097 2666 1150 cordi
2709 1108 2840 1149 esset
2882 1098 3131 1166 pedestris
3168 1096 3497 1165 pliilosOpItia
3533 1100 3775 1162 humique
3808 1107 3897 1153 lle-

2341 1206 2536 1256 pressa.
2575 1190 2647 1243 Ex
2678 1189 2864 1258 primis
2886 1189 3119 1258 ejusdem
3152 1188 3388 1256 epistola:
3421 1193 3616 1253 verbis,
3650 1188 3896 1259 Ερεειοίω

2342 1289 2442 1331 tute
2470 1281 2771 1344 prooemium
2812 1276 2991 1332 laudo.
3039 1278 3176 1343 Quid
3204 1286 3376 1330 autem
3408 1289 3615 1333 tuorum
3653 1298 3754 1334 non
3786 1280 3898 1331 lau-

2341 1369 2794 1437 daudum?liquet
2816 1368 3069 1423 Basiliam
3093 1372 3321 1438 priorem
3351 1370 3653 1439 scripsisse.
3682 1390 3743 1427 ac
3770 1373 3898 1427 Gre-

2340 1462 2489 1530 gorio
2532 1475 2667 1513 onus
2715 1461 2815 1515 sibi
2873 1461 3180 1529 impositum
3232 1461 3583 1529 signiﬁcasse,
3617 1465 3695 1517 vel
3728 1465 3900 1532 potius

2341 1552 2685 1621 ingemuisse.
2730 1553 2879 1606 Illum
2921 1556 3063 1607 enim
3114 1558 3425 1608 consolatur
3470 1552 3792 1621 Gregorius;
3845 1566 3899 1607 et

2340 1645 2590 1715 quoniam
2641 1646 2693 1701 id
2753 1647 2950 1701 factum
3006 1656 3105 1710 est,
3154 1649 3292 1715 quod
3342 1648 3573 1701 fortasse
3626 1662 3729 1699 non
3783 1648 3895 1700 lie:i

2341 1738 2695 1805 praestitisset,
2747 1738 3023 1793 ferendum
3078 1754 3195 1792 esse
3244 1743 3452 1802 statuit,
3498 1738 3782 1808 preesertim
3837 1739 3896 1789 ob

2268 1813 2311 1868 Β
2343 1840 2536 1896 tempus
2569 1834 2779 1898 utullus,
2833 1833 3022 1899 inquit,
3054 1834 3104 1884 in
3135 1848 3226 1882 uos
3275 1834 3509 1884 excitans
3536 1835 3895 1885 ltwreticorum

2341 1922 2573 1991 linguas;
2610 1922 2838 1991 μάλιστα
2884 1924 2969 1975 διὰ
3008 1923 3095 1976 τὸν
3146 1922 3333 1992 καιρὺν
3364 1922 3560 1984 πολλὰς
3594 1926 3723 1993 ἡμῖν
3754 1925 3899 1990 αἱρε-

2342 2014 2507 2067 τικῶν
2529 2008 2897 2081 ’ἐπεισάγονται
2930 2014 3195 2081 γλώσσας.

2410 2107 2473 2161 ll.
2520 2107 2663 2161 Satis
2710 2108 2848 2161 inter
2899 2107 3139 2159 eruditos
3184 2108 3433 2160 convenit
3475 2106 3728 2160 Basiliam
3757 2120 3893 2158 annc

2340 2200 2445 2252 562
2500 2203 2867 2271 presbyterum
2934 2200 3098 2254 fuisse
3154 2200 3482 2253 ordinatum.
3536 2200 3798 2253 Baro-nius
3847 2208 3898 2253 et

2341 2291 2686 2344 llermantins
2719 2307 2781 2345 ex
2827 2292 3050 2360 epistola
3081 2291 3237 2343 modo
3268 2290 3479 2342 laudata
3518 2291 3770 2359 colligunt
3804 2304 3895 2342 or-

2341 2384 2579 2437 dinatum
2626 2383 2770 2435 illum
2816 2384 2979 2438 fuisse
3023 2384 3206 2437 eodem
3245 2381 3357 2436 fere
3389 2391 3627 2448 tempore
3670 2396 3733 2433 ac
3765 2380 3897 2435 Grc-

2341 2473 2584 2542 goriam;
2628 2470 2848 2538 conjicit
2892 2470 3267 2524 Tillemontins
3310 2469 3588 2531 Basiliam,
3615 2483 3735 2521 cum
3782 2467 3898 2520 Cm-

2342 2578 2550 2617 saream
2577 2561 2811 2616 venisset
2832 2569 3124 2628 aegrotante
3152 2562 3357 2623 Dianio,
3388 2562 3457 2616 ibi
3487 2576 3651 2627 usque
3684 2560 3748 2612 ad
3784 2560 3895 2614 ele-

2342 2653 2569 2706 ctionem
2599 2651 2809 2704 Eusebii
2849 2659 3108 2702 moratum
3140 2664 3279 2713 esse,
3312 2663 3366 2703 et
3389 2654 3453 2705 ab
3478 2652 3729 2711 Eusebio,
3764 2650 3901 2703 forte

2342 2745 2556 2796 hortatu
2606 2740 2847 2809 Gregorii
2895 2740 3087 2809 patris,
3139 2749 3411 2793 retentum
3467 2749 3521 2793 et
3568 2742 3895 2797 ordinatum.

2412 2832 2773 2885 Timiditatem
2810 2832 2982 2901 injicit
3019 2831 3293 2885 hominum
3335 2832 3770 2886 doetissimorum
3806 2850 3900 2885 an-

2340 2926 2584 2988 ctoritas,
2636 2924 2923 2993 quominus
2976 2922 3042 2979 ab
3091 2923 3170 2978 eis
3203 2923 3513 2977 dissentiam
3550 2940 3564 2978 :
3595 2925 3685 2979 sed
3723 2934 3900 2978 tamen

2341 3033 2501 3086 cogor
2532 3017 2834 3072 dissentire.
2867 3021 3038 3085 Atque
3070 3016 3197 3071 illud
3231 3017 3445 3084 quidem
3484 3028 3631 3071 certo
3661 3027 3900 3071 statuere

2341 3115 2607 3178 videntur,
2659 3114 2831 3167 serius
2882 3113 3133 3167 Basiliam
3193 3114 3498 3166 ordinatum
3532 3112 3696 3166 inisse
3739 3124 3897 3177 quam

2261 3175 2306 3237 Ο
2337 3204 2673 3273 Gregorium.
2715 3204 2828 3257 Non
2877 3205 3052 3257 minus
3100 3205 3440 3272 perspicuum
3475 3214 3529 3258 et
3560 3204 3896 3270 exploratam

2338 3306 2419 3352 est
2461 3312 2580 3350 eunt
2623 3312 2725 3348 non
2773 3310 2801 3347 a
2846 3294 3050 3356 Diania,
3103 3304 3159 3346 ul
3205 3296 3420 3362 quidam
3460 3294 3762 3356 Voluerunt,
3804 3292 3896 3346 sed

2337 3390 2405 3444 ab
2437 3389 2665 3443 Eusebio
2695 3388 2997 3441 ordinatum
3034 3385 3215 3440 fuisse.
3264 3385 3397 3438 Nam
3448 3386 3666 3439 Dianius
3711 3386 3898 3455 paucis

2337 3483 2610 3537 mensibus
2640 3492 2757 3550 post
2796 3481 3040 3551 Gregorii
3073 3481 3461 3536 ordinationem
3501 3489 3743 3534 mortuus
3789 3491 3893 3542 esu,

2335 3588 2434 3626 nec
2470 3589 2589 3625 cum
2630 3590 2693 3626 eo
2735 3574 2964 3627 Basilius
2997 3576 3063 3629 ab
3112 3590 3251 3629 anno
3285 3574 3411 3641 560,
3448 3574 3547 3628 nisi
3579 3574 3629 3627 in
3659 3583 3899 3628 extremo

2335 3666 2522 3720 morbo
2565 3666 3001 3719 communicavit.
3054 3667 3158 3720 Sed
3203 3667 3343 3733 quod
3392 3666 3782 3720 ordinationem
3830 3663 3898 3715 ad

2336 3769 2537 3806 annum
2574 3753 2677 3807 56°).
2719 3751 2975 3815 referunt,
3019 3753 3069 3806 id
3103 3754 3291 3806 vellem
3339 3754 3569 3806 vincibili
3600 3753 3777 3820 aliqua
3808 3766 3895 3802 ra-

2339 3846 2482 3897 tione
2511 3846 2836 3898 llrmassent.
2866 3842 2997 3896 Nam
3040 3842 3292 3896 Basiliam
3340 3843 3596 3897 Caesarea:
3633 3859 3802 3912 usque
3832 3845 3898 3896 ad

2336 3935 2650 3990 electionem
2702 3936 2915 3990 Eusebii
2971 3946 3232 3989 moratam
3273 3951 3410 4000 esse,
3460 3937 3768 4005 conjectura
3817 3947 3900 3990 cst

2335 4024 2476 4077 nulla
2506 4041 2723 4091 prorsus
2751 4026 2879 4077 fulta
2911 4028 3139 4088 ratione,
3172 4025 3254 4079 vel
3289 4026 3465 4094 patias
3493 4026 3673 4079 Basilii
3708 4028 3897 4079 solitu-

2336 4116 2474 4171 dinis
2500 4118 2691 4179 amori,
2717 4127 2771 4171 et
2802 4131 2942 4168 carm
2972 4116 3285 4168 monasterii
3320 4118 3533 4185 regendi
3570 4132 3897 4185 repugnans,

2337 4224 2455 4262 cum
2489 4208 2783 4276 praesertim
2814 4206 3041 4258 fateatur
3068 4204 3443 4259 Tillemontius
3475 4216 3683 4274 tempus
3711 4209 3764 4259 in
3798 4210 3898 4262 hac

2336 4300 2595 4356 electione
2632 4298 3057 4352 dissensionibus
3093 4306 3393 4350 extractum
3425 4296 3612 4351 fuisse.

2410 4390 2533 4457 Sed,
2577 4393 2715 4461 quod
2758 4405 2841 4444 me
2891 4392 3123 4442 maxime
3173 4389 3409 4442 deterret
3440 4390 3507 4442 ab
3544 4390 3642 4443 bac
3691 4392 3897 4455 ample-

667 4525 847 4564 rornm
902 4522 965 4559 ac
1010 4506 1203 4558 deinde
1259 4505 1313 4556 in
1366 4502 1741 4570 episc0pornm
1782 4494 2035 4549 cathedra
2073 4494 2229 4558 sedit,
2264 4517 2308 4571 Β
2339 4487 2525 4540 ctenda
2579 4484 2848 4553 opinione,
2892 4481 3133 4547 pluribus
3166 4482 3430 4533 rationum
3474 4484 3763 4535 momentis
3800 4484 3895 4535 ad-

666 4618 772 4658 non
818 4600 1072 4653 honorem
1118 4608 1386 4664 quzerens,
1442 4592 1534 4647 sed
1576 4588 1640 4644 ab
1695 4590 1897 4643 honore
1942 4585 2227 4653 quaesitus;

667 4709 766 4747 nec
814 4694 879 4743 ab
925 4688 1251 4749 hominibus,
1297 4684 1390 4739 sed
1433 4698 1461 4735 a
1503 4683 1613 4736 Deo
1661 4679 1885 4749 gratiam
1939 4676 2231 4745 accipiens.

666 4783 919 4838 Basiliam
956 4778 1341 4846 Philostorgias
1374 4771 1447 4844 (ὑ)
1477 4771 1588 4841 jam
1629 4784 1767 4825 anno
1799 4767 1905 4823 ’559
1948 4768 2230 4821 diaconum

667 4877 832 4929 fuisse
855 4882 1005 4941 putat
1032 4888 1043 4923 :
1076 4870 1329 4925 Socrates
1346 4866 1434 4937 (c),
1465 4864 1555 4935 qui
1590 4878 1709 4917 cum
1740 4860 1938 4933 Basilio
1966 4858 2025 4912 S.
2057 4857 2233 4927 Chry-

663 4970 887 5023 sostomi
940 4965 1115 5018 amico
1159 4971 1403 5016 nostrum
1430 4956 1734 5022 confundit,
1787 4954 1852 5009 ad
1912 4953 2054 5006 hanc
2106 4963 2228 5003 eum

664 5063 978 5131 dignitatem
1010 5072 1039 5111 a
1074 5056 1131 5112 S.
1161 5054 1376 5109 Meletio
1404 5061 1647 5107 evectum
1685 5056 1892 5103 narrat.
1930 5044 2036 5099 Sed
2066 5042 2229 5097 Tille-

660 5154 898 5208 montins
945 5165 1009 5205 ne
1040 5151 1325 5204 diaconum
1359 5145 1580 5215 quidem
1616 5142 1780 5195 fuisse
1812 5139 2073 5193 Basiliam
2102 5151 2228 5205 pro-

657 5244 752 5299 bat
793 5260 859 5298 ex
908 5240 1209 5298 testimonio
1240 5235 1601 5301 Nazianzeni,
1632 5235 1720 5303 qui
1754 5233 1805 5285 in
1837 5240 1946 5284 tam
1978 5236 2226 5283 accurata

660 5338 927 5401 ordinum,
957 5350 1089 5403 quos
1116 5332 1353 5387 exercuit
1379 5328 1632 5390 Basilius,
1667 5322 2096 5385 enumeratione,
2122 5333 2223 5373 non

660 5428 931 5481 omisisset
963 5427 1326 5491 diae0natam,
1366 5424 1411 5479 si
1447 5423 1499 5477 in
1533 5419 1636 5475 hoc
1663 5431 1878 5489 quoque
1913 5413 2080 5486 gradu
2122 5411 2223 5466 mi-

661 5520 962 5574 nistrasset.

731 5718 805 5789 (ιε)
848 5718 994 5770 Orat.
1027 5717 1115 5772 20.

733 5787 803 5860 [5.)
846 5790 959 5844 Lib.
996 5806 1067 5854 tv,
1102 5803 1149 5843 c.
1182 5787 1265 5841 12.

2339 4580 2526 4639 ducor,
2580 4588 2639 4629 ut
2674 4576 2928 4629 Basiliam
2983 4588 3123 4627 anno
3161 4573 3265 4626 564
3296 4576 3393 4626 sub
3429 4573 3655 4628 Valente
3681 4575 3896 4628 credam

2338 4668 2644 4722 ordinatum
2689 4665 2873 4720 fuisse.
2917 4664 2972 4717 1ο
3018 4664 3135 4733 Ipsa
3170 4664 3416 4732 Gregorii
3452 4663 3615 4717 verba
3642 4663 3896 4716 Basiliam

2338 4761 2627 4824 monentis,
2665 4768 2723 4813 ut
2754 4761 2853 4813 sibi
2886 4769 3073 4814 caveat
3102 4758 3385 4825 prmsertt'm
3413 4756 3475 4807 ob
3510 4768 3727 4823 tempus,
3756 4754 3898 4807 mul-

2338 4865 2418 4908 tas
2452 4856 2505 4908 in
2532 4870 2647 4918 nos,
2668 4853 2954 4924 inquit(d),
2981 4851 3339 4905 licereticorum
3384 4851 3614 4903 excitans
3651 4847 3895 4916 linguas;

2336 4945 2469 5010 bmc,
2506 4946 2745 5014 inquam,
2783 4948 2947 4999 verba
2977 4941 3214 4995 Valentis
3255 4940 3479 5009 imperio
3506 4938 3734 4992 miriﬁce
3768 4953 3898 4993 con-

2333 5048 2551 5110 gruunt,
2584 5036 2781 5093 Juliaai
2819 5051 2944 5089 vero
2977 5048 3336 5101 nequaquam.
3378 5031 3508 5085 Nam
3542 5030 3645 5084 sub
3676 5030 3893 5085 Jaliano

2332 5130 2476 5184 nulla
2517 5130 2584 5183 ab
2624 5128 2891 5183 haereticis
2926 5125 3159 5193 pericula
3195 5125 3422 5177 maxima
3452 5123 3519 5177 ab
3562 5122 3896 5190 imperatore

2332 5232 2575 5291 apostata
2629 5221 2965 5276 exstiterunt.
3023 5219 3134 5272 Sub
3176 5217 3397 5271 Valente
3441 5226 3618 5267 autem
3674 5214 3894 5267 haeresis

2334 5316 2513 5369 statim
2551 5314 2803 5367 verticem
2837 5310 3077 5375 sustulit,
3117 5320 3170 5363 et
3202 5309 3362 5379 ignis,
3399 5308 3491 5377 qui
3520 5306 3777 5360 saeviente
3802 5304 3894 5359 Ju-

2333 5409 2460 5461 liani
2497 5408 2869 5474 persecutione
2913 5404 3217 5471 suppositus
3261 5401 3429 5481 cineri
3464 5400 3768 5456 videbatur,
3804 5400 3897 5449 de-

2333 5515 2439 5553 nuo
2464 5498 2683 5553 exarsit.
2717 5496 2847 5550 Nota
2882 5494 3121 5563 profecto
3160 5510 3247 5549 res
3278 5502 3360 5549 est
3387 5502 3437 5547 et
3476 5492 3543 5545 ab
3571 5492 3690 5560 ipso
3722 5488 3889 5544 Titie-

2409 5699 2478 5769 (c)
2519 5700 2631 5752 Lib.
2665 5715 2734 5759 tv,
2770 5716 2816 5753 c.
2853 5698 2938 5753 ‘26.

2406 5773 2481 5841 (α)
2524 5769 2649 5822 Naz.
2687 5787 2769 5839 ep.
2804 5771 2888 5821 11.
