4068 6320
1533 382 1686 436 VITA
1733 381 1789 436 S.
1834 380 2087 436 BASlLll.

3263 403 3426 443 ΣΞῊ(

208 489 398 543 moutio
447 499 650 555 notata,
708 490 992 548 luereticos
1048 496 1188 562 ipsos
1239 499 1336 553 sub
1368 498 1578 555 Juliano
1605 518 1632 555 a
1663 503 1753 557 do-
1795 508 1837 563 Α
1866 504 2076 558 videtur
2120 517 2180 555 ea
2227 503 2515 566 exstitiSse,
2550 518 2707 571 quam
2762 502 2946 555 habuit
3002 502 3053 556 in
3098 518 3187 556 sex
3225 506 3428 571 primos

208 581 429 635 mesticis
453 581 885 637 dissensionibus
924 589 1320 653 quodammodo
1365 595 1428 646 ad
1458 598 1755 651 communis

206 684 369 723 causa:
400 672 766 727 defensionem
804 686 1054 731 avocatus
1102 678 1286 735 fuisse.
1324 682 1441 737 Non
1478 695 1591 737 erat
1628 702 1757 757 ergo

205 760 295 813 hoc
343 772 553 831 tempus
592 765 656 818 ad
690 782 873 820 eorum
902 770 1212 824 excitandas
1250 774 1454 844 linguas
1485 777 1752 832 idoneum.

204 852 254 905 ἓν
282 852 534 917 Basilius,
575 856 624 909 in
658 858 811 925 epist.
833 859 1284 931 210(p.5!5),ait
1310 882 1365 920 se
1386 868 1433 919 in
1454 867 1605 921 Ponti
1637 872 1759 924 soli-

208 944 378 999 tudine
422 948 600 1009 plures
661 966 825 1003 annos
873 953 1143 1006 continuos
1186 972 1571 1014 commoratum
1615 979 1754 1020 esse.

204 1035 265 1086 At
299 1037 348 1087 in
377 1051 439 1089 ea
477 1053 637 1106 quam
690 1041 982 1096 relellimus
1024 1048 1276 1112 opinione
1333 1053 1513 1118 plures
1542 1057 1756 1122 quidem

206 1128 428 1181 traduxit
464 1144 633 1182 annos
659 1132 710 1183 in
741 1132 927 1196 Ponto,
964 1138 1054 1189 sed
1084 1139 1406 1207 interruptos
1438 1159 1500 1198 ac
1538 1149 1757 1203 minime

205 1222 500 1275 continuos.
535 1224 659 1277 Illuc
693 1225 832 1276 enim
867 1241 924 1279 se
966 1232 1188 1283 contulit
1224 1248 1362 1286 anno
1391 1236 1515 1304 558,
1540 1244 1759 1311 presby-

204 1322 275 1365 ter
303 1327 441 1367 anno
497 1314 601 1367 56?.
645 1327 857 1370 creatus
906 1321 1062 1373 rediit
1102 1323 1150 1375 in
1204 1323 1431 1380 Pontum
1465 1344 1605 1385 anno
1632 1334 1756 1397 565,

202 1409 393 1478 ibique,
427 1420 487 1463 ut
516 1410 784 1464 existimat
811 1412 1204 1482 Tillemontius,
1256 1436 1425 1491 usque
1457 1425 1522 1478 ad
1554 1441 1752 1482 annum

201 1499 293 1553 366
344 1502 562 1555 resedit.

262 1592 321 1645 5ο
356 1593 496 1645 Duas
537 1594 794 1650 habemus
829 1598 1012 1652 Basilii
1050 1602 1113 1653 ad
1149 1601 1430 1660 Leontium
1474 1612 1753 1679 epistolas,

200 1695 324 1748 ψη,
352 1690 411 1732 ιιι
450 1684 608 1737 modo
656 1687 971 1753 videbimus,
1017 1692 1155 1745 notis
1189 1698 1314 1748 anni
1360 1698 1464 1750 564
1505 1704 1755 1755 exeuntis

201 1773 409 1839 signata:
440 1785 583 1827 sunt.
617 1777 822 1832 Emdem
851 1781 999 1835 initio
1022 1786 1308 1840 sacerdotii
1336 1792 1545 1858 scripta:
1571 1794 1756 1847 viden-

1863 612 2047 651 versus
2084 597 2519 651 Proverbiorum.
2559 598 2614 650 In
2669 598 2961 663 primordio
2991 599 3134 650 enim
3192 598 3429 651 declarat

1861 704 1917 741 se
1947 688 2167 741 obedire
2191 689 2408 757 benigno
2452 688 2613 754 patri,
2652 688 2739 756 qui
2774 704 2913 739 more
2947 687 3229 753 peritorum
3271 693 3428 739 uen‘u-

1860 793 2028 833 tornm
2070 783 2121 833 in
2165 782 2293 833 locis
2342 781 2599 849 difﬁcilem
2649 781 2851 831 aditum
2898 780 3226 840 habentibus,
3280 779 3433 842 quasi

1860 873 2019 923 catuli
2057 873 2286 940 alicujus
2314 888 2519 923 cursum
2550 871 2772 937 experiri
2790 872 2981 929 volens,
3019 868 3428 921 Proverbiorum

1862 966 2187 1034 principium
2235 975 2595 1034 proposuerat
2635 964 3031 1031 exponendum.
3078 962 3221 1014 Inter
3248 961 3428 1013 Basilii

1862 1059 2114 1112 homilias
2172 1060 2285 1112 ltrec
2333 1058 2440 1112 sola
2479 1058 2736 1120 occurrit,
2767 1070 2888 1123 qua:
2940 1069 3125 1107 coram
3176 1055 3428 1122 episcopo

1861 1152 2046 1203 habita
2082 1149 2366 1214 videatur;
2411 1148 2517 1201 sola
2564 1149 2705 1200 enim
2763 1154 3078 1214 prmscntem
3122 1144 3429 1213 episcopum

1862 1241 2155 1294 honorifice
2186 1240 2405 1294 salutat.

1930 1331 2197 1386 Cancrum
2240 1348 2340 1385 non
2376 1333 2427 1385 in
2468 1332 2581 1385 solo
2612 1330 2757 1383 verbi
2796 1328 3094 1382 ministerio
3135 1326 3430 1379 Eusebium

1852 1424 2075 1492 juvahat
2098 1424 2328 1478 Basilius
2355 1466 2368 1489 ,
2422 1426 2513 1476 sed
2547 1427 2726 1492 plures
2763 1420 3019 1474 Ecclesia:
3047 1418 3431 1471 administran-

1862 1521 1940 1574 dae
1972 1532 2153 1589 partes
2185 1521 2231 1575 ei
2281 1520 2584 1574 commissae
2640 1518 2903 1571 videntur.
2944 1514 3075 1567 Nam
3131 1514 3429 1568 crebrmilli

1858 1614 2237 1682 occupationes
2287 1627 2474 1681 parum
2529 1612 2623 1663 otii
2660 1610 3058 1677 relinquebant,
3099 1616 3155 1660 ut
3204 1608 3314 1675 ipse
3350 1614 3431 1659 te-

1858 1706 2107 1759 staturin
2135 1705 2294 1774 epist.
2328 1705 2419 1757 20.
2464 1703 2629 1770 llujus
2664 1712 2839 1754 autem
2873 1711 2926 1753 et
2953 1702 3218 1754 vicesimae
3246 1701 3431 1768 prima:

1864 1797 2163 1850 scribenda:
2188 1812 2247 1849 ea
2280 1797 2378 1849 fuit
2431 1797 2647 1849 occasio
2679 1814 2689 1847 :
2726 1795 2855 1848 (lum
2891 1792 3147 1847 Leontius
3191 1792 3427 1860 sophista

199 1870 293 1914 tur.
321 1864 408 1916 Ait
435 1867 577 1919 enim
614 1886 627 1920 :
660 1867 825 1924 Nobis
849 1873 983 1924 enim
1010 1874 1207 1928 crebrw
1231 1879 1335 1931 ilice
1363 1884 1753 1949 occupationes,
1789 1860 1830 1914 Β
1861 1887 2124 1941 Basilium
2155 1898 2466 1942 accusasset
2492 1888 2632 1957 quod
2670 1902 2792 1939 raro
2826 1887 2893 1940 ad
2924 1900 2981 1939 se
3007 1886 3291 1949 scriberet,
3326 1886 3433 1939 cri-

196 1952 367 2019 quibus
401 1972 540 2009 nunc
568 1958 895 2026 distinemur,
928 1967 1315 2020 excusationem
1338 1970 1473 2036 forte
1504 1975 1752 2043 afferant,

196 2046 236 2095 si
254 2047 438 2100 litteris
482 2051 730 2107 desimus,
760 2054 817 2106 4ο
841 2053 1032 2112 Libros
1066 2059 1114 2111 iu
1163 2060 1480 2118 Eunomium
1524 2071 1755 2140 scriptos

196 2150 302 2191 esse
329 2142 666 2197 ostendimus
704 2159 844 2199 anno
875 2145 998 2201 565.
1050 2148 1233 2218 Longe
1272 2165 1454 2210 autem
1500 2161 1756 2228 probabi-

194 2224 287 2282 lius
332 2239 461 2285 tunc
506 2232 758 2288 Basiliam
803 2238 976 2293 adhuc
1024 2240 1077 2294 in
1129 2244 1417 2303 solitudine
1468 2224 1753 2318 resedisse,

196 2330 343 2384 quam
375 2322 605 2375 insolitis
653 2329 936 2383 sacerdotii
984 2335 1427 2403 occupationibus
1457 2340 1751 2398 dillicillinti

197 2413 364 2476 cperis
402 2412 638 2466 laborem
665 2416 958 2475 addidisse.

258 2498 367 2552 Non
395 2503 609 2557 videtur
652 2519 773 2563 ante
808 2526 1042 2566 mensem
1093 2513 1463 2584 Septembrem
1494 2523 1607 2578 hmo
1634 2541 1756 2593 per-

196 2602 305 2645 acta
359 2595 651 2651 ordinatio.
694 2601 873 2669 Neque
895 2606 1034 2657 enim
1064 2618 1190 2661 ante
1225 2609 1325 2665 hoc
1354 2620 1563 2680 tempus
1589 2620 1753 2671 verti-

196 2698 301 2736 cem
343 2690 564 2743 sustulit
605 2692 844 2751 heresis,
874 2695 1121 2760 Quandiu
1164 2701 1213 2753 in
1250 2701 1472 2758 Oriente
1519 2708 1618 2761 fuit
1653 2708 1753 2761 ν..-

196 2775 531 2844 lentinianus,
567 2784 699 2835 nihil
746 2789 1089 2842 metuendum
1123 2790 1222 2846 fuit
1270 2795 1336 2849 ab
1378 2798 1749 2856 hmreticorum

196 2873 441 2932 potentia.
472 2873 665 2927 Valens
691 2875 772 2929 die
793 2876 861 2931 ‘28
890 2878 1060 2935 Martii
1084 2885 1353 2954 Augustus
1381 2894 1747 2960 renuntiatus,

195 2960 363 3028 elapso
406 2965 627 3018 circiter
680 2984 861 3024 mense
895 2972 1117 3030 fratrem
1161 2976 1417 3036 Sirmium
1452 3000 1618 3053 usque
1653 3003 1745 3042 co-

195 3052 400 3109 mitatus
426 3067 507 3110 est
536 3055 644 3125 (a);
680 3070 733 3113 et
764 3077 885 3117 cum
931 3065 981 3119 iu
1019 3073 1291 3127 nonnullis
1320 3052 1629 3131 civitatibus
1663 3080 1747 3131 in-

196 3145 417 3211 terjectis
450 3151 584 3202 satis
624 3152 712 3205 diu
741 3159 933 3210 morati
972 3160 1191 3223 fuerint,
1224 3164 1309 3215 vix
1354 3168 1525 3232 potuit
1553 3167 1749 3227 Valens

194 3246 309 3287 ante
333 3252 571 3294 mensem
601 3241 969 3311 Septembrem
996 3247 1509 3323 Constantinmiolim
1546 3263 1744 3319 redire.

194 3324 443 3384 Redeunti
473 3345 829 3388 occurrerunt
866 3336 1133 3397 Heraclea:
1164 3345 1318 3415 legati
1348 3350 1700 3422 Lampsaceni
1729 3376 1743 3423 ;

192 3418 298 3485 sed,
328 3435 444 3474 cum
481 3423 594 3490 jam
639 3424 783 3478 illum
834 3430 886 3480 in
932 3447 1058 3486 suas
1121 3448 1296 3503 partes
1345 3445 1594 3499 traxisset
1643 3447 1748 3500 Eu-

192 3509 385 3574 doxius,
425 3517 685 3585 praecepit
722 3517 913 3589 legatis
958 3534 1014 3576 ut
1061 3525 1304 3583 Eudoxio
1335 3546 1455 3587 sesc
1491 3538 1747 3607 adjungc-

192 3612 335 3657 rent:
366 3617 659 3662 renuentes
685 3611 941 3667 iracunde
966 3618 1167 3673 dimisit
1206 3636 1269 3675 ac
1303 3623 1595 3679 Eeclesiam
1626 3645 1747 3696 per-

190 3699 325 3765 sequi
372 3702 556 3767 coepit.
601 3702 721 3756 llzec
753 3706 922 3771 prima
961 3708 1060 3761 fuit
1088 3711 1464 3769 haereticorum
1511 3720 1610 3773 sub
1643 3722 1744 3777 Va-

190 3786 316 3841 lente
351 3790 558 3843 nefaria
590 3794 810 3859 molitio,
852 3797 1005 3865 cujus
1040 3800 1181 3856 fama
1222 3805 1333 3872 jam
1368 3808 1418 3861 in
1462 3811 1743 3880 Cappado-

190 3878 308 3931 ciam
336 3882 543 3949 perlata
569 3882 763 3949 fuerat,
792 3904 911 3942 cum
949 3890 1199 3949 Basiliam
1231 3914 1413 3955 recens
1438 3907 1741 3960 ordinatum

190 3973 375 4027 monuit
400 3972 719 4045 Gregorius,
746 3994 1004 4049 quantum
1040 3987 1105 4041 ab
1135 3988 1404 4047 hmrcticis
1440 3996 1734 4063 periculum

190 4068 495 4124 immineret.
541 4069 722 4127 Basilii
766 4078 1162 4135 ordinationem
1218 4084 1429 4155 longius
1462 4106 1488 4141 a
1552 4109 1738 4148 mense

190 4153 475 4222 Septembri
520 4177 797 4219 removere
841 4183 946 4219 n-n
991 4172 1189 4235 sinunt,
1224 4153 1341 4244 quae
1388 4181 1453 4234 ab
1486 4196 1550 4235 eo
1593 4184 1741 4238 deiu-

189 4259 313 4314 ceps,
364 4265 537 4319 usque
586 4253 652 4307 ad
707 4256 945 4314 Valentis
993 4266 1280 4322 adventum
1335 4284 1485 4341 gesta
1554 4293 1742 4331 narra-

188 4338 363 4394 bimus.

246 4434 320 4489 Ill.
348 4436 586 4494 Evectus
633 4445 699 4496 ad
730 4448 1085 4504 sacerdotium
1117 4452 1346 4510 Basilius
1390 4458 1586 4525 locum,
1632 4476 1736 4515 non

1862 1997 1981 2035 men
2012 1983 2065 2035 in
2094 1982 2377 2037 Leontium
2408 1992 2681 2049 retorquet
2707 1982 2950 2042 Basilius,
2984 1994 3208 2047 euinque
3229 1994 3291 2032 eo
3324 1994 3435 2029 ma-

1862 2074 1943 2141 gis
1969 2073 2294 2141 culpandum
2336 2076 2691 2135 dentonstrat,
2739 2074 2877 2142 quod
2923 2081 2977 2126 et
3018 2072 3272 2141 plurimas
3294 2070 3431 2125 seri-

1860 2166 2017 2218 bendi
2050 2167 2361 2219 occasiones
2402 2168 2617 2231 habeat,
2646 2177 2719 2233 et,
2743 2176 2797 2217 nt
2822 2166 3084 2235 sophista,
3110 2164 3431 2233 loquacissis-

1861 2274 1977 2311 mus
2013 2259 2082 2313 sit
2120 2279 2131 2311 :
2171 2275 2268 2313 cur
2320 2269 2495 2313 autem
2538 2261 2649 2327 ipse
2676 2259 2847 2312 rarius
2876 2257 3171 2325 scripserit,
3207 2263 3430 2309 excusat

1860 2351 2081 2405 crebras
2121 2351 2503 2420 occupationes
2540 2352 2733 2419 quibus
2776 2350 3085 2409 distinetur,
3128 2354 3181 2400 et
3212 2355 3434 2399 contraa

1860 2452 1997 2496 ctam
2048 2458 2112 2497 ex
2169 2442 2406 2511 vulgaris
2459 2442 2725 2496 sermonis
2759 2457 2853 2495 usu
2897 2442 3184 2510 aeruginem
3241 2453 3429 2507 quam-

1858 2536 2006 2597 dam,
2046 2552 2166 2604 qua:
2205 2536 2471 2603 sopbistas
2527 2536 2726 2603 alloqui
2786 2535 3083 2604 prohibeat.
3134 2532 3429 2600 Respondit

1860 2628 2113 2681 Leontius
2141 2637 2194 2681 ct
2215 2627 2486 2681 Julianum
2515 2628 2800 2696 quemdam
2827 2627 3109 2687 incusavit,
3142 2624 3280 2692 quod
3302 2637 3427 2678 suas

1859 2718 2057 2772 Basilio
2094 2719 2301 2772 litteras
2331 2735 2437 2773 non
2479 2718 2818 2772 reddidisset.
2856 2717 2988 2768 Tum
3035 2715 3261 2767 Basilius
3308 2729 3429 2782 per—

1858 2823 2012 2865 acute
2038 2811 2304 2865 .lulianum
2336 2818 2609 2879 comparat
2643 2825 2760 2864 cum
2792 2810 2852 2861 iis
2884 2824 2912 2861 a
2948 2807 3141 2876 quibus
3177 2816 3302 2858 tunc
3335 2820 3426 2855 au-

1858 2902 2004 2968 tiqua
2047 2902 2225 2954 debita
2270 2901 2686 2966 reposcebantur
2731 2918 2741 2951 :
2785 2908 2836 2952 et
2870 2899 3057 2965 quaerit
3089 2912 3151 2949 ex
3200 2894 3423 2948 Leontio

1856 3008 1982 3043 num
2014 2993 2058 3044 ei
2095 2992 2299 3061 placeat
2334 2990 2743 3045 celeberrimum
2783 2990 2907 3043 illud
2939 2989 3243 3055 tetraplum,
3278 2989 3423 3056 quod

1858 3092 1981 3137 tunc
2027 3083 2198 3153 pluris
2234 3083 2505 3138 faciebant
2556 3083 2796 3153 pecunia:
2831 3083 3051 3151 publica:
3086 3080 3419 3138 collectores,

1856 3192 2015 3245 quam
2043 3177 2376 3247 Pythagorici
2422 3177 2729 3246 Tetractyn.
2770 3176 2861 3228 llis
2900 3173 3169 3241 leporibus
3203 3170 3425 3225 notabat

1833 3256 2081 3321 Basilius
2104 3268 2476 3321 crudelitatem
2521 3267 2779 3329 Petronii,
2812 3268 2984 3320 soceri
3014 3264 3269 3325 Valentis,
3305 3265 3419 3331 qui,

1848 3356 1911 3415 rut
1965 3361 2039 3413 ait
2070 3361 2387 3415 Ammianus
2416 3362 2510 3429 (ε),
2554 3363 2619 3411 ad
2654 3360 2925 3411 mutandos
2968 3359 3074 3409 sine
3106 3356 3421 3409 discretione

1852 3460 2060 3503 cunctos
2089 3452 2382 3501 immaniter
2402 3452 2655 3517 ﬂagrans,
2688 3460 2922 3502 nocentes
2945 3450 3138 3516 pariter
3169 3459 3212 3500 et
3243 3449 3420 3499 insert-

1851 3554 1922 3595 tes
1961 3553 2074 3610 post
2109 3544 2361 3609 exquisita
2405 3554 2660 3597 tormenta
2684 3542 2959 3610 quadrupli
2990 3541 3202 3592 nexibus
3226 3541 3419 3591 vincie-

1851 3633 1959 3697 bat,
1991 3634 2162 3687 debita
2188 3636 2303 3703 jam
2328 3635 2445 3686 inde
2470 3652 2498 3686 α
2531 3634 2843 3699 temporibus
2874 3633 3118 3698 principis
3146 3631 3417 3683 Aureliani

1850 3738 2202 3791 perscrutans,
2225 3738 2270 3779 et
2304 3728 2560 3793 impendio
2590 3742 2827 3787 νίκων-ρης,
2848 3726 2889 3776 si
2911 3739 3217 3793 quemquam
3241 3722 3414 3773 absol-

1848 3817 1997 3869 visset
2031 3816 2338 3868 indemnem.
2380 3817 2501 3868 llzec
2522 3827 2699 3868 autem
2726 3816 2959 3868 Petronii
2988 3814 3295 3873 crudelitas,
3328 3827 3414 3864 eo-

1849 3908 1968 3960 dem
2002 3918 2133 3960 teste
2165 3908 2471 3971 Ammiano,
2499 3923 2619 3962 cum
2644 3906 2881 3959 omnium
2909 3908 3115 3958 animos
3150 3906 3200 3957 in
3230 3903 3419 3958 Valen-

1850 4007 1953 4052 tem
2003 3999 2386 4063 exulcerasset,
2439 4016 2585 4069 spem
2640 4000 2823 4067 injecit
2874 3998 3135 4064 Procopio
3171 3997 3414 4065 potiundi

1848 4093 2079 4160 imperii,
2118 4095 2258 4161 quod
2293 4095 2504 4146 tandem
2553 4092 2834 4160 occupavit
2868 4107 3007 4143 anno
3039 4090 3160 4142 565.
3192 4086 3411 4141 Utrum-

1846 4200 1950 4252 que
1978 4200 2106 4252 ergo
2133 4186 2411 4251 epistolam
2454 4200 2557 4237 non
2604 4183 2872 4235 immerito
2904 4180 3184 4233 referimus
3214 4181 3279 4233 ad
3314 4196 3411 4231 an-

1845 4292 1970 4327 num
2003 4275 2104 4327 364
2129 4287 2434 4339 exeuntem,
2463 4285 2551 4327 aut
2580 4273 2682 4325 565
2716 4274 3007 4328 ineuntem.
3052 4272 3233 4323 Serius
3261 4272 3407 4324 enim

1843 4368 2090 4421 collocari
2139 4384 2241 4421 non
2292 4369 2504 4428 debent,
2542 4366 2663 4432 quia
2701 4365 2924 4419 Basilius
2954 4365 3098 4417 circa
3143 4364 3242 4416 hoc
3275 4374 3406 4417 tem-

1842 4474 1941 4526 pus
1971 4460 2210 4514 Czesarea
2242 4460 2504 4514 discessit.

192 4525 475 4585 institutum
530 4536 778 4590 mutavit.
838 4540 1297 4607 Quemadmodum
1346 4550 1487 4604 enim
1542 4567 1606 4607 ex
1647 4570 1736 4608 so-
1768 4552 1811 4606 D
1914 4551 2049 4605 Cum
2098 4553 2357 4606 scriberet
2402 4551 2595 4604 Basilio
2638 4550 2928 4620 Gregorius
2976 4565 3123 4604 more
3165 4564 3259 4602 SIIO
3288 4548 3405 4616 epi-

189 4618 391 4678 litudine
435 4624 627 4678 urbem
678 4626 932 4687 effecerat
979 4636 1157 4689 studio
1189 4637 1411 4703 juvandi
1461 4647 1729 4711 proximi,

190 4710 250 4764 ita
285 4713 333 4765 in
363 4719 500 4774 urbe
543 4730 795 4789 tanquam
838 4724 888 4776 in
921 4729 1221 4799 solitudine
1259 4738 1465 4790 versari
1502 4739 1726 4807 sciebat,

192 4811 307 4857 teste
334 4805 576 4877 Nysseno
602 4813 697 4881 (b),
722 4828 819 4866 nec
847 4814 1122 4874 hominum
1155 4823 1456 4892 frequentia
1506 4846 1604 4885 nec
1636 4805 1731 4885 nei-

190 4898 431 4964 gntiorum
467 4905 808 4960 multitudine
834 4922 862 4959 a
892 4908 980 4976 pio
1016 4922 1070 4965 et
1098 4926 1255 4969 cauto
1284 4916 1497 4973 vivendi
1536 4939 1730 4991 genere

192 5004 439 5047 avocatus.
469 4994 720 5065 Magnum
758 5016 885 5056 sane
916 5005 1220 5073 praesidium
1246 5013 1450 5065 exstitit
1478 5016 1729 5071 Ecclesiae

190 5080 488 5141 Caesariensi
520 5088 570 5140 in
602 5088 867 5156 ejusmodi
904 5097 1230 5165 presbytero,
1272 5104 1361 5172 qui
1394 5117 1588 5172 prmter
1617 5108 1728 5162 elo-

190 5179 468 5242 quentiam,
516 5196 621 5249 qua
659 5185 928 5248 sophistas
965 5204 1150 5243 omnes
1196 5195 1336 5247 illius
1361 5199 1538 5250 aetatis
1567 5204 1724 5268 longe

189 5268 475 5335 superabat,
516 5290 610 5342 per
658 5282 783 5329 octo
822 5292 994 5333 annos
1043 5295 1161 5334 sese
1194 5296 1511 5339 exercuerat
1553 5290 1607 5343 in
1641 5307 1728 5344 sa-

187 5362 289 5413 cris
316 5360 598 5430 Scripturis
652 5366 912 5436 legendis,
968 5374 1018 5426 in
1056 5375 1356 5432 meditando
1410 5394 1474 5433 ac
1528 5398 1727 5450 prepa—

189 5452 378 5514 gnanda
414 5454 667 5513 Ecclesia:
699 5463 965 5527 doctrina,
998 5480 1059 5519 ac
1086 5467 1134 5519 in
1160 5470 1409 5523 omnibus
1441 5477 1729 5530 monastici

188 5539 400 5599 instituti
432 5549 721 5607 virtutibus
773 5556 1096 5612 excolendis.
1141 5557 1317 5615 Prima
1374 5562 1511 5618 illius
1551 5569 1724 5622 oratio

252 5720 445 5787 (“)Am.
470 5732 503 5783 l.
532 5748 674 5786 xxvi.
711 5746 759 5782 (ξ.
802 5734 847 5784 ί.

254 5792 312 5857 ib)
342 5796 409 5847 De
432 5800 575 5853 Basil
607 5840 621 5863 ,
650 5813 778 5853 tuu.
802 5802 881 5861 ΗΞ,
910 5820 957 5866 ιι.
1000 5807 1104 5858 235.

1846 4645 2033 4697 stolam
2063 4644 2240 4696 verbis
2269 4642 2506 4705 brevem,
2537 4645 2815 4697 sententiis
2857 4643 3148 4709 capiosam,
3185 4640 3409 4693 tabella-

1847 4738 1976 4798 rius,
2028 4736 2245 4787 absente
2293 4734 2509 4798 Basilio,
2554 4736 2829 4804 epistolam
2881 4734 3153 4788 commisit
3207 4733 3296 4784 uni
3330 4747 3395 4784 ex

1843 4825 2021 4880 Basilii
2048 4826 2237 4879 amicis
2267 4844 2278 4877 :
2311 4843 2375 4881 ex
2403 4844 2507 4897 quo
2537 4827 2761 4893 conjich
2787 4842 2906 4879 eum
2932 4826 3188 4879 Caesareae
3224 4823 3401 4891 potius

1843 4935 1997 4987 quam
2033 4919 2084 4971 in
2121 4918 2290 4975 Ponto
2340 4920 2669 4973 (lonticilium
2708 4920 2983 4973 habuisse.
3020 4918 3149 4970 Nam
3197 4917 3247 4967 in
3287 4930 3401 4965 mo-

1840 5014 2077 5067 na5terio
2127 5016 2321 5069 tradita
2358 5015 2546 5067 fuisset
2584 5016 2804 5082 epistola
2844 5016 2913 5077 ei,
2958 5014 3022 5064 ad
3068 5027 3224 5082 quem
3274 5026 3401 5064 cura

1839 5105 2100 5170 ejusmodi
2136 5122 2314 5160 rerum
2346 5108 2653 5176 pertinebat
2690 5125 2701 5158 :
2739 5122 2836 5160 nec
2875 5105 3147 5173 quaerendi
3179 5104 3228 5156 iu
3261 5104 3401 5156 hunc

1840 5212 1993 5250 usum
2021 5198 2246 5253 fuissent
2272 5198 2449 5251 Basdii
2483 5199 2798 5252 familiares.
2835 5198 3141 5266 Respondet
3171 5197 3399 5251 Basilius

1838 5305 1931 5358 per
1957 5291 2195 5353 Petrum,
2222 5308 2381 5361 quem
2418 5294 2580 5362 ipsius
2610 5294 2828 5346 fratrem
2857 5293 3022 5347 fuisse
3050 5292 3213 5344 nolim
3250 5305 3399 5343 asse-

1839 5398 2045 5449 verare,
2081 5388 2279 5458 quippe
2310 5406 2430 5443 cum
2464 5405 2585 5443 eum
2630 5389 2697 5443 de
2734 5404 2878 5443 more
2906 5387 3136 5441 Basilius
3171 5385 3392 5437 fratrem

1838 5489 1991 5529 suum
2038 5494 2138 5531 non
2173 5480 2425 5547 appellet.

1910 5568 1996 5626 ιν.
2029 5571 2101 5625 Eo
2145 5573 2363 5627 charior
2398 5575 2628 5631 Eusebio
2668 5580 2941 5632 debmssct
2986 5589 3103 5630 esse
3137 5572 3387 5636 Basilius:

1900 5752 1967 5819 (c)
1994 5755 2104 5807 Lib.
2140 5773 2278 5819 xxvi,
2310 5774 2355 5809 (τ.
2393 5762 2443 5811 6.
