  <div class='ocr_page' id='page_1' title='image "/cluster/home/n/w/nwhite01/storage/ocr_20150623/29/pst.000005712274/047.png"; bbox 0 0 4094 6308; ppageno 0'>
   <div class='ocr_carea' id='block_1_1' title="bbox 690 356 2562 420">
    <p class='ocr_par' dir='ltr' id='par_1_1' title="bbox 690 356 2562 420">
     <span class='ocr_line' id='line_1_1' title="bbox 690 356 2562 420; baseline -0.005 -1"><span class='ocrx_word' id='word_1_1' title='bbox 690 380 755 420; x_wconf 63' lang='lat' dir='ltr'><strong>xc</strong></span> <span class='ocrx_word' id='word_1_2' title='bbox 2027 356 2562 414; x_wconf 64' lang='lat' dir='ltr'><strong>PBOLEGOMENA.</strong></span> 
     </span>
    </p>
   </div>
   <div class='ocr_carea' id='block_1_2' title="bbox 689 474 3924 550">
    <p class='ocr_par' dir='ltr' id='par_1_2' title="bbox 689 474 3924 550">
     <span class='ocr_line' id='line_1_2' title="bbox 689 474 3924 550; baseline 0 -20"><span class='ocrx_word' id='word_1_3' title='bbox 689 496 795 550; x_wconf 83' lang='lat' dir='ltr'><strong>quo</strong></span> <span class='ocrx_word' id='word_1_4' title='bbox 820 482 992 550; x_wconf 87' lang='lat' dir='ltr'><strong>magis</strong></span> <span class='ocrx_word' id='word_1_5' title='bbox 1024 495 1142 534; x_wconf 92' lang='lat' dir='ltr'><strong>eum</strong></span> <span class='ocrx_word' id='word_1_6' title='bbox 1182 480 1233 532; x_wconf 91' lang='lat' dir='ltr'><strong>iu</strong></span> <span class='ocrx_word' id='word_1_7' title='bbox 1285 478 1505 532; x_wconf 87' lang='lat' dir='ltr'><strong>ferendo</strong></span> <span class='ocrx_word' id='word_1_8' title='bbox 1535 478 1876 547; x_wconf 91' lang='lat' dir='ltr'><strong>episcopatus</strong></span> <span class='ocrx_word' id='word_1_9' title='bbox 1907 492 2071 532; x_wconf 88' lang='lat' dir='ltr'><strong>onere</strong></span> <span class='ocrx_word' id='word_1_10' title='bbox 2097 478 2250 545; x_wconf 84' lang='lat' dir='ltr'><strong>juva-</strong></span> <span class='ocrx_word' id='word_1_11' title='bbox 2282 486 2325 539; x_wconf 73' lang='grc' dir='ltr'><strong>Α</strong></span> <span class='ocrx_word' id='word_1_12' title='bbox 2356 492 2535 539; x_wconf 88' lang='lat' dir='ltr'><strong>causa,</strong></span> <span class='ocrx_word' id='word_1_13' title='bbox 2574 475 2901 541; x_wconf 78' lang='lat' dir='ltr'><strong>abduxisset,</strong></span> <span class='ocrx_word' id='word_1_14' title='bbox 2941 476 3078 529; x_wconf 87' lang='lat' dir='ltr'><strong>idem</strong></span> <span class='ocrx_word' id='word_1_15' title='bbox 3105 476 3247 530; x_wconf 78' lang='lat' dir='ltr'><strong>illius</strong></span> <span class='ocrx_word' id='word_1_16' title='bbox 3277 476 3502 529; x_wconf 92' lang='lat' dir='ltr'><strong>reditum</strong></span> <span class='ocrx_word' id='word_1_17' title='bbox 3546 475 3610 529; x_wconf 90' lang='lat' dir='ltr'><strong>ad</strong></span> <span class='ocrx_word' id='word_1_18' title='bbox 3666 474 3924 533; x_wconf 68' lang='lat' dir='ltr'><strong>Ecclesiae</strong></span> 
     </span>
    </p>
   </div>
   <div class='ocr_carea' id='block_1_3' title="bbox 690 570 2257 640">
    <p class='ocr_par' dir='ltr' id='par_1_3' title="bbox 690 570 2257 640">
     <span class='ocr_line' id='line_1_3' title="bbox 690 570 2257 640; baseline -0.004 -13"><span class='ocrx_word' id='word_1_19' title='bbox 690 575 803 628; x_wconf 85' lang='lat' dir='ltr'><strong>bat.</strong></span> <span class='ocrx_word' id='word_1_20' title='bbox 852 574 956 625; x_wconf 93' lang='lat' dir='ltr'><strong>Sed</strong></span> <span class='ocrx_word' id='word_1_21' title='bbox 1011 572 1261 640; x_wconf 76' lang='lat' dir='ltr'><strong>quamvis</strong></span> <span class='ocrx_word' id='word_1_22' title='bbox 1309 570 1599 639; x_wconf 90' lang='lat' dir='ltr'><strong>Gregorius</strong></span> <span class='ocrx_word' id='word_1_23' title='bbox 1646 570 2002 623; x_wconf 76' lang='lat' dir='ltr'><strong>dissensionis</strong></span> <span class='ocrx_word' id='word_1_24' title='bbox 2039 586 2257 623; x_wconf 89' lang='lat' dir='ltr'><strong>causam</strong></span> 
     </span>
    </p>
   </div>
   <div class='ocr_carea' id='block_1_4' title="bbox 690 660 2259 724">
    <p class='ocr_par' dir='ltr' id='par_1_4' title="bbox 690 660 2259 724">
     <span class='ocr_line' id='line_1_4' title="bbox 690 660 2259 724; baseline -0.001 -9"><span class='ocrx_word' id='word_1_25' title='bbox 690 661 935 715; x_wconf 83' lang='lat' dir='ltr'><strong>consulto</strong></span> <span class='ocrx_word' id='word_1_26' title='bbox 960 670 1156 724; x_wconf 87' lang='lat' dir='ltr'><strong>taceat,</strong></span> <span class='ocrx_word' id='word_1_27' title='bbox 1183 663 1394 714; x_wconf 88' lang='lat' dir='ltr'><strong>videtur</strong></span> <span class='ocrx_word' id='word_1_28' title='bbox 1424 660 1607 714; x_wconf 77' lang='lat' dir='ltr'><strong>Basilii</strong></span> <span class='ocrx_word' id='word_1_29' title='bbox 1651 662 1791 713; x_wconf 83' lang='lat' dir='ltr'><strong>fama</strong></span> <span class='ocrx_word' id='word_1_30' title='bbox 1824 672 1875 715; x_wconf 90' lang='lat' dir='ltr'><strong>et</strong></span> <span class='ocrx_word' id='word_1_31' title='bbox 1906 677 2151 715; x_wconf 89' lang='lat' dir='ltr'><strong>summus</strong></span> <span class='ocrx_word' id='word_1_32' title='bbox 2182 663 2259 714; x_wconf 90' lang='lat' dir='ltr'><strong>in-</strong></span> 
     </span>
    </p>
   </div>
   <div class='ocr_carea' id='block_1_5' title="bbox 690 750 2256 819">
    <p class='ocr_par' dir='ltr' id='par_1_5' title="bbox 690 750 2256 819">
     <span class='ocr_line' id='line_1_5' title="bbox 690 750 2256 819; baseline 0 -16"><span class='ocrx_word' id='word_1_33' title='bbox 690 752 829 818; x_wconf 83' lang='lat' dir='ltr'><strong>genii</strong></span> <span class='ocrx_word' id='word_1_34' title='bbox 864 762 919 804; x_wconf 90' lang='lat' dir='ltr'><strong>et</strong></span> <span class='ocrx_word' id='word_1_35' title='bbox 947 753 1205 804; x_wconf 68' lang='lat' dir='ltr'><strong>doctrina:</strong></span> <span class='ocrx_word' id='word_1_36' title='bbox 1245 750 1498 819; x_wconf 84' lang='lat' dir='ltr'><strong>splendor</strong></span> <span class='ocrx_word' id='word_1_37' title='bbox 1530 750 1718 805; x_wconf 91' lang='lat' dir='ltr'><strong>oculos</strong></span> <span class='ocrx_word' id='word_1_38' title='bbox 1772 751 1985 806; x_wconf 86' lang='lat' dir='ltr'><strong>Eusebii</strong></span> <span class='ocrx_word' id='word_1_39' title='bbox 2036 753 2256 805; x_wconf 63' lang='lat' dir='ltr'><strong>laesisse.</strong></span> 
     </span>
    </p>
   </div>
   <div class='ocr_carea' id='block_1_6' title="bbox 689 840 2261 910">
    <p class='ocr_par' dir='ltr' id='par_1_6' title="bbox 689 840 2261 910">
     <span class='ocr_line' id='line_1_6' title="bbox 689 840 2261 910; baseline 0.003 -18"><span class='ocrx_word' id='word_1_40' title='bbox 689 840 821 893; x_wconf 83' lang='lat' dir='ltr'><strong>Erat</strong></span> <span class='ocrx_word' id='word_1_41' title='bbox 850 840 995 894; x_wconf 87' lang='lat' dir='ltr'><strong>enim</strong></span> <span class='ocrx_word' id='word_1_42' title='bbox 1028 841 1293 895; x_wconf 86' lang='lat' dir='ltr'><strong>Eusebius</strong></span> <span class='ocrx_word' id='word_1_43' title='bbox 1318 851 1512 893; x_wconf 73' lang='lat' dir='ltr'><strong>caetera</strong></span> <span class='ocrx_word' id='word_1_44' title='bbox 1540 842 1755 908; x_wconf 87' lang='lat' dir='ltr'><strong>quidem</strong></span> <span class='ocrx_word' id='word_1_45' title='bbox 1786 841 1941 895; x_wconf 79' lang='lat' dir='ltr'><strong>fortis</strong></span> <span class='ocrx_word' id='word_1_46' title='bbox 1977 853 2031 895; x_wconf 92' lang='lat' dir='ltr'><strong>et</strong></span> <span class='ocrx_word' id='word_1_47' title='bbox 2062 844 2261 910; x_wconf 81' lang='lat' dir='ltr'><strong>pietate</strong></span> 
     </span>
    </p>
   </div>
   <div class='ocr_carea' id='block_1_7' title="bbox 692 929 2260 997">
    <p class='ocr_par' dir='ltr' id='par_1_7' title="bbox 692 929 2260 997">
     <span class='ocr_line' id='line_1_7' title="bbox 692 929 2260 997; baseline 0.003 -16"><span class='ocrx_word' id='word_1_48' title='bbox 692 930 1041 996; x_wconf 89' lang='lat' dir='ltr'><strong>conspicuus,</strong></span> <span class='ocrx_word' id='word_1_49' title='bbox 1074 940 1131 982; x_wconf 93' lang='lat' dir='ltr'><strong>ut</strong></span> <span class='ocrx_word' id='word_1_50' title='bbox 1171 929 1471 997; x_wconf 90' lang='lat' dir='ltr'><strong>persecutio</strong></span> <span class='ocrx_word' id='word_1_51' title='bbox 1499 930 1824 993; x_wconf 82' lang='lat' dir='ltr'><strong>declaravit;</strong></span> <span class='ocrx_word' id='word_1_52' title='bbox 1854 934 1946 985; x_wconf 89' lang='lat' dir='ltr'><strong>sed</strong></span> <span class='ocrx_word' id='word_1_53' title='bbox 1972 943 2149 985; x_wconf 88' lang='lat' dir='ltr'><strong>tamen</strong></span> <span class='ocrx_word' id='word_1_54' title='bbox 2177 950 2260 985; x_wconf 89' lang='lat' dir='ltr'><strong>re-</strong></span> 
     </span>
    </p>
   </div>
   <div class='ocr_carea' id='block_1_8' title="bbox 693 1022 2260 1091">
    <p class='ocr_par' dir='ltr' id='par_1_8' title="bbox 693 1022 2260 1091">
     <span class='ocr_line' id='line_1_8' title="bbox 693 1022 2260 1091; baseline 0.003 -16"><span class='ocrx_word' id='word_1_55' title='bbox 693 1037 821 1075; x_wconf 91' lang='lat' dir='ltr'><strong>cens</strong></span> <span class='ocrx_word' id='word_1_56' title='bbox 854 1022 905 1073; x_wconf 93' lang='lat' dir='ltr'><strong>in</strong></span> <span class='ocrx_word' id='word_1_57' title='bbox 936 1022 1189 1075; x_wconf 88' lang='lat' dir='ltr'><strong>cathedra</strong></span> <span class='ocrx_word' id='word_1_58' title='bbox 1220 1022 1511 1075; x_wconf 89' lang='lat' dir='ltr'><strong>collocatus</strong></span> <span class='ocrx_word' id='word_1_59' title='bbox 1542 1022 1642 1091; x_wconf 87' lang='grc' dir='ltr'><strong>(α),</strong></span> <span class='ocrx_word' id='word_1_60' title='bbox 1676 1024 1913 1076; x_wconf 89' lang='lat' dir='ltr'><strong>nondum</strong></span> <span class='ocrx_word' id='word_1_61' title='bbox 1942 1040 2129 1079; x_wconf 88' lang='lat' dir='ltr'><strong>omnes</strong></span> <span class='ocrx_word' id='word_1_62' title='bbox 2160 1042 2260 1079; x_wconf 65' lang='lat' dir='ltr'><strong>sa:-</strong></span> 
     </span>
    </p>
   </div>
   <div class='ocr_carea' id='block_1_9' title="bbox 694 1112 2257 1186">
    <p class='ocr_par' dir='ltr' id='par_1_9' title="bbox 694 1112 2257 1186">
     <span class='ocr_line' id='line_1_9' title="bbox 694 1112 2257 1186; baseline 0.005 -21"><span class='ocrx_word' id='word_1_63' title='bbox 694 1113 797 1166; x_wconf 90' lang='lat' dir='ltr'><strong>culi</strong></span> <span class='ocrx_word' id='word_1_64' title='bbox 837 1112 1065 1166; x_wconf 79' lang='lat' dir='ltr'><strong>affectus</strong></span> <span class='ocrx_word' id='word_1_65' title='bbox 1101 1114 1446 1181; x_wconf 87' lang='lat' dir='ltr'><strong>deposuerat,</strong></span> <span class='ocrx_word' id='word_1_66' title='bbox 1476 1131 1539 1168; x_wconf 89' lang='lat' dir='ltr'><strong>ac</strong></span> <span class='ocrx_word' id='word_1_67' title='bbox 1582 1117 1797 1168; x_wconf 85' lang='lat' dir='ltr'><strong>humani</strong></span> <span class='ocrx_word' id='word_1_68' title='bbox 1840 1116 2038 1185; x_wconf 88' lang='lat' dir='ltr'><strong>aliquid</strong></span> <span class='ocrx_word' id='word_1_69' title='bbox 2068 1134 2257 1186; x_wconf 90' lang='lat' dir='ltr'><strong>passus</strong></span> 
     </span>
    </p>
   </div>
   <div class='ocr_carea' id='block_1_10' title="bbox 692 1205 2255 1270">
    <p class='ocr_par' dir='ltr' id='par_1_10' title="bbox 692 1205 2255 1270">
     <span class='ocr_line' id='line_1_10' title="bbox 692 1205 2255 1270; baseline 0.002 -9"><span class='ocrx_word' id='word_1_70' title='bbox 692 1218 796 1270; x_wconf 90' lang='lat' dir='ltr'><strong>est,</strong></span> <span class='ocrx_word' id='word_1_71' title='bbox 834 1217 888 1259; x_wconf 92' lang='lat' dir='ltr'><strong>et</strong></span> <span class='ocrx_word' id='word_1_72' title='bbox 934 1206 1187 1258; x_wconf 89' lang='lat' dir='ltr'><strong>Basilium</strong></span> <span class='ocrx_word' id='word_1_73' title='bbox 1223 1207 1290 1259; x_wconf 91' lang='lat' dir='ltr'><strong>ab</strong></span> <span class='ocrx_word' id='word_1_74' title='bbox 1334 1205 1589 1260; x_wconf 72' lang='lat' dir='ltr'><strong>Ecclesia:</strong></span> <span class='ocrx_word' id='word_1_75' title='bbox 1635 1208 2101 1263; x_wconf 89' lang='lat' dir='ltr'><strong>administratione</strong></span> <span class='ocrx_word' id='word_1_76' title='bbox 2148 1226 2255 1264; x_wconf 92' lang='lat' dir='ltr'><strong>non</strong></span> 
     </span>
    </p>
   </div>
   <div class='ocr_carea' id='block_1_11' title="bbox 691 1297 2255 1371">
    <p class='ocr_par' dir='ltr' id='par_1_11' title="bbox 691 1297 2255 1371">
     <span class='ocr_line' id='line_1_11' title="bbox 691 1297 2255 1371; baseline 0.003 -21"><span class='ocrx_word' id='word_1_77' title='bbox 691 1299 808 1351; x_wconf 87' lang='lat' dir='ltr'><strong>sine</strong></span> <span class='ocrx_word' id='word_1_78' title='bbox 844 1297 1143 1365; x_wconf 78' lang='lat' dir='ltr'><strong>ignominia</strong></span> <span class='ocrx_word' id='word_1_79' title='bbox 1202 1300 1454 1350; x_wconf 82' lang='lat' dir='ltr'><strong>removit.</strong></span> <span class='ocrx_word' id='word_1_80' title='bbox 1506 1297 1703 1351; x_wconf 89' lang='lat' dir='ltr'><strong>Ducem</strong></span> <span class='ocrx_word' id='word_1_81' title='bbox 1741 1315 1895 1352; x_wconf 90' lang='lat' dir='ltr'><strong>suum</strong></span> <span class='ocrx_word' id='word_1_82' title='bbox 1944 1301 2020 1355; x_wconf 89' lang='lat' dir='ltr'><strong>sic.</strong></span> <span class='ocrx_word' id='word_1_83' title='bbox 2062 1302 2255 1371; x_wconf 84' lang='lat' dir='ltr'><strong>injuria</strong></span> 
     </span>
    </p>
   </div>
   <div class='ocr_carea' id='block_1_12' title="bbox 690 1385 2257 1454">
    <p class='ocr_par' dir='ltr' id='par_1_12' title="bbox 690 1385 2257 1454">
     <span class='ocr_line' id='line_1_12' title="bbox 690 1385 2257 1454; baseline 0.004 -13"><span class='ocrx_word' id='word_1_84' title='bbox 690 1388 938 1441; x_wconf 68' lang='lat' dir='ltr'><strong>allectum</strong></span> <span class='ocrx_word' id='word_1_85' title='bbox 979 1396 1033 1440; x_wconf 89' lang='lat' dir='ltr'><strong>et</strong></span> <span class='ocrx_word' id='word_1_86' title='bbox 1076 1385 1331 1454; x_wconf 89' lang='lat' dir='ltr'><strong>rejectum</strong></span> <span class='ocrx_word' id='word_1_87' title='bbox 1384 1390 1632 1442; x_wconf 85' lang='lat' dir='ltr'><strong>monachi</strong></span> <span class='ocrx_word' id='word_1_88' title='bbox 1696 1390 2059 1447; x_wconf 72' lang='lat' dir='ltr'><strong>Czesarienses</strong></span> <span class='ocrx_word' id='word_1_89' title='bbox 2115 1391 2257 1447; x_wconf 84' lang='lat' dir='ltr'><strong>ferre</strong></span> 
     </span>
    </p>
   </div>
   <div class='ocr_carea' id='block_1_13' title="bbox 690 1478 2257 1548">
    <p class='ocr_par' dir='ltr' id='par_1_13' title="bbox 690 1478 2257 1548">
     <span class='ocr_line' id='line_1_13' title="bbox 690 1478 2257 1548; baseline 0.003 -15"><span class='ocrx_word' id='word_1_90' title='bbox 690 1495 800 1533; x_wconf 90' lang='lat' dir='ltr'><strong>non</strong></span> <span class='ocrx_word' id='word_1_91' title='bbox 837 1488 1129 1547; x_wconf 91' lang='lat' dir='ltr'><strong>potuerunt</strong></span> <span class='ocrx_word' id='word_1_92' title='bbox 1158 1478 1265 1548; x_wconf 76' lang='lat' dir='ltr'><strong>(b);</strong></span> <span class='ocrx_word' id='word_1_93' title='bbox 1318 1479 1409 1533; x_wconf 89' lang='lat' dir='ltr'><strong>sed</strong></span> <span class='ocrx_word' id='word_1_94' title='bbox 1444 1482 1621 1533; x_wconf 79' lang='lat' dir='ltr'><strong>statim</strong></span> <span class='ocrx_word' id='word_1_95' title='bbox 1666 1483 1855 1535; x_wconf 83' lang='lat' dir='ltr'><strong>audaci</strong></span> <span class='ocrx_word' id='word_1_96' title='bbox 1905 1482 2146 1537; x_wconf 79' lang='lat' dir='ltr'><strong>facinore</strong></span> <span class='ocrx_word' id='word_1_97' title='bbox 2191 1485 2257 1539; x_wconf 88' lang='lat' dir='ltr'><strong>ab</strong></span> 
     </span>
    </p>
   </div>
   <div class='ocr_carea' id='block_1_14' title="bbox 688 1570 2257 1645">
    <p class='ocr_par' dir='ltr' id='par_1_14' title="bbox 688 1570 2257 1645">
     <span class='ocr_line' id='line_1_14' title="bbox 688 1570 2257 1645; baseline 0.004 -20"><span class='ocrx_word' id='word_1_98' title='bbox 688 1570 924 1641; x_wconf 81' lang='lat' dir='ltr'><strong>episcopi</strong></span> <span class='ocrx_word' id='word_1_99' title='bbox 959 1573 1336 1626; x_wconf 89' lang='lat' dir='ltr'><strong>communione</strong></span> <span class='ocrx_word' id='word_1_100' title='bbox 1369 1574 1619 1627; x_wconf 86' lang='lat' dir='ltr'><strong>recedere</strong></span> <span class='ocrx_word' id='word_1_101' title='bbox 1664 1583 1928 1637; x_wconf 90' lang='lat' dir='ltr'><strong>statuunt,</strong></span> <span class='ocrx_word' id='word_1_102' title='bbox 1971 1590 2257 1645; x_wconf 89' lang='lat' dir='ltr'><strong>secumque</strong></span> 
     </span>
    </p>
   </div>
   <div class='ocr_carea' id='block_1_15' title="bbox 689 1663 2257 1735">
    <p class='ocr_par' dir='ltr' id='par_1_15' title="bbox 689 1663 2257 1735">
     <span class='ocr_line' id='line_1_15' title="bbox 689 1663 2257 1735; baseline 0.006 -21"><span class='ocrx_word' id='word_1_103' title='bbox 689 1674 897 1732; x_wconf 86' lang='lat' dir='ltr'><strong>partem</strong></span> <span class='ocrx_word' id='word_1_104' title='bbox 928 1663 1099 1731; x_wconf 88' lang='lat' dir='ltr'><strong>plebis</strong></span> <span class='ocrx_word' id='word_1_105' title='bbox 1123 1673 1178 1718; x_wconf 90' lang='lat' dir='ltr'><strong>et</strong></span> <span class='ocrx_word' id='word_1_106' title='bbox 1209 1665 1594 1718; x_wconf 87' lang='lat' dir='ltr'><strong>honoratorum</strong></span> <span class='ocrx_word' id='word_1_107' title='bbox 1625 1680 1731 1719; x_wconf 91' lang='lat' dir='ltr'><strong>non</strong></span> <span class='ocrx_word' id='word_1_108' title='bbox 1766 1667 2015 1735; x_wconf 81' lang='lat' dir='ltr'><strong>exiguam</strong></span> <span class='ocrx_word' id='word_1_109' title='bbox 2046 1669 2257 1723; x_wconf 89' lang='lat' dir='ltr'><strong>abstra-</strong></span> 
     </span>
    </p>
   </div>
   <div class='ocr_carea' id='block_1_16' title="bbox 689 1757 2256 1826">
    <p class='ocr_par' dir='ltr' id='par_1_16' title="bbox 689 1757 2256 1826">
     <span class='ocr_line' id='line_1_16' title="bbox 689 1757 2256 1826; baseline 0.004 -17"><span class='ocrx_word' id='word_1_110' title='bbox 689 1758 841 1811; x_wconf 91' lang='lat' dir='ltr'><strong>hunt.</strong></span> <span class='ocrx_word' id='word_1_111' title='bbox 894 1757 1019 1810; x_wconf 89' lang='lat' dir='ltr'><strong>Erat</strong></span> <span class='ocrx_word' id='word_1_112' title='bbox 1058 1757 1318 1826; x_wconf 84' lang='lat' dir='ltr'><strong>perfacile</strong></span> <span class='ocrx_word' id='word_1_113' title='bbox 1367 1757 1601 1811; x_wconf 88' lang='lat' dir='ltr'><strong>scbisma</strong></span> <span class='ocrx_word' id='word_1_114' title='bbox 1645 1758 1899 1824; x_wconf 90' lang='lat' dir='ltr'><strong>conﬁare,</strong></span> <span class='ocrx_word' id='word_1_115' title='bbox 1964 1760 2135 1815; x_wconf 92' lang='lat' dir='ltr'><strong>tribus</strong></span> <span class='ocrx_word' id='word_1_116' title='bbox 2191 1762 2256 1815; x_wconf 89' lang='lat' dir='ltr'><strong>de</strong></span> 
     </span>
    </p>
   </div>
   <div class='ocr_carea' id='block_1_17' title="bbox 688 1827 2331 1922">
    <p class='ocr_par' dir='ltr' id='par_1_17' title="bbox 688 1827 2331 1922">
     <span class='ocr_line' id='line_1_17' title="bbox 688 1827 2331 1922; baseline 0.004 -21"><span class='ocrx_word' id='word_1_117' title='bbox 688 1850 869 1902; x_wconf 88' lang='lat' dir='ltr'><strong>causis</strong></span> <span class='ocrx_word' id='word_1_118' title='bbox 898 1867 909 1900; x_wconf 91' lang='lat'>:</span> <span class='ocrx_word' id='word_1_119' title='bbox 964 1864 1124 1902; x_wconf 90' lang='lat' dir='ltr'><strong>nemo</strong></span> <span class='ocrx_word' id='word_1_120' title='bbox 1159 1848 1521 1903; x_wconf 72' lang='lat' dir='ltr'><strong>venerabilior</strong></span> <span class='ocrx_word' id='word_1_121' title='bbox 1549 1865 1615 1905; x_wconf 93' lang='lat' dir='ltr'><strong>eo</strong></span> <span class='ocrx_word' id='word_1_122' title='bbox 1646 1851 1730 1904; x_wconf 91' lang='lat' dir='ltr'><strong>cui</strong></span> <span class='ocrx_word' id='word_1_123' title='bbox 1764 1850 1904 1907; x_wconf 90' lang='lat' dir='ltr'><strong>facta</strong></span> <span class='ocrx_word' id='word_1_124' title='bbox 1937 1852 2159 1922; x_wconf 88' lang='lat' dir='ltr'><strong>injuria,</strong></span> <span class='ocrx_word' id='word_1_125' title='bbox 2194 1867 2255 1907; x_wconf 88' lang='lat' dir='ltr'><strong>ac</strong></span> <span class='ocrx_word' id='word_1_126' title='bbox 2288 1827 2331 1886; x_wconf 74' lang='grc' dir='ltr'><strong><em>Β</em></strong></span> 
     </span>
    </p>
   </div>
   <div class='ocr_carea' id='block_1_18' title="bbox 688 1939 2255 2009">
    <p class='ocr_par' dir='ltr' id='par_1_18' title="bbox 688 1939 2255 2009">
     <span class='ocr_line' id='line_1_18' title="bbox 688 1939 2255 2009; baseline 0.004 -16"><span class='ocrx_word' id='word_1_127' title='bbox 688 1941 913 1995; x_wconf 90' lang='lat' dir='ltr'><strong>idoneus</strong></span> <span class='ocrx_word' id='word_1_128' title='bbox 946 1950 1066 1995; x_wconf 91' lang='lat' dir='ltr'><strong>erat</strong></span> <span class='ocrx_word' id='word_1_129' title='bbox 1086 1939 1201 2009; x_wconf 91' lang='lat' dir='ltr'><strong>qui,</strong></span> <span class='ocrx_word' id='word_1_130' title='bbox 1238 1940 1281 1995; x_wconf 92' lang='lat' dir='ltr'><strong>si</strong></span> <span class='ocrx_word' id='word_1_131' title='bbox 1307 1940 1583 2006; x_wconf 85' lang='lat' dir='ltr'><strong>voluisset,</strong></span> <span class='ocrx_word' id='word_1_132' title='bbox 1612 1943 1777 1997; x_wconf 90' lang='lat' dir='ltr'><strong>robur</strong></span> <span class='ocrx_word' id='word_1_133' title='bbox 1799 1952 1850 1997; x_wconf 91' lang='lat' dir='ltr'><strong>et</strong></span> <span class='ocrx_word' id='word_1_134' title='bbox 1882 1944 2135 1998; x_wconf 87' lang='lat' dir='ltr'><strong>ﬁduciam</strong></span> <span class='ocrx_word' id='word_1_135' title='bbox 2168 1945 2255 1999; x_wconf 83' lang='lat' dir='ltr'><strong>ad-</strong></span> 
     </span>
    </p>
   </div>
   <div class='ocr_carea' id='block_1_19' title="bbox 686 2031 2255 2105">
    <p class='ocr_par' dir='ltr' id='par_1_19' title="bbox 686 2031 2255 2105">
     <span class='ocr_line' id='line_1_19' title="bbox 686 2031 2255 2105; baseline 0.003 -20"><span class='ocrx_word' id='word_1_136' title='bbox 686 2036 841 2087; x_wconf 82' lang='lat' dir='ltr'><strong>deret</strong></span> <span class='ocrx_word' id='word_1_137' title='bbox 871 2032 1095 2087; x_wconf 80' lang='lat' dir='ltr'><strong>factioni</strong></span> <span class='ocrx_word' id='word_1_138' title='bbox 1121 2050 1135 2099; x_wconf 91' lang='lat'><strong>;</strong></span> <span class='ocrx_word' id='word_1_139' title='bbox 1193 2031 1461 2086; x_wconf 88' lang='lat' dir='ltr'><strong>Eusebius</strong></span> <span class='ocrx_word' id='word_1_140' title='bbox 1487 2034 1694 2086; x_wconf 83' lang='lat' dir='ltr'><strong>civitati</strong></span> <span class='ocrx_word' id='word_1_141' title='bbox 1724 2044 2009 2102; x_wconf 90' lang='lat' dir='ltr'><strong>suspectus</strong></span> <span class='ocrx_word' id='word_1_142' title='bbox 2039 2045 2255 2105; x_wconf 87' lang='lat' dir='ltr'><strong>propter</strong></span> 
     </span>
    </p>
   </div>
   <div class='ocr_carea' id='block_1_20' title="bbox 686 2122 2251 2196">
    <p class='ocr_par' dir='ltr' id='par_1_20' title="bbox 686 2122 2251 2196">
     <span class='ocr_line' id='line_1_20' title="bbox 686 2122 2251 2196; baseline 0.002 -18"><span class='ocrx_word' id='word_1_143' title='bbox 686 2124 1122 2189; x_wconf 83' lang='lat' dir='ltr'><strong>ordinationem;</strong></span> <span class='ocrx_word' id='word_1_144' title='bbox 1165 2124 1393 2177; x_wconf 87' lang='lat' dir='ltr'><strong>aderant</strong></span> <span class='ocrx_word' id='word_1_145' title='bbox 1432 2139 1496 2176; x_wconf 80' lang='lat' dir='ltr'><strong>ex</strong></span> <span class='ocrx_word' id='word_1_146' title='bbox 1534 2122 1827 2179; x_wconf 88' lang='lat' dir='ltr'><strong>Occidente</strong></span> <span class='ocrx_word' id='word_1_147' title='bbox 1868 2126 2130 2195; x_wconf 88' lang='lat' dir='ltr'><strong>episcopi,</strong></span> <span class='ocrx_word' id='word_1_148' title='bbox 2165 2129 2251 2196; x_wconf 91' lang='lat' dir='ltr'><strong>qui</strong></span> 
     </span>
    </p>
   </div>
   <div class='ocr_carea' id='block_1_21' title="bbox 686 2215 2255 2285">
    <p class='ocr_par' dir='ltr' id='par_1_21' title="bbox 686 2215 2255 2285">
     <span class='ocr_line' id='line_1_21' title="bbox 686 2215 2255 2285; baseline 0.002 -16"><span class='ocrx_word' id='word_1_149' title='bbox 686 2230 875 2269; x_wconf 88' lang='lat' dir='ltr'><strong>omnes</strong></span> <span class='ocrx_word' id='word_1_150' title='bbox 904 2215 1233 2270; x_wconf 80' lang='lat' dir='ltr'><strong>orthodoxos</strong></span> <span class='ocrx_word' id='word_1_151' title='bbox 1268 2217 1319 2269; x_wconf 92' lang='lat' dir='ltr'><strong>in</strong></span> <span class='ocrx_word' id='word_1_152' title='bbox 1357 2231 1486 2269; x_wconf 92' lang='lat' dir='ltr'><strong>suas</strong></span> <span class='ocrx_word' id='word_1_153' title='bbox 1516 2226 1699 2284; x_wconf 84' lang='lat' dir='ltr'><strong>partes</strong></span> <span class='ocrx_word' id='word_1_154' title='bbox 1748 2219 2156 2285; x_wconf 88' lang='lat' dir='ltr'><strong>pertrahebant.</strong></span> <span class='ocrx_word' id='word_1_155' title='bbox 2188 2222 2255 2273; x_wconf 82' lang='lat' dir='ltr'><strong>At</strong></span> 
     </span>
    </p>
   </div>
   <div class='ocr_carea' id='block_1_22' title="bbox 687 2307 2252 2381">
    <p class='ocr_par' dir='ltr' id='par_1_22' title="bbox 687 2307 2252 2381">
     <span class='ocr_line' id='line_1_22' title="bbox 687 2307 2252 2381; baseline 0.004 -22"><span class='ocrx_word' id='word_1_156' title='bbox 687 2307 920 2362; x_wconf 81' lang='lat' dir='ltr'><strong>Basilius</strong></span> <span class='ocrx_word' id='word_1_157' title='bbox 952 2325 1056 2362; x_wconf 87' lang='lat' dir='ltr'><strong>non</strong></span> <span class='ocrx_word' id='word_1_158' title='bbox 1098 2310 1143 2363; x_wconf 90' lang='lat' dir='ltr'><strong>is</strong></span> <span class='ocrx_word' id='word_1_159' title='bbox 1172 2319 1310 2373; x_wconf 87' lang='lat' dir='ltr'><strong>erat,</strong></span> <span class='ocrx_word' id='word_1_160' title='bbox 1348 2315 1437 2378; x_wconf 88' lang='lat' dir='ltr'><strong>qui</strong></span> <span class='ocrx_word' id='word_1_161' title='bbox 1481 2319 1573 2361; x_wconf 93' lang='lat' dir='ltr'><strong>aut</strong></span> <span class='ocrx_word' id='word_1_162' title='bbox 1624 2310 1689 2362; x_wconf 91' lang='lat' dir='ltr'><strong>iis</strong></span> <span class='ocrx_word' id='word_1_163' title='bbox 1724 2324 1858 2377; x_wconf 88' lang='lat' dir='ltr'><strong>quos</strong></span> <span class='ocrx_word' id='word_1_164' title='bbox 1893 2313 2252 2381; x_wconf 84' lang='lat' dir='ltr'><strong>adversarios,</strong></span> 
     </span>
    </p>
   </div>
   <div class='ocr_carea' id='block_1_23' title="bbox 688 2400 2254 2469">
    <p class='ocr_par' dir='ltr' id='par_1_23' title="bbox 688 2400 2254 2469">
     <span class='ocr_line' id='line_1_23' title="bbox 688 2400 2254 2469; baseline 0.003 -18"><span class='ocrx_word' id='word_1_165' title='bbox 688 2411 781 2451; x_wconf 91' lang='lat' dir='ltr'><strong>aut</strong></span> <span class='ocrx_word' id='word_1_166' title='bbox 827 2400 895 2453; x_wconf 89' lang='lat' dir='ltr'><strong>iis</strong></span> <span class='ocrx_word' id='word_1_167' title='bbox 926 2416 1062 2469; x_wconf 90' lang='lat' dir='ltr'><strong>quos</strong></span> <span class='ocrx_word' id='word_1_168' title='bbox 1102 2401 1329 2453; x_wconf 91' lang='lat' dir='ltr'><strong>nimium</strong></span> <span class='ocrx_word' id='word_1_169' title='bbox 1368 2401 1450 2453; x_wconf 86' lang='lat' dir='ltr'><strong>sui</strong></span> <span class='ocrx_word' id='word_1_170' title='bbox 1494 2400 1765 2454; x_wconf 88' lang='lat' dir='ltr'><strong>studiosos</strong></span> <span class='ocrx_word' id='word_1_171' title='bbox 1806 2400 2065 2466; x_wconf 89' lang='lat' dir='ltr'><strong>habebat,</strong></span> <span class='ocrx_word' id='word_1_172' title='bbox 2104 2402 2254 2456; x_wconf 90' lang='lat' dir='ltr'><strong>oblu-</strong></span> 
     </span>
    </p>
   </div>
   <div class='ocr_carea' id='block_1_24' title="bbox 687 2489 2253 2561">
    <p class='ocr_par' dir='ltr' id='par_1_24' title="bbox 687 2489 2253 2561">
     <span class='ocr_line' id='line_1_24' title="bbox 687 2489 2253 2561; baseline 0.001 -18"><span class='ocrx_word' id='word_1_173' title='bbox 687 2494 821 2543; x_wconf 77' lang='lat' dir='ltr'><strong>ctari</strong></span> <span class='ocrx_word' id='word_1_174' title='bbox 852 2492 1034 2554; x_wconf 83' lang='lat' dir='ltr'><strong>vellet,</strong></span> <span class='ocrx_word' id='word_1_175' title='bbox 1064 2500 1153 2543; x_wconf 92' lang='lat' dir='ltr'><strong>aut</strong></span> <span class='ocrx_word' id='word_1_176' title='bbox 1183 2489 1479 2545; x_wconf 87' lang='lat' dir='ltr'><strong>Ecclesiam</strong></span> <span class='ocrx_word' id='word_1_177' title='bbox 1516 2507 1611 2546; x_wconf 90' lang='lat' dir='ltr'><strong>sua</strong></span> <span class='ocrx_word' id='word_1_178' title='bbox 1644 2507 1805 2546; x_wconf 89' lang='lat' dir='ltr'><strong>causa</strong></span> <span class='ocrx_word' id='word_1_179' title='bbox 1849 2492 2130 2545; x_wconf 83' lang='lat' dir='ltr'><strong>dilacerari</strong></span> <span class='ocrx_word' id='word_1_180' title='bbox 2165 2509 2253 2561; x_wconf 87' lang='lat' dir='ltr'><strong>pa-</strong></span> 
     </span>
    </p>
   </div>
   <div class='ocr_carea' id='block_1_25' title="bbox 687 2583 2251 2651">
    <p class='ocr_par' dir='ltr' id='par_1_25' title="bbox 687 2583 2251 2651">
     <span class='ocr_line' id='line_1_25' title="bbox 687 2583 2251 2651; baseline 0.002 -17"><span class='ocrx_word' id='word_1_181' title='bbox 687 2590 917 2645; x_wconf 89' lang='lat' dir='ltr'><strong>teretur,</strong></span> <span class='ocrx_word' id='word_1_182' title='bbox 960 2597 1082 2635; x_wconf 92' lang='lat' dir='ltr'><strong>cum</strong></span> <span class='ocrx_word' id='word_1_183' title='bbox 1127 2583 1425 2649; x_wconf 64' lang='lat' dir='ltr'><strong>praesertim</strong></span> <span class='ocrx_word' id='word_1_184' title='bbox 1471 2584 1687 2637; x_wconf 88' lang='lat' dir='ltr'><strong>aliunde</strong></span> <span class='ocrx_word' id='word_1_185' title='bbox 1716 2595 2073 2651; x_wconf 81' lang='lat' dir='ltr'><strong>Oppugnatam</strong></span> <span class='ocrx_word' id='word_1_186' title='bbox 2115 2592 2167 2635; x_wconf 90' lang='lat' dir='ltr'><strong>et</strong></span> <span class='ocrx_word' id='word_1_187' title='bbox 2201 2586 2251 2637; x_wconf 91' lang='lat' dir='ltr'><strong>in</strong></span> 
     </span>
    </p>
   </div>
   <div class='ocr_carea' id='block_1_26' title="bbox 685 2672 2253 2743">
    <p class='ocr_par' dir='ltr' id='par_1_26' title="bbox 685 2672 2253 2743">
     <span class='ocr_line' id='line_1_26' title="bbox 685 2672 2253 2743; baseline -0.001 -16"><span class='ocrx_word' id='word_1_188' title='bbox 685 2673 981 2743; x_wconf 87' lang='lat' dir='ltr'><strong>periculum</strong></span> <span class='ocrx_word' id='word_1_189' title='bbox 1014 2672 1312 2741; x_wconf 89' lang='lat' dir='ltr'><strong>conjectam</strong></span> <span class='ocrx_word' id='word_1_190' title='bbox 1354 2674 1562 2727; x_wconf 82' lang='lat' dir='ltr'><strong>videret</strong></span> <span class='ocrx_word' id='word_1_191' title='bbox 1595 2674 1663 2726; x_wconf 91' lang='lat' dir='ltr'><strong>ob</strong></span> <span class='ocrx_word' id='word_1_192' title='bbox 1716 2673 2122 2737; x_wconf 68' lang='lat' dir='ltr'><strong>haereticorum,</strong></span> <span class='ocrx_word' id='word_1_193' title='bbox 2165 2676 2253 2740; x_wconf 86' lang='lat' dir='ltr'><strong>qui</strong></span> 
     </span>
    </p>
   </div>
   <div class='ocr_carea' id='block_1_27' title="bbox 688 2763 2255 2833">
    <p class='ocr_par' dir='ltr' id='par_1_27' title="bbox 688 2763 2255 2833">
     <span class='ocr_line' id='line_1_27' title="bbox 688 2763 2255 2833; baseline 0.001 -18"><span class='ocrx_word' id='word_1_194' title='bbox 688 2774 815 2818; x_wconf 93' lang='lat' dir='ltr'><strong>tunc</strong></span> <span class='ocrx_word' id='word_1_195' title='bbox 847 2766 1118 2833; x_wconf 86' lang='lat' dir='ltr'><strong>vigebant,</strong></span> <span class='ocrx_word' id='word_1_196' title='bbox 1155 2766 1505 2819; x_wconf 86' lang='lat' dir='ltr'><strong>dominatum.</strong></span> <span class='ocrx_word' id='word_1_197' title='bbox 1542 2764 1722 2831; x_wconf 86' lang='lat' dir='ltr'><strong>Quare</strong></span> <span class='ocrx_word' id='word_1_198' title='bbox 1755 2763 2066 2818; x_wconf 89' lang='lat' dir='ltr'><strong>consiliario</strong></span> <span class='ocrx_word' id='word_1_199' title='bbox 2102 2772 2255 2817; x_wconf 75' lang='lat' dir='ltr'><strong>utens</strong></span> 
     </span>
    </p>
   </div>
   <div class='ocr_carea' id='block_1_28' title="bbox 688 2854 2257 2927">
    <p class='ocr_par' dir='ltr' id='par_1_28' title="bbox 688 2854 2257 2927">
     <span class='ocr_line' id='line_1_28' title="bbox 688 2854 2257 2927; baseline 0.003 -20"><span class='ocrx_word' id='word_1_200' title='bbox 688 2864 742 2908; x_wconf 89' lang='lat' dir='ltr'><strong>ct</strong></span> <span class='ocrx_word' id='word_1_201' title='bbox 769 2856 1043 2909; x_wconf 90' lang='lat' dir='ltr'><strong>hortatore</strong></span> <span class='ocrx_word' id='word_1_202' title='bbox 1076 2854 1339 2927; x_wconf 79' lang='lat' dir='ltr'><strong>Gregorio</strong></span> <span class='ocrx_word' id='word_1_203' title='bbox 1386 2858 1522 2927; x_wconf 82' lang='lat' dir='ltr'><strong>fugit</strong></span> <span class='ocrx_word' id='word_1_204' title='bbox 1551 2874 1671 2911; x_wconf 88' lang='lat' dir='ltr'><strong>cum</strong></span> <span class='ocrx_word' id='word_1_205' title='bbox 1705 2857 1795 2911; x_wconf 91' lang='lat' dir='ltr'><strong>illo</strong></span> <span class='ocrx_word' id='word_1_206' title='bbox 1823 2857 1874 2910; x_wconf 89' lang='lat' dir='ltr'><strong>in</strong></span> <span class='ocrx_word' id='word_1_207' title='bbox 1922 2855 2171 2920; x_wconf 87' lang='lat' dir='ltr'><strong>Pontum,</strong></span> <span class='ocrx_word' id='word_1_208' title='bbox 2203 2867 2257 2911; x_wconf 91' lang='lat' dir='ltr'><strong>et</strong></span> 
     </span>
    </p>
   </div>
   <div class='ocr_carea' id='block_1_29' title="bbox 688 2950 2254 3022">
    <p class='ocr_par' dir='ltr' id='par_1_29' title="bbox 688 2950 2254 3022">
     <span class='ocr_line' id='line_1_29' title="bbox 688 2950 2254 3022; baseline 0.002 -20"><span class='ocrx_word' id='word_1_209' title='bbox 688 2951 1038 3013; x_wconf 89' lang='lat' dir='ltr'><strong>monasteria,</strong></span> <span class='ocrx_word' id='word_1_210' title='bbox 1078 2966 1193 3021; x_wconf 77' lang='lat' dir='ltr'><strong>qua:</strong></span> <span class='ocrx_word' id='word_1_211' title='bbox 1241 2952 1354 3004; x_wconf 88' lang='lat' dir='ltr'><strong>illic</strong></span> <span class='ocrx_word' id='word_1_212' title='bbox 1402 2962 1579 3016; x_wconf 88' lang='lat' dir='ltr'><strong>erant,</strong></span> <span class='ocrx_word' id='word_1_213' title='bbox 1627 2952 1911 3022; x_wconf 81' lang='lat' dir='ltr'><strong>gubernat.</strong></span> <span class='ocrx_word' id='word_1_214' title='bbox 1960 2950 2254 3020; x_wconf 89' lang='lat' dir='ltr'><strong>Episc0pos</strong></span> 
     </span>
    </p>
   </div>
   <div class='ocr_carea' id='block_1_30' title="bbox 690 3041 2251 3098">
    <p class='ocr_par' dir='ltr' id='par_1_30' title="bbox 690 3041 2251 3098">
     <span class='ocr_line' id='line_1_30' title="bbox 690 3041 2251 3098; baseline 0.001 -3"><span class='ocrx_word' id='word_1_215' title='bbox 690 3041 808 3095; x_wconf 93' lang='lat' dir='ltr'><strong>illos</strong></span> <span class='ocrx_word' id='word_1_216' title='bbox 854 3043 1217 3098; x_wconf 85' lang='lat' dir='ltr'><strong>occidentales</strong></span> <span class='ocrx_word' id='word_1_217' title='bbox 1248 3045 1557 3097; x_wconf 78' lang='lat' dir='ltr'><strong>existimant</strong></span> <span class='ocrx_word' id='word_1_218' title='bbox 1597 3046 1793 3097; x_wconf 89' lang='lat' dir='ltr'><strong>eruditi</strong></span> <span class='ocrx_word' id='word_1_219' title='bbox 1830 3046 1931 3096; x_wconf 90' lang='lat' dir='ltr'><strong>viri</strong></span> <span class='ocrx_word' id='word_1_220' title='bbox 1965 3045 2251 3098; x_wconf 85' lang='lat' dir='ltr'><strong>Eusebium</strong></span> 
     </span>
    </p>
   </div>
   <div class='ocr_carea' id='block_1_31' title="bbox 689 3134 2256 3203">
    <p class='ocr_par' dir='ltr' id='par_1_31' title="bbox 689 3134 2256 3203">
     <span class='ocr_line' id='line_1_31' title="bbox 689 3134 2256 3203; baseline 0.002 -18"><span class='ocrx_word' id='word_1_221' title='bbox 689 3146 809 3188; x_wconf 87' lang='lat' dir='ltr'><strong>esse</strong></span> <span class='ocrx_word' id='word_1_222' title='bbox 854 3134 1255 3188; x_wconf 74' lang='lat' dir='ltr'><strong>Vercellensem</strong></span> <span class='ocrx_word' id='word_1_223' title='bbox 1304 3151 1426 3189; x_wconf 92' lang='lat' dir='ltr'><strong>eum</strong></span> <span class='ocrx_word' id='word_1_224' title='bbox 1475 3136 1593 3189; x_wconf 89' lang='lat' dir='ltr'><strong>aliis</strong></span> <span class='ocrx_word' id='word_1_225' title='bbox 1638 3134 1933 3196; x_wconf 86' lang='lat' dir='ltr'><strong>nonnullis,</strong></span> <span class='ocrx_word' id='word_1_226' title='bbox 1985 3135 2073 3203; x_wconf 86' lang='lat' dir='ltr'><strong>qui</strong></span> <span class='ocrx_word' id='word_1_227' title='bbox 2103 3137 2256 3189; x_wconf 89' lang='lat' dir='ltr'><strong>nobis</strong></span> 
     </span>
    </p>
   </div>
   <div class='ocr_carea' id='block_1_32' title="bbox 688 3226 2261 3296">
    <p class='ocr_par' dir='ltr' id='par_1_32' title="bbox 688 3226 2261 3296">
     <span class='ocr_line' id='line_1_32' title="bbox 688 3226 2261 3296; baseline 0.001 -18"><span class='ocrx_word' id='word_1_228' title='bbox 688 3226 887 3296; x_wconf 75' lang='lat' dir='ltr'><strong>cogniti</strong></span> <span class='ocrx_word' id='word_1_229' title='bbox 924 3242 1028 3281; x_wconf 92' lang='lat' dir='ltr'><strong>non</strong></span> <span class='ocrx_word' id='word_1_230' title='bbox 1076 3237 1220 3281; x_wconf 91' lang='lat' dir='ltr'><strong>sunt.</strong></span> <span class='ocrx_word' id='word_1_231' title='bbox 1266 3226 1471 3280; x_wconf 85' lang='lat' dir='ltr'><strong>Revera</strong></span> <span class='ocrx_word' id='word_1_232' title='bbox 1525 3237 1748 3279; x_wconf 83' lang='lat' dir='ltr'><strong>narrant</strong></span> <span class='ocrx_word' id='word_1_233' title='bbox 1784 3227 2037 3279; x_wconf 87' lang='lat' dir='ltr'><strong>Socrates</strong></span> <span class='ocrx_word' id='word_1_234' title='bbox 2090 3227 2159 3294; x_wconf 75' lang='grc' dir='ltr'><strong>(ε)</strong></span> <span class='ocrx_word' id='word_1_235' title='bbox 2208 3239 2261 3280; x_wconf 92' lang='lat' dir='ltr'><strong>et</strong></span> 
     </span>
    </p>
   </div>
   <div class='ocr_carea' id='block_1_33' title="bbox 688 3316 2255 3388">
    <p class='ocr_par' dir='ltr' id='par_1_33' title="bbox 688 3316 2255 3388">
     <span class='ocr_line' id='line_1_33' title="bbox 688 3316 2255 3388; baseline -0.001 -18"><span class='ocrx_word' id='word_1_236' title='bbox 688 3316 913 3372; x_wconf 83' lang='lat' dir='ltr'><strong>Ruﬁnus</strong></span> <span class='ocrx_word' id='word_1_237' title='bbox 964 3321 1040 3386; x_wconf 84' lang='grc' dir='ltr'>(ιι)</span> <span class='ocrx_word' id='word_1_238' title='bbox 1102 3320 1158 3373; x_wconf 90' lang='lat' dir='ltr'><strong>S.</strong></span> <span class='ocrx_word' id='word_1_239' title='bbox 1215 3320 1529 3385; x_wconf 79' lang='lat' dir='ltr'><strong>Eusebium,</strong></span> <span class='ocrx_word' id='word_1_240' title='bbox 1592 3319 1879 3373; x_wconf 83' lang='lat' dir='ltr'><strong>Antiochia</strong></span> <span class='ocrx_word' id='word_1_241' title='bbox 1935 3318 2255 3388; x_wconf 88' lang='lat' dir='ltr'><strong>digressum,</strong></span> 
     </span>
    </p>
   </div>
   <div class='ocr_carea' id='block_1_34' title="bbox 689 3410 2258 3480">
    <p class='ocr_par' dir='ltr' id='par_1_34' title="bbox 689 3410 2258 3480">
     <span class='ocr_line' id='line_1_34' title="bbox 689 3410 2258 3480; baseline 0.001 -16"><span class='ocrx_word' id='word_1_242' title='bbox 689 3410 924 3464; x_wconf 91' lang='lat' dir='ltr'><strong>Orientis</strong></span> <span class='ocrx_word' id='word_1_243' title='bbox 957 3410 1229 3465; x_wconf 88' lang='lat' dir='ltr'><strong>Ecclesias</strong></span> <span class='ocrx_word' id='word_1_244' title='bbox 1269 3425 1607 3480; x_wconf 80' lang='lat' dir='ltr'><strong>peragrasse.</strong></span> <span class='ocrx_word' id='word_1_245' title='bbox 1643 3412 1769 3465; x_wconf 90' lang='lat' dir='ltr'><strong>lude</strong></span> <span class='ocrx_word' id='word_1_246' title='bbox 1794 3410 2065 3465; x_wconf 85' lang='lat' dir='ltr'><strong>concludit</strong></span> <span class='ocrx_word' id='word_1_247' title='bbox 2100 3410 2258 3466; x_wconf 89' lang='lat' dir='ltr'><strong>Tille-</strong></span> 
     </span>
    </p>
   </div>
   <div class='ocr_carea' id='block_1_35' title="bbox 690 3498 2254 3553">
    <p class='ocr_par' dir='ltr' id='par_1_35' title="bbox 690 3498 2254 3553">
     <span class='ocr_line' id='line_1_35' title="bbox 690 3498 2254 3553; baseline 0.001 -3"><span class='ocrx_word' id='word_1_248' title='bbox 690 3500 924 3552; x_wconf 90' lang='lat' dir='ltr'><strong>montius</strong></span> <span class='ocrx_word' id='word_1_249' title='bbox 948 3500 1230 3553; x_wconf 83' lang='lat' dir='ltr'><strong>dissidium</strong></span> <span class='ocrx_word' id='word_1_250' title='bbox 1264 3498 1391 3553; x_wconf 91' lang='lat' dir='ltr'><strong>illud</strong></span> <span class='ocrx_word' id='word_1_251' title='bbox 1424 3499 1491 3552; x_wconf 93' lang='lat' dir='ltr'><strong>ad</strong></span> <span class='ocrx_word' id='word_1_252' title='bbox 1514 3514 1713 3552; x_wconf 88' lang='lat' dir='ltr'><strong>annum</strong></span> <span class='ocrx_word' id='word_1_253' title='bbox 1750 3498 1855 3551; x_wconf 77' lang='lat'><strong>563</strong></span> <span class='ocrx_word' id='word_1_254' title='bbox 1899 3499 2254 3552; x_wconf 85' lang='lat' dir='ltr'><strong>referendum.</strong></span> 
     </span>
    </p>
   </div>
   <div class='ocr_carea' id='block_1_36' title="bbox 692 3587 2260 3653">
    <p class='ocr_par' dir='ltr' id='par_1_36' title="bbox 692 3587 2260 3653">
     <span class='ocr_line' id='line_1_36' title="bbox 692 3587 2260 3653; baseline 0.001 -11"><span class='ocrx_word' id='word_1_255' title='bbox 692 3589 824 3653; x_wconf 88' lang='lat' dir='ltr'><strong>Sed,</strong></span> <span class='ocrx_word' id='word_1_256' title='bbox 872 3590 917 3643; x_wconf 90' lang='lat' dir='ltr'><strong>si</strong></span> <span class='ocrx_word' id='word_1_257' title='bbox 968 3599 1097 3643; x_wconf 91' lang='lat' dir='ltr'><strong>tunc</strong></span> <span class='ocrx_word' id='word_1_258' title='bbox 1131 3590 1301 3643; x_wconf 89' lang='lat' dir='ltr'><strong>adfuit</strong></span> <span class='ocrx_word' id='word_1_259' title='bbox 1334 3590 1390 3643; x_wconf 90' lang='lat' dir='ltr'><strong>S.</strong></span> <span class='ocrx_word' id='word_1_260' title='bbox 1428 3590 1692 3642; x_wconf 85' lang='lat' dir='ltr'><strong>Eusebius</strong></span> <span class='ocrx_word' id='word_1_261' title='bbox 1731 3587 2119 3651; x_wconf 83' lang='lat' dir='ltr'><strong>Vercellcnsis,</strong></span> <span class='ocrx_word' id='word_1_262' title='bbox 2171 3606 2260 3644; x_wconf 90' lang='lat' dir='ltr'><strong>ne-</strong></span> 
     </span>
    </p>
   </div>
   <div class='ocr_carea' id='block_1_37' title="bbox 688 3680 2256 3749">
    <p class='ocr_par' dir='ltr' id='par_1_37' title="bbox 688 3680 2256 3749">
     <span class='ocr_line' id='line_1_37' title="bbox 688 3680 2256 3749; baseline -0.002 -14"><span class='ocrx_word' id='word_1_263' title='bbox 688 3696 838 3737; x_wconf 71' lang='lat' dir='ltr'><strong>cesse</strong></span> <span class='ocrx_word' id='word_1_264' title='bbox 878 3692 958 3735; x_wconf 88' lang='lat' dir='ltr'><strong>est</strong></span> <span class='ocrx_word' id='word_1_265' title='bbox 993 3681 1267 3749; x_wconf 82' lang='lat' dir='ltr'><strong>longiores</strong></span> <span class='ocrx_word' id='word_1_266' title='bbox 1297 3681 1345 3735; x_wconf 92' lang='lat' dir='ltr'><strong>ei</strong></span> <span class='ocrx_word' id='word_1_267' title='bbox 1383 3681 1433 3734; x_wconf 93' lang='lat' dir='ltr'><strong>in</strong></span> <span class='ocrx_word' id='word_1_268' title='bbox 1465 3680 1687 3736; x_wconf 91' lang='lat' dir='ltr'><strong>Oriente</strong></span> <span class='ocrx_word' id='word_1_269' title='bbox 1718 3696 1900 3735; x_wconf 90' lang='lat' dir='ltr'><strong>moras</strong></span> <span class='ocrx_word' id='word_1_270' title='bbox 1943 3680 2256 3745; x_wconf 89' lang='lat' dir='ltr'><strong>attribuere,</strong></span> 
     </span>
    </p>
   </div>
   <div class='ocr_carea' id='block_1_38' title="bbox 689 3772 2255 3829">
    <p class='ocr_par' dir='ltr' id='par_1_38' title="bbox 689 3772 2255 3829">
     <span class='ocr_line' id='line_1_38' title="bbox 689 3772 2255 3829; baseline 0.002 -5"><span class='ocrx_word' id='word_1_271' title='bbox 689 3787 810 3825; x_wconf 91' lang='lat' dir='ltr'><strong>cum</strong></span> <span class='ocrx_word' id='word_1_272' title='bbox 844 3772 1029 3829; x_wconf 86' lang='lat' dir='ltr'><strong>Basilii</strong></span> <span class='ocrx_word' id='word_1_273' title='bbox 1079 3776 1353 3829; x_wconf 88' lang='lat' dir='ltr'><strong>ordinatio</strong></span> <span class='ocrx_word' id='word_1_274' title='bbox 1402 3778 1466 3829; x_wconf 89' lang='lat' dir='ltr'><strong>ad</strong></span> <span class='ocrx_word' id='word_1_275' title='bbox 1518 3789 1717 3829; x_wconf 92' lang='lat' dir='ltr'><strong>annum</strong></span> <span class='ocrx_word' id='word_1_276' title='bbox 1752 3773 1855 3829; x_wconf 74' lang='lat'><strong>365</strong></span> <span class='ocrx_word' id='word_1_277' title='bbox 1906 3774 2095 3829; x_wconf 90' lang='lat' dir='ltr'><strong>referri</strong></span> <span class='ocrx_word' id='word_1_278' title='bbox 2152 3789 2255 3827; x_wconf 94' lang='lat' dir='ltr'><strong>non</strong></span> 
     </span>
    </p>
   </div>
   <div class='ocr_carea' id='block_1_39' title="bbox 688 3867 879 3933">
    <p class='ocr_par' dir='ltr' id='par_1_39' title="bbox 688 3867 879 3933">
     <span class='ocr_line' id='line_1_39' title="bbox 688 3867 879 3933; baseline 0.01 -16"><span class='ocrx_word' id='word_1_279' title='bbox 688 3867 879 3933; x_wconf 87' lang='lat' dir='ltr'><strong>possit.</strong></span> 
     </span>
    </p>
   </div>
   <div class='ocr_carea' id='block_1_40' title="bbox 764 3958 2255 4029">
    <p class='ocr_par' dir='ltr' id='par_1_40' title="bbox 764 3958 2255 4029">
     <span class='ocr_line' id='line_1_40' title="bbox 764 3958 2255 4029; baseline 0.002 -17"><span class='ocrx_word' id='word_1_280' title='bbox 764 3960 825 4013; x_wconf 86' lang='lat' dir='ltr'><strong>V.</strong></span> <span class='ocrx_word' id='word_1_281' title='bbox 861 3959 916 4013; x_wconf 91' lang='lat' dir='ltr'><strong>Si</strong></span> <span class='ocrx_word' id='word_1_282' title='bbox 972 3958 1210 4014; x_wconf 87' lang='lat' dir='ltr'><strong>secessio</strong></span> <span class='ocrx_word' id='word_1_283' title='bbox 1263 3958 1451 4013; x_wconf 90' lang='lat' dir='ltr'><strong>Basilii</strong></span> <span class='ocrx_word' id='word_1_284' title='bbox 1507 3960 1661 4029; x_wconf 87' lang='lat' dir='ltr'><strong>digna</strong></span> <span class='ocrx_word' id='word_1_285' title='bbox 1720 3961 1820 4015; x_wconf 91' lang='lat' dir='ltr'><strong>fuit</strong></span> <span class='ocrx_word' id='word_1_286' title='bbox 1878 3962 2255 4022; x_wconf 89' lang='lat' dir='ltr'><strong>admiratione,</strong></span> 
     </span>
    </p>
   </div>
   <div class='ocr_carea' id='block_1_41' title="bbox 689 4050 2257 4120">
    <p class='ocr_par' dir='ltr' id='par_1_41' title="bbox 689 4050 2257 4120">
     <span class='ocr_line' id='line_1_41' title="bbox 689 4050 2257 4120; baseline 0.001 -17"><span class='ocrx_word' id='word_1_287' title='bbox 689 4050 859 4103; x_wconf 91' lang='lat' dir='ltr'><strong>multo</strong></span> <span class='ocrx_word' id='word_1_288' title='bbox 886 4051 1097 4120; x_wconf 87' lang='lat' dir='ltr'><strong>dignior</strong></span> <span class='ocrx_word' id='word_1_289' title='bbox 1126 4052 1332 4106; x_wconf 89' lang='lat' dir='ltr'><strong>reditus</strong></span> <span class='ocrx_word' id='word_1_290' title='bbox 1359 4050 1585 4105; x_wconf 82' lang='lat' dir='ltr'><strong>exstitit.</strong></span> <span class='ocrx_word' id='word_1_291' title='bbox 1626 4050 1757 4105; x_wconf 84' lang='lat' dir='ltr'><strong>Nam</strong></span> <span class='ocrx_word' id='word_1_292' title='bbox 1809 4066 1931 4106; x_wconf 91' lang='lat' dir='ltr'><strong>cum</strong></span> <span class='ocrx_word' id='word_1_293' title='bbox 1982 4050 2049 4119; x_wconf 89' lang='lat' dir='ltr'><strong>(e)</strong></span> <span class='ocrx_word' id='word_1_294' title='bbox 2088 4052 2257 4120; x_wconf 90' lang='lat' dir='ltr'><strong>impe-</strong></span> 
     </span>
    </p>
   </div>
   <div class='ocr_carea' id='block_1_42' title="bbox 690 4140 2253 4207">
    <p class='ocr_par' dir='ltr' id='par_1_42' title="bbox 690 4140 2253 4207">
     <span class='ocr_line' id='line_1_42' title="bbox 690 4140 2253 4207; baseline -0.002 -10"><span class='ocrx_word' id='word_1_295' title='bbox 690 4151 839 4196; x_wconf 87' lang='lat' dir='ltr'><strong>rator</strong></span> <span class='ocrx_word' id='word_1_296' title='bbox 869 4140 1081 4203; x_wconf 81' lang='lat' dir='ltr'><strong>Valens,</strong></span> <span class='ocrx_word' id='word_1_297' title='bbox 1114 4143 1231 4193; x_wconf 90' lang='lat' dir='ltr'><strong>auri</strong></span> <span class='ocrx_word' id='word_1_298' title='bbox 1280 4142 1707 4205; x_wconf 90' lang='lat' dir='ltr'><strong>amantissimus,</strong></span> <span class='ocrx_word' id='word_1_299' title='bbox 1747 4153 1804 4196; x_wconf 91' lang='lat' dir='ltr'><strong>ut</strong></span> <span class='ocrx_word' id='word_1_300' title='bbox 1831 4144 1909 4196; x_wconf 89' lang='lat' dir='ltr'><strong>ait</strong></span> <span class='ocrx_word' id='word_1_301' title='bbox 1940 4140 2253 4207; x_wconf 81' lang='lat' dir='ltr'><strong>Gregorius,</strong></span> 
     </span>
    </p>
   </div>
   <div class='ocr_carea' id='block_1_43' title="bbox 691 4232 2257 4298">
    <p class='ocr_par' dir='ltr' id='par_1_43' title="bbox 691 4232 2257 4298">
     <span class='ocr_line' id='line_1_43' title="bbox 691 4232 2257 4298; baseline 0 -15"><span class='ocrx_word' id='word_1_302' title='bbox 691 4242 744 4283; x_wconf 92' lang='lat' dir='ltr'><strong>et</strong></span> <span class='ocrx_word' id='word_1_303' title='bbox 768 4232 967 4287; x_wconf 85' lang='lat' dir='ltr'><strong>Christi</strong></span> <span class='ocrx_word' id='word_1_304' title='bbox 994 4233 1417 4298; x_wconf 91' lang='lat' dir='ltr'><strong>inimicissimus,</strong></span> <span class='ocrx_word' id='word_1_305' title='bbox 1464 4233 1724 4288; x_wconf 64' lang='lat' dir='ltr'><strong>Caesarea:</strong></span> <span class='ocrx_word' id='word_1_306' title='bbox 1768 4232 2077 4287; x_wconf 87' lang='lat' dir='ltr'><strong>immineret</strong></span> <span class='ocrx_word' id='word_1_307' title='bbox 2117 4246 2257 4284; x_wconf 91' lang='lat' dir='ltr'><strong>anno</strong></span> 
     </span>
    </p>
   </div>
   <div class='ocr_carea' id='block_1_44' title="bbox 688 4322 2254 4393">
    <p class='ocr_par' dir='ltr' id='par_1_44' title="bbox 688 4322 2254 4393">
     <span class='ocr_line' id='line_1_44' title="bbox 688 4322 2254 4393; baseline -0.003 -16"><span class='ocrx_word' id='word_1_308' title='bbox 688 4322 817 4385; x_wconf 75' lang='lat'><strong>365,</strong></span> <span class='ocrx_word' id='word_1_309' title='bbox 844 4336 1032 4388; x_wconf 82' lang='lat' dir='ltr'><strong>agmen</strong></span> <span class='ocrx_word' id='word_1_310' title='bbox 1060 4326 1281 4393; x_wconf 91' lang='lat' dir='ltr'><strong>impium</strong></span> <span class='ocrx_word' id='word_1_311' title='bbox 1311 4338 1494 4393; x_wconf 89' lang='lat' dir='ltr'><strong>agens,</strong></span> <span class='ocrx_word' id='word_1_312' title='bbox 1531 4328 1814 4393; x_wconf 88' lang='lat' dir='ltr'><strong>episcopos</strong></span> <span class='ocrx_word' id='word_1_313' title='bbox 1842 4326 2091 4387; x_wconf 78' lang='lat' dir='ltr'><strong>Arianos,</strong></span> <span class='ocrx_word' id='word_1_314' title='bbox 2130 4337 2254 4374; x_wconf 81' lang='lat' dir='ltr'><strong>cru-</strong></span> 
     </span>
    </p>
   </div>
   <div class='ocr_carea' id='block_1_45' title="bbox 690 4410 2254 4477">
    <p class='ocr_par' dir='ltr' id='par_1_45' title="bbox 690 4410 2254 4477">
     <span class='ocr_line' id='line_1_45' title="bbox 690 4410 2254 4477; baseline -0.003 -10"><span class='ocrx_word' id='word_1_315' title='bbox 690 4414 836 4468; x_wconf 88' lang='lat' dir='ltr'><strong>deles</strong></span> <span class='ocrx_word' id='word_1_316' title='bbox 872 4410 1232 4466; x_wconf 88' lang='lat' dir='ltr'><strong>Ecclesiarum</strong></span> <span class='ocrx_word' id='word_1_317' title='bbox 1282 4414 1605 4477; x_wconf 88' lang='lat' dir='ltr'><strong>tetrarchas,</strong></span> <span class='ocrx_word' id='word_1_318' title='bbox 1638 4413 1984 4469; x_wconf 69' lang='lat' dir='ltr'><strong>Cmsariensis</strong></span> <span class='ocrx_word' id='word_1_319' title='bbox 2018 4412 2254 4466; x_wconf 87' lang='lat' dir='ltr'><strong>Ecclesia</strong></span> 
     </span>
    </p>
   </div>
   <div class='ocr_carea' id='block_1_46' title="bbox 2367 568 3925 637">
    <p class='ocr_par' dir='ltr' id='par_1_46' title="bbox 2367 568 3925 637">
     <span class='ocr_line' id='line_1_46' title="bbox 2367 568 3925 637; baseline 0.001 -18"><span class='ocrx_word' id='word_1_320' title='bbox 2367 568 2729 621; x_wconf 77' lang='lat' dir='ltr'><strong>defensionem</strong></span> <span class='ocrx_word' id='word_1_321' title='bbox 2780 570 2891 636; x_wconf 85' lang='lat' dir='ltr'><strong>pari</strong></span> <span class='ocrx_word' id='word_1_322' title='bbox 2928 570 3205 637; x_wconf 88' lang='lat' dir='ltr'><strong>prudentia</strong></span> <span class='ocrx_word' id='word_1_323' title='bbox 3243 569 3497 622; x_wconf 85' lang='lat' dir='ltr'><strong>confecit.</strong></span> <span class='ocrx_word' id='word_1_324' title='bbox 3529 568 3765 623; x_wconf 73' lang='lat' dir='ltr'><strong>Vocatus</strong></span> <span class='ocrx_word' id='word_1_325' title='bbox 3805 584 3925 637; x_wconf 87' lang='lat' dir='ltr'><strong>per-</strong></span> 
     </span>
    </p>
   </div>
   <div class='ocr_carea' id='block_1_47' title="bbox 2364 657 3922 727">
    <p class='ocr_par' dir='ltr' id='par_1_47' title="bbox 2364 657 3922 727">
     <span class='ocr_line' id='line_1_47' title="bbox 2364 657 3922 727; baseline -0.003 -13"><span class='ocrx_word' id='word_1_326' title='bbox 2364 663 2655 716; x_wconf 86' lang='lat' dir='ltr'><strong>lionoriﬁce</strong></span> <span class='ocrx_word' id='word_1_327' title='bbox 2681 662 2745 715; x_wconf 91' lang='lat' dir='ltr'><strong>ab</strong></span> <span class='ocrx_word' id='word_1_328' title='bbox 2779 661 3009 715; x_wconf 89' lang='lat' dir='ltr'><strong>Eusebio</strong></span> <span class='ocrx_word' id='word_1_329' title='bbox 3045 662 3363 715; x_wconf 67' lang='lat' dir='ltr'><strong>Cmsariensi</strong></span> <span class='ocrx_word' id='word_1_330' title='bbox 3401 661 3465 713; x_wconf 90' lang='lat' dir='ltr'><strong>ad</strong></span> <span class='ocrx_word' id='word_1_331' title='bbox 3496 660 3731 727; x_wconf 89' lang='lat' dir='ltr'><strong>aliquem</strong></span> <span class='ocrx_word' id='word_1_332' title='bbox 3762 657 3922 727; x_wconf 73' lang='lat' dir='ltr'><strong>Spiri-</strong></span> 
     </span>
    </p>
   </div>
   <div class='ocr_carea' id='block_1_48' title="bbox 2362 748 3925 817">
    <p class='ocr_par' dir='ltr' id='par_1_48' title="bbox 2362 748 3925 817">
     <span class='ocr_line' id='line_1_48' title="bbox 2362 748 3925 817; baseline -0.004 -14"><span class='ocrx_word' id='word_1_333' title='bbox 2362 752 2521 805; x_wconf 89' lang='lat' dir='ltr'><strong>talem</strong></span> <span class='ocrx_word' id='word_1_334' title='bbox 2554 762 2898 817; x_wconf 79' lang='lat' dir='ltr'><strong>conventum,</strong></span> <span class='ocrx_word' id='word_1_335' title='bbox 2940 752 2989 804; x_wconf 88' lang='lat' dir='ltr'><strong>id</strong></span> <span class='ocrx_word' id='word_1_336' title='bbox 3018 762 3100 805; x_wconf 90' lang='lat' dir='ltr'><strong>est</strong></span> <span class='ocrx_word' id='word_1_337' title='bbox 3144 752 3208 804; x_wconf 91' lang='lat' dir='ltr'><strong>ad</strong></span> <span class='ocrx_word' id='word_1_338' title='bbox 3260 750 3488 817; x_wconf 86' lang='lat' dir='ltr'><strong>aliquem</strong></span> <span class='ocrx_word' id='word_1_339' title='bbox 3525 750 3668 801; x_wconf 89' lang='lat' dir='ltr'><strong>diem</strong></span> <span class='ocrx_word' id='word_1_340' title='bbox 3707 748 3925 812; x_wconf 84' lang='lat' dir='ltr'><strong>festum,</strong></span> 
     </span>
    </p>
   </div>
   <div class='ocr_carea' id='block_1_49' title="bbox 2362 840 3924 913">
    <p class='ocr_par' dir='ltr' id='par_1_49' title="bbox 2362 840 3924 913">
     <span class='ocr_line' id='line_1_49' title="bbox 2362 840 3924 913; baseline -0.003 -18"><span class='ocrx_word' id='word_1_341' title='bbox 2362 855 2571 912; x_wconf 86' lang='lat' dir='ltr'><strong>gratum</strong></span> <span class='ocrx_word' id='word_1_342' title='bbox 2614 846 2874 908; x_wconf 89' lang='lat' dir='ltr'><strong>animum,</strong></span> <span class='ocrx_word' id='word_1_343' title='bbox 2923 855 3105 913; x_wconf 82' lang='lat' dir='ltr'><strong>utpar</strong></span> <span class='ocrx_word' id='word_1_344' title='bbox 3138 852 3275 905; x_wconf 90' lang='lat' dir='ltr'><strong>erat,</strong></span> <span class='ocrx_word' id='word_1_345' title='bbox 3315 841 3642 910; x_wconf 87' lang='lat' dir='ltr'><strong>signiﬁcavit</strong></span> <span class='ocrx_word' id='word_1_346' title='bbox 3669 840 3739 907; x_wconf 81' lang='lat' dir='ltr'><strong>(f)</strong></span> <span class='ocrx_word' id='word_1_347' title='bbox 3776 856 3788 898; x_wconf 87' lang='lat'><strong>;</strong></span> <span class='ocrx_word' id='word_1_348' title='bbox 3834 841 3924 891; x_wconf 87' lang='lat' dir='ltr'><strong>sed</strong></span> 
     </span>
    </p>
   </div>
   <div class='ocr_carea' id='block_1_50' title="bbox 2364 930 3925 1002">
    <p class='ocr_par' dir='ltr' id='par_1_50' title="bbox 2364 930 3925 1002">
     <span class='ocr_line' id='line_1_50' title="bbox 2364 930 3925 1002; baseline -0.005 -13"><span class='ocrx_word' id='word_1_349' title='bbox 2364 954 2466 989; x_wconf 91' lang='lat' dir='ltr'><strong>non</strong></span> <span class='ocrx_word' id='word_1_350' title='bbox 2498 938 2679 991; x_wconf 84' lang='lat' dir='ltr'><strong>omisit</strong></span> <span class='ocrx_word' id='word_1_351' title='bbox 2711 937 3049 991; x_wconf 87' lang='lat' dir='ltr'><strong>occasionem</strong></span> <span class='ocrx_word' id='word_1_352' title='bbox 3077 937 3244 989; x_wconf 89' lang='lat' dir='ltr'><strong>libere</strong></span> <span class='ocrx_word' id='word_1_353' title='bbox 3272 933 3657 1002; x_wconf 83' lang='lat' dir='ltr'><strong>conquercudi,</strong></span> <span class='ocrx_word' id='word_1_354' title='bbox 3680 931 3823 999; x_wconf 89' lang='lat' dir='ltr'><strong>quod</strong></span> <span class='ocrx_word' id='word_1_355' title='bbox 3852 930 3925 982; x_wconf 87' lang='lat' dir='ltr'><strong>in-</strong></span> 
     </span>
    </p>
   </div>
   <div class='ocr_carea' id='block_1_51' title="bbox 2358 1022 3923 1094">
    <p class='ocr_par' dir='ltr' id='par_1_51' title="bbox 2358 1022 3923 1094">
     <span class='ocr_line' id='line_1_51' title="bbox 2358 1022 3923 1094; baseline -0.003 -19"><span class='ocrx_word' id='word_1_356' title='bbox 2358 1026 2554 1094; x_wconf 88' lang='lat' dir='ltr'><strong>juriam</strong></span> <span class='ocrx_word' id='word_1_357' title='bbox 2582 1026 2778 1080; x_wconf 76' lang='lat' dir='ltr'><strong>Basilio</strong></span> <span class='ocrx_word' id='word_1_358' title='bbox 2820 1028 3033 1079; x_wconf 86' lang='lat' dir='ltr'><strong>fecisset</strong></span> <span class='ocrx_word' id='word_1_359' title='bbox 3078 1025 3339 1079; x_wconf 80' lang='lat' dir='ltr'><strong>Eusebius</strong></span> <span class='ocrx_word' id='word_1_360' title='bbox 3380 1033 3433 1075; x_wconf 91' lang='lat' dir='ltr'><strong>et</strong></span> <span class='ocrx_word' id='word_1_361' title='bbox 3471 1024 3645 1075; x_wconf 88' lang='lat' dir='ltr'><strong>adhuc</strong></span> <span class='ocrx_word' id='word_1_362' title='bbox 3696 1022 3923 1073; x_wconf 84' lang='lat' dir='ltr'><strong>faceret.</strong></span> 
     </span>
    </p>
   </div>
   <div class='ocr_carea' id='block_1_52' title="bbox 2364 1111 3921 1179">
    <p class='ocr_par' dir='ltr' id='par_1_52' title="bbox 2364 1111 3921 1179">
     <span class='ocr_line' id='line_1_52' title="bbox 2364 1111 3921 1179; baseline -0.004 -10"><span class='ocrx_word' id='word_1_363' title='bbox 2364 1118 2498 1169; x_wconf 88' lang='lat' dir='ltr'><strong>Dum</strong></span> <span class='ocrx_word' id='word_1_364' title='bbox 2530 1118 2669 1169; x_wconf 90' lang='lat' dir='ltr'><strong>enim</strong></span> <span class='ocrx_word' id='word_1_365' title='bbox 2708 1118 2807 1171; x_wconf 90' lang='lat' dir='ltr'><strong>sibi</strong></span> <span class='ocrx_word' id='word_1_366' title='bbox 2836 1119 3093 1169; x_wconf 87' lang='lat' dir='ltr'><strong>honorem</strong></span> <span class='ocrx_word' id='word_1_367' title='bbox 3132 1117 3312 1177; x_wconf 90' lang='lat' dir='ltr'><strong>habet,</strong></span> <span class='ocrx_word' id='word_1_368' title='bbox 3350 1122 3658 1179; x_wconf 80' lang='lat' dir='ltr'><strong>contempto</strong></span> <span class='ocrx_word' id='word_1_369' title='bbox 3682 1111 3885 1163; x_wconf 86' lang='lat' dir='ltr'><strong>Basilio</strong></span> <span class='ocrx_word' id='word_1_370' title='bbox 3908 1149 3921 1171; x_wconf 94' lang='lat'><strong>,</strong></span> 
     </span>
    </p>
   </div>
   <div class='ocr_carea' id='block_1_53' title="bbox 2362 1201 3926 1274">
    <p class='ocr_par' dir='ltr' id='par_1_53' title="bbox 2362 1201 3926 1274">
     <span class='ocr_line' id='line_1_53' title="bbox 2362 1201 3926 1274; baseline -0.004 -16"><span class='ocrx_word' id='word_1_371' title='bbox 2362 1206 2501 1258; x_wconf 90' lang='lat' dir='ltr'><strong>idem</strong></span> <span class='ocrx_word' id='word_1_372' title='bbox 2541 1221 2661 1259; x_wconf 91' lang='lat' dir='ltr'><strong>eum</strong></span> <span class='ocrx_word' id='word_1_373' title='bbox 2689 1206 2889 1269; x_wconf 81' lang='lat' dir='ltr'><strong>facere,</strong></span> <span class='ocrx_word' id='word_1_374' title='bbox 2926 1221 2987 1259; x_wconf 88' lang='lat' dir='ltr'><strong>ac</strong></span> <span class='ocrx_word' id='word_1_375' title='bbox 3017 1207 3058 1257; x_wconf 91' lang='lat' dir='ltr'><strong>si</strong></span> <span class='ocrx_word' id='word_1_376' title='bbox 3098 1207 3219 1274; x_wconf 89' lang='lat' dir='ltr'><strong>quis</strong></span> <span class='ocrx_word' id='word_1_377' title='bbox 3252 1205 3408 1258; x_wconf 90' lang='lat' dir='ltr'><strong>unius</strong></span> <span class='ocrx_word' id='word_1_378' title='bbox 3435 1203 3533 1255; x_wconf 89' lang='lat' dir='ltr'><strong>viri</strong></span> <span class='ocrx_word' id='word_1_379' title='bbox 3568 1212 3731 1269; x_wconf 89' lang='lat' dir='ltr'><strong>caput</strong></span> <span class='ocrx_word' id='word_1_380' title='bbox 3755 1201 3926 1253; x_wconf 88' lang='lat' dir='ltr'><strong>altera</strong></span> 
     </span>
    </p>
   </div>
   <div class='ocr_carea' id='block_1_54' title="bbox 2362 1293 3924 1362">
    <p class='ocr_par' dir='ltr' id='par_1_54' title="bbox 2362 1293 3924 1362">
     <span class='ocr_line' id='line_1_54' title="bbox 2362 1293 3924 1362; baseline -0.005 -11"><span class='ocrx_word' id='word_1_381' title='bbox 2362 1313 2522 1351; x_wconf 89' lang='lat' dir='ltr'><strong>manu</strong></span> <span class='ocrx_word' id='word_1_382' title='bbox 2559 1297 2877 1362; x_wconf 90' lang='lat' dir='ltr'><strong>demulceat,</strong></span> <span class='ocrx_word' id='word_1_383' title='bbox 2936 1297 3102 1349; x_wconf 86' lang='lat' dir='ltr'><strong>altera</strong></span> <span class='ocrx_word' id='word_1_384' title='bbox 3153 1296 3349 1349; x_wconf 84' lang='lat' dir='ltr'><strong>malam</strong></span> <span class='ocrx_word' id='word_1_385' title='bbox 3401 1295 3591 1355; x_wconf 88' lang='lat' dir='ltr'><strong>feriat;</strong></span> <span class='ocrx_word' id='word_1_386' title='bbox 3642 1293 3924 1347; x_wconf 85' lang='lat' dir='ltr'><strong>autetiam</strong></span> 
     </span>
    </p>
   </div>
   <div class='ocr_carea' id='block_1_55' title="bbox 2359 1388 3921 1456">
    <p class='ocr_par' dir='ltr' id='par_1_55' title="bbox 2359 1388 3921 1456">
     <span class='ocr_line' id='line_1_55' title="bbox 2359 1388 3921 1456; baseline -0.004 -13"><span class='ocrx_word' id='word_1_387' title='bbox 2359 1388 2629 1443; x_wconf 85' lang='lat' dir='ltr'><strong>convulsis</strong></span> <span class='ocrx_word' id='word_1_388' title='bbox 2666 1388 2851 1443; x_wconf 91' lang='lat' dir='ltr'><strong>domus</strong></span> <span class='ocrx_word' id='word_1_389' title='bbox 2900 1388 3263 1442; x_wconf 83' lang='lat' dir='ltr'><strong>fundamentis</strong></span> <span class='ocrx_word' id='word_1_390' title='bbox 3306 1390 3538 1454; x_wconf 89' lang='lat' dir='ltr'><strong>parietes</strong></span> <span class='ocrx_word' id='word_1_391' title='bbox 3584 1389 3795 1456; x_wconf 85' lang='lat' dir='ltr'><strong>pingat,</strong></span> <span class='ocrx_word' id='word_1_392' title='bbox 3834 1396 3921 1438; x_wconf 81' lang='lat' dir='ltr'><strong>at-</strong></span> 
     </span>
    </p>
   </div>
   <div class='ocr_carea' id='block_1_56' title="bbox 2359 1481 3921 1553">
    <p class='ocr_par' dir='ltr' id='par_1_56' title="bbox 2359 1481 3921 1553">
     <span class='ocr_line' id='line_1_56' title="bbox 2359 1481 3921 1553; baseline -0.002 -18"><span class='ocrx_word' id='word_1_393' title='bbox 2359 1499 2461 1553; x_wconf 91' lang='lat' dir='ltr'><strong>que</strong></span> <span class='ocrx_word' id='word_1_394' title='bbox 2504 1492 2754 1536; x_wconf 80' lang='lat' dir='ltr'><strong>externas</strong></span> <span class='ocrx_word' id='word_1_395' title='bbox 2794 1494 2969 1551; x_wconf 90' lang='lat' dir='ltr'><strong>partes</strong></span> <span class='ocrx_word' id='word_1_396' title='bbox 3012 1492 3259 1536; x_wconf 77' lang='lat' dir='ltr'><strong>exornet.</strong></span> <span class='ocrx_word' id='word_1_397' title='bbox 3306 1481 3596 1535; x_wconf 86' lang='lat' dir='ltr'><strong>Pollicetur</strong></span> <span class='ocrx_word' id='word_1_398' title='bbox 3648 1494 3921 1535; x_wconf 89' lang='lat' dir='ltr'><strong>summam</strong></span> 
     </span>
    </p>
   </div>
   <div class='ocr_carea' id='block_1_57' title="bbox 2358 1571 3919 1642">
    <p class='ocr_par' dir='ltr' id='par_1_57' title="bbox 2358 1571 3919 1642">
     <span class='ocr_line' id='line_1_57' title="bbox 2358 1571 3919 1642; baseline -0.003 -13"><span class='ocrx_word' id='word_1_399' title='bbox 2358 1575 2471 1630; x_wconf 85' lang='lat' dir='ltr'><strong>fore</strong></span> <span class='ocrx_word' id='word_1_400' title='bbox 2505 1577 2558 1630; x_wconf 91' lang='lat' dir='ltr'><strong>in</strong></span> <span class='ocrx_word' id='word_1_401' title='bbox 2600 1590 2723 1629; x_wconf 89' lang='lat' dir='ltr'><strong>eum</strong></span> <span class='ocrx_word' id='word_1_402' title='bbox 2756 1575 2937 1628; x_wconf 88' lang='lat' dir='ltr'><strong>Basilii</strong></span> <span class='ocrx_word' id='word_1_403' title='bbox 2980 1574 3397 1633; x_wconf 86' lang='lat' dir='ltr'><strong>observantiam,</strong></span> <span class='ocrx_word' id='word_1_404' title='bbox 3435 1572 3476 1624; x_wconf 91' lang='lat' dir='ltr'><strong>si</strong></span> <span class='ocrx_word' id='word_1_405' title='bbox 3507 1588 3696 1642; x_wconf 61' lang='lat' dir='ltr'><strong>aequus</strong></span> <span class='ocrx_word' id='word_1_406' title='bbox 3733 1574 3784 1626; x_wconf 93' lang='lat' dir='ltr'><strong>in</strong></span> <span class='ocrx_word' id='word_1_407' title='bbox 3817 1571 3919 1625; x_wconf 90' lang='lat' dir='ltr'><strong>Ba-</strong></span> 
     </span>
    </p>
   </div>
   <div class='ocr_carea' id='block_1_58' title="bbox 2358 1665 3924 1736">
    <p class='ocr_par' dir='ltr' id='par_1_58' title="bbox 2358 1665 3924 1736">
     <span class='ocr_line' id='line_1_58' title="bbox 2358 1665 3924 1736; baseline -0.004 -15"><span class='ocrx_word' id='word_1_408' title='bbox 2358 1668 2533 1722; x_wconf 89' lang='lat' dir='ltr'><strong>silium</strong></span> <span class='ocrx_word' id='word_1_409' title='bbox 2582 1682 2712 1721; x_wconf 87' lang='lat' dir='ltr'><strong>esse</strong></span> <span class='ocrx_word' id='word_1_410' title='bbox 2762 1667 2924 1731; x_wconf 88' lang='lat' dir='ltr'><strong>velit;</strong></span> <span class='ocrx_word' id='word_1_411' title='bbox 2968 1684 3025 1721; x_wconf 86' lang='lat' dir='ltr'><strong>se</strong></span> <span class='ocrx_word' id='word_1_412' title='bbox 3079 1680 3291 1736; x_wconf 84' lang='lat' dir='ltr'><strong>quoque</strong></span> <span class='ocrx_word' id='word_1_413' title='bbox 3342 1665 3522 1717; x_wconf 87' lang='lat' dir='ltr'><strong>statim</strong></span> <span class='ocrx_word' id='word_1_414' title='bbox 3583 1675 3924 1729; x_wconf 90' lang='lat' dir='ltr'><strong>secuturum,</strong></span> 
     </span>
    </p>
   </div>
   <div class='ocr_carea' id='block_1_59' title="bbox 2358 1761 3655 1829">
    <p class='ocr_par' dir='ltr' id='par_1_59' title="bbox 2358 1761 3655 1829">
     <span class='ocr_line' id='line_1_59' title="bbox 2358 1761 3655 1829; baseline -0.002 -17"><span class='ocrx_word' id='word_1_415' title='bbox 2358 1761 2801 1827; x_wconf 88' lang='lat' dir='ltr'><strong>quemadmodum</strong></span> <span class='ocrx_word' id='word_1_416' title='bbox 2836 1761 3035 1815; x_wconf 63' lang='lat' dir='ltr'><strong>umbrae</strong></span> <span class='ocrx_word' id='word_1_417' title='bbox 3073 1776 3298 1829; x_wconf 89' lang='lat' dir='ltr'><strong>corpora</strong></span> <span class='ocrx_word' id='word_1_418' title='bbox 3337 1768 3655 1827; x_wconf 88' lang='lat' dir='ltr'><strong>sequuntur.</strong></span> 
     </span>
    </p>
   </div>
   <div class='ocr_carea' id='block_1_60' title="bbox 2432 1849 3924 1917">
    <p class='ocr_par' dir='ltr' id='par_1_60' title="bbox 2432 1849 3924 1917">
     <span class='ocr_line' id='line_1_60' title="bbox 2432 1849 3924 1917; baseline -0.001 -12"><span class='ocrx_word' id='word_1_419' title='bbox 2432 1852 2687 1915; x_wconf 84' lang='lat' dir='ltr'><strong>Quamvis</strong></span> <span class='ocrx_word' id='word_1_420' title='bbox 2727 1852 3145 1907; x_wconf 89' lang='lat' dir='ltr'><strong>admonitionem</strong></span> <span class='ocrx_word' id='word_1_421' title='bbox 3187 1852 3401 1905; x_wconf 75' lang='lat' dir='ltr'><strong>eximiis</strong></span> <span class='ocrx_word' id='word_1_422' title='bbox 3433 1849 3679 1903; x_wconf 90' lang='lat' dir='ltr'><strong>laudibus</strong></span> <span class='ocrx_word' id='word_1_423' title='bbox 3713 1859 3924 1917; x_wconf 89' lang='lat' dir='ltr'><strong>tempe-</strong></span> 
     </span>
    </p>
   </div>
   <div class='ocr_carea' id='block_1_61' title="bbox 2363 1943 3930 2013">
    <p class='ocr_par' dir='ltr' id='par_1_61' title="bbox 2363 1943 3930 2013">
     <span class='ocr_line' id='line_1_61' title="bbox 2363 1943 3930 2013; baseline -0.003 -16"><span class='ocrx_word' id='word_1_424' title='bbox 2363 1952 2464 2007; x_wconf 85' lang='lat' dir='ltr'><strong>ret,</strong></span> <span class='ocrx_word' id='word_1_425' title='bbox 2490 1958 2719 2013; x_wconf 90' lang='lat' dir='ltr'><strong>eumque</strong></span> <span class='ocrx_word' id='word_1_426' title='bbox 2746 1946 3083 1999; x_wconf 88' lang='lat' dir='ltr'><strong>sacerdotem</strong></span> <span class='ocrx_word' id='word_1_427' title='bbox 3120 1943 3349 2012; x_wconf 90' lang='lat' dir='ltr'><strong>appellet</strong></span> <span class='ocrx_word' id='word_1_428' title='bbox 3378 1944 3640 2004; x_wconf 89' lang='lat' dir='ltr'><strong>omnium,</strong></span> <span class='ocrx_word' id='word_1_429' title='bbox 3665 1955 3801 2007; x_wconf 90' lang='lat' dir='ltr'><strong>quos</strong></span> <span class='ocrx_word' id='word_1_430' title='bbox 3834 1956 3930 1993; x_wconf 89' lang='lat' dir='ltr'><strong>no-</strong></span> 
     </span>
    </p>
   </div>
   <div class='ocr_carea' id='block_1_62' title="bbox 2361 2031 3929 2103">
    <p class='ocr_par' dir='ltr' id='par_1_62' title="bbox 2361 2031 3929 2103">
     <span class='ocr_line' id='line_1_62' title="bbox 2361 2031 3929 2103; baseline -0.003 -16"><span class='ocrx_word' id='word_1_431' title='bbox 2361 2034 2589 2099; x_wconf 88' lang='lat' dir='ltr'><strong>verit,et</strong></span> <span class='ocrx_word' id='word_1_432' title='bbox 2621 2038 2725 2088; x_wconf 87' lang='lat' dir='ltr'><strong>vita</strong></span> <span class='ocrx_word' id='word_1_433' title='bbox 2758 2046 2812 2090; x_wconf 90' lang='lat' dir='ltr'><strong>et</strong></span> <span class='ocrx_word' id='word_1_434' title='bbox 2836 2050 3085 2092; x_wconf 90' lang='lat' dir='ltr'><strong>sermone</strong></span> <span class='ocrx_word' id='word_1_435' title='bbox 3117 2035 3643 2103; x_wconf 68' lang='lat' dir='ltr'><strong>prmslantissimum,</strong></span> <span class='ocrx_word' id='word_1_436' title='bbox 3673 2031 3816 2084; x_wconf 92' lang='lat' dir='ltr'><strong>illius</strong></span> <span class='ocrx_word' id='word_1_437' title='bbox 3851 2041 3929 2083; x_wconf 85' lang='lat' dir='ltr'><strong>Ia-</strong></span> 
     </span>
    </p>
   </div>
   <div class='ocr_carea' id='block_1_63' title="bbox 2361 2122 3930 2197">
    <p class='ocr_par' dir='ltr' id='par_1_63' title="bbox 2361 2122 3930 2197">
     <span class='ocr_line' id='line_1_63' title="bbox 2361 2122 3930 2197; baseline -0.003 -18"><span class='ocrx_word' id='word_1_438' title='bbox 2361 2141 2484 2180; x_wconf 91' lang='lat' dir='ltr'><strong>meu</strong></span> <span class='ocrx_word' id='word_1_439' title='bbox 2530 2126 2829 2181; x_wconf 86' lang='lat' dir='ltr'><strong>libertatem</strong></span> <span class='ocrx_word' id='word_1_440' title='bbox 2866 2130 2969 2182; x_wconf 90' lang='lat' dir='ltr'><strong>sibi</strong></span> <span class='ocrx_word' id='word_1_441' title='bbox 3017 2128 3331 2197; x_wconf 90' lang='lat' dir='ltr'><strong>injuriosam</strong></span> <span class='ocrx_word' id='word_1_442' title='bbox 3378 2125 3547 2178; x_wconf 90' lang='lat' dir='ltr'><strong>videri</strong></span> <span class='ocrx_word' id='word_1_443' title='bbox 3596 2122 3930 2192; x_wconf 78' lang='lat' dir='ltr'><strong>signiﬁcavit</strong></span> 
     </span>
    </p>
   </div>
   <div class='ocr_carea' id='block_1_64' title="bbox 2361 2216 3927 2288">
    <p class='ocr_par' dir='ltr' id='par_1_64' title="bbox 2361 2216 3927 2288">
     <span class='ocr_line' id='line_1_64' title="bbox 2361 2216 3927 2288; baseline -0.005 -15"><span class='ocrx_word' id='word_1_444' title='bbox 2361 2219 2639 2273; x_wconf 87' lang='lat' dir='ltr'><strong>Eusebius.</strong></span> <span class='ocrx_word' id='word_1_445' title='bbox 2679 2216 2812 2270; x_wconf 90' lang='lat' dir='ltr'><strong>Tum</strong></span> <span class='ocrx_word' id='word_1_446' title='bbox 2854 2219 3147 2287; x_wconf 84' lang='lat' dir='ltr'><strong>Gregorius</strong></span> <span class='ocrx_word' id='word_1_447' title='bbox 3179 2219 3253 2288; x_wconf 87' lang='lat' dir='ltr'><strong>(g)</strong></span> <span class='ocrx_word' id='word_1_448' title='bbox 3292 2218 3530 2271; x_wconf 89' lang='lat' dir='ltr'><strong>declarat</strong></span> <span class='ocrx_word' id='word_1_449' title='bbox 3555 2230 3613 2269; x_wconf 85' lang='lat' dir='ltr'><strong>se</strong></span> <span class='ocrx_word' id='word_1_450' title='bbox 3648 2230 3752 2270; x_wconf 92' lang='lat' dir='ltr'><strong>non</strong></span> <span class='ocrx_word' id='word_1_451' title='bbox 3794 2229 3927 2267; x_wconf 86' lang='lat' dir='ltr'><strong>cou-</strong></span> 
     </span>
    </p>
   </div>
   <div class='ocr_carea' id='block_1_65' title="bbox 2364 2307 3932 2379">
    <p class='ocr_par' dir='ltr' id='par_1_65' title="bbox 2364 2307 3932 2379">
     <span class='ocr_line' id='line_1_65' title="bbox 2364 2307 3932 2379; baseline -0.003 -15"><span class='ocrx_word' id='word_1_452' title='bbox 2364 2312 2659 2376; x_wconf 89' lang='lat' dir='ltr'><strong>tmneliose,</strong></span> <span class='ocrx_word' id='word_1_453' title='bbox 2691 2312 2781 2365; x_wconf 91' lang='lat' dir='ltr'><strong>sed</strong></span> <span class='ocrx_word' id='word_1_454' title='bbox 2819 2314 3219 2364; x_wconf 89' lang='lat' dir='ltr'><strong>accommodate</strong></span> <span class='ocrx_word' id='word_1_455' title='bbox 3254 2313 3318 2364; x_wconf 92' lang='lat' dir='ltr'><strong>ad</strong></span> <span class='ocrx_word' id='word_1_456' title='bbox 3348 2312 3488 2379; x_wconf 87' lang='lat' dir='ltr'><strong>leges</strong></span> <span class='ocrx_word' id='word_1_457' title='bbox 3525 2310 3750 2379; x_wconf 79' lang='lat' dir='ltr'><strong>Spiritus</strong></span> <span class='ocrx_word' id='word_1_458' title='bbox 3796 2307 3932 2362; x_wconf 77' lang='lat' dir='ltr'><strong>scri-</strong></span> 
     </span>
    </p>
   </div>
   <div class='ocr_carea' id='block_1_66' title="bbox 2361 2401 3924 2471">
    <p class='ocr_par' dir='ltr' id='par_1_66' title="bbox 2361 2401 3924 2471">
     <span class='ocr_line' id='line_1_66' title="bbox 2361 2401 3924 2471; baseline -0.004 -14"><span class='ocrx_word' id='word_1_459' title='bbox 2361 2405 2529 2471; x_wconf 89' lang='lat' dir='ltr'><strong>psisse</strong></span> <span class='ocrx_word' id='word_1_460' title='bbox 2566 2422 2577 2455; x_wconf 92' lang='lat'>:</span> <span class='ocrx_word' id='word_1_461' title='bbox 2611 2418 2819 2471; x_wconf 58' lang='lat' dir='ltr'><strong>equum</strong></span> <span class='ocrx_word' id='word_1_462' title='bbox 2850 2402 2991 2454; x_wconf 92' lang='lat' dir='ltr'><strong>enim</strong></span> <span class='ocrx_word' id='word_1_463' title='bbox 3022 2414 3161 2464; x_wconf 89' lang='lat' dir='ltr'><strong>esse,</strong></span> <span class='ocrx_word' id='word_1_464' title='bbox 3198 2410 3253 2452; x_wconf 92' lang='lat' dir='ltr'><strong>ut</strong></span> <span class='ocrx_word' id='word_1_465' title='bbox 3284 2401 3381 2452; x_wconf 87' lang='lat' dir='ltr'><strong>sibi</strong></span> <span class='ocrx_word' id='word_1_466' title='bbox 3415 2402 3700 2465; x_wconf 86' lang='lat' dir='ltr'><strong>Eusebius,</strong></span> <span class='ocrx_word' id='word_1_467' title='bbox 3727 2415 3924 2470; x_wconf 86' lang='lat' dir='ltr'><strong>quam-</strong></span> 
     </span>
    </p>
   </div>
   <div class='ocr_carea' id='block_1_67' title="bbox 2360 2488 3922 2563">
    <p class='ocr_par' dir='ltr' id='par_1_67' title="bbox 2360 2488 3922 2563">
     <span class='ocr_line' id='line_1_67' title="bbox 2360 2488 3922 2563; baseline -0.003 -17"><span class='ocrx_word' id='word_1_468' title='bbox 2360 2496 2441 2547; x_wconf 88' lang='lat' dir='ltr'><strong>vis</strong></span> <span class='ocrx_word' id='word_1_469' title='bbox 2468 2494 2632 2563; x_wconf 88' lang='lat' dir='ltr'><strong>gradu</strong></span> <span class='ocrx_word' id='word_1_470' title='bbox 2676 2493 2919 2562; x_wconf 90' lang='lat' dir='ltr'><strong>superior</strong></span> <span class='ocrx_word' id='word_1_471' title='bbox 2942 2492 3029 2556; x_wconf 92' lang='lat' dir='ltr'><strong>sit,</strong></span> <span class='ocrx_word' id='word_1_472' title='bbox 3060 2490 3259 2558; x_wconf 87' lang='lat' dir='ltr'><strong>justam</strong></span> <span class='ocrx_word' id='word_1_473' title='bbox 3298 2488 3601 2543; x_wconf 88' lang='lat' dir='ltr'><strong>libertatem</strong></span> <span class='ocrx_word' id='word_1_474' title='bbox 3639 2491 3922 2545; x_wconf 85' lang='lat' dir='ltr'><strong>concedat.</strong></span> 
     </span>
    </p>
   </div>
   <div class='ocr_carea' id='block_1_68' title="bbox 2360 2582 3930 2649">
    <p class='ocr_par' dir='ltr' id='par_1_68' title="bbox 2360 2582 3930 2649">
     <span class='ocr_line' id='line_1_68' title="bbox 2360 2582 3930 2649; baseline -0.003 -10"><span class='ocrx_word' id='word_1_475' title='bbox 2360 2585 2646 2649; x_wconf 82' lang='lat' dir='ltr'><strong>Ca:terum,</strong></span> <span class='ocrx_word' id='word_1_476' title='bbox 2680 2588 2721 2639; x_wconf 93' lang='lat' dir='ltr'><strong>si</strong></span> <span class='ocrx_word' id='word_1_477' title='bbox 2755 2601 2810 2640; x_wconf 88' lang='lat' dir='ltr'><strong>se</strong></span> <span class='ocrx_word' id='word_1_478' title='bbox 2846 2586 3017 2639; x_wconf 88' lang='lat' dir='ltr'><strong>instar</strong></span> <span class='ocrx_word' id='word_1_479' title='bbox 3051 2583 3234 2638; x_wconf 82' lang='lat' dir='ltr'><strong>famuli</strong></span> <span class='ocrx_word' id='word_1_480' title='bbox 3272 2597 3391 2636; x_wconf 84' lang='lat' dir='ltr'><strong>esse</strong></span> <span class='ocrx_word' id='word_1_481' title='bbox 3428 2582 3572 2644; x_wconf 88' lang='lat' dir='ltr'><strong>velit,</strong></span> <span class='ocrx_word' id='word_1_482' title='bbox 3623 2584 3824 2649; x_wconf 82' lang='lat' dir='ltr'><strong>quique</strong></span> <span class='ocrx_word' id='word_1_483' title='bbox 3864 2596 3930 2635; x_wconf 89' lang='lat' dir='ltr'><strong>ne</strong></span> 
     </span>
    </p>
   </div>
   <div class='ocr_carea' id='block_1_69' title="bbox 2362 2671 3929 2745">
    <p class='ocr_par' dir='ltr' id='par_1_69' title="bbox 2362 2671 3929 2745">
     <span class='ocr_line' id='line_1_69' title="bbox 2362 2671 3929 2745; baseline -0.004 -14"><span class='ocrx_word' id='word_1_484' title='bbox 2362 2678 2573 2731; x_wconf 91' lang='lat' dir='ltr'><strong>obtueri</strong></span> <span class='ocrx_word' id='word_1_485' title='bbox 2604 2678 2819 2745; x_wconf 90' lang='lat' dir='ltr'><strong>quidem</strong></span> <span class='ocrx_word' id='word_1_486' title='bbox 2852 2677 3065 2740; x_wconf 88' lang='lat' dir='ltr'><strong>debeat,</strong></span> <span class='ocrx_word' id='word_1_487' title='bbox 3096 2690 3378 2745; x_wconf 91' lang='lat' dir='ltr'><strong>passurum</strong></span> <span class='ocrx_word' id='word_1_488' title='bbox 3406 2688 3463 2726; x_wconf 79' lang='lat' dir='ltr'><strong>se</strong></span> <span class='ocrx_word' id='word_1_489' title='bbox 3491 2673 3629 2725; x_wconf 91' lang='lat' dir='ltr'><strong>hanc</strong></span> <span class='ocrx_word' id='word_1_490' title='bbox 3654 2671 3929 2739; x_wconf 84' lang='lat' dir='ltr'><strong>injuriam,</strong></span> 
     </span>
    </p>
   </div>
   <div class='ocr_carea' id='block_1_70' title="bbox 2363 2762 3931 2835">
    <p class='ocr_par' dir='ltr' id='par_1_70' title="bbox 2363 2762 3931 2835">
     <span class='ocr_line' id='line_1_70' title="bbox 2363 2762 3931 2835; baseline -0.004 -16"><span class='ocrx_word' id='word_1_491' title='bbox 2363 2767 2454 2819; x_wconf 89' lang='lat' dir='ltr'><strong>sed</strong></span> <span class='ocrx_word' id='word_1_492' title='bbox 2483 2766 2533 2818; x_wconf 91' lang='lat' dir='ltr'><strong>id</strong></span> <span class='ocrx_word' id='word_1_493' title='bbox 2563 2767 2759 2833; x_wconf 88' lang='lat' dir='ltr'><strong>pietate</strong></span> <span class='ocrx_word' id='word_1_494' title='bbox 2785 2766 2998 2819; x_wconf 82' lang='lat' dir='ltr'><strong>Eusebii</strong></span> <span class='ocrx_word' id='word_1_495' title='bbox 3027 2782 3244 2835; x_wconf 93' lang='lat' dir='ltr'><strong>prorsus</strong></span> <span class='ocrx_word' id='word_1_496' title='bbox 3268 2766 3541 2835; x_wconf 78' lang='lat' dir='ltr'><strong>indignum</strong></span> <span class='ocrx_word' id='word_1_497' title='bbox 3573 2777 3715 2816; x_wconf 89' lang='lat' dir='ltr'><strong>esse.</strong></span> <span class='ocrx_word' id='word_1_498' title='bbox 3754 2762 3931 2830; x_wconf 82' lang='lat' dir='ltr'><strong>Signi-</strong></span> 
     </span>
    </p>
   </div>
   <div class='ocr_carea' id='block_1_71' title="bbox 2365 2855 3932 2925">
    <p class='ocr_par' dir='ltr' id='par_1_71' title="bbox 2365 2855 3932 2925">
     <span class='ocr_line' id='line_1_71' title="bbox 2365 2855 3932 2925; baseline -0.003 -16"><span class='ocrx_word' id='word_1_499' title='bbox 2365 2858 2486 2910; x_wconf 90' lang='lat' dir='ltr'><strong>ﬁcat</strong></span> <span class='ocrx_word' id='word_1_500' title='bbox 2511 2859 2562 2909; x_wconf 92' lang='lat' dir='ltr'><strong>iu</strong></span> <span class='ocrx_word' id='word_1_501' title='bbox 2588 2856 2688 2909; x_wconf 90' lang='lat' dir='ltr'><strong>alia</strong></span> <span class='ocrx_word' id='word_1_502' title='bbox 2715 2858 2935 2924; x_wconf 91' lang='lat' dir='ltr'><strong>epistola</strong></span> <span class='ocrx_word' id='word_1_503' title='bbox 2969 2858 3044 2925; x_wconf 78' lang='lat' dir='ltr'><strong>(It)</strong></span> <span class='ocrx_word' id='word_1_504' title='bbox 3079 2858 3277 2909; x_wconf 88' lang='lat' dir='ltr'><strong>nullam</strong></span> <span class='ocrx_word' id='word_1_505' title='bbox 3319 2872 3376 2909; x_wconf 85' lang='lat' dir='ltr'><strong>se</strong></span> <span class='ocrx_word' id='word_1_506' title='bbox 3420 2855 3770 2909; x_wconf 76' lang='lat' dir='ltr'><strong>oliensiouem</strong></span> <span class='ocrx_word' id='word_1_507' title='bbox 3815 2856 3932 2905; x_wconf 83' lang='lat' dir='ltr'><strong>atti-</strong></span> 
     </span>
    </p>
   </div>
   <div class='ocr_carea' id='block_1_72' title="bbox 2364 2948 3933 3018">
    <p class='ocr_par' dir='ltr' id='par_1_72' title="bbox 2364 2948 3933 3018">
     <span class='ocr_line' id='line_1_72' title="bbox 2364 2948 3933 3018; baseline -0.003 -15"><span class='ocrx_word' id='word_1_508' title='bbox 2364 2966 2451 3003; x_wconf 91' lang='lat' dir='ltr'><strong>mo</strong></span> <span class='ocrx_word' id='word_1_509' title='bbox 2479 2950 2819 3018; x_wconf 87' lang='lat' dir='ltr'><strong>suscepisse;</strong></span> <span class='ocrx_word' id='word_1_510' title='bbox 2877 2950 2993 3013; x_wconf 91' lang='lat' dir='ltr'><strong>sed,</strong></span> <span class='ocrx_word' id='word_1_511' title='bbox 3047 2950 3256 3002; x_wconf 81' lang='lat' dir='ltr'><strong>etiamsi</strong></span> <span class='ocrx_word' id='word_1_512' title='bbox 3315 2949 3663 3016; x_wconf 78' lang='lat' dir='ltr'><strong>suscepisset,</strong></span> <span class='ocrx_word' id='word_1_513' title='bbox 3698 2948 3933 3002; x_wconf 87' lang='lat' dir='ltr'><strong>libenter</strong></span> 
     </span>
    </p>
   </div>
   <div class='ocr_carea' id='block_1_73' title="bbox 2363 3037 3933 3111">
    <p class='ocr_par' dir='ltr' id='par_1_73' title="bbox 2363 3037 3933 3111">
     <span class='ocr_line' id='line_1_73' title="bbox 2363 3037 3933 3111; baseline -0.003 -15"><span class='ocrx_word' id='word_1_514' title='bbox 2363 3044 2463 3097; x_wconf 89' lang='lat' dir='ltr'><strong>hoc</strong></span> <span class='ocrx_word' id='word_1_515' title='bbox 2498 3052 2735 3111; x_wconf 89' lang='lat' dir='ltr'><strong>tempore</strong></span> <span class='ocrx_word' id='word_1_516' title='bbox 2779 3043 3167 3109; x_wconf 86' lang='lat' dir='ltr'><strong>depositurum,</strong></span> <span class='ocrx_word' id='word_1_517' title='bbox 3209 3054 3328 3093; x_wconf 91' lang='lat' dir='ltr'><strong>cum</strong></span> <span class='ocrx_word' id='word_1_518' title='bbox 3358 3040 3534 3090; x_wconf 84' lang='lat' dir='ltr'><strong>videat</strong></span> <span class='ocrx_word' id='word_1_519' title='bbox 3575 3037 3719 3092; x_wconf 85' lang='lat' dir='ltr'><strong>feras</strong></span> <span class='ocrx_word' id='word_1_520' title='bbox 3746 3039 3801 3092; x_wconf 93' lang='lat' dir='ltr'><strong>in</strong></span> <span class='ocrx_word' id='word_1_521' title='bbox 3830 3038 3933 3092; x_wconf 76' lang='lat' dir='ltr'><strong>Ec</strong></span> 
     </span>
    </p>
   </div>
   <div class='ocr_carea' id='block_1_74' title="bbox 2362 3131 3931 3200">
    <p class='ocr_par' dir='ltr' id='par_1_74' title="bbox 2362 3131 3931 3200">
     <span class='ocr_line' id='line_1_74' title="bbox 2362 3131 3931 3200; baseline -0.003 -11"><span class='ocrx_word' id='word_1_522' title='bbox 2362 3136 2578 3189; x_wconf 88' lang='lat' dir='ltr'><strong>elesiam</strong></span> <span class='ocrx_word' id='word_1_523' title='bbox 2622 3136 2907 3197; x_wconf 84' lang='lat' dir='ltr'><strong>irruentes,</strong></span> <span class='ocrx_word' id='word_1_524' title='bbox 2954 3145 3009 3188; x_wconf 88' lang='lat' dir='ltr'><strong>et</strong></span> <span class='ocrx_word' id='word_1_525' title='bbox 3045 3146 3304 3200; x_wconf 84' lang='lat' dir='ltr'><strong>generose</strong></span> <span class='ocrx_word' id='word_1_526' title='bbox 3359 3132 3701 3185; x_wconf 78' lang='lat' dir='ltr'><strong>resistentem</strong></span> <span class='ocrx_word' id='word_1_527' title='bbox 3756 3131 3931 3184; x_wconf 86' lang='lat' dir='ltr'><strong>Eusc-</strong></span> 
     </span>
    </p>
   </div>
   <div class='ocr_carea' id='block_1_75' title="bbox 2363 3222 3935 3294">
    <p class='ocr_par' dir='ltr' id='par_1_75' title="bbox 2363 3222 3935 3294">
     <span class='ocr_line' id='line_1_75' title="bbox 2363 3222 3935 3294; baseline -0.002 -16"><span class='ocrx_word' id='word_1_528' title='bbox 2363 3228 2529 3278; x_wconf 88' lang='lat' dir='ltr'><strong>bium.</strong></span> <span class='ocrx_word' id='word_1_529' title='bbox 2572 3224 2754 3294; x_wconf 85' lang='lat' dir='ltr'><strong>Itaque</strong></span> <span class='ocrx_word' id='word_1_530' title='bbox 2788 3238 3076 3279; x_wconf 82' lang='lat' dir='ltr'><strong>venturunt</strong></span> <span class='ocrx_word' id='word_1_531' title='bbox 3110 3241 3165 3278; x_wconf 91' lang='lat' dir='ltr'><strong>se</strong></span> <span class='ocrx_word' id='word_1_532' title='bbox 3195 3224 3479 3292; x_wconf 92' lang='lat' dir='ltr'><strong>promittit,</strong></span> <span class='ocrx_word' id='word_1_533' title='bbox 3520 3224 3561 3277; x_wconf 92' lang='lat' dir='ltr'><strong>si</strong></span> <span class='ocrx_word' id='word_1_534' title='bbox 3590 3223 3659 3276; x_wconf 89' lang='lat' dir='ltr'><strong>ita</strong></span> <span class='ocrx_word' id='word_1_535' title='bbox 3688 3222 3935 3275; x_wconf 86' lang='lat' dir='ltr'><strong>videatur</strong></span> 
     </span>
    </p>
   </div>
   <div class='ocr_carea' id='block_1_76' title="bbox 2362 3314 3936 3383">
    <p class='ocr_par' dir='ltr' id='par_1_76' title="bbox 2362 3314 3936 3383">
     <span class='ocr_line' id='line_1_76' title="bbox 2362 3314 3936 3383; baseline -0.003 -14"><span class='ocrx_word' id='word_1_536' title='bbox 2362 3316 2614 3381; x_wconf 88' lang='lat' dir='ltr'><strong>Eusebio,</strong></span> <span class='ocrx_word' id='word_1_537' title='bbox 2662 3328 2719 3369; x_wconf 94' lang='lat' dir='ltr'><strong>ut</strong></span> <span class='ocrx_word' id='word_1_538' title='bbox 2758 3334 2875 3369; x_wconf 90' lang='lat' dir='ltr'><strong>eum</strong></span> <span class='ocrx_word' id='word_1_539' title='bbox 2908 3316 3046 3368; x_wconf 91' lang='lat' dir='ltr'><strong>illius</strong></span> <span class='ocrx_word' id='word_1_540' title='bbox 3081 3316 3329 3382; x_wconf 90' lang='lat' dir='ltr'><strong>precibus</strong></span> <span class='ocrx_word' id='word_1_541' title='bbox 3371 3331 3497 3368; x_wconf 85' lang='lat' dir='ltr'><strong>suas</strong></span> <span class='ocrx_word' id='word_1_542' title='bbox 3537 3314 3852 3383; x_wconf 75' lang='lat' dir='ltr'><strong>coniungat,</strong></span> <span class='ocrx_word' id='word_1_543' title='bbox 3880 3324 3936 3368; x_wconf 77' lang='lat' dir='ltr'><strong>et</strong></span> 
     </span>
    </p>
   </div>
   <div class='ocr_carea' id='block_1_77' title="bbox 2361 3405 3933 3477">
    <p class='ocr_par' dir='ltr' id='par_1_77' title="bbox 2361 3405 3933 3477">
     <span class='ocr_line' id='line_1_77' title="bbox 2361 3405 3933 3477; baseline -0.001 -16"><span class='ocrx_word' id='word_1_544' title='bbox 2361 3408 2518 3461; x_wconf 91' lang='lat' dir='ltr'><strong>simul</strong></span> <span class='ocrx_word' id='word_1_545' title='bbox 2546 3417 2766 3477; x_wconf 84' lang='lat' dir='ltr'><strong>pugnet,</strong></span> <span class='ocrx_word' id='word_1_546' title='bbox 2805 3421 3055 3474; x_wconf 87' lang='lat' dir='ltr'><strong>eumque,</strong></span> <span class='ocrx_word' id='word_1_547' title='bbox 3098 3416 3156 3457; x_wconf 92' lang='lat' dir='ltr'><strong>ut</strong></span> <span class='ocrx_word' id='word_1_548' title='bbox 3204 3408 3714 3472; x_wconf 62' lang='lat' dir='ltr'><strong>praistantissimum</strong></span> <span class='ocrx_word' id='word_1_549' title='bbox 3753 3405 3933 3459; x_wconf 81' lang='lat' dir='ltr'><strong>athle-</strong></span> 
     </span>
    </p>
   </div>
   <div class='ocr_carea' id='block_1_78' title="bbox 2362 3495 3642 3568">
    <p class='ocr_par' dir='ltr' id='par_1_78' title="bbox 2362 3495 3642 3568">
     <span class='ocr_line' id='line_1_78' title="bbox 2362 3495 3642 3568; baseline -0.003 -15"><span class='ocrx_word' id='word_1_550' title='bbox 2362 3510 2467 3554; x_wconf 91' lang='lat' dir='ltr'><strong>tam</strong></span> <span class='ocrx_word' id='word_1_551' title='bbox 2496 3500 2643 3568; x_wconf 84' lang='lat' dir='ltr'><strong>pueri</strong></span> <span class='ocrx_word' id='word_1_552' title='bbox 2671 3499 2998 3561; x_wconf 86' lang='lat' dir='ltr'><strong>hortatores,</strong></span> <span class='ocrx_word' id='word_1_553' title='bbox 3026 3495 3409 3550; x_wconf 86' lang='lat' dir='ltr'><strong>succlamando</strong></span> <span class='ocrx_word' id='word_1_554' title='bbox 3436 3496 3642 3549; x_wconf 89' lang='lat' dir='ltr'><strong>incitet.</strong></span> 
     </span>
    </p>
   </div>
   <div class='ocr_carea' id='block_1_79' title="bbox 2429 3586 3933 3660">
    <p class='ocr_par' dir='ltr' id='par_1_79' title="bbox 2429 3586 3933 3660">
     <span class='ocr_line' id='line_1_79' title="bbox 2429 3586 3933 3660; baseline -0.004 -15"><span class='ocrx_word' id='word_1_555' title='bbox 2429 3592 2543 3645; x_wconf 78' lang='lat' dir='ltr'><strong>Non</strong></span> <span class='ocrx_word' id='word_1_556' title='bbox 2578 3592 2783 3660; x_wconf 88' lang='lat' dir='ltr'><strong>ingrata</strong></span> <span class='ocrx_word' id='word_1_557' title='bbox 2826 3589 2924 3642; x_wconf 90' lang='lat' dir='ltr'><strong>fuit</strong></span> <span class='ocrx_word' id='word_1_558' title='bbox 2954 3589 3182 3642; x_wconf 89' lang='lat' dir='ltr'><strong>Eusebio</strong></span> <span class='ocrx_word' id='word_1_559' title='bbox 3217 3602 3379 3656; x_wconf 84' lang='lat' dir='ltr'><strong>opera</strong></span> <span class='ocrx_word' id='word_1_560' title='bbox 3410 3586 3652 3655; x_wconf 83' lang='lat' dir='ltr'><strong>Gregorii</strong></span> <span class='ocrx_word' id='word_1_561' title='bbox 3687 3587 3773 3657; x_wconf 83' lang='lat' dir='ltr'><strong>li),</strong></span> <span class='ocrx_word' id='word_1_562' title='bbox 3816 3598 3933 3640; x_wconf 85' lang='lat' dir='ltr'><strong>sta-</strong></span> 
     </span>
    </p>
   </div>
   <div class='ocr_carea' id='block_1_80' title="bbox 2364 3678 3938 3749">
    <p class='ocr_par' dir='ltr' id='par_1_80' title="bbox 2364 3678 3938 3749">
     <span class='ocr_line' id='line_1_80' title="bbox 2364 3678 3938 3749; baseline 0 -17"><span class='ocrx_word' id='word_1_563' title='bbox 2364 3682 2567 3747; x_wconf 91' lang='lat' dir='ltr'><strong>timque</strong></span> <span class='ocrx_word' id='word_1_564' title='bbox 2595 3684 2659 3731; x_wconf 89' lang='lat' dir='ltr'><strong>ad</strong></span> <span class='ocrx_word' id='word_1_565' title='bbox 2684 3696 2805 3733; x_wconf 89' lang='lat' dir='ltr'><strong>eum</strong></span> <span class='ocrx_word' id='word_1_566' title='bbox 2836 3697 2893 3735; x_wconf 88' lang='lat' dir='ltr'><strong>se</strong></span> <span class='ocrx_word' id='word_1_567' title='bbox 2931 3680 3156 3735; x_wconf 88' lang='lat' dir='ltr'><strong>contulit</strong></span> <span class='ocrx_word' id='word_1_568' title='bbox 3186 3678 3495 3749; x_wconf 82' lang='lat' dir='ltr'><strong>Gregorius,</strong></span> <span class='ocrx_word' id='word_1_569' title='bbox 3529 3693 3763 3747; x_wconf 87' lang='lat' dir='ltr'><strong>euntque</strong></span> <span class='ocrx_word' id='word_1_570' title='bbox 3798 3690 3938 3734; x_wconf 90' lang='lat' dir='ltr'><strong>tem-</strong></span> 
     </span>
    </p>
   </div>
   <div class='ocr_carea' id='block_1_81' title="bbox 2361 3772 3935 3841">
    <p class='ocr_par' dir='ltr' id='par_1_81' title="bbox 2361 3772 3935 3841">
     <span class='ocr_line' id='line_1_81' title="bbox 2361 3772 3935 3841; baseline 0 -15"><span class='ocrx_word' id='word_1_571' title='bbox 2361 3787 2512 3841; x_wconf 90' lang='lat' dir='ltr'><strong>pore,</strong></span> <span class='ocrx_word' id='word_1_572' title='bbox 2542 3782 2596 3825; x_wconf 89' lang='lat' dir='ltr'><strong>ut</strong></span> <span class='ocrx_word' id='word_1_573' title='bbox 2631 3772 2831 3825; x_wconf 80' lang='lat' dir='ltr'><strong>ferrum</strong></span> <span class='ocrx_word' id='word_1_574' title='bbox 2869 3774 3010 3841; x_wconf 89' lang='lat' dir='ltr'><strong>igne,</strong></span> <span class='ocrx_word' id='word_1_575' title='bbox 3054 3775 3315 3828; x_wconf 88' lang='lat' dir='ltr'><strong>mollitum</strong></span> <span class='ocrx_word' id='word_1_576' title='bbox 3359 3789 3478 3827; x_wconf 90' lang='lat' dir='ltr'><strong>esse</strong></span> <span class='ocrx_word' id='word_1_577' title='bbox 3528 3774 3935 3839; x_wconf 87' lang='lat' dir='ltr'><strong>animadvertit,</strong></span> 
     </span>
    </p>
   </div>
   <div class='ocr_carea' id='block_1_82' title="bbox 2360 3863 3935 3921">
    <p class='ocr_par' dir='ltr' id='par_1_82' title="bbox 2360 3863 3935 3921">
     <span class='ocr_line' id='line_1_82' title="bbox 2360 3863 3935 3921; baseline 0 0"><span class='ocrx_word' id='word_1_578' title='bbox 2360 3877 2412 3921; x_wconf 91' lang='lat' dir='ltr'><strong>ct</strong></span> <span class='ocrx_word' id='word_1_579' title='bbox 2467 3867 2532 3921; x_wconf 93' lang='lat' dir='ltr'><strong>ad</strong></span> <span class='ocrx_word' id='word_1_580' title='bbox 2588 3865 2911 3919; x_wconf 86' lang='lat' dir='ltr'><strong>reddendam</strong></span> <span class='ocrx_word' id='word_1_581' title='bbox 2962 3863 3160 3917; x_wconf 88' lang='lat' dir='ltr'><strong>Basilio</strong></span> <span class='ocrx_word' id='word_1_582' title='bbox 3206 3866 3635 3919; x_wconf 88' lang='lat' dir='ltr'><strong>benevolentiam</strong></span> <span class='ocrx_word' id='word_1_583' title='bbox 3706 3869 3935 3921; x_wconf 90' lang='lat' dir='ltr'><strong>omnino</strong></span> 
     </span>
    </p>
   </div>
   <div class='ocr_carea' id='block_1_83' title="bbox 2358 3953 3935 4027">
    <p class='ocr_par' dir='ltr' id='par_1_83' title="bbox 2358 3953 3935 4027">
     <span class='ocr_line' id='line_1_83' title="bbox 2358 3953 3935 4027; baseline -0.001 -16"><span class='ocrx_word' id='word_1_584' title='bbox 2358 3957 2711 4027; x_wconf 88' lang='lat' dir='ltr'><strong>propendere.</strong></span> <span class='ocrx_word' id='word_1_585' title='bbox 2768 3954 3070 4021; x_wconf 83' lang='lat' dir='ltr'><strong>Quinetiam</strong></span> <span class='ocrx_word' id='word_1_586' title='bbox 3112 3953 3434 4019; x_wconf 86' lang='lat' dir='ltr'><strong>signiﬁcavit</strong></span> <span class='ocrx_word' id='word_1_587' title='bbox 3465 3970 3523 4007; x_wconf 88' lang='lat' dir='ltr'><strong>se</strong></span> <span class='ocrx_word' id='word_1_588' title='bbox 3554 3956 3619 4007; x_wconf 89' lang='lat' dir='ltr'><strong>ad</strong></span> <span class='ocrx_word' id='word_1_589' title='bbox 3671 3955 3935 4011; x_wconf 72' lang='lat' dir='ltr'><strong>Basilium</strong></span> 
     </span>
    </p>
   </div>
   <div class='ocr_carea' id='block_1_84' title="bbox 2359 4046 3933 4115">
    <p class='ocr_par' dir='ltr' id='par_1_84' title="bbox 2359 4046 3933 4115">
     <span class='ocr_line' id='line_1_84' title="bbox 2359 4046 3933 4115; baseline 0.001 -16"><span class='ocrx_word' id='word_1_590' title='bbox 2359 4050 2601 4111; x_wconf 79' lang='lat' dir='ltr'><strong>placandi</strong></span> <span class='ocrx_word' id='word_1_591' title='bbox 2652 4058 2702 4102; x_wconf 88' lang='lat' dir='ltr'><strong>et</strong></span> <span class='ocrx_word' id='word_1_592' title='bbox 2772 4047 3061 4100; x_wconf 89' lang='lat' dir='ltr'><strong>advocandi</strong></span> <span class='ocrx_word' id='word_1_593' title='bbox 3121 4062 3280 4101; x_wconf 86' lang='lat' dir='ltr'><strong>causa</strong></span> <span class='ocrx_word' id='word_1_594' title='bbox 3348 4046 3705 4114; x_wconf 88' lang='lat' dir='ltr'><strong>scripturum,</strong></span> <span class='ocrx_word' id='word_1_595' title='bbox 3765 4048 3933 4115; x_wconf 91' lang='lat' dir='ltr'><strong>idque</strong></span> 
     </span>
    </p>
   </div>
   <div class='ocr_carea' id='block_1_85' title="bbox 2360 4138 3941 4207">
    <p class='ocr_par' dir='ltr' id='par_1_85' title="bbox 2360 4138 3941 4207">
     <span class='ocr_line' id='line_1_85' title="bbox 2360 4138 3941 4207; baseline -0.004 -12"><span class='ocrx_word' id='word_1_596' title='bbox 2360 4140 2537 4205; x_wconf 88' lang='lat' dir='ltr'><strong>multi,</strong></span> <span class='ocrx_word' id='word_1_597' title='bbox 2574 4141 2664 4207; x_wconf 91' lang='lat' dir='ltr'><strong>qui</strong></span> <span class='ocrx_word' id='word_1_598' title='bbox 2694 4140 2908 4192; x_wconf 90' lang='lat' dir='ltr'><strong>Eusebii</strong></span> <span class='ocrx_word' id='word_1_599' title='bbox 2954 4139 3193 4193; x_wconf 90' lang='lat' dir='ltr'><strong>consiliis</strong></span> <span class='ocrx_word' id='word_1_600' title='bbox 3225 4138 3402 4192; x_wconf 91' lang='lat' dir='ltr'><strong>intimi</strong></span> <span class='ocrx_word' id='word_1_601' title='bbox 3437 4149 3613 4203; x_wconf 86' lang='lat' dir='ltr'><strong>erant,</strong></span> <span class='ocrx_word' id='word_1_602' title='bbox 3641 4138 3941 4191; x_wconf 89' lang='lat' dir='ltr'><strong>conﬁrma-</strong></span> 
     </span>
    </p>
   </div>
   <div class='ocr_carea' id='block_1_86' title="bbox 2359 4230 3935 4300">
    <p class='ocr_par' dir='ltr' id='par_1_86' title="bbox 2359 4230 3935 4300">
     <span class='ocr_line' id='line_1_86' title="bbox 2359 4230 3935 4300; baseline -0.003 -14"><span class='ocrx_word' id='word_1_603' title='bbox 2359 4241 2506 4286; x_wconf 93' lang='lat' dir='ltr'><strong>runt.</strong></span> <span class='ocrx_word' id='word_1_604' title='bbox 2562 4231 2753 4283; x_wconf 85' lang='lat' dir='ltr'><strong>Statim</strong></span> <span class='ocrx_word' id='word_1_605' title='bbox 2798 4246 2923 4298; x_wconf 82' lang='lat' dir='ltr'><strong>crgo</strong></span> <span class='ocrx_word' id='word_1_606' title='bbox 2964 4230 3256 4300; x_wconf 89' lang='lat' dir='ltr'><strong>Gregorius</strong></span> <span class='ocrx_word' id='word_1_607' title='bbox 3302 4232 3562 4286; x_wconf 89' lang='lat' dir='ltr'><strong>Basilium</strong></span> <span class='ocrx_word' id='word_1_608' title='bbox 3622 4233 3794 4285; x_wconf 92' lang='lat' dir='ltr'><strong>totius</strong></span> <span class='ocrx_word' id='word_1_609' title='bbox 3854 4230 3935 4283; x_wconf 90' lang='lat' dir='ltr'><strong>rei</strong></span> 
     </span>
    </p>
   </div>
   <div class='ocr_carea' id='block_1_87' title="bbox 2359 4322 3943 4394">
    <p class='ocr_par' dir='ltr' id='par_1_87' title="bbox 2359 4322 3943 4394">
     <span class='ocr_line' id='line_1_87' title="bbox 2359 4322 3943 4394; baseline -0.001 -18"><span class='ocrx_word' id='word_1_610' title='bbox 2359 4325 2641 4377; x_wconf 90' lang='lat' dir='ltr'><strong>certiorem</strong></span> <span class='ocrx_word' id='word_1_611' title='bbox 2678 4322 2823 4386; x_wconf 85' lang='lat' dir='ltr'><strong>facit,</strong></span> <span class='ocrx_word' id='word_1_612' title='bbox 2850 4337 3081 4390; x_wconf 91' lang='lat' dir='ltr'><strong>eumque</strong></span> <span class='ocrx_word' id='word_1_613' title='bbox 3114 4323 3379 4383; x_wconf 90' lang='lat' dir='ltr'><strong>hortatur,</strong></span> <span class='ocrx_word' id='word_1_614' title='bbox 3420 4334 3475 4376; x_wconf 94' lang='lat' dir='ltr'><strong>ut</strong></span> <span class='ocrx_word' id='word_1_615' title='bbox 3506 4326 3820 4394; x_wconf 88' lang='lat' dir='ltr'><strong>episc0pum</strong></span> <span class='ocrx_word' id='word_1_616' title='bbox 3846 4338 3943 4375; x_wconf 87' lang='lat' dir='ltr'><strong>oc-</strong></span> 
     </span>
    </p>
   </div>
   <div class='ocr_carea' id='block_1_88' title="bbox 2360 4414 3940 4484">
    <p class='ocr_par' dir='ltr' id='par_1_88' title="bbox 2360 4414 3940 4484">
     <span class='ocr_line' id='line_1_88' title="bbox 2360 4414 3940 4484; baseline 0.001 -16"><span class='ocrx_word' id='word_1_617' title='bbox 2360 4426 2515 4484; x_wconf 92' lang='lat' dir='ltr'><strong>cupet</strong></span> <span class='ocrx_word' id='word_1_618' title='bbox 2567 4426 2658 4467; x_wconf 92' lang='lat' dir='ltr'><strong>aut</strong></span> <span class='ocrx_word' id='word_1_619' title='bbox 2707 4416 3043 4468; x_wconf 87' lang='lat' dir='ltr'><strong>adveniendo</strong></span> <span class='ocrx_word' id='word_1_620' title='bbox 3098 4424 3188 4465; x_wconf 89' lang='lat' dir='ltr'><strong>aut</strong></span> <span class='ocrx_word' id='word_1_621' title='bbox 3258 4416 3566 4482; x_wconf 84' lang='lat' dir='ltr'><strong>scribendo,</strong></span> <span class='ocrx_word' id='word_1_622' title='bbox 3624 4416 3708 4468; x_wconf 88' lang='lat' dir='ltr'><strong>vel</strong></span> <span class='ocrx_word' id='word_1_623' title='bbox 3761 4414 3940 4481; x_wconf 93' lang='lat' dir='ltr'><strong>potius</strong></span> 
     </span>
    </p>
   </div>
   <div class='ocr_carea' id='block_1_89' title="bbox 689 4502 3937 4571">
    <p class='ocr_par' dir='ltr' id='par_1_89' title="bbox 689 4502 3937 4571">
     <span class='ocr_line' id='line_1_89' title="bbox 689 4502 3937 4571; baseline 0.001 -12"><span class='ocrx_word' id='word_1_624' title='bbox 689 4506 743 4557; x_wconf 90' lang='lat' dir='ltr'><strong>in</strong></span> <span class='ocrx_word' id='word_1_625' title='bbox 782 4504 1077 4558; x_wconf 83' lang='lat' dir='ltr'><strong>maximum</strong></span> <span class='ocrx_word' id='word_1_626' title='bbox 1106 4504 1400 4571; x_wconf 85' lang='lat' dir='ltr'><strong>periculum</strong></span> <span class='ocrx_word' id='word_1_627' title='bbox 1437 4517 1674 4559; x_wconf 75' lang='lat' dir='ltr'><strong>venerat.</strong></span> <span class='ocrx_word' id='word_1_628' title='bbox 1731 4503 1864 4557; x_wconf 75' lang='lat' dir='ltr'><strong>Nam</strong></span> <span class='ocrx_word' id='word_1_629' title='bbox 1905 4505 2140 4559; x_wconf 83' lang='lat' dir='ltr'><strong>strenuis</strong></span> <span class='ocrx_word' id='word_1_630' title='bbox 2166 4502 2253 4556; x_wconf 78' lang='lat' dir='ltr'><strong>illa</strong></span> <span class='ocrx_word' id='word_1_631' title='bbox 2288 4518 2330 4570; x_wconf 83' lang='lat'><strong>1)</strong></span> <span class='ocrx_word' id='word_1_632' title='bbox 2360 4508 2639 4561; x_wconf 87' lang='lat' dir='ltr'><strong>scribendo</strong></span> <span class='ocrx_word' id='word_1_633' title='bbox 2686 4522 2746 4558; x_wconf 90' lang='lat' dir='ltr'><strong>ac</strong></span> <span class='ocrx_word' id='word_1_634' title='bbox 2796 4507 2987 4560; x_wconf 88' lang='lat' dir='ltr'><strong>deinde</strong></span> <span class='ocrx_word' id='word_1_635' title='bbox 3033 4507 3317 4561; x_wconf 81' lang='lat' dir='ltr'><strong>veniendo.</strong></span> <span class='ocrx_word' id='word_1_636' title='bbox 3369 4508 3482 4561; x_wconf 77' lang='lat' dir='ltr'><strong>Non</strong></span> <span class='ocrx_word' id='word_1_637' title='bbox 3539 4508 3687 4561; x_wconf 88' lang='lat' dir='ltr'><strong>enim</strong></span> <span class='ocrx_word' id='word_1_638' title='bbox 3741 4506 3937 4563; x_wconf 85' lang='lat' dir='ltr'><strong>honori</strong></span> 
     </span>
    </p>
   </div>
   <div class='ocr_carea' id='block_1_90' title="bbox 690 4591 2258 4661">
    <p class='ocr_par' dir='ltr' id='par_1_90' title="bbox 690 4591 2258 4661">
     <span class='ocr_line' id='line_1_90' title="bbox 690 4591 2258 4661; baseline -0.001 -17"><span class='ocrx_word' id='word_1_639' title='bbox 690 4596 907 4660; x_wconf 89' lang='lat' dir='ltr'><strong>quidem</strong></span> <span class='ocrx_word' id='word_1_640' title='bbox 932 4593 1064 4646; x_wconf 84' lang='lat' dir='ltr'><strong>viris</strong></span> <span class='ocrx_word' id='word_1_641' title='bbox 1093 4593 1417 4657; x_wconf 83' lang='lat' dir='ltr'><strong>abundabat,</strong></span> <span class='ocrx_word' id='word_1_642' title='bbox 1452 4593 1542 4646; x_wconf 89' lang='lat' dir='ltr'><strong>sed</strong></span> <span class='ocrx_word' id='word_1_643' title='bbox 1572 4602 1973 4661; x_wconf 86' lang='lat' dir='ltr'><strong>propugnatore</strong></span> <span class='ocrx_word' id='word_1_644' title='bbox 2004 4591 2258 4645; x_wconf 81' lang='lat' dir='ltr'><strong>destituta</strong></span> 
     </span>
    </p>
   </div>
   <div class='ocr_carea' id='block_1_91' title="bbox 689 4679 2256 4749">
    <p class='ocr_par' dir='ltr' id='par_1_91' title="bbox 689 4679 2256 4749">
     <span class='ocr_line' id='line_1_91' title="bbox 689 4679 2256 4749; baseline -0.003 -14"><span class='ocrx_word' id='word_1_645' title='bbox 689 4692 807 4735; x_wconf 88' lang='lat' dir='ltr'><strong>erat</strong></span> <span class='ocrx_word' id='word_1_646' title='bbox 852 4698 915 4734; x_wconf 90' lang='lat' dir='ltr'><strong>ac</strong></span> <span class='ocrx_word' id='word_1_647' title='bbox 957 4682 1245 4736; x_wconf 86' lang='lat' dir='ltr'><strong>defensore</strong></span> <span class='ocrx_word' id='word_1_648' title='bbox 1284 4684 1551 4735; x_wconf 89' lang='lat' dir='ltr'><strong>sermonis</strong></span> <span class='ocrx_word' id='word_1_649' title='bbox 1605 4692 1656 4733; x_wconf 91' lang='lat' dir='ltr'><strong>et</strong></span> <span class='ocrx_word' id='word_1_650' title='bbox 1707 4682 1929 4749; x_wconf 90' lang='lat' dir='ltr'><strong>spiritus</strong></span> <span class='ocrx_word' id='word_1_651' title='bbox 1992 4679 2256 4748; x_wconf 70' lang='lat' dir='ltr'><strong>prmsidiis</strong></span> 
     </span>
    </p>
   </div>
   <div class='ocr_carea' id='block_1_92' title="bbox 689 4770 2249 4839">
    <p class='ocr_par' dir='ltr' id='par_1_92' title="bbox 689 4770 2249 4839">
     <span class='ocr_line' id='line_1_92' title="bbox 689 4770 2249 4839; baseline -0.003 -12"><span class='ocrx_word' id='word_1_652' title='bbox 689 4775 956 4827; x_wconf 83' lang='lat' dir='ltr'><strong>instructo</strong></span> <span class='ocrx_word' id='word_1_653' title='bbox 988 4792 1000 4825; x_wconf 90' lang='lat'><strong>:</strong></span> <span class='ocrx_word' id='word_1_654' title='bbox 1044 4789 1143 4827; x_wconf 87' lang='lat' dir='ltr'><strong>nec</strong></span> <span class='ocrx_word' id='word_1_655' title='bbox 1171 4772 1382 4836; x_wconf 86' lang='lat' dir='ltr'><strong>Ariani,</strong></span> <span class='ocrx_word' id='word_1_656' title='bbox 1431 4774 1515 4839; x_wconf 90' lang='lat' dir='ltr'><strong>qui</strong></span> <span class='ocrx_word' id='word_1_657' title='bbox 1558 4773 1665 4839; x_wconf 89' lang='lat' dir='ltr'><strong>jam</strong></span> <span class='ocrx_word' id='word_1_658' title='bbox 1705 4774 1837 4825; x_wconf 90' lang='lat' dir='ltr'><strong>alias</strong></span> <span class='ocrx_word' id='word_1_659' title='bbox 1872 4770 2145 4824; x_wconf 87' lang='lat' dir='ltr'><strong>Ecclesias</strong></span> <span class='ocrx_word' id='word_1_660' title='bbox 2173 4771 2249 4822; x_wconf 82' lang='lat' dir='ltr'><strong>vi-</strong></span> 
     </span>
    </p>
   </div>
   <div class='ocr_carea' id='block_1_93' title="bbox 688 4868 2252 4940">
    <p class='ocr_par' dir='ltr' id='par_1_93' title="bbox 688 4868 2252 4940">
     <span class='ocr_line' id='line_1_93' title="bbox 688 4868 2252 4940; baseline -0.005 -17"><span class='ocrx_word' id='word_1_661' title='bbox 688 4880 891 4935; x_wconf 89' lang='lat' dir='ltr'><strong>cerant,</strong></span> <span class='ocrx_word' id='word_1_662' title='bbox 929 4869 1061 4924; x_wconf 89' lang='lat' dir='ltr'><strong>alias</strong></span> <span class='ocrx_word' id='word_1_663' title='bbox 1086 4870 1492 4940; x_wconf 87' lang='lat' dir='ltr'><strong>oppugnabant,</strong></span> <span class='ocrx_word' id='word_1_664' title='bbox 1532 4869 1665 4921; x_wconf 87' lang='lat' dir='ltr'><strong>alias</strong></span> <span class='ocrx_word' id='word_1_665' title='bbox 1692 4868 1929 4921; x_wconf 87' lang='lat' dir='ltr'><strong>victuros</strong></span> <span class='ocrx_word' id='word_1_666' title='bbox 1974 4879 2034 4919; x_wconf 87' lang='lat' dir='ltr'><strong>se</strong></span> <span class='ocrx_word' id='word_1_667' title='bbox 2066 4879 2252 4933; x_wconf 90' lang='lat' dir='ltr'><strong>spera-</strong></span> 
     </span>
    </p>
   </div>
   <div class='ocr_carea' id='block_1_94' title="bbox 689 4959 2251 5030">
    <p class='ocr_par' dir='ltr' id='par_1_94' title="bbox 689 4959 2251 5030">
     <span class='ocr_line' id='line_1_94' title="bbox 689 4959 2251 5030; baseline -0.003 -17"><span class='ocrx_word' id='word_1_668' title='bbox 689 4960 840 5022; x_wconf 89' lang='lat' dir='ltr'><strong>bant,</strong></span> <span class='ocrx_word' id='word_1_669' title='bbox 866 4962 969 5014; x_wconf 86' lang='lat' dir='ltr'><strong>ulla</strong></span> <span class='ocrx_word' id='word_1_670' title='bbox 1005 4976 1062 5013; x_wconf 89' lang='lat' dir='ltr'><strong>re</strong></span> <span class='ocrx_word' id='word_1_671' title='bbox 1094 4961 1195 5014; x_wconf 89' lang='lat' dir='ltr'><strong>alia</strong></span> <span class='ocrx_word' id='word_1_672' title='bbox 1248 4961 1418 5030; x_wconf 88' lang='lat' dir='ltr'><strong>magis</strong></span> <span class='ocrx_word' id='word_1_673' title='bbox 1444 4959 1795 5028; x_wconf 88' lang='lat' dir='ltr'><strong>erigebantur</strong></span> <span class='ocrx_word' id='word_1_674' title='bbox 1823 4960 1887 5012; x_wconf 90' lang='lat' dir='ltr'><strong>ad</strong></span> <span class='ocrx_word' id='word_1_675' title='bbox 1930 4972 2077 5025; x_wconf 84' lang='lat' dir='ltr'><strong>spem</strong></span> <span class='ocrx_word' id='word_1_676' title='bbox 2102 4972 2251 5010; x_wconf 85' lang='lat' dir='ltr'><strong>ever-</strong></span> 
     </span>
    </p>
   </div>
   <div class='ocr_carea' id='block_1_95' title="bbox 689 5047 2251 5120">
    <p class='ocr_par' dir='ltr' id='par_1_95' title="bbox 689 5047 2251 5120">
     <span class='ocr_line' id='line_1_95' title="bbox 689 5047 2251 5120; baseline -0.001 -19"><span class='ocrx_word' id='word_1_677' title='bbox 689 5048 865 5103; x_wconf 63' lang='lat' dir='ltr'><strong>tenda:</strong></span> <span class='ocrx_word' id='word_1_678' title='bbox 892 5050 1167 5116; x_wconf 61' lang='lat' dir='ltr'><strong>Caesareae,</strong></span> <span class='ocrx_word' id='word_1_679' title='bbox 1210 5064 1367 5120; x_wconf 89' lang='lat' dir='ltr'><strong>quam</strong></span> <span class='ocrx_word' id='word_1_680' title='bbox 1410 5050 1594 5102; x_wconf 80' lang='lat' dir='ltr'><strong>Basilii</strong></span> <span class='ocrx_word' id='word_1_681' title='bbox 1634 5064 1849 5104; x_wconf 88' lang='lat' dir='ltr'><strong>secessu</strong></span> <span class='ocrx_word' id='word_1_682' title='bbox 1881 5058 1934 5101; x_wconf 92' lang='lat' dir='ltr'><strong>et</strong></span> <span class='ocrx_word' id='word_1_683' title='bbox 1966 5047 2117 5100; x_wconf 89' lang='lat' dir='ltr'><strong>ducis</strong></span> <span class='ocrx_word' id='word_1_684' title='bbox 2147 5047 2251 5100; x_wconf 87' lang='lat' dir='ltr'><strong>im-</strong></span> 
     </span>
    </p>
   </div>
   <div class='ocr_carea' id='block_1_96' title="bbox 686 5142 903 5211">
    <p class='ocr_par' dir='ltr' id='par_1_96' title="bbox 686 5142 903 5211">
     <span class='ocr_line' id='line_1_96' title="bbox 686 5142 903 5211; baseline 0 -16"><span class='ocrx_word' id='word_1_685' title='bbox 686 5142 903 5211; x_wconf 87' lang='lat' dir='ltr'><strong>peritia.</strong></span> 
     </span>
    </p>
   </div>
   <div class='ocr_carea' id='block_1_97' title="bbox 761 5233 2250 5305">
    <p class='ocr_par' dir='ltr' id='par_1_97' title="bbox 761 5233 2250 5305">
     <span class='ocr_line' id='line_1_97' title="bbox 761 5233 2250 5305; baseline -0.002 -17"><span class='ocrx_word' id='word_1_686' title='bbox 761 5233 865 5290; x_wconf 91' lang='lat' dir='ltr'><strong>Sed</strong></span> <span class='ocrx_word' id='word_1_687' title='bbox 900 5248 1081 5287; x_wconf 90' lang='lat' dir='ltr'><strong>eorum</strong></span> <span class='ocrx_word' id='word_1_688' title='bbox 1144 5234 1303 5305; x_wconf 85' lang='lat' dir='ltr'><strong>fregit</strong></span> <span class='ocrx_word' id='word_1_689' title='bbox 1342 5235 1563 5290; x_wconf 90' lang='lat' dir='ltr'><strong>consilia</strong></span> <span class='ocrx_word' id='word_1_690' title='bbox 1617 5233 1907 5305; x_wconf 81' lang='lat' dir='ltr'><strong>Gregorius</strong></span> <span class='ocrx_word' id='word_1_691' title='bbox 1956 5233 2250 5287; x_wconf 73' lang='lat' dir='ltr'><strong>Nazianze-</strong></span> 
     </span>
    </p>
   </div>
   <div class='ocr_carea' id='block_1_98' title="bbox 688 5324 2250 5396">
    <p class='ocr_par' dir='ltr' id='par_1_98' title="bbox 688 5324 2250 5396">
     <span class='ocr_line' id='line_1_98' title="bbox 688 5324 2250 5396; baseline -0.001 -15"><span class='ocrx_word' id='word_1_692' title='bbox 688 5342 808 5390; x_wconf 88' lang='lat' dir='ltr'><strong>nus,</strong></span> <span class='ocrx_word' id='word_1_693' title='bbox 844 5326 933 5395; x_wconf 87' lang='lat' dir='ltr'><strong>qui</strong></span> <span class='ocrx_word' id='word_1_694' title='bbox 968 5340 1087 5379; x_wconf 89' lang='lat' dir='ltr'><strong>cum</strong></span> <span class='ocrx_word' id='word_1_695' title='bbox 1114 5324 1653 5393; x_wconf 68' lang='lat' dir='ltr'><strong>BasiliumCmsarea,</strong></span> <span class='ocrx_word' id='word_1_696' title='bbox 1686 5328 1831 5396; x_wconf 86' lang='lat' dir='ltr'><strong>pacis</strong></span> <span class='ocrx_word' id='word_1_697' title='bbox 1870 5326 2250 5383; x_wconf 68' lang='lat' dir='ltr'><strong>ecclesiasticae</strong></span> 
     </span>
    </p>
   </div>
   <div class='ocr_carea' id='block_1_99' title="bbox 760 5513 1265 5582">
    <p class='ocr_par' dir='ltr' id='par_1_99' title="bbox 760 5513 1265 5582">
     <span class='ocr_line' id='line_1_99' title="bbox 760 5513 1265 5582; baseline 0.004 -16"><span class='ocrx_word' id='word_1_698' title='bbox 760 5514 835 5581; x_wconf 69' lang='grc' dir='ltr'><strong>(τι)</strong></span> <span class='ocrx_word' id='word_1_699' title='bbox 870 5513 1022 5579; x_wconf 74' lang='lat' dir='ltr'><strong>Naz.,</strong></span> <span class='ocrx_word' id='word_1_700' title='bbox 1059 5531 1109 5582; x_wconf 91' lang='lat' dir='ltr'><strong>p.</strong></span> <span class='ocrx_word' id='word_1_701' title='bbox 1146 5516 1265 5568; x_wconf 69' lang='grc'><strong>540.</strong></span> 
     </span>
    </p>
   </div>
   <div class='ocr_carea' id='block_1_100' title="bbox 759 5586 1222 5653">
    <p class='ocr_par' dir='ltr' id='par_1_100' title="bbox 759 5586 1222 5653">
     <span class='ocr_line' id='line_1_100' title="bbox 759 5586 1222 5653; baseline 0.011 -18"><span class='ocrx_word' id='word_1_702' title='bbox 759 5588 829 5653; x_wconf 76' lang='grc' dir='ltr'><strong>(ο)</strong></span> <span class='ocrx_word' id='word_1_703' title='bbox 862 5587 988 5637; x_wconf 68' lang='lat' dir='ltr'><strong>uim.</strong></span> <span class='ocrx_word' id='word_1_704' title='bbox 1022 5602 1071 5651; x_wconf 79' lang='grc' dir='ltr'><strong>ρ.</strong></span> <span class='ocrx_word' id='word_1_705' title='bbox 1100 5586 1222 5640; x_wconf 79' lang='grc'><strong>556.</strong></span> 
     </span>
    </p>
   </div>
   <div class='ocr_carea' id='block_1_101' title="bbox 764 5655 1250 5718">
    <p class='ocr_par' dir='ltr' id='par_1_101' title="bbox 764 5655 1250 5718">
     <span class='ocr_line' id='line_1_101' title="bbox 764 5655 1250 5718; baseline 0.006 -14"><span class='ocrx_word' id='word_1_706' title='bbox 764 5658 831 5717; x_wconf 78' lang='grc' dir='ltr'><strong>(ε)</strong></span> <span class='ocrx_word' id='word_1_707' title='bbox 861 5655 979 5707; x_wconf 82' lang='lat' dir='ltr'><strong>‘Lib.</strong></span> <span class='ocrx_word' id='word_1_708' title='bbox 1013 5672 1091 5718; x_wconf 87' lang='lat' dir='ltr'><strong>Ill,</strong></span> <span class='ocrx_word' id='word_1_709' title='bbox 1125 5674 1171 5709; x_wconf 91' lang='lat'><strong>(&#39;.</strong></span> <span class='ocrx_word' id='word_1_710' title='bbox 1203 5657 1250 5707; x_wconf 75' lang='grc'><strong>9.</strong></span> 
     </span>
    </p>
   </div>
   <div class='ocr_carea' id='block_1_102' title="bbox 763 5725 1241 5783">
    <p class='ocr_par' dir='ltr' id='par_1_102' title="bbox 763 5725 1241 5783">
     <span class='ocr_line' id='line_1_102' title="bbox 763 5725 1241 5783; baseline -0.004 -4"><span class='ocrx_word' id='word_1_711' title='bbox 763 5728 837 5779; x_wconf 72' lang='lat' dir='ltr'><strong>td)</strong></span> <span class='ocrx_word' id='word_1_712' title='bbox 867 5725 977 5777; x_wconf 88' lang='lat' dir='ltr'><strong>Lib.</strong></span> <span class='ocrx_word' id='word_1_713' title='bbox 1010 5743 1044 5783; x_wconf 84' lang='grc' dir='ltr'>ι,</span> <span class='ocrx_word' id='word_1_714' title='bbox 1073 5742 1118 5776; x_wconf 91' lang='lat' dir='ltr'><strong>c.</strong></span> <span class='ocrx_word' id='word_1_715' title='bbox 1158 5728 1241 5777; x_wconf 74' lang='lat'><strong>50.</strong></span> 
     </span>
    </p>
   </div>
   <div class='ocr_carea' id='block_1_103' title="bbox 766 5794 1215 5862">
    <p class='ocr_par' dir='ltr' id='par_1_103' title="bbox 766 5794 1215 5862">
     <span class='ocr_line' id='line_1_103' title="bbox 766 5794 1215 5862; baseline 0.009 -19"><span class='ocrx_word' id='word_1_716' title='bbox 766 5798 833 5862; x_wconf 68' lang='lat' dir='ltr'><strong>(e)</strong></span> <span class='ocrx_word' id='word_1_717' title='bbox 863 5794 985 5847; x_wconf 64' lang='lat' dir='ltr'><strong>Naz.</strong></span> <span class='ocrx_word' id='word_1_718' title='bbox 1014 5812 1091 5847; x_wconf 89' lang='lat' dir='ltr'><strong>or.</strong></span> <span class='ocrx_word' id='word_1_719' title='bbox 1127 5796 1215 5847; x_wconf 74' lang='lat'><strong>9.0.</strong></span> 
     </span>
    </p>
   </div>
   <div class='ocr_carea' id='block_1_104' title="bbox 2361 4598 3942 4669">
    <p class='ocr_par' dir='ltr' id='par_1_104' title="bbox 2361 4598 3942 4669">
     <span class='ocr_line' id='line_1_104' title="bbox 2361 4598 3942 4669; baseline 0 -16"><span class='ocrx_word' id='word_1_720' title='bbox 2361 4600 2597 4653; x_wconf 83' lang='lat' dir='ltr'><strong>futurum</strong></span> <span class='ocrx_word' id='word_1_721' title='bbox 2630 4598 2844 4662; x_wconf 83' lang='lat' dir='ltr'><strong>Basilio,</strong></span> <span class='ocrx_word' id='word_1_722' title='bbox 2876 4600 2917 4652; x_wconf 92' lang='lat' dir='ltr'><strong>si</strong></span> <span class='ocrx_word' id='word_1_723' title='bbox 2954 4599 3097 4666; x_wconf 84' lang='lat' dir='ltr'><strong>prior</strong></span> <span class='ocrx_word' id='word_1_724' title='bbox 3137 4600 3420 4669; x_wconf 81' lang='lat' dir='ltr'><strong>episcopus</strong></span> <span class='ocrx_word' id='word_1_725' title='bbox 3458 4600 3691 4651; x_wconf 75' lang='lat' dir='ltr'><strong>cessisse</strong></span> <span class='ocrx_word' id='word_1_726' title='bbox 3728 4600 3942 4655; x_wconf 76' lang='lat' dir='ltr'><strong>videre—</strong></span> 
     </span>
    </p>
   </div>
   <div class='ocr_carea' id='block_1_105' title="bbox 2362 4689 3937 4757">
    <p class='ocr_par' dir='ltr' id='par_1_105' title="bbox 2362 4689 3937 4757">
     <span class='ocr_line' id='line_1_105' title="bbox 2362 4689 3937 4757; baseline 0.003 -15"><span class='ocrx_word' id='word_1_727' title='bbox 2362 4701 2465 4742; x_wconf 92' lang='lat' dir='ltr'><strong>tur.</strong></span> <span class='ocrx_word' id='word_1_728' title='bbox 2505 4689 2767 4744; x_wconf 73' lang='lat' dir='ltr'><strong>Prrctcrea</strong></span> <span class='ocrx_word' id='word_1_729' title='bbox 2804 4690 3011 4755; x_wconf 83' lang='lat' dir='ltr'><strong>tempus</strong></span> <span class='ocrx_word' id='word_1_730' title='bbox 3056 4692 3346 4757; x_wconf 86' lang='lat' dir='ltr'><strong>postulare,</strong></span> <span class='ocrx_word' id='word_1_731' title='bbox 3387 4702 3442 4743; x_wconf 92' lang='lat' dir='ltr'><strong>ut</strong></span> <span class='ocrx_word' id='word_1_732' title='bbox 3481 4705 3617 4757; x_wconf 89' lang='lat' dir='ltr'><strong>quos</strong></span> <span class='ocrx_word' id='word_1_733' title='bbox 3668 4691 3937 4747; x_wconf 85' lang='lat' dir='ltr'><strong>hactenus</strong></span> 
     </span>
    </p>
   </div>
   <div class='ocr_carea' id='block_1_106' title="bbox 2359 4780 3939 4849">
    <p class='ocr_par' dir='ltr' id='par_1_106' title="bbox 2359 4780 3939 4849">
     <span class='ocr_line' id='line_1_106' title="bbox 2359 4780 3939 4849; baseline 0.002 -14"><span class='ocrx_word' id='word_1_734' title='bbox 2359 4780 2581 4835; x_wconf 81' lang='lat' dir='ltr'><strong>sudores</strong></span> <span class='ocrx_word' id='word_1_735' title='bbox 2616 4798 2674 4835; x_wconf 81' lang='lat' dir='ltr'><strong>ac.</strong></span> <span class='ocrx_word' id='word_1_736' title='bbox 2710 4783 2919 4835; x_wconf 87' lang='lat' dir='ltr'><strong>labores</strong></span> <span class='ocrx_word' id='word_1_737' title='bbox 2954 4784 3229 4847; x_wconf 87' lang='lat' dir='ltr'><strong>sustinuit,</strong></span> <span class='ocrx_word' id='word_1_738' title='bbox 3270 4799 3607 4849; x_wconf 73' lang='lat' dir='ltr'><strong>nequaquam</strong></span> <span class='ocrx_word' id='word_1_739' title='bbox 3644 4786 3769 4841; x_wconf 88' lang='lat' dir='ltr'><strong>illos</strong></span> <span class='ocrx_word' id='word_1_740' title='bbox 3800 4798 3939 4839; x_wconf 80' lang='lat' dir='ltr'><strong>tem-</strong></span> 
     </span>
    </p>
   </div>
   <div class='ocr_carea' id='block_1_107' title="bbox 2359 4874 3941 4944">
    <p class='ocr_par' dir='ltr' id='par_1_107' title="bbox 2359 4874 3941 4944">
     <span class='ocr_line' id='line_1_107' title="bbox 2359 4874 3941 4944; baseline 0.003 -17"><span class='ocrx_word' id='word_1_741' title='bbox 2359 4876 2504 4944; x_wconf 89' lang='lat' dir='ltr'><strong>poris</strong></span> <span class='ocrx_word' id='word_1_742' title='bbox 2548 4884 2747 4943; x_wconf 87' lang='lat' dir='ltr'><strong>puncto</strong></span> <span class='ocrx_word' id='word_1_743' title='bbox 2792 4874 3048 4939; x_wconf 50' lang='lat' dir='ltr'><strong>eﬁ‘undat,</strong></span> <span class='ocrx_word' id='word_1_744' title='bbox 3105 4876 3194 4929; x_wconf 83' lang='lat' dir='ltr'><strong>sed</strong></span> <span class='ocrx_word' id='word_1_745' title='bbox 3240 4877 3413 4942; x_wconf 89' lang='lat' dir='ltr'><strong>potius</strong></span> <span class='ocrx_word' id='word_1_746' title='bbox 3455 4877 3657 4931; x_wconf 80' lang='lat' dir='ltr'><strong>auxilio</strong></span> <span class='ocrx_word' id='word_1_747' title='bbox 3685 4888 3941 4931; x_wconf 86' lang='lat' dir='ltr'><strong>accurrat</strong></span> 
     </span>
    </p>
   </div>
   <div class='ocr_carea' id='block_1_108' title="bbox 2360 4964 3936 5036">
    <p class='ocr_par' dir='ltr' id='par_1_108' title="bbox 2360 4964 3936 5036">
     <span class='ocr_line' id='line_1_108' title="bbox 2360 4964 3936 5036; baseline 0.003 -20"><span class='ocrx_word' id='word_1_748' title='bbox 2360 4964 2612 5017; x_wconf 66' lang='lat' dir='ltr'><strong>Ecclesia:</strong></span> <span class='ocrx_word' id='word_1_749' title='bbox 2660 4965 3034 5017; x_wconf 74' lang='lat' dir='ltr'><strong>hcereticorum</strong></span> <span class='ocrx_word' id='word_1_750' title='bbox 3096 4979 3359 5019; x_wconf 87' lang='lat' dir='ltr'><strong>concursu</strong></span> <span class='ocrx_word' id='word_1_751' title='bbox 3416 4977 3642 5029; x_wconf 70' lang='lat' dir='ltr'><strong>vexatae,</strong></span> <span class='ocrx_word' id='word_1_752' title='bbox 3705 4983 3936 5036; x_wconf 91' lang='lat' dir='ltr'><strong>quorum</strong></span> 
     </span>
    </p>
   </div>
   <div class='ocr_carea' id='block_1_109' title="bbox 2363 5053 3940 5119">
    <p class='ocr_par' dir='ltr' id='par_1_109' title="bbox 2363 5053 3940 5119">
     <span class='ocr_line' id='line_1_109' title="bbox 2363 5053 3940 5119; baseline 0.005 -15"><span class='ocrx_word' id='word_1_753' title='bbox 2363 5053 2453 5104; x_wconf 89' lang='lat' dir='ltr'><strong>alii</strong></span> <span class='ocrx_word' id='word_1_754' title='bbox 2500 5053 2607 5119; x_wconf 85' lang='lat' dir='ltr'><strong>jam</strong></span> <span class='ocrx_word' id='word_1_755' title='bbox 2658 5054 2880 5105; x_wconf 86' lang='lat' dir='ltr'><strong>aderant</strong></span> <span class='ocrx_word' id='word_1_756' title='bbox 2916 5063 2966 5104; x_wconf 90' lang='lat' dir='ltr'><strong>et</strong></span> <span class='ocrx_word' id='word_1_757' title='bbox 3001 5056 3185 5105; x_wconf 85' lang='lat' dir='ltr'><strong>turbas</strong></span> <span class='ocrx_word' id='word_1_758' title='bbox 3212 5053 3443 5119; x_wconf 88' lang='lat' dir='ltr'><strong>ciebant,</strong></span> <span class='ocrx_word' id='word_1_759' title='bbox 3494 5058 3577 5108; x_wconf 92' lang='lat' dir='ltr'><strong>alii</strong></span> <span class='ocrx_word' id='word_1_760' title='bbox 3621 5072 3744 5109; x_wconf 72' lang='lat' dir='ltr'><strong>mox</strong></span> <span class='ocrx_word' id='word_1_761' title='bbox 3782 5071 3940 5112; x_wconf 84' lang='lat' dir='ltr'><strong>erant</strong></span> 
     </span>
    </p>
   </div>
   <div class='ocr_carea' id='block_1_110' title="bbox 2361 5141 3939 5204">
    <p class='ocr_par' dir='ltr' id='par_1_110' title="bbox 2361 5141 3939 5204">
     <span class='ocr_line' id='line_1_110' title="bbox 2361 5141 3939 5204; baseline 0.006 -11"><span class='ocrx_word' id='word_1_762' title='bbox 2361 5141 2594 5197; x_wconf 76' lang='lat' dir='ltr'><strong>aﬁuturi.</strong></span> <span class='ocrx_word' id='word_1_763' title='bbox 2634 5142 2906 5195; x_wconf 77' lang='lat' dir='ltr'><strong>l’romittit</strong></span> <span class='ocrx_word' id='word_1_764' title='bbox 2950 5159 3005 5197; x_wconf 88' lang='lat' dir='ltr'><strong>se</strong></span> <span class='ocrx_word' id='word_1_765' title='bbox 3046 5144 3294 5197; x_wconf 89' lang='lat' dir='ltr'><strong>comitem</strong></span> <span class='ocrx_word' id='word_1_766' title='bbox 3335 5146 3546 5199; x_wconf 83' lang='lat' dir='ltr'><strong>itineris</strong></span> <span class='ocrx_word' id='word_1_767' title='bbox 3590 5147 3829 5204; x_wconf 86' lang='lat' dir='ltr'><strong>libenter</strong></span> <span class='ocrx_word' id='word_1_768' title='bbox 3865 5150 3939 5202; x_wconf 84' lang='lat' dir='ltr'><strong>fu-</strong></span> 
     </span>
    </p>
   </div>
   <div class='ocr_carea' id='block_1_111' title="bbox 2361 5235 3791 5302">
    <p class='ocr_par' dir='ltr' id='par_1_111' title="bbox 2361 5235 3791 5302">
     <span class='ocr_line' id='line_1_111' title="bbox 2361 5235 3791 5302; baseline 0.003 -15"><span class='ocrx_word' id='word_1_769' title='bbox 2361 5246 2557 5300; x_wconf 76' lang='lat' dir='ltr'><strong>turum,</strong></span> <span class='ocrx_word' id='word_1_770' title='bbox 2588 5237 2628 5287; x_wconf 90' lang='lat' dir='ltr'><strong>si</strong></span> <span class='ocrx_word' id='word_1_771' title='bbox 2661 5237 2757 5285; x_wconf 90' lang='lat' dir='ltr'><strong>hoc</strong></span> <span class='ocrx_word' id='word_1_772' title='bbox 2782 5250 2957 5301; x_wconf 78' lang='lat' dir='ltr'><strong>operae</strong></span> <span class='ocrx_word' id='word_1_773' title='bbox 2983 5235 3212 5302; x_wconf 86' lang='lat' dir='ltr'><strong>pretium</strong></span> <span class='ocrx_word' id='word_1_774' title='bbox 3240 5238 3507 5291; x_wconf 73' lang='lat' dir='ltr'><strong>etistimet</strong></span> <span class='ocrx_word' id='word_1_775' title='bbox 3537 5237 3791 5293; x_wconf 86' lang='lat' dir='ltr'><strong>Basilius.</strong></span> 
     </span>
    </p>
   </div>
   <div class='ocr_carea' id='block_1_112' title="bbox 2435 5326 3937 5398">
    <p class='ocr_par' dir='ltr' id='par_1_112' title="bbox 2435 5326 3937 5398">
     <span class='ocr_line' id='line_1_112' title="bbox 2435 5326 3937 5398; baseline 0.003 -19"><span class='ocrx_word' id='word_1_776' title='bbox 2435 5326 2545 5379; x_wconf 69' lang='lat' dir='ltr'><strong>Non</strong></span> <span class='ocrx_word' id='word_1_777' title='bbox 2582 5328 2763 5379; x_wconf 91' lang='lat' dir='ltr'><strong>multis</strong></span> <span class='ocrx_word' id='word_1_778' title='bbox 2794 5341 2925 5393; x_wconf 84' lang='lat' dir='ltr'><strong>opus</strong></span> <span class='ocrx_word' id='word_1_779' title='bbox 2965 5326 3147 5380; x_wconf 79' lang='lat' dir='ltr'><strong>habuit</strong></span> <span class='ocrx_word' id='word_1_780' title='bbox 3170 5328 3507 5383; x_wconf 84' lang='lat' dir='ltr'><strong>sermonibus</strong></span> <span class='ocrx_word' id='word_1_781' title='bbox 3540 5344 3807 5398; x_wconf 82' lang='lat' dir='ltr'><strong>generosa</strong></span> <span class='ocrx_word' id='word_1_782' title='bbox 3836 5330 3937 5383; x_wconf 85' lang='lat' dir='ltr'><strong>Ba-</strong></span> 
     </span>
    </p>
   </div>
   <div class='ocr_carea' id='block_1_113' title="bbox 2435 5508 2900 5575">
    <p class='ocr_par' dir='ltr' id='par_1_113' title="bbox 2435 5508 2900 5575">
     <span class='ocr_line' id='line_1_113' title="bbox 2435 5508 2900 5575; baseline 0.004 -14"><span class='ocrx_word' id='word_1_783' title='bbox 2435 5509 2501 5575; x_wconf 77' lang='lat' dir='ltr'><strong>m</strong></span> <span class='ocrx_word' id='word_1_784' title='bbox 2533 5509 2661 5562; x_wconf 64' lang='lat' dir='ltr'><strong>an.</strong></span> <span class='ocrx_word' id='word_1_785' title='bbox 2698 5526 2780 5571; x_wconf 77' lang='lat' dir='ltr'><strong>cp.</strong></span> <span class='ocrx_word' id='word_1_786' title='bbox 2814 5508 2900 5563; x_wconf 74' lang='lat'><strong>~20.</strong></span> 
     </span>
    </p>
   </div>
   <div class='ocr_carea' id='block_1_114' title="bbox 2432 5581 2785 5647">
    <p class='ocr_par' dir='ltr' id='par_1_114' title="bbox 2432 5581 2785 5647">
     <span class='ocr_line' id='line_1_114' title="bbox 2432 5581 2785 5647; baseline -0.003 -17"><span class='ocrx_word' id='word_1_787' title='bbox 2432 5584 2503 5645; x_wconf 62' lang='grc' dir='ltr'><strong>(ξι)</strong></span> <span class='ocrx_word' id='word_1_788' title='bbox 2541 5581 2629 5647; x_wconf 70' lang='lat' dir='ltr'><strong>Ep.</strong></span> <span class='ocrx_word' id='word_1_789' title='bbox 2670 5581 2785 5631; x_wconf 62' lang='lat' dir='ltr'><strong>“ill.</strong></span> 
     </span>
    </p>
   </div>
   <div class='ocr_carea' id='block_1_115' title="bbox 2433 5651 2781 5715">
    <p class='ocr_par' dir='ltr' id='par_1_115' title="bbox 2433 5651 2781 5715">
     <span class='ocr_line' id='line_1_115' title="bbox 2433 5651 2781 5715; baseline 0.011 -18"><span class='ocrx_word' id='word_1_790' title='bbox 2433 5651 2505 5713; x_wconf 68' lang='lat' dir='ltr'><strong>(lu</strong></span> <span class='ocrx_word' id='word_1_791' title='bbox 2542 5653 2631 5715; x_wconf 68' lang='lat' dir='ltr'><strong>I‘Ip.</strong></span> <span class='ocrx_word' id='word_1_792' title='bbox 2672 5651 2781 5701; x_wconf 75' lang='lat' dir='ltr'><strong>l7U.</strong></span> 
     </span>
    </p>
   </div>
   <div class='ocr_carea' id='block_1_116' title="bbox 2433 5721 2745 5788">
    <p class='ocr_par' dir='ltr' id='par_1_116' title="bbox 2433 5721 2745 5788">
     <span class='ocr_line' id='line_1_116' title="bbox 2433 5721 2745 5788; baseline 0 -19"><span class='ocrx_word' id='word_1_793' title='bbox 2433 5722 2505 5788; x_wconf 66' lang='grc' dir='ltr'>(ι)</span> <span class='ocrx_word' id='word_1_794' title='bbox 2542 5722 2632 5787; x_wconf 74' lang='grc' dir='ltr'>ι-ῑι».</span> <span class='ocrx_word' id='word_1_795' title='bbox 2666 5721 2745 5771; x_wconf 78' lang='grc' dir='ltr'><strong>ιυ.</strong></span> 
     </span>
    </p>
   </div>
  </div>
