4068 6320
1508 387 1665 441 VITA
1710 387 1767 442 S.
1811 385 2072 442 BASlLll.
3298 401 3383 440 xu

178 505 272 565 siiii
295 505 471 560 anima
506 507 611 575 to),
647 506 738 559 sed
771 507 950 559 statim
984 519 1043 559 ac
1071 504 1384 572 Gregorium
1415 505 1546 559 vidit
1570 504 1729 576 legati
1761 509 1806 567 Α
1837 507 1964 560 titur
2010 518 2187 557 rerum
2228 517 2254 555 a
2283 501 2479 556 Basilio
2533 501 2843 570 presbytero
2877 509 3148 571 gestarum
3195 504 3384 570 series,

181 614 364 653 munus
404 598 724 662 obeuntem,
763 613 884 651 eum
939 612 1000 651 eo
1032 598 1265 650 accurrit
1301 595 1621 662 Ctesarcatn,
1666 613 1728 652 ac

182 691 330 746 nullis
353 706 574 761 prorsus
599 690 884 743 simulzatis
926 688 1166 757 reliquiis
1192 689 1241 742 in
1285 690 1459 744 animo
1490 690 1725 743 residen-

183 785 316 836 tibus
345 792 512 836 totum
545 797 604 836 se
645 783 710 834 ad
739 781 1097 834 defensionem
1132 779 1381 835 Ecclesia:
1409 781 1596 834 matris
1623 781 1726 834 itu-

182 876 368 942 pettdil.
412 874 608 926 Omnia
640 875 823 943 quippe
858 873 1010 929 simul
1053 884 1285 940 pra’stat,
1332 872 1502 940 inquit
1529 872 1730 940 Grego-

183 970 302 1028 rius,
347 967 654 1018 inimicitias
693 967 922 1033 deponit,
967 965 1245 1029 consultat,
1291 965 1450 1018 aciem
1493 964 1727 1031 instruit,

184 1056 429 1108 scandala
460 1067 506 1108 et
542 1054 874 1124 ofendiculu,
904 1071 1018 1123 qua:
1059 1057 1111 1108 in
1138 1056 1302 1108 medio
1333 1064 1500 1116 erant,
1525 1055 1730 1108 submo-

184 1157 272 1211 vet,
297 1157 591 1214 cunctaque
607 1161 688 1207 ea,
717 1161 934 1214 quorum
967 1147 1160 1213 ﬁducia
1188 1146 1263 1197 illi
1292 1163 1380 1198 nos
1409 1146 1538 1198 bello
1566 1146 1730 1200 laces-

182 1239 355 1290 sendos
395 1246 724 1304 putaverant.
773 1237 916 1291 Alios
950 1239 1188 1300 assumit,
1226 1237 1355 1290 alios
1373 1241 1574 1301 retinet,
1602 1240 1730 1292 alios

183 1327 463 1394 propulsat.
522 1327 650 1379 Aliis
700 1344 877 1381 murus
935 1328 1116 1394 ﬁrmus
1158 1337 1202 1380 et
1243 1327 1435 1380 callum
1480 1329 1729 1398 eﬁicitur;

185 1417 291 1472 aliis
325 1419 528 1472 securis
561 1429 753 1480 petram
783 1419 1040 1483 scindens,
1070 1430 1156 1471 aut
1195 1420 1327 1486 ignis
1367 1421 1419 1471 in
1461 1421 1644 1485 spinis,
1677 1430 1730 1471 ut

185 1511 344 1562 divina
377 1508 656 1576 Scriptura
695 1510 946 1580 loquitur,
993 1511 1339 1564 sarmentitios
1396 1511 1626 1564 homines
1684 1521 1730 1563 et

189 1600 232 1650 in
263 1599 604 1651 'divinitatem
648 1600 1060 1662 contumeliosos,
1103 1599 1254 1661 facile
1294 1601 1584 1654 absumens.
1629 1599 1730 1653 De-

188 1689 344 1743 clarat
367 1691 685 1759 Gregorius,
722 1694 765 1746 si
801 1694 925 1762 quid
953 1692 1222 1748 Barnabas
1259 1693 1417 1748 Paulo
1441 1694 1730 1748 decertanti

188 1783 386 1836 navavit
443 1786 548 1850 (sic
592 1786 732 1838 enim
781 1795 834 1838 et
867 1799 923 1838 se
972 1795 1024 1837 ct
1052 1785 1303 1840 Basiliam
1359 1785 1648 1854 designati,
1682 1786 1731 1840 id

188 1871 334 1929 Paulo
373 1877 722 1931 tribuendum
753 1892 889 1940 esse,
918 1877 1006 1944 qui
1036 1893 1156 1931 eum
1193 1879 1498 1933 certaminis
1530 1881 1731 1933 socium

189 1965 438 2021 adhibuit.
504 1965 731 2022 Rediere
775 1981 902 2036 ergo
935 1981 991 2020 re
1048 1968 1243 2023 infecta
1303 1969 1566 2034 liceretiei,
1611 1979 1734 2024 tunc

189 2059 406 2129 primum
441 2062 647 2130 pudore
673 2058 855 2113 suffusi
883 2070 936 2112 et
967 2059 1108 2121 victi,
1141 2074 1240 2115 nec
1263 2059 1404 2114 aliud
1445 2061 1732 2130 quidquam

188 2167 239 2206 ex
268 2153 434 2206 tantis
467 2153 746 2206 conatibus
777 2161 1153 2221 perceperunt,
1185 2152 1286 2208 nisi
1311 2164 1366 2208 ut
1394 2155 1645 2208 invictum
1683 2155 1733 2206 in

190 2245 513 2300 defendenda
564 2244 846 2299 Trinitatis
907 2246 1012 2301 fide
1059 2247 1434 2317 Cappadocum
1498 2246 1734 2300 animum

191 2339 568 2408 perspicerent.

251 2427 333 2482 Vl.
369 2429 745 2486 Secessionem
770 2444 831 2485 ac
857 2431 1085 2485 reditum
1112 2431 1287 2484 Basilii
1320 2431 1474 2485 aliter
1502 2446 1563 2487 ac
1588 2431 1739 2487 Tille—

195 2522 426 2576 montius-
450 2533 506 2577 et
531 2523 620 2576 alii
655 2523 828 2577 critici
863 2524 1249 2577 distribuimus.
1285 2523 1416 2578 Nam
1449 2527 1738 2580 secessisse

192 2613 324 2668 illum
363 2630 504 2669 anno
540 2615 668 2682 565,
689 2615 910 2669 rediisse
953 2630 1094 2668 anno
1130 2614 1232 2670 566
1265 2619 1536 2671 existimat
1575 2616 1738 2671 Tille-

193 2707 432 2761 moutius.
472 2706 720 2760 Heditum
751 2706 818 2759 ad
860 2720 1056 2759 annum
1091 2707 1195 2760 567
1223 2724 1342 2760 cum
1385 2708 1616 2763 Baronio
1654 2724 1739 2763 re-

189 2797 368 2865 jiciunt
419 2797 822 2852 continuatores
878 2796 1149 2863 Bollandi,
1209 2797 1404 2867 Pagius
1442 2801 1507 2853 ad
1541 2816 1735 2853 annum

193 2885 304 2939 570.
333 2885 579 2941 Pluribus
627 2885 895 2940 rationum
934 2889 1218 2942 momentis
1248 2889 1507 2953 adducor,
1533 2899 1589 2941 ut
1616 2904 1738 2942 eum

194 2993 322 3033 anno
357 2979 458 3033 564
491 2989 742 3043 exeunte,
777 2990 866 3032 aut
912 2981 1127 3034 ineunte
1165 2979 1288 3044 563,
1325 2981 1624 3035 existimem
1651 2996 1737 3035 se-

196 3073 428 3132 cessisse,
474 3083 617 3123 anno
645 3080 821 3124 autem
849 3071 951 3124 565
992 3071 1233 3125 rediisse.
1282 3071 1353 3125 De
1381 3087 1597 3126 secessu
1628 3074 1737 3143 jam

1829 613 1984 666 quant
2020 596 2156 649 infra
2206 605 2464 650 tcxemus.
2510 593 2631 663 ipse
2669 594 2958 659 Gregorius
3004 595 3134 649 nihil
3173 595 3227 649 in
3275 598 3387 667 pri-

1829 689 2051 744 mordiis
2095 687 2382 742 sacerdOtii
2419 697 2606 741 narrat
2647 697 2844 756 prmter
2888 687 3213 741 simultatem
3261 704 3387 743 cum

1831 781 2079 836 Eusebio.
2105 781 2320 834 Initium
2357 795 2668 846 magnarum
2704 794 2881 832 rerum
2924 793 2953 831 a
2990 777 3162 833 reditu
3199 780 3385 842 sumit,

1828 873 1968 942 quod
1992 882 2304 940 argumento
2333 881 2414 926 est
2449 885 2544 925 nec
2582 871 2669 924 diu
2711 870 2946 924 abfuisse
2983 869 3255 935 Basilium,
3292 887 3388 924 nec

1831 965 1998 1018 multo
2047 973 2164 1033 post
2215 965 2608 1017 ordinationem
2667 964 2977 1017 secessisse.
3031 962 3087 1015 2°
3139 962 3391 1017 Certissi-

1831 1071 1973 1109 mum
2033 1064 2404 1123 argumentum
2457 1055 2759 1124 suppeditat
2815 1054 3046 1108 Valentis
3092 1055 3143 1107 in
3201 1054 3388 1108 urbem

1831 1145 2127 1198 Cursaream
2160 1146 2417 1198 adventus
2449 1160 2588 1198 anno
2609 1146 2731 1199 565.
2765 1145 2892 1198 Erat
2931 1147 2981 1199 in
3021 1147 3119 1200 hac
3164 1147 3299 1200 urbe
3338 1161 3391 1198 tv

1831 1233 1966 1289 Non.
1992 1233 2096 1289 Jul.
2128 1236 2315 1289 eodem
2345 1251 2504 1298 anno,
2536 1245 2592 1290 ιιι
2619 1237 2943 1306 perspicitur
2963 1252 3029 1291 ex
3061 1237 3173 1306 lege
3204 1237 3390 1306 quinta

1831 1327 1895 1378 de
1935 1327 2338 1392 suseeptoribus
2371 1329 2492 1379 data
2520 1327 2793 1390 Caesarem,
2845 1326 2976 1381 Cod.
3016 1326 3218 1384 Theod.
3259 1337 3388 1382 tom.

1832 1413 1920 1481 IV,
1962 1433 2012 1484 ι).
2043 1415 2164 1470 559.
2195 1416 2248 1468 In
2271 1417 2455 1470 eadem
2482 1419 2610 1470 urbe
2639 1418 2879 1471 nuntium
2905 1420 3110 1489 accepit
3140 1418 3393 1473 defectio-

1831 1511 1916 1563 nis
1946 1508 2213 1578 Procopii.
2253 1508 2515 1561 Valentem
2553 1526 2582 1560 a
2611 1507 2851 1562 Ctesarea
2897 1509 3279 1580 Cappadocum,
3311 1511 3393 1566 in-

1832 1601 1950 1668 quit
1983 1602 2300 1656 Ammianus
2327 1600 2419 1669 (c),
2453 1611 2502 1651 ut
2535 1602 2795 1666 cartorum
2822 1601 3031 1655 a'stibus
3059 1591 3256 1657 Cilicia:
3275 1603 3391 1672 jam

1834 1693 2000 1746 lenitis
2041 1696 2108 1746 ad
2149 1693 2436 1746 Antiochia:
2485 1701 2802 1760 percurreret
2846 1695 3006 1758 sedes,
3067 1695 3394 1764 Sophronias

1835 1788 2010 1839 avertit
2040 1783 2326 1843 Galatiam.
2370 1785 2686 1839 defectionis
2720 1785 2956 1854 Procopii
2987 1787 3228 1842 nuntium
3268 1787 3398 1842 alie-

1837 1896 1979 1933 rens.
2020 1879 2148 1944 Quis
2173 1892 2301 1948 ergo
2335 1879 2542 1932 dubitet
2569 1878 2633 1930 ad
2668 1878 2809 1932 hunc
2847 1895 3045 1932 annum
3083 1879 3283 1934 referre
3310 1895 3394 1934 re-

1835 1971 2000 2024 tlitunt
2031 1970 2238 2034 Basilii,
2263 1970 2351 2038 qui
2383 1969 2685 2024 necessario
2710 1968 3025 2038 coniunctus
3051 1980 3132 2025 est
3159 1985 3277 2025 cum
3301 1969 3397 2025 ad-

1834 2070 1996 2113 ventu
2027 2058 2301 2112 Valentis?

1895 2151 2112 2206 Fatetur
2133 2149 2502 2205 Tillemontius
2533 2147 2809 2204 Valentem
2849 2151 3058 2205 venisse
3086 2148 3385 2204 Ccesaream

1837 2259 1976 2299 anno
2003 2242 2142 2310 365;
2176 2258 2345 2312 neque
2382 2243 2522 2297 enim
2549 2243 2598 2295 id
2635 2243 2818 2312 negari
2848 2244 3038 2310 possit.
3075 2243 3180 2298 Sed
3213 2243 3398 2297 venire

1837 2337 2030 2391 iterum
2065 2336 2303 2406 potuisse
2357 2334 2632 2389 contendit
2667 2349 2807 2387 anno
2849 2334 2972 2388 566.
3025 2334 3204 2388 Potuit
3267 2349 3398 2389 sane

1836 2428 2040 2488 venire,
2080 2427 2170 2482 scd
2210 2441 2331 2481 eum
2367 2427 2577 2480 venisse
2619 2426 2765 2481 nullo
2814 2440 3035 2490 prorsus
3081 2437 3397 2494 argumento

1837 2519 2098 2586 suspicari
2149 2534 2456 2588 possumus.
2509 2517 2617 2572 luto
2644 2534 2750 2572 non
2793 2520 3023 2584 venisse,
3058 2520 3245 2574 saltem
3276 2534 3396 2574 cum

1839 2613 2208 2682 triumphante
2257 2611 2345 2665 illo
2397 2611 2768 2679 episcoporum
2813 2609 3186 2664 haereticorum
3232 2612 3402 2665 comi-

1841 2714 1972 2770 tatu,
2037 2712 2374 2773 perspectum
2433 2711 2487 2755 et
2539 2702 2874 2768 exploratum
2932 2702 3210 2756 habemus.
3263 2699 3398 2753 Nam

1839 2802 1984 2854 victo
2011 2813 2175 2868 prope
2203 2796 2474 2850 Nacoliam
2510 2795 2561 2847 in
2597 2794 2826 2863 Phrygia
2862 2801 2914 2846 et
2940 2793 3116 2847 occiso
3140 2791 3401 2862 Procopio

1838 2890 1923 2943 die
1951 2889 2017 2941 ‘27
2042 2887 2188 2950 Maii,
2221 2901 2360 2939 anno
2394 2883 2518 2949 566,
2556 2894 2740 2953 postea
2777 2884 3022 2953 negotiis,
3062 2900 3181 2954 qua:
3232 2885 3402 2939 victo-

1840 2979 1972 3033 riam
2015 2979 2069 3032 iu
2091 2977 2232 3033 bello
2259 2976 2406 3032 civili
2436 2977 2689 3045 subsequi
2725 2976 2920 3039 solent,
2946 2987 3240 3044 occupatus
3274 2977 3399 3042 fuit,

1840 3087 1902 3129 ac
1941 3088 2044 3128 non
2099 3085 2286 3140 parum
2346 3071 2600 3138 temporis
2647 3069 2697 3122 in
2749 3068 2981 3123 consciis
3026 3068 3404 3137 perquirendis

196 3177 373 3228 magna
411 3179 476 3216 ex
501 3173 654 3232 parte
685 3163 919 3231 perfecta
952 3178 1036 3216 res
1067 3177 1131 3217 ex
1164 3163 1246 3218 his
1275 3178 1392 3232 quce
1416 3164 1648 3222 diximus
1677 3168 1741 3222 de
1768 3189 1810 3246 ο
1845 3165 2150 3234 insumpsit.
2188 3163 2478 3231 Postquam
2534 3168 2715 3214 autem
2783 3159 2870 3214 his
2926 3159 3074 3214 euris
3123 3161 3404 3228 expeditus

197 3256 331 3309 illius
357 3257 714 3313 ordinatione.
745 3257 878 3311 Nam
902 3257 946 3311 si
983 3258 1265 3328 presbyter
1289 3268 1503 3313 creatus
1537 3267 1616 3314 est
1640 3275 1737 3313 an-

199 3361 261 3400 no
283 3347 399 3411 565,
455 3351 502 3403 si
532 3363 674 3403 anno
703 3350 887 3403 eodem
927 3361 1178 3417 exeunte,
1226 3361 1318 3405 aut
1366 3351 1608 3420 sequenti
1657 3353 1736 3405 in-

197 3450 343 3494 eunte
390 3441 563 3496 adhuc
600 3441 858 3496 Caesarea:
884 3443 1180 3498 sacerdotio
1218 3443 1649 3514 perfungebatur,
1680 3453 1738 3498 ut

198 3531 414 3587 vidimus
447 3549 509 3587 ex
543 3535 785 3596 epistolis
814 3535 884 3588 20
924 3545 977 3590 et
1008 3537 1101 3600 2l,
1130 3553 1234 3591 non
1280 3539 1451 3605 potuit
1483 3547 1606 3589 ante
1637 3535 1739 3590 hoc

201 3630 395 3689 tempus
434 3624 777 3678 imminentes
819 3626 1002 3679 turbas
1039 3626 1282 3694 prudenti
1330 3640 1545 3682 secessu
1577 3627 1740 3682 decli-

202 3725 336 3764 nare.
365 3713 540 3780 Atque
593 3715 641 3767 id
673 3715 885 3782 quidem
920 3715 1146 3770 utirifice
1178 3717 1408 3785 quadrat
1454 3736 1574 3775 cum
1627 3723 1741 3791 ipso

203 3801 365 3855 Basilii
393 3805 724 3870 testimonio,
770 3805 858 3875 qui
885 3811 1172 3863 secundam
1214 3810 1356 3864 illam
1382 3813 1738 3867 secessionem

202 3909 261 3947 ne
299 3906 540 3950 numerat
579 3897 791 3967 quidem
822 3898 920 3971 (b),
966 3902 1135 3956 sedse
1163 3901 1334 3967 plures
1372 3917 1535 3955 annos
1573 3905 1739 3956 conti-

205 4002 318 4040 nuos
352 3988 401 4040 in
444 3988 599 4043 Ponti
643 3989 932 4044 solitudine
972 3992 1275 4045 traduxisse
1308 3999 1553 4046 testatur.
1596 3995 1741 4049 Adeo

205 4074 363 4132 brevis
402 4079 504 4132 fuit
545 4080 776 4134 secunda
810 4079 895 4132 illa
939 4082 1190 4136 secessio.
1225 4081 1331 4137 Sed
1379 4082 1509 4137 nihil
1539 4085 1742 4154 signifi-

207 4167 395 4222 cantius
450 4171 693 4241 Gregorii
744 4171 1051 4227 testimonio
1100 4174 1191 4245 qui
1238 4174 1514 4242 conceptis
1567 4176 1742 4229 verbis

207 4268 414 4314 testatur
461 4276 710 4327 magnam
764 4261 1137 4316 haereticorum
1196 4271 1513 4332 potestatem
1555 4263 1736 4325 fuisse,

208 4367 309 4404 cum
335 4351 558 4406 Basilius
583 4353 868 4409 discessit:
899 4355 1039 4422 quod
1065 4357 1278 4424 quidem
1311 4355 1375 4408 de
1409 4353 1604 4410 Juliani
1638 4358 1740 4408 im-

210 4445 337 4508 perio
367 4445 469 4499 dici
499 4458 601 4496 non
636 4455 833 4513 potest,
879 4445 1044 4499 multo
1073 4448 1250 4501 tniuus
1292 4447 1354 4499 de
1382 4444 1613 4500 Joviani.
1653 4445 1744 4501 Sic

211 4544 365 4585 autem
411 4533 648 4603 loquitur
679 4533 969 4604 Gregorius
993 4536 1068 4606 (p.
1099 4535 1222 4606 557)
1262 4555 1275 4590 :
1309 4535 1437 4589 Οὐδὲ
1471 4537 1606 4607 πρὸς
1646 4538 1742 4589 αὑ-

210 4622 286 4673 τοῦ
317 4625 377 4675 τὸ
409 4625 675 4696 μάχεςοαι.
703 4626 985 4696 ﬁcitur-:3?»
1013 4628 1073 4680 τὸ
1105 4626 1258 4697 σῶμα
1293 4628 1745 4699 τῆςἘκκ).ησίας,

213 4715 289 4765 καὶ
311 4713 477 4778 ἄλλως
508 4716 933 4786 πολεμουμένης,
963 4719 1055 4770 7.1".
1080 4717 1241 4787 σφαλε
1253 4719 1357 4786 ρῶς
1383 4718 1747 4790 διακειμένης,

213 4805 302 4858 ὑπὸ
335 4806 432 4876 τῆς
463 4811 584 4862 τότε
613 4808 720 4862 τῶν
760 4808 1046 4878 αἱρετικῶν
1074 4809 1406 4874 δυναστείας.
1454 4807 1564 4862 Nec
1606 4811 1748 4864 illius

212 4910 307 4952 erat
347 4901 616 4965 dimicare,
658 4912 745 4954 aut
796 4900 1042 4954 Ecclesia:
1091 4919 1277 4969 corpus
1333 4902 1585 4966 lacerare,
1631 4919 1745 4971 qua:

215 4991 352 5043 etiam
377 4993 572 5061 alioqui
600 4992 662 5044 ab
699 4994 975 5054 haereticis,
1007 4993 1092 5058 qui
1121 5003 1226 5046 tum
1271 4995 1553 5060 potentiam
1592 5003 1746 5058 atque

215 5081 466 5148 imperium
514 5084 826 5153 obtinebant,
883 5085 1301 5156 oppugnabatur,
1352 5104 1414 5139 ac
1463 5085 1747 5155 periculose

215 5172 381 5240 affecta
417 5185 547 5229 erat.

284 5263 378 5318 VII.
408 5268 556 5332 Quod
599 5277 805 5338 spectat
847 5271 916 5326 ad
961 5270 1213 5334 reditum,
1252 5269 1519 5324 immerito
1562 5266 1616 5320 in
1651 5282 1746 5320 an-

215 5372 329 5409 num
357 5359 452 5413 566
489 5371 579 5414 aut
616 5364 716 5416 567
758 5362 1020 5418 differtur.
1053 5362 1214 5416 Multo
1248 5362 1529 5418 absurdius
1561 5361 1747 5430 rejice-

216 5461 351 5504 retur
371 5455 433 5506 ad
460 5469 655 5510 annum
687 5458 810 5521 570;
841 5459 1142 5511 necessario
1172 5457 1512 5511 collocandus
1552 5456 1614 5507 ad
1648 5470 1744 5508 an-

218 5555 332 5596 num
358 5546 476 5602 565.
534 5548 667 5604 Nam
709 5555 758 5606 ίυ
797 5559 904 5605 tam
939 5551 1144 5621 longam
1173 5551 1465 5608 absentiam
1507 5562 1611 5603 non
1649 5562 1741 5618 pa-

289 5748 355 5810 (ιι)
379 5747 524 5808 Νη..
553 5769 631 5807 or.
664 5763 750 5810 ευ.

289 5814 350 5883 (θ)
373 5817 456 5886 Ep.
491 5824 604 5875 “illi.

1846 3255 2112 3310 convertit
2165 3268 2222 3310 se
2279 3253 2343 3307 ad
2401 3253 2718 3308 evertendas
2767 3250 3073 3314 Ecclesias,
3105 3261 3214 3306 tum
3275 3268 3406 3307 vero

1845 3344 2024 3398 multae
2051 3344 2298 3398 civitates
2337 3342 2687 3411 peragranda:
2713 3340 2947 3409 fuerunt,
2976 3342 3128 3397 multi
3165 3343 3407 3413 episcopi

1843 3434 2058 3488 Ariauis
2109 3432 2453 3502 subjiciendi,
2505 3444 2790 3501 antequam
2845 3433 3145 3487 Gazsaream
3173 3434 3402 3488 veniret.

1845 3525 1936 3581 Sic
1961 3527 2102 3580 enim
2133 3527 2184 3579 in
2211 3527 2349 3580 hanc
2382 3527 2566 3579 urbem
2597 3524 2830 3588 advenit,
2855 3531 2913 3578 ut
2933 3522 3248 3593 jamdudum
3285 3526 3407 3580 nul-

1845 3620 1954 3674 lum
1982 3619 2123 3672 aliud
2169 3617 2367 3672 bellum
2411 3617 2665 3673 habuisse
2718 3618 3000 3684 videatur,
3051 3628 3245 3687 prmter
3279 3618 3408 3673 illud

1847 3710 1987 3781 quod
2050 3710 2306 3767 Ecclesiis
2363 3710 2646 3765 inferebat.
2697 3711 2862 3778 Atque
2924 3714 3020 3762 hoc
3066 3712 3273 3778 quidem
3320 3712 3408 3763 ille

1847 3805 2056 3868 animo,
2112 3803 2284 3872 inquit
2331 3801 2623 3867 Gregorius
2678 3800 2790 3872 (ά),
2836 3810 2880 3855 et
2923 3817 3039 3854 cum
3068 3802 3165 3854 hac
3219 3803 3406 3872 impie-

1849 3905 1952 3950 tate
1999 3897 2270 3949 adversum
2304 3909 2404 3946 nos
2461 3894 2836 3959 expeditionem
2868 3894 3105 3960 suscipit.
3147 3890 3404 3960 Impetum

1847 4004 2047 4059 quoque
2077 4003 2181 4040 una
2204 4004 2320 4040 cum
2365 4003 2421 4041 eo
2455 3987 2582 4055 facit
2615 3986 2871 4038 exercitus
2904 3987 3015 4052 ipso
3068 3985 3276 4051 dignus,
3309 3984 3408 4036 im-

1846 4079 1992 4148 probi
2031 4077 2366 4131 ecclesiarum
2403 4077 2789 4146 gubernatmes,
2834 4076 2958 4128 swvi
3011 4073 3153 4153 illius
3204 4074 3409 4141 imperii

1849 4171 2146 4224 tetrarchia.
2202 4170 2306 4234 Qui
2336 4186 2451 4222 cum
2490 4183 2552 4218 ex
2579 4167 2807 4220 ecclesiis
2835 4168 2972 4220 alias
3006 4167 3121 4235 jam
3155 4176 3408 4231 tenerent,

1849 4264 1980 4318 alias
2047 4269 2425 4332 oppugnarent,
2465 4257 2600 4312 alios
2653 4258 2713 4311 ob
2765 4259 3093 4328 imperatoris
3149 4275 3294 4327 opem
3347 4276 3409 4312 ac

1849 4372 2083 4418 manuni,
2112 4369 2227 4422 qua!
2257 4353 2451 4420 partim
2481 4349 2844 4414 adhibebatur,
2884 4350 3072 4416 partim
3130 4350 3410 4403 denuntia-

1851 4447 2020 4512 batur,
2053 4447 2104 4496 in
2133 4453 2438 4512 potestatem
2468 4454 2710 4496 venturos
2745 4449 3034 4508 sperarent,
3059 4439 3157 4494 huc
3186 4458 3408 4511 quoque,

1777 4547 1820 4601 ι)
1851 4549 1904 4593 ut
1939 4548 2168 4591 nostram
2202 4539 2254 4589 in
2286 4537 2535 4589 ditionem
2587 4549 2736 4587 suant
2774 4535 3082 4603 redigerent,
3140 4547 3405 4588 venerunt.

1846 4631 2014 4685 Nemo
2053 4639 2135 4683 est
2155 4644 2304 4691 sane,
2342 4629 2429 4695 qui
2457 4628 2539 4680 his
2593 4624 2828 4693 legendis
2856 4641 2958 4678 non
2995 4623 3407 4684 animadvertat,

1849 4722 2122 4777 Valentem
2149 4723 2463 4788 jamdudum
2494 4717 2560 4770 ab
2610 4718 2731 4771 aliis
2757 4717 2903 4769 curis
2933 4715 3159 4768 liberum
3187 4724 3240 4769 et
3269 4716 3411 4770 solu-

1848 4822 1983 4879 tum,
2010 4815 2121 4868 otio
2161 4829 2259 4868 suo
2296 4819 2361 4866 ad
2394 4811 2820 4880 persequendam
2855 4807 3150 4862 Ecclesiam
3181 4807 3406 4860 abusum

1845 4907 2011 4963 fuisse
2043 4926 2056 4972 ;
2096 4922 2156 4960 ac
2193 4907 2418 4975 proinde
2471 4920 2574 4958 non
2607 4902 2743 4956 satis
2772 4901 3102 4970 superfuisse
3151 4899 3408 4968 temporis

1853 5010 1911 5053 ut
1939 4999 2236 5054 Ctesareatn
2263 4996 2469 5049 veniret
2501 5009 2643 5046 anno
2668 4993 2794 5046 566.

1925 5087 2018 5142 llis
2047 5087 2182 5140 adde
2202 5087 2479 5140 Valentem
2513 5083 2773 5150 Prompio
2802 5083 2850 5136 in
2875 5081 3106 5150 Phrygia
3139 5089 3410 5148 superato,

1852 5178 2299 5246 internarumque
2344 5177 2739 5231 dissensionum
2767 5167 2990 5226 materia
3019 5172 3323 5241 consopita,
3355 5180 3412 5222 ut

1851 5271 1926 5322 ait
1956 5269 2292 5334 Ammianus,
2319 5269 2548 5322 otiosum
2580 5280 2684 5318 non
2716 5264 2901 5318 fuisse.
2941 5263 3082 5318 Misit
3111 5264 3253 5317 enim
3317 5260 3409 5313 Vi-

1851 5372 2050 5416 ctorem
2087 5360 2679 5430 magistrum_equitum
2733 5360 2820 5412 ad-
2852 5357 3058 5412 Gothos
3090 5365 3187 5422 ,ιιι
3227 5367 3292 5408 ex
3332 5356 3410 5407 cis

1850 5454 2246 5517 sciscitaretur,
2277 5451 2626 5521 quamobrem
2655 5449 2918 5518 ProcOpio
2942 5447 3195 5500 auxilium
3229 5443 3410 5498 dedis-

1850 5553 1990 5600 scut.
2047 5544 2282 5599 Reverso
2316 5542 2529 5598 Victore
2563 5540 2748 5598 Valens
2773 5542 2920 5613 parvi
2949 5541 3140 5593 ducens
3187 5552 3408 5592 excusa-

1851 5808 1853 5813 ,
1931 5752 2001 5817 (ε)
2033 5752 2147 5803 Lib.
2173 5765 2316 5814 xui,
2347 5765 2393 5804 c.
2427 5749 2455 5799 Τ

1925 5823 1998 5885 (.l)
2039 5822 2126 5872 Ui“.
2152 5821 2238 5871 2i).
