4094 6308
677 364 784 406 χιιι

2032 371 2559 433 PROLEGOMENA.

676 476 866 528 tionem
902 478 1257 544 vanissimam,
1296 482 1475 552 inquit
1518 487 1836 544 Ammianus
1865 533 1878 556 ,
1933 491 2028 546 lib.
2064 507 2237 554 xxvii,
2270 496 2315 552 Α
2346 495 2416 545 tia
2447 503 2500 546 et
2529 492 2832 562 eloquentia
2858 504 2911 550 et
2935 496 3163 552 consilio
3193 504 3247 551 et
3277 495 3477 550 virtute
3513 497 3785 564 superari,
3811 511 3910 552 nec

675 583 725 618 ν.
755 566 808 628 5,
843 567 896 619 in
935 584 1022 620 eos
1051 571 1202 638 signa
1243 577 1551 642 commovit,
1587 591 1756 633 motus
1781 582 2104 638 adventantis
2121 588 2238 653 jam

672 658 940 722 pra’scios,
971 669 1017 711 et
1043 660 1349 726 pubescente
1374 682 1490 719 vere
1528 672 1746 736 quwsito
1778 673 1831 724 in
1861 690 2019 725 unum
2045 679 2240 728 exerci-

675 758 748 808 tu,
801 765 958 813 prope
1020 749 1281 818 Daplinem
1323 759 1526 812 nomine
1553 763 1927 818 munimentum
1949 778 2022 819 est
2066 777 2238 821 castra

673 848 914 891 metatus.
964 838 1140 903 Quare
1195 840 1433 899 Valentis
1473 848 1560 901 ille
1619 847 1918 905 Caesaream
1958 856 2234 919 adventus,

673 927 761 990 qui
791 938 996 983 tantum
1029 934 1215 987 babuit
1245 951 1588 1007 apparatum,
1620 945 1684 996 ad
1717 959 1916 997 annum
1966 945 2069 1000 565
2105 946 2237 1001 refe-

673 1019 891 1072 rendus.
932 1023 1080 1078 Tunc
1124 1028 1265 1080 enim
1299 1030 1350 1081 in
1382 1029 1590 1101 Syriam
1620 1036 1842 1089 tendens
1893 1037 2092 1090 lentius
2122 1053 2238 1105 pro-

677 1112 1044 1179 grediebatur,
1073 1128 1128 1169 ut
1161 1117 1359 1173 Cilicia:
1414 1124 1620 1179 calores
1655 1127 1899 1194 evitarei,
1948 1137 2080 1182 teste
2107 1129 2234 1183 Ain-

667 1213 872 1256 miano.

740 1292 796 1344 5ο
846 1291 1070 1350 Etiamsi
1114 1299 1336 1353 daretur
1390 1301 1741 1358 Tillemontio
1782 1303 2065 1358 Valentem
2098 1321 2234 1359 anno

665 1380 770 1435 566
823 1385 1013 1438 iterum
1056 1391 1268 1444 venisse
1291 1391 1610 1460 Caesaream,
1647 1411 1752 1449 non
1793 1395 1993 1452 idcirco
2017 1413 2232 1451 causam

665 1472 952 1528 obtineret.
986 1477 1143 1531 Modo
1169 1481 1309 1534 enim
1339 1493 1579 1546 constet,
1619 1495 1678 1538 ut
1714 1485 1959 1552 proiecto
1994 1498 2227 1550 constat,

668 1561 942 1618 Valentem
994 1569 1045 1620 in
1106 1570 1245 1626 banc
1280 1575 1466 1626 urbem
1501 1589 1641 1628 anno
1681 1574 1783 1628 565
1821 1576 2056 1637 venisse.
2097 1577 2232 1631 refe-

667 1657 866 1708 rendus
919 1660 1021 1710 erit
1076 1663 1140 1713 ad
1192 1666 1438 1718 eumdem
1492 1680 1690 1718 annum
1757 1668 1962 1720 reditus
2013 1669 2228 1733 Basilii,

665 1762 825 1812 quem
863 1751 1150 1807 imminens
1178 1771 1205 1806 a
1239 1769 1581 1823 persecutore
1623 1759 1919 1826 periculum
1957 1762 2008 1813 in
2039 1761 2218 1814 solitu-

666 1839 790 1890 dine
832 1843 1073 1897 residere
1102 1860 1204 1898 non
1235 1848 1473 1902 sivisset.
1517 1849 1632 1904 Non
1673 1852 1816 1905 enim
1850 1852 1986 1906 lenis
2015 1853 2227 1920 quidem
2260 1831 2302 1885 Β

664 1927 820 1981 initio
860 1941 915 1983 et
945 1942 1256 1990 moderatus
1284 1937 1382 1991 fuit
1412 1939 1636 2001 Valens,
1668 1952 1726 1993 ut
1757 1943 2034 1995 existimat
2064 1941 2229 1995 Tille-

665 2021 925 2088 montius,
951 2026 1044 2077 sed
1072 2027 1256 2080 eadem
1292 2045 1516 2095 prorsus
1549 2033 1692 2086 illius
1720 2033 1928 2102 imperii
1961 2048 2023 2086 ac
2048 2050 2228 2104 perse-

661 2115 895 2168 cntionis
939 2118 1230 2184 primordia
1273 2122 1510 2177 fuerunt.
1544 2125 1702 2179 Certa
1738 2138 1791 2180 et
1815 2127 2090 2194 explorata
2143 2143 2229 2182 res

661 2215 839 2261 estex
880 2213 1201 2268 testimoniis
1254 2217 1502 2288 Gregorii
1543 2219 1869 2274 Nazianzeni
1897 2220 1993 2290 (a).
2056 2221 2229 2274 Perti-

662 2301 966 2355 mescenda:
987 2315 1140 2358 erant
1175 2307 1552 2364 haereticorum
1589 2311 1810 2378 linguae,
1850 2326 1972 2366 cum
2002 2311 2227 2366 Basilius

661 2390 948 2459 presbyter
991 2396 1270 2450 ordinatus
1299 2408 1398 2453 est.
1429 2399 1564 2455 Cum
1597 2402 1747 2471 pacis
1791 2416 1953 2457 causa
1981 2403 2140 2454 rediit
2172 2405 2224 2455 in

659 2481 1003 2537 solitudinem
1035 2487 1133 2554 (ὁ),
1161 2493 1561 2556 oppugnabatur
1601 2492 1840 2547 Ecclesia
1863 2505 1912 2548 et
1943 2496 2228 2561 periculose

662 2569 851 2637 a/fecta
883 2583 994 2626 erat
1031 2577 1092 2628 ob
1138 2579 1506 2634 Ita’reticorum
1533 2584 1882 2637 dominatum.
1919 2585 2146 2638 Basilius
2175 2596 2229 2639 et

662 2659 753 2713 alii
786 2665 1049 2735 episcopi,
1084 2669 1174 2736 qui
1226 2672 1278 2722 in
1307 2670 1651 2727 Occidentem
1683 2689 1825 2728 anno
1854 2673 1958 2727 376
1997 2676 2229 2742 scripse-

655 2765 803 2816 runt,
830 2756 941 2824 jam
972 2761 1228 2816 tredecim
1257 2778 1422 2818 annos
1441 2766 2225 2833 persecutionisnumerabant,

655 2856 713 2894 ut
737 2856 884 2911 patet
930 2864 994 2902 ex
1023 2851 1108 2904 bis
1139 2855 1318 2909 verbis
1356 2857 1588 2920 epistolae
1609 2856 1736 2923 259,
1772 2873 1826 2910 n.
1871 2857 1924 2919 2,
1967 2857 2226 2927 Τρισκαι-

653 2930 879 2988 δέκατον
912 2939 1020 3010 γὰρ
1053 2941 1170 3006 ἔτος
1208 2945 1376 3007 ἐστὶν,
1408 2946 1500 3013 ἀφ’
1533 2940 1593 2996 οὗ
1615 2950 1642 2997 ὁ
1668 2947 1940 3016 αἱρετικὸς
1976 2949 2104 3016 ἡμῖν
2130 2948 2226 3000 πό-

655 3023 817 3095 λεμος
841 3029 1134 3102 ἐπανέστη.
1174 3033 1418 3087 Decimus
1444 3035 1579 3087 enim
1617 3035 1804 3087 tertius
1850 3051 2018 3086 annus
2040 3047 2137 3101 est,
2163 3053 2225 3089 ea:

653 3136 755 3186 quo
785 3122 1087 3175 lucreticum
1120 3127 1264 3178 nobis
1287 3127 1474 3179 bellum
1503 3136 1742 3180 exortum
1780 3136 1876 3180 est.

728 3211 1089 3281 Tillemontio,
1120 3219 1212 3287 qui
1260 3221 1688 3286 persecutionem
1720 3219 1902 3274 differt
1935 3233 2107 3287 usque
2158 3219 2222 3271 ad

656 3318 858 3357 annum
897 3306 1023 3373 566,
1079 3308 1257 3363 fucum
1295 3312 1424 3363 fecit
1473 3314 1765 3366 auctoritas
1803 3311 2145 3366 Theodoreti.
2177 3311 2224 3365 ls

653 3398 796 3448 enim
831 3410 1014 3453 narrat
1060 3398 1336 3456 Valentem
1383 3403 1533 3457 initio
1562 3405 1827 3458 catholice
1879 3405 2218 3466 sentientem,

655 3486 844 3538 moris
898 3487 1195 3542 Dominicze
1249 3503 1301 3544 et
1337 3493 1564 3546 Eudoxii
1607 3494 1814 3546 artibus
1871 3503 1979 3545 tum
2007 3493 2220 3546 demum

657 3579 929 3646 corrumpi
975 3580 1225 3646 cmpisse,
1269 3596 1389 3634 cum
1464 3597 1522 3635 se
1567 3583 1819 3651 baptismi
1862 3583 2110 3651 praesidio
2154 3583 2219 3634 ad

653 3666 856 3722 bellum
917 3669 1200 3725 Gothicum
1251 3673 1462 3727 munire
1503 3674 1689 3729 voluit.
1751 3672 1902 3728 Tunc
1962 3675 2102 3726 enim
2154 3675 2220 3727 ab

666 3761 928 3828 Eudoxio,
962 3778 989 3812 a
1021 3777 1125 3829 quo
1158 3766 1489 3829 initiabatnr,
1514 3766 1831 3819 obstrictum
1871 3765 2220 3834 jurejurando

655 3853 846 3917 fuisse,
872 3868 1144 3922 nunquam
1181 3870 1238 3909 se
1279 3859 1342 3909 ab
1386 3857 1584 3910 Ariana
1622 3857 1811 3910 haeresi
1856 3870 2216 3918 recessurum,

656 3956 711 3998 et
743 3948 1026 4000 contraria-
1073 3947 1196 4001 ﬁdei
1251 3949 1488 4002 cultores
1535 3948 1783 4003 omnibus
1808 3947 1940 4002 locis
1963 3945 2217 4014 expulsu-

654 4055 798 4092 rum.
827 4040 1007 4108 Longe
1032 4042 1206 4110 potior
1232 4042 1331 4094 bac
1351 4042 1402 4093 in
1433 4056 1489 4093 re
1517 4041 1808 4110 Gregorius
1833 4041 2174 4095 Tlteodorelo
2202 4057 2216 4103 ;

652 4151 749 4187 nec
778 4137 961 4188 dubito
983 4137 1109 4204 quin
1138 4135 1531 4197 Tillemontius,
1559 4136 1602 4188 si
1629 4136 1694 4188 ad
1719 4135 1876 4203 primi
1908 4135 2215 4190 testimonia

651 4226 886 4280 animum
931 4229 1273 4292 advertisset,
1298 4245 1483 4295 parum
1521 4228 1804 4281 tribuisset
1849 4225 2210 4288 Theodoreto,

650 4323 803 4389 cujus
839 4336 902 4374 ex
937 4322 1244 4376 narratione
1277 4337 1342 4376 ne
1371 4309 1501 4374 illud
1539 4322 1754 4390 quidem
1785 4318 2013 4374 clIicitur
2034 4357 2049 4381 ,
2073 4320 2213 4386 quod

649 4413 926 4466 contendit
985 4411 1379 4479 Tillemontius,
1421 4414 1852 4482 persecutionem
1913 4412 1977 4466 ad
2012 4427 2213 4464 annum

645 4506 750 4560 566
788 4505 1126 4559 referendam
1161 4521 1301 4568 esse,
1328 4507 1418 4560 sed
1445 4505 1625 4574 potius
1651 4495 1947 4557 ad'annum
1982 4502 2103 4556 567.

1255 4597 1478 4652 CAPUT
1522 4597 1585 4649 X.

643 4683 684 4738 Ι.
721 4685 906 4738 Basilii
929 4687 1225 4740 arctissima
1253 4686 1550 4754 conjunctio
1586 4701 1702 4738 cum
1733 4685 1958 4739 Eusebio
1979 4686 2213 4754 episcopo

714 4756 1047 4811 Ca’sariensi.
1091 4755 1149 4808 ll.
1207 4755 1423 4809 Videtur
1480 4757 1532 4807 in
1567 4759 1884 4809 monasterio
1931 4757 2138 4817 uixisse,
2166 4769 2214 4808 et

712 4843 867 4878 unam
927 4829 1187 4893 pra'cipue
1256 4826 1548 4879 Ecclesium
1601 4829 1879 4892 regendam
1937 4827 2210 4889 accepisse.

710 4895 797 4946 ltl.
826 4896 1015 4949 Basilii
1049 4898 1338 4949 auctoritas
1365 4897 1456 4949 sub
1491 4895 1716 4947 Eusebio
1752 4897 1806 4948 in
1851 4897 2211 4950 ecclesiasticis

712 4970 925 5031 negotiis
953 4971 1021 5019 ad
1047 4967 1362 5027 Ctesaream,
1384 4977 1435 5017 ut
1461 4967 1806 5031 metropolim,
1835 4966 2202 5031 spectantibus.

709 5032 799 5085 IV.
841 5037 1089 5098 Quantam
1125 5039 1419 5090 exstiterint
1463 5037 1815 5090 ecclesiastica
1849 5038 1941 5088 illa
1979 5039 2199 5101 negotia.

708 5105 772 5159 V.
813 5105 943 5168 Quw
976 5107 1161 5159 Basilii
1218 5120 1389 5172 partes
1419 5109 1471 5157 in
1514 5107 1576 5157 iis
1609 5123 1724 5174 qutc
1785 5120 1897 5174 post
1949 5108 2203 5174 synodum

709 5175 1119 5240 Lampsacenam
1149 5190 1289 5245 gesta
1326 5188 1466 5229 sunt.
1507 5174 1589 5230 Vl.
1619 5173 1881 5228 Probatur
1917 5173 2050 5228 lta’nc
2077 5193 2199 5243 syn—

705 5249 863 5299 odum
888 5263 1024 5299 anno
1054 5247 1156 5300 564
1180 5249 1410 5299 habitam
1452 5249 1627 5314 fuisse.

707 5339 747 5390 l.
791 5339 1084 5405 Reportata
1145 5353 1208 5392 ex
1255 5341 1445 5392 ltmrcsi
1512 5342 1743 5393 victoria
1799 5339 2054 5393 Basilium
2085 5353 2206 5391 cum

636 5431 866 5485 Eusebio
894 5443 997 5484 tam
1028 5443 1171 5486 arcte
1197 5435 1495 5502 conjunxit,
1534 5445 1589 5486 ut
1637 5449 1732 5486 nec
1765 5433 2014 5501 episcopo
2043 5431 2206 5484 mole-

634 5535 777 5579 stum
803 5535 945 5577 esset
976 5526 1041 5579 ab
1068 5541 1150 5587 eo,
1177 5541 1334 5592 quem
1371 5529 1630 5596 dignitate
1676 5525 1983 5595 superabat,
2027 5525 2204 5579 scien-

706 5729 774 5800 ’_:.‘
811 5730 934 5785 Nar.
973 5752 1055 5800 ep.
1103 5739 1189 5790 Η.-

707 5797 782 5868 (b)
814 5803 974 5870 ldern,
1009 5797 1088 5859 or.
1133 5810 1220 5860 9.0.

2347 583 2572 639 Basilius
2597 586 2715 640 ideo
2743 588 3047 657 episcopum
3071 589 3248 643 minus
3267 589 3468 644 coleret
3488 597 3543 640 et
3569 588 3905 652 observaret,

2341 675 2481 738 quod
2505 687 2569 727 eo
2600 682 2677 728 tot
2721 687 2864 728 esset
2909 679 3151 743 partibus
3177 679 3424 747 superior
3448 687 3500 730 et
3536 677 3904 746 prmstantiur.

2342 763 2818 818 l'rmclarissimum
2848 765 2989 820 illum
3018 780 3338 822 concentum
3371 772 3449 823 sic
3475 769 3746 822 describit
3773 765 3907 823 Gre-

2340 855 2522 924 gorius
2575 855 2943 911 Nazianzenus
2977 859 3043 930 (e)
3077 877 3090 910 :
3151 860 3240 931 Τῷ
3288 860 3344 913 δέ
3379 879 3430 912 τι
3459 861 3721 930 δεύτερον
3753 860 3908 930 ἔργον

2340 949 2432 1000 καὶ
2489 951 2803 1022 σπούδασμα
2857 954 3058 1022 γίνεται
3105 955 3425 1026 θεραπεύειν
3470 957 3564 1007 τὸν
3625 957 3908 1027 πρόεδρον,

2339 1039 2485 1092 λύειν
2508 1044 2602 1110 τὴν
2640 1044 2890 1113 ὑποψίαν,
2925 1045 3130 1097 πείθειν
3160 1047 3366 1109 πάντας
3393 1047 3742 1117 ἀνθρώπους,
3771 1048 3844 1110 ὡς
3871 1049 3908 1100 ἅ

2341 1133 2441 1202 μὲν
2487 1133 2765 1204 λελύπητο,
2801 1137 2962 1206 πεῖρά
2989 1153 3072 1199 τις
3119 1133 3184 1207 ἦν
3232 1136 3326 1189 τοῦ
3367 1137 3607 1207 πονηροῦ
3640 1138 3739 1190 καὶ
3767 1135 3905 1207 πάλη

2333 1226 2454 1286 ταῖς
2482 1228 2559 1286 είς
2583 1226 2641 1277 τὸ
2669 1227 2826 1281 καλὸν
2877 1229 3144 1298 ὀμονοίαις
3195 1228 3596 1297 βασκαίνοντος·
3632 1229 3802 1291 αὐτὸς
3853 1229 3909 1282 δὲ

2336 1317 2449 1386 ᾔδει
2512 1318 2708 1387 νόμους
2757 1320 3059 1383 εὐπειθείας
3113 1321 3209 1373 καὶ
3247 1321 3628 1390 πνευματικῆς
3677 1320 3905 1385 τάξεως.

2333 1408 2433 1459 Διὰ
2474 1409 2627 1461 τοῦτο
2669 1411 2868 1480 παρῆν,
2922 1411 3189 1479 ὲσόφιζεν,
3245 1411 3538 1482 ὑπήκουεν,
3608 1413 3904 1465 ἐνουθέτει.

2333 1501 2517 1554 Πάντα
2585 1499 2651 1572 ἦν
2702 1505 2867 1574 αὐτῷ,
2902 1507 3200 1576 σύμϐουλος
3247 1507 3488 1575 ἀγαθὸς,
3540 1511 3920 1581 παραστάτης

2332 1591 2520 1657 δεξιὸς,
2555 1593 2658 1644 τῶν
2688 1593 2844 1646 θείων
2877 1595 3178 1668 ἐξηγητὴς,
3233 1598 3339 1650 τῶν
3403 1602 3708 1669 πρακτέων
3772 1601 3906 1654 καθ-

2332 1684 2644 1754 ηγητὴς.γή
2657 1701 2760 1754 pm;
2785 1685 3069 1757 βακτηρία,
3090 1689 3322 1752 πίστεως
3340 1689 3589 1760 ἔρεισμα,
3620 1692 3732 1743 τῶν
3761 1693 3909 1747 ἔνδον

2334 1775 2361 1825 ὁ
2393 1777 2727 1841 πιστότατος,
2757 1777 2863 1829 τῶν
2903 1779 3056 1841 ἐκτὸς
3079 1782 3106 1830 ὁ
3139 1785 3591 1850 πρακτικώτατος
3611 1799 3624 1811 ·
3655 1783 3741 1834 ἑνὶ
3762 1783 3906 1853 λόγῳ

2331 1869 2578 1931 τοσοῦτος
2607 1874 2685 1932 εἰς
2709 1871 2938 1935 εὔνοιαν,
2974 1874 3094 1936 ὅσος
3134 1878 3211 1936 εἰς
3237 1875 3442 1947 ἔχθραν
3468 1875 3530 1927 τὸ
3555 1876 3686 1945 πρὶν
3730 1878 3908 1946 ἐνομί-

2332 1957 2470 2022 ζετο.
2529 1960 2802 2014 Ἐντεῦθεν
2854 1961 3000 2032 αὑτῷ
3056 1966 3249 2032 περιῆν
3294 1967 3388 2018 καὶ
3433 1967 3492 2018 τὸ
3549 1966 3760 2036 κράτος
3807 1966 3907 2034 τῆς

2344 2050 2685 2120 Ἐκκλησὶας,
2713 2055 2757 2104 εί
2807 2056 2896 2106 καὶ
2942 2055 3039 2124 τῆς
3101 2056 3363 2126 καθέδρας
3392 2052 3504 2126 εἶχε
3552 2057 3623 2109 τὰ
3649 2057 3903 2125 δεύτερα.

2330 2141 2438 2212 Τὴν
2481 2141 2587 2211 γὰρ
2617 2141 2824 2195 εὔνοιαν
2853 2147 3117 2216 εἰσφέρων
3148 2188 3161 2209 ,
3197 2146 3295 2217 τὴν
3331 2146 3579 2212 ἐξουσίαν
3633 2146 3908 2214 ἀντελαμ-

2329 2229 2453 2281 ϐανε
2475 2247 2488 2258 ·
2523 2232 2616 2282 καὶ
2638 2225 2704 2300 ἦν
2728 2230 3009 2301 θαυμαστή
3038 2251 3120 2295 τις
3143 2237 3174 2304 ἡ
3215 2236 3503 2304 συμφωνία
3536 2236 3633 2288 καὶ
3657 2239 3692 2306 ἡ
3728 2235 3906 2306 πλοκὴ

2327 2321 2418 2372 τοῦ
2450 2321 2726 2387 δύνασθαι,
2760 2325 2787 2374 ὁ
2815 2323 2911 2392 μὲν
2933 2324 3021 2375 τὸν
3045 2323 3168 2375 λαὸν
3198 2320 3352 2394 ἦγεν,
3389 2330 3417 2379 ὁ
3449 2327 3505 2379 δὲ
3551 2328 3646 2380 τὸν
3677 2329 3903 2396 ἄγοντα.

2327 2413 2433 2465 Καὶ
2484 2408 2592 2464 οἷον
2619 2414 2967 2484 λεοντοκόμος
2995 2432 3078 2476 τις
3104 2410 3192 2486 ἦν,
3237 2416 3402 2486 τέχνῃ
3445 2418 3796 2473 τιθασ-σεύων
3817 2418 3908 2471 τὸν

2326 2503 2728 2556 δυναστεύοντα.
2761 2506 2868 2556 Καὶ
2907 2505 3014 2575 γὰρ
3059 2504 3248 2567 ἐδεῖτο,
3274 2504 3468 2556 νεωστὶ
3502 2505 3601 2573 μὲν
3651 2509 3749 2558 ἐπὶ
3807 2507 3911 2578 τὴν

2328 2595 2593 2665 καθέδραν
2620 2595 2817 2658 τεθεὶς,
2843 2597 2921 2648 ἐτι
2939 2596 2994 2648 δὲ
3021 2599 3118 2667 τῆς
3151 2598 3421 2667 κοσμικῆς
3443 2595 3576 2664 ὕλης
3607 2614 3662 2647 τι
3703 2599 3906 2662 πνέων,

2328 2687 2475 2739 οὔπω
2497 2689 2551 2738 δὲ
2593 2690 3017 2757 κατηρτισμένος
3054 2691 3110 2740 ἐν
3135 2693 3243 2753 τοῖς
3289 2690 3380 2742 τοῦ
3409 2691 3747 2758 πνεύματος,
3779 2691 3911 2741 πολ-

2328 2779 2419 2831 λοῦ
2443 2779 2496 2830 δὲ
2521 2778 2612 2830 τοῦ
2640 2779 2904 2839 κλύδωνος
2928 2779 3264 2849 περιζέοντος
3290 2781 3511 2835 καὶτῶν
3533 2781 3912 2852 ἐπικειμένων

2327 2871 2422 2938 τῆς
2463 2868 2784 2939 Ἑκκλησίας
2838 2868 3066 2938 ἐχθρῶν,
3107 2869 3198 2921 τοῦ
3249 2872 3747 2941 χειραγωγοῦντος,
3813 2872 3912 2924 καὶ

2327 2961 2713 3033 ὑπερείδοντος.
2744 2959 2839 3012 Διά
2865 2959 3020 3011 τοῦτο
3062 2960 3155 3012 καὶ
3205 2961 3304 3031 τὴν
3335 2963 3654 3031 συμμαχίαν
3687 2963 3910 3032 ἠγάπα,

2325 3055 2417 3107 καὶ¹
2445 3052 2768 3122 κρατοῦντος
2801 3052 3030 3115 ἐκείνου,
3061 3056 3282 3123 κρατεῖν
3321 3054 3480 3116 αὐτὸς
3521 3056 3910 3125 ὑπελάμϐανε.

2252 3167 2293 3223 C
2329 3147 2635 3197 Proximum
2667 3155 2838 3197 autent
2877 3143 3076 3197 Basilio
3111 3146 3375 3214 negotium
3403 3161 3465 3198 ac
3517 3147 3756 3198 studium
3810 3151 3914 3199 hoc

2331 3236 2454 3302 fuit,
2487 3233 2774 3285 antistitem
2813 3236 2978 3286 colere
3014 3247 3166 3300 atque
3198 3235 3490 3300 observare,
3541 3237 3912 3300 suspicionem

2329 3326 2692 3394 exstinguere,
2757 3324 3064 3376 mortalibus
3111 3326 3348 3376 omnibus
3410 3325 3730 3391 persuadere
3795 3343 3914 3380 mo-

2329 3419 2528 3472 lestiam
2566 3433 2702 3480 eam,
2743 3433 2900 3484 quam
2930 3424 3226 3481 acceperat,
3251 3418 3593 3470 tentationem
3612 3417 3913 3481 quamdam

2327 3521 2374 3562 et
2403 3511 2595 3562 lactant
2641 3510 2787 3576 pravi
2843 3509 2986 3560 illius
3018 3507 3222 3574 fuisse,
3277 3507 3509 3559 honesta:
3531 3523 3593 3558 ac
3639 3506 3915 3562 laudabili

2330 3603 2617 3654 concordia:
2643 3602 2922 3655 invidentis
2949 3616 2966 3651 :
2994 3612 3235 3654 ca'terum
3271 3615 3370 3651 non
3405 3599 3656 3668 ignarum
3685 3615 3742 3652 se
3770 3616 3912 3664 esse,

2328 3692 2451 3759 quid
2491 3693 2791 3744 obedientitc
2817 3693 3115 3759 ordinisque
3145 3691 3356 3744 ritualis
3378 3692 3514 3760 leges
3543 3691 3913 3760 postularent.

2327 3783 2400 3834 Ac
2425 3779 2639 3848 proinde
2661 3779 2859 3840 adesse,
2884 3781 3086 3838 docere,
3125 3783 3261 3832 dicto
3287 3782 3584 3834 audientem
3615 3798 3669 3834 se
3697 3783 3913 3850 praebe-

2328 3889 2401 3934 re,
2434 3887 2660 3934 monere,
2706 3871 2905 3941 quidvis
2948 3871 3168 3937 denique
3208 3871 3289 3922 illi
3331 3888 3460 3937 esse,
3506 3875 3740 3924 monitor
3781 3892 3916 3940 pro-

2327 3962 2440 4024 bus,
2479 3961 2764 4028 opitulator
2829 3960 3151 4020 commodus,
3198 3959 3494 4011 divinorum
3557 3961 3916 4017 oraculorum

2325 4065 2618 4118 enarrator,
2666 4069 2838 4104 rerum
2889 4055 3211 4120 agendarum
3246 4062 3710 4122 prwmonstrator,
3753 4069 3916 4107 sene-

2325 4147 2479 4196 ctutis
2527 4144 2836 4207 subsidium,
2877 4144 3000 4210 fidei
3035 4146 3433 4207 adminiculum,
3481 4145 3911 4200 domesticorum

2323 4235 2680 4302 fidelissimus,
2711 4249 3035 4287 externorum
3057 4238 3125 4288 ad
3153 4253 3235 4288 res
3265 4237 3514 4302 regendas
3545 4239 3864 4304 aptissimus
3886 4257 3908 4294 :

2323 4337 2376 4378 ut
2402 4342 2503 4377 uno
2542 4330 2689 4378 verbo
2713 4328 2906 4386 dicam,
2939 4338 3113 4380 tantus
3142 4328 3208 4379 ad
3264 4328 3698 4392 benevolentiam,
3729 4347 3916 4398 quan-

2325 4430 2406 4470 tus
2427 4418 2570 4483 prius
2597 4421 2665 4470 ad
2695 4420 3019 4471 inimicitiam
3050 4437 3157 4471 esse
3181 4420 3486 4486 putabatur.
3525 4422 3613 4475 Ea:
3653 4439 3761 4491 quo
3795 4425 3909 4479 hoc

2248 4525 2290 4577 ι)
2322 4510 2748 4576 consequebatur,
2796 4520 2851 4561 ut
2906 4511 3111 4562 etiamsi
3155 4512 3405 4565 cathedra
3459 4513 3687 4580 inferior
3739 4527 3910 4579 esset,

2323 4597 2572 4652 Ecclesia:
2599 4610 2767 4651 tamen
2799 4599 3071 4666 imperium
3100 4602 3373 4661 obtineret.
3410 4598 3623 4652 Etenim
3659 4618 3758 4670 pro
3813 4603 3916 4658 be.

2323 4688 2630 4751 nevolentia,
2662 4707 2820 4758 quam
2845 4691 3114 4757 u/Terebat,
3142 4693 3511 4744 auctoritatem
3556 4695 3852 4762 recipiebat
3889 4713 3911 4751 :

2319 4799 2379 4835 ac
2422 4785 2585 4836 mirus
2611 4785 2818 4851 quidem
2855 4795 2964 4835 erat
2989 4799 3263 4838 concentus
3301 4804 3568 4858 nexusque
3589 4791 3911 4856 potestatis.

2316 4875 2414 4929 Ille
2444 4877 2638 4944 plebem
2671 4877 2913 4937 ducebat,
2938 4878 3018 4928 hic
3045 4880 3312 4930 ductorem
3351 4895 3368 4932 :
3413 4898 3473 4933 ac
3506 4881 3642 4934 velut
3676 4882 3915 4949 quidam

2315 4964 2517 5018 leonum
2562 4980 2775 5018 curator
2801 4975 2931 5029 erat,
2981 4983 3118 5026 cum,
3143 4970 3232 5034 qui
3286 4972 3639 5040 principatum
3665 4972 3912 5038 tenebat,

2315 5067 2422 5109 arte
2457 5055 2769 5110 demulcens.
2798 5057 3016 5125 Quippe,
3045 5069 3097 5109 ut
3132 5075 3292 5122 nuper
3323 5061 3377 5112 in
3430 5061 3688 5113 cathedra
3735 5063 3913 5117 collo-

2314 5159 2479 5210 ratus,
2523 5165 2583 5200 ac
2638 5151 2912 5201 mundana'
2939 5151 3171 5202 ntaterite
3221 5151 3423 5221 aliquid
3451 5153 3626 5205 adhuc
3654 5156 3909 5224 spirans,

2317 5243 2645 5309 nondumque
2678 5243 2729 5293 in
2759 5242 2838 5292 liis
2862 5259 2978 5309 qua:
3015 5243 3233 5311 spiritus
3269 5255 3450 5305 erant,
3481 5247 3810 5309 instructus,
3843 5265 3913 5301 ac

2318 5347 2565 5404 prazterea
2633 5336 2826 5404 ingenti
2895 5345 3192 5398 lempcslate
3265 5337 3492 5405 undique
3567 5347 3848 5392 tcstuunte
3895 5387 3913 5408 ,

2320 5440 2469 5496 atque
2499 5428 2882 5480 imminentibus
2912 5427 3162 5482 Ecclesue
3200 5431 3459 5494 hostibus,
3503 5447 3637 5498 opus
3672 5433 3916 5489 habebat

2317 5524 2543 5586 homine,
2572 5538 2602 5571 a
2632 5536 2732 5588 quo
2760 5519 2890 5573 velut
2921 5534 3158 5590 porrecta
3203 5540 3362 5577 manu
3393 5524 3680 5578 duceretur
3713 5539 3764 5582 et
3800 5529 3916 5590 fuli

2385 5729 2453 5796 (cl
2489 5729 2580 5784 Or.
2611 5728 2698 5781 eo.
