4068 6320
1506 363 1662 419 ῊΤΑ
1703 363 1758 417 S.
1801 361 2067 419 BASILII.

3237 386 3366 427 XLIII

167 495 354 545 (νίκων.
391 485 462 538 Ac
492 495 772 555 propterea
821 485 982 552 ipsius
1047 502 1190 556 opem
1247 495 1396 553 atque
1445 487 1704 540 auxilium
1735 495 1777 548 Α
1808 482 1976 538 fuisse
2001 496 2315 553 cognoscas.
2347 481 2483 537 Hine
2533 482 2744 552 plebem
2793 483 2893 539 sibi
2926 490 3266 545 connuissam
3295 493 3374 547 sic

170 579 568 648 amplectebatur,
618 594 778 647 eoque
827 577 1129 634 dominante
1169 579 1393 646 seipsum
1436 580 1704 634 dominari

167 672 428 740 judicabat.

228 763 281 816 II.
312 764 401 819 llis
426 765 609 817 verbis
632 762 718 814 διὰ
745 762 901 817 τοῦτο
927 765 1130 836 παρῆν,
1161 762 1352 818 idcirco
1374 767 1576 827 aderat,
1620 764 1703 813 in-

169 857 314 910 dicari
345 859 556 912 videtur
609 855 844 911 oﬁiciusa
894 858 1134 925 quaedam
1187 857 1445 910 sedulitas
1495 853 1700 918 Basilii,

169 949 360 1003 domum
396 948 634 1015 episcopi
666 951 745 1003 sui
773 951 988 1005 assidue
1016 948 1344 1016 ventitantis,
1381 966 1482 1002 non
1528 956 1705 1001 tamen

175 1041 216 1092 in
241 1042 330 1095 hac
360 1040 518 1092 domo
547 1040 706 1094 simul
747 1057 868 1096 cum
901 1039 1150 1106 episc0po
1197 1041 1458 1110 degentis.
1495 1037 1705 1092 Revera

171 1132 380 1187 Basilius
429 1132 644 1188 videtur
687 1135 738 1186 in
791 1130 1116 1185 monasterio
1157 1133 1433 1201 presbyter
1483 1131 1702 1185 vixisse.

171 1225 218 1277 Id
247 1222 566 1290 perspicitur
586 1239 652 1276 ex
695 1221 914 1290 Begulis
957 1224 1269 1277 monasticis
1297 1223 1371 1290 (p.
1400 1220 1548 1288 245),
1572 1236 1706 1290 qua-

170 1323 472 1369 rumauctor
495 1331 617 1368 cum
658 1313 960 1368 sacerdotio
1004 1317 1359 1368 monasticam
1407 1313 1704 1366 institutum

168 1394 522 1473 coniungebat.
547 1402 625 1471 (α)
649 1402 778 1456 Cum
808 1405 1021 1473 quidam
1047 1405 1096 1457 in
1121 1420 1184 1459 eo
1212 1405 1349 1466 loco,
1375 1401 1462 1455 ubi
1488 1404 1710 1472 degebat

168 1494 396 1558 Basilius,
420 1495 772 1549 monasticam
804 1497 967 1548 vitam
1015 1495 1263 1564 amplecti
1291 1495 1473 1562 vellet,
1522 1500 1708 1552 maluit

167 1604 271 1643 eum
316 1587 552 1643 Basilius
600 1589 812 1642 mittere
876 1587 927 1641 in
972 1588 1403 1654 monasterium,
1464 1592 1604 1658 quod
1657 1593 1707 1644 in

167 1683 320 1738 Pooto
345 1682 676 1737 instituerat.
705 1682 870 1736 Forte
906 1684 956 1738 in
989 1700 1052 1738 eo
1092 1684 1209 1737 loco
1234 1682 1322 1736 ubi
1355 1684 1580 1754 degebat
1611 1686 1712 1737 Ba-

166 1777 320 1838 silius,
353 1791 455 1830 non
507 1779 720 1845 vigebat
755 1777 1075 1831 cmnobitica
1120 1775 1422 1846 disciplina,
1469 1778 1560 1831 sed
1600 1778 1709 1830 bini

1807 577 2095 644 alloquitur
2127 578 2177 631 in
2229 576 2446 630 heu-ilia
2503 579 2566 632 de
2593 580 2736 633 fame
2772 590 2824 631 et
2846 579 3110 645 siccitate,
3144 599 3291 638 num.
3313 587 3368 649 sl,

1807 685 1928 736 pag.
1980 668 2047 719 (3'2
2088 688 2100 723 :
2138 668 2267 721 Filii
2313 669 2440 733 mei,
2484 687 2611 736 quos
2661 687 2753 740 per
2799 669 3134 742 Evangelium
3198 681 3370 744 genui.

1806 758 1943 812 IIiuc
1991 760 2152 812 etiam
2187 759 2272 812 illa
2318 759 2555 810 clausula
2615 762 2798 816 homil.
2835 762 2870 815 2
2914 766 2966 817 in
2992 764 3227 819 llexaem
3261 784 3277 819 :
3307 767 3325 818 ι
3357 781 3374 819 t

1806 851 2054 912 elucentis
2080 852 2133 904 in
2175 853 2446 919 splendore
2473 862 2773 907 sanctorum
2799 856 2956 910 ueluti
2989 859 3087 924 sol,
3119 860 3188 912 ad
3209 877 3376 912 meam

1807 941 1966 1006 ipsius
2004 941 2398 996 exsultationem
2433 943 2486 994 in
2522 943 2606 997 die
2633 943 2847 1013 Christi,
2873 950 2957 1002 cui
2996 951 3162 1016 gloria
3189 961 3238 1004 et
3278 952 3378 1003 im.-

1809 1033 2008 1098 perium
2036 1033 2090 1084 in
2113 1036 2304 1089 swcula
2328 1036 2664 1089 necatorum.
2719 1038 2903 1094 Amen.
2939 1042 3198 1097 Videntur
3228 1045 3374 1097 enim

1810 1123 1994 1176 Basilii
2025 1126 2278 1190 homiliar,
2311 1129 2601 1197 perpaucis
2629 1133 2868 1199 exceptis
2890 1174 2905 1197 ,
2946 1145 3070 1190 ante
3096 1136 3377 1204 episc0pa-

1811 1225 1921 1268 tum
1952 1215 2327 1282 pronuntiatze.
2368 1218 2472 1274 Sed
2499 1219 2673 1272 dehis
2699 1221 2838 1275 alius
2875 1224 2977 1276 erit
3026 1225 3240 1279 dicendi
3300 1225 3378 1278 Io-

1810 1323 1926 1361 CIIS.

1879 1398 1966 1452 III.
1994 1399 2290 1455 Commisso
2322 1403 2517 1459 Basilio
2541 1406 2836 1460 auctoritas
2877 1425 2980 1461 non
3025 1408 3181 1462 unius
3207 1409 3378 1464 eet-le-

1811 1493 1906 1549 sia)
1940 1507 2038 1546 nec
2079 1493 2237 1546 unius
2267 1494 2505 1548 civitatis
2565 1499 2759 1552 ﬁnibus
2818 1499 3234 1564 continebatur;
3281 1501 3375 1556 sed

1812 1603 1931 1642 cum
1959 1586 2310 1640 Cmsariensis
2347 1587 2582 1641 Ecclesia
2615 1593 2959 1645 exarchicum
2986 1590 3072 1659 jus
3102 1593 3152 1644 in
3199 1591 3379 1660 plures

1811 1680 2115 1748 provincias
2155 1680 2397 1744 haberet,
2423 1692 2482 1734 ut
2511 1679 2648 1734 infra
2680 1683 2999 1748 videbimus,
3033 1683 3252 1738 minime
3281 1685 3382 1736 du-

1813 1769 1956 1824 bium
1991 1784 2072 1827 est
2095 1774 2222 1842 quin
2258 1771 2635 1840 B.tsilius,qni
2681 1785 2777 1826 etsi
2831 1777 3081 1830 cathedra
3130 1775 3378 1844 inferior,

167 1875 245 1919 aut
261 1869 391 1920 terni
419 1868 672 1920 vivebant
697 1878 906 1922 ascetre.
933 1871 1103 1934 Atque
1132 1868 1268 1922 hanc
1292 1867 1520 1935 c0njicio
1547 1866 1712 1920 cxsti-
1742 1872 1784 1925 Β
1814 1859 2059 1915 Ecclesia:
2081 1866 2352 1930 imperium
2393 1865 2678 1927 obtinebat,
2728 1866 2985 1931 plurimas
3017 1878 3194 1936 partes
3217 1870 3381 1924 susti-

167 1957 282 2012 tisse
316 1975 558 2020 causam,
596 1974 696 2012 cur
749 1961 891 2016 hunc
924 1960 1192 2015 hominem
1228 1961 1409 2013 mallet
1447 1959 1498 2012 in
1532 1961 1714 2014 Ponti-

168 2065 272 2104 cam
299 2051 685 2106 monasterium
716 2055 949 2107 mittere.
974 2053 1164 2108 Postea
1187 2053 1391 2120 insigne
1413 2053 1712 2108 emnobium

169 2138 413 2195 Ciesareaa
438 2145 707 2196 exstruxit
746 2143 980 2197 Basilius
1009 2159 1152 2194 anno
1180 2141 1303 2194 572.
1350 2140 1452 2194 Sed
1487 2143 1574 2196 vix
1617 2145 1714 2197 du-

173 2231 323 2298 bium,
353 2233 481 2301 quin
511 2244 634 2287 ante
667 2235 1030 2301 episcopatum
1057 2232 1433 2287 cmnobiticam
1463 2236 1626 2288 vitam
1659 2236 1710 2288 in

169 2321 291 2376 hanc
339 2325 526 2378 urbem
583 2322 961 2374 introduxerit.
1004 2320 1133 2375 Nam
1166 2321 1217 2376 in
1260 2323 1484 2392 epistola
1525 2323 1586 2375 8|
1641 2324 1716 2375 in-

171 2418 317 2485 signis
341 2431 402 2469 ex
434 2415 587 2466 urbis
632 2413 969 2485 presbyterio
1011 2418 1263 2470 sacerdos
1297 2417 1349 2468 in
1404 2416 1632 2468 ascetica
1660 2426 1713 2471 et

172 2503 448 2556 continenti
479 2505 585 2556 vita
623 2507 885 2559 hactenus
918 2506 1132 2569 vixisse,
1173 2513 1228 2557 et
1257 2518 1321 2556 ex
1375 2504 1556 2559 labore
1602 2522 1715 2558 ma-

172 2611 317 2648 nuum
351 2597 451 2650 sibi
504 2612 625 2650 cum
663 2597 925 2652 fratribus
965 2596 1122 2652 si'mul
1156 2597 1476 2666 degentibus
1512 2599 1711 2653 victum

170 2688 348 2742 dicitur
402 2706 744 2759 comparare.
791 2689 1016 2743 Videtur
1053 2689 1174 2743 huic
1227 2690 1552 2745 monasterio
1577 2709 1712 2758 μνω-

173 2777 318 2834 fuisse
355 2781 605 2835 Basilius.
638 2781 775 2835 IIinc
825 2780 966 2835 illius
1015 2782 1246 2835 studium
1279 2783 1712 2852 excipiemlurnm

174 2873 424 2936 hospitum
452 2874 641 2927 laudat
671 2873 1000 2941 Gregorius;
1035 2890 1142 2943 quo
1185 2875 1397 2944 quidem
1437 2875 1609 2932 oﬁicio
1662 2880 1712 2932 in

173 2964 377 3031 privatis
411 2967 618 3020 aedibus
676 2979 731 3022 et
765 2982 972 3022 summa
1008 2981 1186 3020 rerum
1224 2969 1459 3021 omnium
1511 2970 1711 3038 inopia,

174 3055 229 3107 ad
260 3072 411 3126 quam
446 3073 505 3112 se
538 3058 717 3112 libens
764 3059 1078 3129 redegerat,
1114 3058 1204 3112 vix
1237 3057 1477 3127 perfungi
1511 3061 1716 3129 potuis-

173 3159 259 3200 SCl.

233 3241 301 3294 Ex
328 3241 748 3299 Caasariensibus
778 3244 1020 3300 ecclesiis
1069 3262 1228 3299 unam
1272 3249 1538 3316 praecipue
1567 3245 1716 3300 Basi-

177 3332 235 3384 lio
270 3336 327 3387 ad
365 3337 660 3404 regendum
693 3338 1038 3390 commissam
1068 3337 1234 3391 luisse
1269 3339 1621 3406 perspicimus
1652 3353 1717 3390 ex

181 3421 375 3478 bomilia
407 3426 458 3478 in
519 3426 783 3495 psalmum
832 3443 956 3482 cxw
1018 3427 1090 3496 (p.
1129 3427 1270 3497 {99).
1304 3428 1466 3495 Nam,
1502 3444 1619 3483 cum
1663 3430 1715 3482 in

177 3517 380 3580 quodam
443 3529 742 3588 martyrum
805 3520 1004 3589 templo
1031 3523 1254 3590 populus
1292 3540 1320 3578 a
1350 3525 1524 3579 med-ia
1561 3533 1718 3577 nocte

178 3622 325 3676 usque
347 3611 409 3664 ad
458 3612 738 3665 meridiem
777 3611 1030 3667 Basilium
1080 3626 1400 3684 exspectans
1433 3616 1720 3683 perduras-

177 3711 262 3767 set,
307 3703 394 3755 ubi
432 3706 650 3758 advenit
675 3705 1046 3768 Basilius,hac
1080 3721 1206 3758 usus
1236 3715 1316 3759 est
1351 3707 1716 3770 excusatione,

177 3805 258 3844 our
282 3810 392 3847 sero
417 3799 670 3859 venisset,
700 3799 839 3864 quod
875 3798 1036 3851 aliam
1071 3799 1352 3852 ecclesiam
1400 3799 1602 3853 honore
1627 3815 1720 3868 pa-

184 3898 276 3936 rem
301 3885 710 3951 administrans,
758 3889 858 3943 diei
907 3900 1116 3958 tempus
1152 3891 1200 3942 in
1245 3890 1457 3958 Iiturgia
1489 3891 1558 3944 ibi
1587 3892 1720 3945 cele-

180 3974 356 4029 Isranda
407 3980 807 4048 insumpsisset.
869 3982 1012 4037 Illius
1084 3986 1244 4036 Verba
1315 3985 1718 4052 perspicuitatis

182 4081 315 4122 causa
343 4068 592 4123 referam.
631 4071 783 4135 Quod
821 4075 864 4126 si
895 4085 940 4127 et
969 4075 1097 4127 mihi
1127 4075 1242 4142 ipsi,
1266 4075 1457 4140 inquit,
1499 4076 1719 4128 reddetr-

181 4162 237 4213 da
262 4167 388 4218 ratio
429 4183 524 4217 cur
574 4179 807 4219 moratus
853 4171 974 4230 sim,
1004 4179 1050 4221 et
1091 4171 1271 4236 perdiu
1299 4188 1328 4221 α
1364 4170 1502 4222 vobis
1537 4171 1719 4237 abfue-

185 4253 280 4315 rim,
301 4256 350 4307 id
375 4274 546 4310 causa:
577 4259 816 4325 a/I'cram,
837 4260 972 4327 quod
1007 4277 1120 4311 cum
1169 4261 1328 4312 aliam
1354 4261 1476 4313 huic
1526 4261 1720 4314 honore

183 4362 334 4411 parem
363 4351 631 4403 ecclesiam
649 4349 746 4402 Dei
777 4351 1134 4405 administrent
1158 4392 1172 4414 ,
1202 4369 1300 4404 non
1330 4367 1484 4419 parvo
1516 4369 1545 4404 α
1578 4353 1716 4406 vobis

184 4440 473 4508 disjunctam
500 4444 797 4505 intervallo,
829 4445 924 4497 hoc
950 4445 1053 4496 diei
1091 4457 1288 4512 tempus
1327 4448 1714 4510 insumpserim.

186 4529 416 4593 Quoniam
465 4537 626 4603 igitur
660 4538 797 4589 dedit
847 4535 992 4589 nobis
1049 4536 1302 4591 Dominus
1350 4551 1395 4590 et
1445 4539 1712 4606 liturgiam

186 4624 272 4677 illis
300 4629 597 4694 adimplere,
628 4647 716 4683 nec
760 4643 940 4682 vestra:
970 4631 1141 4682 deesse
1181 4631 1463 4691 charituti;
1517 4633 1714 4698 gratias

188 4727 356 4767 mecum
382 4719 518 4786 agite
556 4718 793 4787 largitori
831 4721 1079 4786 beneﬁca,
1103 4720 1190 4786 qui
1227 4718 1358 4771 hanc
1388 4736 1542 4787 quant
1582 4720 1718 4771 ride-

189 4803 242 4854 tis
261 4813 471 4872 corporis
507 4811 673 4861 nostri
725 4812 1040 4865 debilitatem
1065 4812 1313 4865 invisibili
1346 4829 1440 4882 sua
1484 4812 1716 4877 potentia

189 4893 394 4950 i.'eduxit.
425 4899 718 4968 Episcopus
753 4901 802 4952 in
832 4903 1005 4972 aliqua
1061 4902 1309 4957 dioecesis
1340 4918 1448 4957 sua:
1489 4902 1714 4955 ecclesia

189 4989 472 5043 concionem
529 4993 752 5054 habens,
803 5011 1134 5063 nequaquam
1199 4994 1438 5062 profecto
1502 4994 1714 5054 dixerit,

191 5079 325 5133 aliam
367 5097 394 5134 a
435 5098 492 5135 se
545 5083 749 5136 honore
782 5100 960 5150 parem
1017 5085 1378 5138 administrari
1410 5084 1712 5138 ecclesiam.

192 5170 295 5227 Ηςεε
328 5175 417 5229 soli
445 5187 748 5243 congruunt.
797 5180 1128 5246 presbytero.
1167 5177 1299 5231 Cum
1351 5192 1478 5245 ergo
1532 5176 1718 5230 afﬁxus

191 5275 310 5316 esset
338 5266 421 5317 nni
477 5267 715 5320 ecclesim
750 5268 1182 5322 administrandze
1211 5269 1454 5328 Basilius,
1501 5268 1721 5320 minime

189 5356 378 5419 mirum,
397 5357 509 5409 siin
538 5357 650 5423 ejus
684 5359 936 5422 homiliis,
964 5370 1154 5426 prteter
1178 5375 1317 5421 eam,
1344 5376 1459 5426 qua:
1481 5359 1716 5411 omnium

190 5445 335 5507 prima
393 5449 444 5502 in
517 5451 838 5518 principium
895 5449 1304 5504 Proverbiorum
1379 5451 1717 5518 pronuntiata

192 5546 278 5600 est,
311 5541 431 5594 nihil
465 5559 690 5612 prorsus
751 5544 1008 5607 occurrit,
1038 5558 1102 5599 ex
1150 5558 1252 5612 quo
1276 5542 1580 5612 episcopum
1625 5543 1717 5595 ad-

257 5680 317 5744 ξε)
340 5679 422 5749 Ep.
455 5682 540 5736 ‘23.

1815 1953 1994 2005 nuerit
2043 1968 2224 2006 carum
2278 1971 2616 2025 rerum,qu:e
2676 1967 2800 2010 tunc
2843 1958 2894 2009 in
2927 1958 3032 2012 ilis
3072 1962 3382 2029 regionibus

1816 2042 1881 2095 ad
1913 2043 2033 2097 ﬁdei
2084 2046 2442 2099 defensionem
2479 2061 2532 2101 et
2567 2046 2916 2103 ecclesiarum
2952 2050 3381 2119 paciﬁcationem

1813 2146 1977 2204 gesta:
2033 2136 2270 2190 fuerunt.
2306 2137 2361 2190 Id
2410 2149 2588 2192 autem
2639 2142 2941 2210 colligimus
2970 2159 3076 2197 non
3115 2148 3285 2198 solum
3313 2159 3382 2200 ex

1815 2227 2061 2298 Gregorii
2091 2228 2426 2296 testimonio,
2455 2231 2546 2299 qui
2583 2240 2788 2284 tantam
2841 2232 3037 2286 Basilio
3088 2238 3382 2290 auctorita-

1815 2330 1919 2374 tem
1954 2325 2020 2374 ab
2043 2321 2273 2378 Eusebio
2304 2337 2614 2376 concessam
2655 2323 2819 2377 fuisse
2865 2334 3070 2390 narrat,
3100 2327 3192 2380 sed
3219 2327 3380 2383 etiam

1814 2425 1878 2464 ex
1915 2413 2156 2478 pluribus
2187 2414 2366 2469 Basilii
2422 2416 2687 2484 epistolis,
2737 2433 2872 2485 quas
2913 2420 3190 2488 presbyter
3239 2421 3382 2476 seri-

1814 2503 1939 2571 psit.
1976 2505 2238 2558 Discimus
2274 2521 2337 2558 ex
2360 2510 2518 2574 epist.
2544 2509 2632 2572 28,
2673 2527 2722 2561 η.
2756 2511 2808 2572 5,
2836 2511 3135 2565 Musonium
3173 2514 3383 2581 episco-

1815 2609 1938 2662 pum
1972 2595 2459 2651 Neocmsariensem
2486 2613 2608 2652 cum
2639 2599 2833 2655 Basilio
2860 2602 2924 2655 ad
2965 2617 3148 2671 pacem
3192 2604 3380 2658 Ecclc-
3452 2659 3455 2661 .

1815 2687 2015 2740 siarnm
2071 2703 2397 2744 concurrere
2452 2703 2669 2761 propter
2738 2696 2998 2763 quasdam
3063 2697 3383 2767 anticipatas

1814 2781 2093 2849 opiniones
2123 2783 2354 2838 noluisse
2379 2825 2392 2850 ,
2423 2787 2514 2840 sed
2565 2797 2742 2840 tamen
2783 2786 3035 2843 Basiliam
3072 2790 3209 2844 idem
3242 2807 3384 2845 sem-

1815 2887 1908 2940 per
1941 2889 2059 2927 cum
2097 2876 2210 2943 ipso
2259 2878 2546 2941 sentiendi,
2585 2878 2834 2947 illiusque
2887 2879 2954 2933 ad
2995 2883 3380 2951 oppugnandos

1817 2965 2093 3020 Increticos
2125 2971 2419 3022 advocandi
2471 2970 2674 3026 nullum
2739 2982 2950 3044 tempus
3000 2975 3378 3031 intermisisse.

1817 3055 2038 3110 Videtur
2090 3059 2420 3114 Athanasius
2469 3065 2787 3131 Ancyranus
2836 3083 2955 3119 eum
3002 3066 3200 3122 Basilio
3250 3083 3383 3122 con-

1813 3144 2055 3213 junctior
2083 3148 2251 3204 fuisse
2281 3151 2331 3205 in
2373 3152 2475 3207 hoc
2509 3154 2735 3211 consilio
2780 3158 3234 3227 pacilicandarum
3282 3158 3384 3211 Ec-

1819 3240 2124 3298 elesiarum.
2167 3244 2296 3298 Nam
2331 3261 2450 3300 cum
2496 3249 2540 3302 is
2580 3250 2771 3304 eodem
2830 3260 3068 3318 tempore
3098 3266 3160 3304 ac
3205 3249 3384 3305 Muso-

1815 3332 1936 3386 nius
1972 3343 2198 3387 mortem
2237 3336 2478 3399 obiisset,
2509 3338 2586 3389 sic
2617 3339 2944 3393 desiderium
2985 3355 3138 3394 suum
3179 3342 3383 3409 signiti-

1816 3433 1903 3478 cat
1940 3424 2167 3478 Basilius
2194 3426 2266 3493 (ὁ)
2290 3445 2300 3477 :
2333 3427 2551 3480 Cuinam
2579 3430 2818 3498 deinceps
2844 3432 3176 3484 ecclesiarum
3200 3447 3382 3483 curans

1817 3515 2100 3580 deferamus
2125 3518 2149 3569 ?
2176 3516 2338 3578 Quem
2363 3518 2706 3585 adjungemus
2743 3521 3094 3574 molestiarum
3131 3523 3325 3575 socium
3356 3522 3384 3572 .9

1820 3604 1982 3669 Quem
2009 3606 2208 3660 [attitiaz
2228 3610 2578 3677 participem?
2602 3612 2852 3680 Deplorat
2887 3615 2937 3667 in
2964 3615 3186 3682 epistola
3218 3615 3286 3668 50
3310 3618 3376 3667 ad

1819 3695 2106 3750 Eusebium
2139 3698 2569 3754 Samosatensem
2615 3704 2820 3757 tristem
2855 3703 3218 3759 Ecclesiarum
3269 3716 3381 3758 sta-

1820 3800 1949 3844 tum.
1981 3789 2149 3857 Luget
2203 3793 2253 3844 in
2289 3807 2371 3861 ep.
2399 3793 2464 3846 54
2489 3797 2553 3846 ad
2592 3795 2860 3858 eumdem,
2887 3796 3158 3864 delapsam
3193 3798 3243 3849 in
3279 3797 3381 3850 Ine-

1819 3881 2108 3936 reticorum
2147 3899 2334 3937 manus
2377 3882 2696 3938 Tarsensem
2763 3884 3087 3949 Ecclesiam',
3121 3887 3240 3942 dum
3271 3890 3385 3954 epi-

1818 3976 1963 4042 sc0pi
2003 3985 2282 4028 morantur
2306 3991 2367 4029 ac
2423 3975 2743 4040 deliberant,
2787 3993 2951 4048 seque
2980 3990 3163 4034 mutuo
3217 3982 3385 4052 respi-

1819 4068 1984 4121 ciunt.

1891 4156 1977 4211 IV.
2008 4158 2261 4224 Qnrcnam
2309 4169 2484 4212 autem
2522 4159 2608 4212 illa
2649 4162 2954 4216 exstiterint
3002 4163 3372 4218 ecclesiastica

1820 4252 2062 4320 negotia,
2098 4251 2149 4304 in
2186 4252 2380 4317 quibus
2419 4253 2671 4323 gerendis
2714 4255 2874 4309 studii
2906 4270 2969 4308 ac
3000 4254 3385 4310 sollicitudinis

1821 4342 2001 4398 Basilii
2030 4345 2174 4397 bona
2195 4359 2318 4412 pars
2345 4346 2598 4408 accessit,
2627 4348 2814 4414 paucis
2845 4348 3239 4415 exponendum.
3265 4347 3384 4401 Jam

1822 4437 2060 4492 diximus
2090 4439 2354 4507 plurimos
2381 4440 2430 4490 in
2465 4437 2690 4493 Oriente
2719 4439 3052 4493 orthodoxos
3078 4441 3384 4508 episcopos,

1824 4529 1913 4581 ubi
1947 4529 2196 4582 viderunt
2229 4531 2459 4582 Arianos
2487 4532 2536 4582 in
2573 4539 2812 4596 apertam
2849 4531 3175 4597 impietatem
3201 4548 3383 4585 erum-

1827 4635 1974 4685 pere,
2007 4620 2074 4672 ab
2104 4635 2288 4673 eorum
2340 4622 2744 4685 communione,
2794 4635 2953 4688 quam
3003 4623 3261 4676 hactenus
3316 4624 3385 4677 ob

1827 4697 2050 4765 haeresis
2072 4713 2287 4780 perﬁda:
2322 4714 2810 4767 dissimulationem
2845 4727 2949 4768 non
2985 4715 3250 4784 fugerant,
3287 4730 3382 4784 pe-

1826 4805 2322 4860 nitus-receSSisse.
2361 4807 2423 4860 Ili
2458 4808 2596 4874 apud
2635 4806 2692 4860 S.
2726 4806 3084 4875 Epiphanium
3126 4819 3390 4861 vocantur

1827 4896 2171 4962 Semiariaui,
2204 4901 2344 4968 apud
2381 4900 2657 4953 Socratem
2689 4909 2744 4952 et
2801 4898 3157 4953 Sozomennm
3210 4899 3387 4952 Mace-

1825 4990 2068 5053 doniani,
2107 4991 2304 5059 iniquis
2355 5006 2576 5050 prorsus
2627 4991 2947 5045 nominibus.
2997 4991 3196 5045 Bellum
3235 4992 3384 5044 Aria-

1823 5085 1910 5137 nis
1937 5085 2262 5138 acerrimum
2301 5085 2613 5136 indixerunt
2645 5099 2783 5137 anno
2819 5084 2944 5148 558,
2988 5099 3051 5136 ac
3076 5093 3184 5135 tum
3217 5084 3385 5152 gratia

1822 5186 1876 5228 et
1915 5177 2237 5230 auctoritate
2294 5177 2434 5245 apud
2489 5175 2860 5232 Constantium
2919 5177 3239 5230 ﬂoruerunt.
3282 5175 3384 5230 Sed

1825 5267 2010 5321 Ariani
2041 5283 2184 5320 anno
2217 5267 2322 5321 560
2358 5278 2591 5324 retracto
2633 5274 2699 5324 ad
2741 5269 3164 5339 seimperatoris
3208 5269 3388 5322 animo

1833 5372 2018 5424 pceaas
2047 5363 2114 5411 ab
2141 5359 2220 5412 eis
2259 5361 2588 5428 repetierant
2615 5362 2854 5414 defensa:
2880 5361 3142 5425 veritatis,
3175 5375 3236 5412 ac
3267 5361 3388 5427 plu-

1828 5449 1995 5502 rimos
2038 5449 2350 5516 deposuere.
2404 5451 2634 5506 Bediere
2664 5453 2909 5520 plerique
2941 5453 3038 5504 sub
3072 5449 3301 5509 Iuliano.
3336 5457 3391 5502 et

1827 5557 2080 5609 magnum
2126 5541 2250 5596 ﬁdei
2293 5543 2527 5598 studium
2564 5545 2923 5599 declararunt.
2950 5543 3084 5597 Cum
3128 5539 3393 5611 ejusmodi

1900 5681 1969 5749 (b)
2003 5680 2100 5749 Ep.
2123 5681 2211 5736 29.
