4068 6320
652 360 777 400 XLIV

2008 337 2548 393 'PROLECOMENA.

652 461 922 535 episcopis
961 461 1238 528 conjuncti
1270 468 1425 516 erant
1455 458 1898 528 prazstantissimi
1933 458 2035 513 viri
2064 459 2227 513 Mele-
2255 466 2300 519 Α
2334 462 2481 515 noris
2510 455 2792 526 episcopos
2813 457 3067 515 habuisse
3109 457 3312 513 homini
3355 473 3457 514 non
3490 460 3590 514 alia
3623 474 3785 530 quam
3824 458 3896 512 le-

652 559 779 619 tius,
831 554 1093 609 Eusebius
1146 552 1566 615 Samosateusis,
1617 551 1851 606 Basilius
1900 560 1954 605 et
2007 551 2218 620 plurimi

649 645 744 701 alii
770 646 1016 700 doctrina
1045 656 1101 699 et
1129 643 1419 699 sanctitate
1447 643 1815 698 celeberrimi.

725 735 986 802 Quamvis
1024 748 1203 792 autem
1259 751 1456 803 magno
1492 734 1747 809 Ecclesiae
1780 735 2061 789 commodo
2101 750 2225 790 eve—

655 831 817 892 nerit,
850 840 905 884 ut
940 829 1009 884 ab
1037 827 1252 884 Arianis
1300 828 1591 881 orthodoxi
1640 827 1971 892 secederent,
2006 844 2108 882 non
2146 827 2223 880 id-

654 918 805 975 circo
836 930 1013 976 tatnen
1061 934 1162 988 pax
1222 920 1496 985 restituta,
1545 922 1636 975 sed
1692 918 2121 973 dissensionibus
2172 928 2226 973 et

654 1017 892 1084 partium
923 1013 1115 1069 studiis
1146 1015 1343 1068 referta
1376 1015 1560 1068 omnia
1612 1013 1856 1076 fuerunt,
1890 1013 1961 1067 ita
1997 1022 2051 1063 ut
2088 1013 2222 1066 alius

654 1105 795 1161 alios
841 1104 1327 1161 communicatores
1363 1104 1609 1163 haberet,
1649 1113 1742 1154 aut
1790 1116 1816 1154 a
1863 1118 1955 1156 sua
1984 1116 2224 1153 commu-

658 1198 818 1253 nione
844 1204 1166 1249 removeret.
1184 1195 1627 1251 Communicabat
1656 1193 1882 1249 Basilius
1905 1208 2027 1247 cum
2056 1194 2220 1245 Atha-

659 1288 844 1350 nasio;
887 1288 980 1341 sed
1017 1303 1358 1355 nequaquam
1387 1287 1712 1343 Athanasius
1758 1303 1877 1341 cum
1925 1285 2133 1339 Melctio
2170 1293 2224 1338 et

658 1379 896 1433 Eusebio
926 1377 1316 1443 Samosatensi,
1354 1377 1557 1430 intimis
1612 1376 1796 1431 Basilii
1852 1376 2061 1429 amicis.
2104 1375 2223 1428 Fla-

663 1470 855 1541 grabat
887 1470 1200 1524 Eustathius
1232 1469 1551 1539 justissimis
1580 1468 1868 1524 Arianismi
1904 1468 2226 1535 suspicioni—

658 1564 797 1631 bus;
834 1562 1098 1624 Basilius,
1123 1563 1213 1631 qui
1251 1562 1394 1616 illius
1429 1563 1665 1617 animum
1692 1578 1756 1616 ex
1794 1576 1893 1615 suo
1926 1562 2220 1631 spectabat,

660 1654 829 1707 multa
874 1653 1025 1708 illius
1055 1669 1219 1708 causa
1258 1654 1395 1709 bella
1431 1654 1703 1710 sustinuit.
1746 1652 1895 1705 Multi
1938 1654 2028 1708 alii
2066 1654 2223 1708 ﬁdem

657 1744 1017 1800 defendebant
1045 1762 1148 1798 non
1187 1748 1474 1810 insincero,
1515 1754 1571 1798 ut
1604 1744 1946 1810 Eusutliius,
1981 1748 2162 1801 animo
2206 1763 2218 1797 :

2328 553 2494 606 ctoris
2530 550 2791 619 dignitate
2826 560 3034 607 ornato.
3083 552 3213 605 Nam
3261 549 3404 620 ἑτερο
3447 552 3580 605 alias
3630 554 3894 617 Basilius,

2327 655 2386 698 ut
2403 643 2865 713 Constantinopoli
2887 643 3160 708 ann0559,
3185 646 3365 701 utilem
3387 644 3649 714 episc0pis
3665 663 3895 715 operam

2328 742 2646 796 navaverat,
2679 748 2741 787 ac
2766 734 3070 803 nuperrime
3099 748 3312 788 causam
3338 734 3587 790 Ecclesiae
3625 737 3897 789 adversus

2327 825 2645 879 Eunominm
2680 825 3142 893 praestantissimis
3167 827 3385 893 scriptis
3412 826 3743 881 defenderat.

2396 916 2689 971 Concilium
2726 916 3156 987 Lampsacenum
3189 917 3476 972 subsecuta
3522 928 3603 975 est
3632 933 3894 987 persecu-

2327 1007 2420 1071 tio,
2450 1008 2500 1060 in
2533 1022 2636 1076 qua
2673 1009 2886 1078 quidem
2921 1012 3031 1079 jam
3081 1010 3315 1062 vidimus
3345 1011 3474 1078 quid
3525 1013 3590 1065 de
3644 1009 3890 1064 Ecclesia

2330 1097 2560 1153 Basilius
2586 1102 2845 1154 meruerit
2875 1118 3013 1157 anno
3036 1102 3163 1165 365,
3196 1116 3316 1155 cum
3350 1099 3608 1171 Valentis,
3635 1103 3726 1174 qui
3764 1102 3890 1171 plu-

2338 1192 2486 1245 ribus
2516 1190 2628 1258 jam
2668 1192 2889 1246 vastatis
2947 1194 3189 1249 ecclesiis
3247 1192 3633 1248 Cresariensem
3684 1211 3781 1267 spe
3838 1204 3895 1246 et

2326 1281 2581 1334 aviditate
2609 1283 2915 1346 devorabat,
2946 1285 3124 1339 irritos
3149 1283 3479 1353 infectosquc
3506 1296 3729 1341 conatus
3766 1286 3899 1340 red-

2325 1372 2475 1426 didit.
2506 1371 2707 1427 l’razter
2742 1376 2878 1429 hanc
2923 1376 3223 1439 victoriam,
3260 1391 3376 1443 quas
3421 1375 3623 1429 fractos
3674 1379 3893 1431 animos

2324 1465 2663 1519 exsuscitare
2692 1467 2894 1532 debuit,
2930 1478 3172 1521 exortum
3204 1468 3360 1520 civile
3394 1468 3587 1522 bellum
3618 1469 3893 1537 episc0pis

2325 1559 2532 1628 c0piam
2584 1559 2731 1614 dedit
2760 1560 2826 1613 de
2854 1559 3014 1612 rebus
3045 1560 3428 1613 ecclesiasticis
3464 1562 3605 1616 inter
3641 1576 3701 1614 se
3746 1562 3893 1614 deli-

2326 1652 2573 1707 bcrandi.
2607 1652 2722 1707 Non
2759 1653 2900 1706 enim
2933 1655 3189 1720 perducta
3221 1654 3287 1709 ad
3319 1653 3523 1707 exitum
3552 1654 3764 1709 fuerant
3794 1654 3890 1707 de-

2329 1755 2477 1801 creta
2511 1745 2890 1813 Lampsaceme
2916 1744 3138 1815 synodi;
3171 1747 3357 1801 eadem
3406 1761 3621 1813 semper
3653 1757 3772 1801 erat
3802 1760 3892 1799 re-

654 1837 750 1889 sed
785 1845 961 1890 tamen
996 1836 1240 1905 pluribus
1277 1839 1512 1905 suspecti
1548 1847 1724 1893 erant.
1756 1839 1894 1894 Hinc
1951 1839 2059 1892 illa:
2109 1839 2224 1908 0pi-
2256 1816 2296 1869 Β
2329 1854 2442 1891 rum
2467 1836 2842 1906 perturbatio;
2875 1836 3108 1904 episcopi
3154 1838 3243 1904 qui
3289 1839 3356 1892 ab
3385 1836 3604 1891 Arianis
3645 1852 3893 1892 recesse—

654 1926 849 1979 niones
895 1927 1218 1996 anticipata,
1259 1926 1456 1994 quibus
1505 1942 1563 1981 se
1601 1928 1879 1982 Musonius
1940 1927 2220 1983 Neocmsa-

654 2018 852 2072 riensis
882 2020 1111 2072 detineri
1148 2018 1441 2085 fatebatur,
1501 2022 1793 2088 quominus
1851 2021 2104 2076 Basiliutn
2169 2024 2219 2075 in

655 2112 1009 2180 pacificandis
1034 2112 1292 2167 Ecclesiis
1312 2114 1546 2179 iuvaret.
1574 2112 1857 2182 Pertnagni
1896 2129 2027 2184 ergo
2059 2115 2225 2167 inter-

654 2212 769 2256 erat
812 2213 865 2256 et
911 2203 976 2256 ad
1010 2203 1165 2258 ﬁdem
1195 2215 1247 2257 et
1276 2206 1338 2257 ad
1367 2204 1623 2258 unitatem
1658 2205 1929 2269 Ecclesiae,
1954 2216 2009 2258 ut
2041 2205 2223 2257 ortho-

654 2291 779 2343 doxi
809 2307 999 2345 omnes
1030 2294 1251 2347 remotis
1298 2295 1693 2361 suspicionibus
1726 2311 1789 2348 ac
1840 2311 1943 2347 una
1999 2309 2222 2361 prorsus

654 2380 892 2435 stabilita
952 2385 1332 2437 communione
1367 2385 1509 2438 vires
1555 2400 1681 2439 snas
1737 2384 1789 2437 in
1848 2386 2222 2453 oppugnandis

654 2473 929 2527 haereticis
979 2472 1388 2543 conjungerent.
1440 2473 1497 2528 ln
1546 2479 1648 2530 hoc
1682 2475 2015 2546 perﬁciendo
2063 2491 2224 2545 opere

651 2562 881 2618 Basilius
910 2579 1010 2619 nec
1043 2566 1349 2637 presbyter,
1374 2582 1471 2622 nec
1511 2569 1797 2636 episcOpus
1826 2569 2103 2622 elaborare
2133 2570 2225 2621 de-

650 2655 807 2709 stitit.
864 2654 969 2710 Sod
1028 2670 1150 2710 eum
1207 2659 1273 2711 ad
1310 2668 1522 2726 optatos
1575 2661 1750 2714 exitus
1807 2661 2060 2713 eximium
2124 2661 2224 2715 hoc

648 2745 937 2801 consilium
991 2746 1289 2815 perducere
1340 2763 1486 2801 mors
1519 2748 1815 2815 prohibuit.
1847 2753 1917 2801 At
1948 2753 2099 2816 operi
2135 2766 2225 2803 co-

649 2839 897 2895 ronidem
940 2840 1200 2908 imposuit
1227 2841 1466 2908 synodus
1504 2840 1841 2893 cecurnenica
1875 2840 2130 2903 secunda,
2170 2841 2221 2892 in

650 2947 757 2999 qua
810 2931 993 2986 Basilii
1043 2933 1206 2986 amici
1261 2931 1549 3001 plurimum
1595 2940 1909 2999 potuerunt.
1959 2931 2034 2984 lbi
2077 2932 2220 2984 enim

651 3021 946 3075 constituta
989 3024 1378 3091 suntquaadam
1402 3021 1562 3076 veluti
1588 3033 1772 3076 centra
1802 3022 2222 3086 communionis,

656 3124 720 3161 ac
750 3111 1136 3174 spectatissimi
1168 3112 1369 3178 quique
1402 3112 1454 3165 in
1497 3113 1723 3179 singulis
1753 3113 2042 3179 provinciis
2070 3113 2221 3166 electi

653 3212 783 3257 sunt
834 3200 1096 3271 episcopi,
1131 3202 1453 3270 quibuscum
1509 3207 1819 3270 quicunque
1858 3206 2224 3259 communica-

648 3303 797 3358 rent,
840 3307 935 3348 eos
963 3308 1064 3364 pro
1097 3294 1381 3348 catholicis
1417 3293 1601 3348 haberi
1635 3294 1869 3361 synodus
1896 3295 2094 3357 voluit;
2136 3311 2227 3348 se-

652 3401 773 3443 cus.
810 3385 857 3439 si
895 3384 1109 3440 illorum
1156 3394 1409 3442 carerent
1446 3386 1847 3440 communione.
1888 3384 2090 3454 Synodi
2129 3386 2223 3439 de-

654 3486 864 3531 cretum
891 3480 1213 3533 auctoritate
1246 3492 1339 3531 sua
1383 3476 1726 3531 conﬁrmavit
1754 3476 1796 3529 Τ
1804 3478 2111 3539 lieodosius,
2166 3487 2224 3532 ut

652 3576 802 3634 patet
820 3582 885 3619 ex
918 3566 1267 3619 celeberrima
1292 3566 1433 3619 illius
1456 3567 1590 3635 lege,
1614 3568 1704 3621 lib.
1731 3585 1816 3620 xvi
1842 3568 1975 3622 Cod.
1993 3568 2221 3635 Tlieod.,

653 3654 740 3705 tit.
776 3653 830 3706 1.
866 3651 1093 3723 Magnus
1121 3668 1253 3708 sane
1281 3654 1435 3708 dolor
1470 3656 1679 3708 exstitit
1712 3657 1934 3723 Basilio,
1968 3661 2109 3726 quod
2142 3661 2222 3713 la-

648 3741 845 3798 borum
887 3759 1111 3799 suorum
1151 3745 1386 3799 fructum
1420 3761 1524 3799 non
1555 3747 1746 3801 viderit
1780 3766 1791 3799 :
1834 3750 1926 3802 sed
1960 3751 2103 3803 illius
2128 3768 2223 3804 no-

654 3837 790 3891 mini
824 3837 1096 3906 rebusque
1140 3838 1308 3906 gestis
1337 3854 1589 3906 magnum
1624 3839 1753 3892 mihi
1792 3841 2005 3893 videtur
2055 3842 2221 3895 decus

655 3927 929 3982 addidisse
961 3927 1197 3998 synodus
1254 3926 1870 3995 Constantinopolitana,
1928 3929 2050 3982 dum
2105 3929 2223 3997 ejus

651 4020 885 4085 vestigia
918 4021 1140 4088 premit,
1172 4029 1226 4073 et
1253 4019 1558 4073 inchoatam
1583 4021 1651 4073 ab
1683 4034 1747 4073 eo
1776 4020 1931 4073 telam
1964 4020 2219 4089 pertexit.

727 4106 794 4161 V.
829 4106 1048 4162 Initium
1104 4124 1425 4180 magnarum
1479 4125 1663 4164 rerum
1722 4110 1929 4164 exstitit
1984 4111 2223 4180 synodus

654 4198 1046 4270 Lampsacena.
1072 4200 1228 4267 cujus
1276 4203 1637 4256 convocandae
1677 4202 1948 4257 licentiam
1987 4203 2064 4274 (a)
2096 4218 2224 4258 con-

656 4288 822 4344 cessit
854 4287 1282 4353 Valentinianus,
1316 4295 1442 4343 dum
1480 4292 1654 4346 adhuc
1689 4293 1739 4346 in
1782 4292 2074 4348 Occidente
2109 4310 2224 4348 mo-

655 4382 899 4439 rabatur.
936 4382 992 4435 ln
1023 4382 1123 4437 hoc
1151 4383 1377 4437 concilio
1408 4398 1503 4452 per
1528 4385 1660 4439 duos
1695 4400 1910 4440 menses
1957 4387 2223 4442 delibera-

654 4483 768 4526 tum
820 4482 922 4537 est,
948 4487 1011 4527 ac
1040 4472 1321 4528 decretum
1369 4482 1425 4527 ut
1475 4474 1628 4528 irrita
1666 4484 1869 4541 essent,
1905 4492 2025 4545 quae
2083 4477 2225 4533 Con-

651 4564 1001 4633 stantinopoli
1071 4564 1301 4620 Eudoxii
1360 4575 1415 4622 et
1472 4566 1657 4621 Acacii
1730 4570 2221 4627 machinationibus

655 4666 810 4727 gesta
856 4657 1091 4723 fuerant,
1133 4666 1296 4727 atque
1336 4668 1397 4713 ut
1448 4659 2045 4729 Constantinopolitana
2098 4664 2220 4717 ﬁdei

654 4746 889 4801 formula
924 4746 1265 4815 rejiceretur,
1313 4747 1484 4803 Filius
1523 4748 1668 4803 Patri
1701 4750 1891 4803 similis
1925 4752 2218 4804 secundum

655 4838 1012 4895 substantiam
1050 4839 1454 4908 praedicaretur,
1482 4855 1653 4907 eaque
1682 4841 1733 4894 in
1757 4841 2008 4896 omnibus
2038 4841 2222 4897 Eccle-

655 4931 755 4987 siis
810 4929 941 4984 fides
996 4931 1224 5000 vigeret,
1265 4947 1385 5001 qua:
1435 4932 1695 4986 Seleucia:
1746 4933 1963 5000 quidem
2018 4932 2217 4987 conﬁr-

657 5032 827 5085 mata,
856 5023 1156 5077 Antiochia:
1187 5038 1318 5076 vero
1354 5024 1405 5077 in
1431 5025 1770 5079 dedicatione
1800 5025 2021 5092 majoris
2051 5026 2222 5079 cccle-

657 5116 754 5171 sia‘.
781 5116 1025 5184 exposita
1084 5114 1279 5170 fuerat.
1329 5116 1447 5170 Non
1494 5117 1664 5171 adfuit
1726 5117 2007 5185 Lampsaci
2065 5116 2220 5171 Basi-

655 5205 878 5277 lius(b),
911 5208 1001 5261 sed
1032 5222 1152 5261 eum
1197 5207 1509 5261 Eustathius
1550 5225 1670 5263 cum
1696 5208 1935 5276 pluribus
1965 5209 2083 5263 aliis
2115 5210 2226 5277 cpi-

661 5300 844 5368 scopis
878 5298 1233 5369 Lampsacum
1276 5300 1653 5368 proﬁciscens,
1686 5302 1737 5354 in
1780 5301 1951 5354 locum
1994 5301 2223 5358 Eusinoe

659 5390 867 5445 dictum
894 5392 1194 5455 advocavit,
1226 5393 1403 5462 ibique
1435 5393 1668 5448 Basilius
1710 5409 1829 5447 cum
1864 5395 2130 5464 episcopis
2154 5396 2219 5449 de

667 5482 771 5537 fide
795 5482 957 5541 multa
992 5484 1269 5539 disseruit.
1294 5483 1510 5539 Minime
1553 5487 1747 5542 mirum
1775 5498 1857 5541 est
1888 5496 2091 5541 tantum
2120 5489 2217 5541 ilO‘

735 5668 810 5735 (a)
845 5667 1081 5730 Sozom.,
1112 5670 1204 5731 lib.
1239 5684 1313 5734 vi,
1349 5686 1397 5723 c.
1429 5672 1477 5724 7.

733 5739 807 5804 (ὁ)
832 5740 925 5808 Ep.
952 5740 1076 5792 “2'25.

733 5810 1187 5889 (ClSucratqlib.
1217 5826 1288 5877 tv,
1326 5826 1375 5867 c.
1417 5811 1497 5865 12.

2252 3153 2293 3208 C

2326 1938 2468 1992 rant,
2499 1926 2694 1981 bellum
2727 1925 3052 1992 inexpiabile
3106 1925 3378 1981 habebant
3418 1941 3539 1981 cum
3583 1926 3893 1988 Anomor-is,

2326 2036 2422 2073 nec
2456 2030 2634 2073 tamen
2671 2018 2975 2074 Occidentis
2999 2028 3051 2072 et
3082 2015 3298 2087 [Egypti
3328 2018 3762 2072 communionem
3792 2017 3894 2071 ha-

2324 2110 2545 2172 bebant,
2584 2120 2676 2164 aut
2709 2111 2898 2164 saltem
2938 2125 3040 2164 non
3070 2123 3166 2177 per
3198 2123 3256 2162 se
3285 2109 3406 2175 ipsi,
3439 2113 3531 2163 sed
3563 2125 3655 2180 per
3682 2109 3896 2164 medios

2323 2204 2578 2270 quosdam
2607 2205 3087 2259 comrnunicatores
3127 2202 3430 2258 habebant:
3465 2213 3729 2271 praeterea
3752 2202 3893 2257 mul-

2325 2307 2499 2347 torum
2534 2293 2716 2362 lapsus
2745 2295 2798 2346 in
2844 2297 3218 2362 persecutione
3275 2308 3469 2348 novum
3509 2292 3703 2348 vulnus
3751 2294 3896 2347 fece-

2324 2396 2429 2441 rat.
2480 2387 2661 2454 Itaque
2713 2387 2859 2438 varia
2890 2389 3113 2441 concilia
3148 2388 3415 2458 Smyrnae,
3440 2396 3494 2440 et
3534 2386 3584 2439 in
3620 2385 3894 2455 Pamphy-

2332 2478 2427 2543 lia,
2459 2477 2659 2532 Isauria
2710 2491 2772 2529 ac
2824 2475 2984 2546 Lycia
3034 2479 3297 2532 celebrata
3353 2489 3477 2533 sunt
3526 2478 3619 2548 (ο),
3658 2492 3892 2547 quorum

2326 2569 2542 2623 nomine
2568 2579 2676 2623 tres
2708 2566 2866 2635 legati
2897 2566 2950 2619 in
2985 2564 3330 2623 Occidentem
3358 2584 3479 2621 cum
3504 2565 3893 2629 litterismissi,

2326 2663 2642 2716 Eustathius
2667 2660 3014 2720 Sebastenns,
3049 2657 3301 2711 Silvanus
3335 2657 3616 2712 Tarsensis
3642 2668 3696 2711 et
3723 2657 3897 2710 Theo-

2326 2756 2505 2823 philus
2536 2755 2991 2809 Castabalitanus.
3028 2747 3122 2802 llis
3154 2750 3335 2803 datum
3396 2748 3447 2801 iit
3508 2747 3799 2812 mandatis,
3835 2757 3896 2800 ut

2326 2846 2447 2899 ﬁdei
2480 2846 2710 2899 Nicaenac
2735 2844 3163 2905 subscriberent,
3192 2841 3469 2895 etlitteras
3498 2839 3897 2894 communionis

2325 2951 2352 2989 a
2389 2935 2605 2989 Liberio
2647 2937 3025 3001 impetrarent.
3071 2934 3275 2988 Praeter
3318 2933 3624 2987 communia
3674 2930 3893 3000 negetis

2326 3028 2581 3081 curandae
2613 3036 2771 3080 erant
2828 3026 3113 3079 Eusrathio
3158 3040 3242 3080 res
3300 3025 3549 3092 propria.
3605 3020 3894 3088 Depositus

2327 3120 2469 3173 enim
2495 3134 2635 3172 anno
2668 3116 2771 3170 5in
2813 3117 2878 3169 ab
2920 3117 3218 3178 Anommis,
3255 3130 3316 3168 ac
3350 3124 3531 3182 postea
3570 3113 3619 3165 in
3650 3111 3895 3165 Valentis

2327 3211 2703 3280 persecutione
2731 3208 2933 3277 lapsus,
2961 3208 3169 3275 magnis
3214 3205 3479 3274 prasidiis
3518 3203 3732 3273 egebat,
3774 3214 3833 3257 ut
3863 3219 3893 3257 a

2329 3302 2627 3356 Catholicis
2660 3301 3012 3371 reciperetur,
3045 3314 3142 3354 nec
3185 3299 3586 3367 opprimeretur
3615 3296 3682 3350 ab
3712 3296 3892 3351 heare-

2329 3394 2471 3446 ticis.
2506 3393 2620 3445 Non
2654 3394 2797 3447 enim
2822 3394 2886 3446 ad
2915 3392 3058 3444 aliud
3080 3402 3287 3460 tempus
3321 3390 3509 3443 referri
3539 3389 3698 3443 debet
3746 3387 3892 3455 quod

2330 3485 2405 3537 ait
2434 3483 2661 3536 Basilius
2696 3483 2799 3551 (ά),
2831 3484 3191 3545 Eustathium,
3227 3498 3348 3535 cum
3379 3493 3521 3536 tomo
3552 3480 3618 3534 ab
3660 3480 3892 3534 Eudoxii

2327 3573 2561 3627 factione
2590 3572 2892 3640 composito
2921 3573 3310 3636 consensisset,
3346 3572 3399 3624 in
3452 3572 3710 3624 concione
3743 3569 3892 3622 frau-

2327 3668 2447 3721 dem
2484 3666 2583 3719 sibi
2618 3664 2813 3717 factam
2846 3662 3179 3731 deplorasse.

2396 3758 2611 3825 Aliquid
2639 3757 2871 3811 Basilius
2898 3756 3130 3810 consilio
3158 3768 3257 3807 suo
3294 3753 3359 3806 ad
3390 3752 3532 3806 hanc
3567 3751 3890 3821 legationem

2324 3850 2536 3901 videtur
2569 3849 2882 3903 contulisse.
2924 3847 3093 3901 Erant
3132 3848 3272 3899 enim
3314 3855 3424 3898 tres
3456 3843 3611 3913 legati
3654 3858 3719 3897 ex
3757 3842 3888 3896 inti-

2326 3942 2428 3993 mis
2448 3941 2591 3992 illius
2622 3939 2813 3992 amicis
2843 3955 2859 3989 :
2890 3939 3030 4006 quod
3053 3937 3267 4005 quidem
3293 3937 3357 3989 de
3386 3934 3660 3989 Eustathio
3679 3945 3888 3989 certum

2324 4046 2417 4086 sua
2451 4040 2643 4099 sponte
2664 4039 2717 4083 et
2750 4028 3091 4097 exploratum
3117 4037 3231 4086 est;
3284 4027 3347 4079 de
3378 4027 3669 4094 Theophila
3706 4037 3887 4080 autem

2327 4122 2535 4177 consuli
2583 4128 2761 4191 potest
2788 4117 3013 4187 epistola
3043 4117 3150 4170 245
3179 4116 3243 4169 ad
3275 4131 3398 4169 eum
3440 4117 3662 4183 scripta.
3708 4119 3891 4187 Atque

2326 4214 2469 4268 haud
2500 4212 2613 4266 scio
2647 4225 2713 4263 an
2752 4210 3030 4263 Silvanum
3070 4208 3309 4263 omnium
3340 4207 3627 4275 plurimum
3672 4207 3884 4271 fecerit,

2325 4319 2480 4374 quem
2512 4314 2568 4358 et
2597 4312 2869 4356 mortuum
2905 4302 3125 4355 beatum
3161 4300 3416 4367 appellat,
3469 4309 3523 4355 et
3572 4300 3753 4355 vivum
3808 4300 3886 4354 sic

2326 4396 2512 4460 coluit,
2546 4405 2603 4448 ut
2638 4395 2779 4448 illius
2808 4394 3012 4448 visendi
3050 4393 3318 4448 desiderio
3358 4392 3701 4447 solitudinem
3728 4406 3884 4447 suam

2256 4505 2302 4563 ι)
2329 4487 2615 4557 aliquando
2645 4486 2924 4555 reliquerit
2970 4485 3067 4557 (ε),
3093 4485 3342 4539 comitem
3373 4500 3431 4538 se
3479 4484 3758 4538 Eustathio
3792 4483 3885 4536 ad-

2323 4577 2571 4644 jungens.
2622 4574 2824 4627 Deinde
2869 4588 3000 4627 vero
3050 4573 3335 4642 plurimum
3384 4574 3641 4627 intererat
3671 4572 3880 4637 Basilii,

2330 4675 2384 4719 ut
2434 4665 2612 4733 lapsus
2657 4664 2923 4721 Eustatliii
2978 4673 3343 4732 repararetur;
3402 4665 3595 4733 vixque
3645 4660 3868 4715 dubium

2330 4758 2459 4825 quin
2492 4758 2755 4811 suadente
2790 4767 2882 4809 aut
2906 4755 3091 4809 saltem
3121 4755 3383 4819 probante
3412 4754 3606 4809 Basilio
3634 4752 3721 4825 (ί),
3741 4752 3879 4807 hanc

2331 4848 2645 4902 Eusmthius
2672 4848 2837 4903 errati
2889 4846 3147 4916 purgandi
3181 4847 3318 4900 viam
3353 4846 3636 4911 invenerit,
3673 4852 3731 4899 ut.
3775 4845 3882 4899 Ro-

2329 4954 2469 4991 mam
2502 4936 2796 5007 profectus,
2847 4937 2968 4990 inde
3015 4935 3173 4989 ﬁdem
3218 4948 3426 5005 patrum
3464 4936 3759 5004 acciperet,
3807 4937 3881 4991 ita

2327 5037 2383 5083 ut
2407 5030 2545 5099 quod
2578 5030 2831 5083 Ecclesiis
2854 5028 3163 5083 detrimenti
3213 5027 3465 5081 intulerat
3496 5028 3639 5081 malo
3686 5042 3881 5097 appro.

2325 5121 2520 5183 bando,
2558 5122 2609 5174 id
2647 5121 2866 5175 meliore
2912 5119 3303 5172 introduccndo
3350 5119 3686 5173 emendaret.
3724 5118 3880 5173 Ocni--

2326 5227 2429 5281 que
2460 5212 2691 5267 Basilius
2724 5226 2866 5264 anno
2900 5209 2997 5263 371
3036 5211 3112 5265 sic
3141 5210 3246 5279 agit
3276 5225 3396 5263 cum
3431 5220 3618 5265 sancto
3640 5213 3878 5265 Athana-

2326 5307 2405 5360 sio
2432 5307 2497 5359 de
2523 5306 2714 5371 legatis
2760 5304 2982 5357 Romam
3032 5302 3331 5363 mittendis.
3364 5311 3422 5355 ut
3450 5319 3554 5357 non
3609 5313 3736 5358 tunc
3772 5305 3877 5373 pri-

2331 5412 2473 5449 mum
2515 5396 2653 5449 hanc
2704 5396 3087 5463 cegitationem
3140 5395 3443 5462 suscepisse
3482 5396 3750 5461 videatur,
3785 5396 3875 5448 sed

2330 5488 2639 5553 iamdudum
2697 5488 2839 5541 illius
2897 5488 3183 5542 utilitatem
3246 5486 3602 5557 perSpexisse.
3670 5486 3881 5540 Dudum

2397 5672 2472 5743 ((1)
2500 5671 2596 5739 Ep.
2622 5671 2743 5743 ‘24},
2777 5688 2829 5723 η.

2397 5748 2470 5809 (ε)
2494 5744 2584 5807 Ιίξρ.
2622 5742 2746 5805 2:23,
2784 5758 2834 5793 tt.
2862 5742 2913 5792 5.

2394 5812 2457 5881 (ί)
2484 5810 2581 5881 Ep.
2617 5812 2742 5881 ΞΗ,
2776 5828 2828 5866 n.
