4094 6308
1525 390 1683 445 ῊΤΑ
1726 389 1781 445 S.
1818 390 2081 446 BASlLll.

3277 409 3377 449 ην

154 518 267 573 ιιουὶ
289 524 333 566 ct
360 512 489 578 ipsc,
508 508 673 577 inquit
695 508 791 581 (a),
810 525 903 577 pro
925 508 1168 562 mediocri
1186 525 1298 561 nica
1326 525 1491 561 rerum
1510 508 1710 572 notitia,

1901 508 2048 573 Quod
2079 509 2154 561 ait
2188 506 2418 562 Basilius
2450 508 2527 579 (ά)
2559 504 2896 561 Eustatliium
2939 504 3102 557 Roma
3136 508 3375 561 attulisse

153 625 309 665 unam
339 623 451 659 esse
476 603 722 659 Ecclesiis
751 605 941 658 nostris
972 607 1159 659 auxilii
1184 606 1338 670 viam,
1370 606 1415 659 si
1451 605 1717 660 nobiscum

151 702 448 761 conspircnt
476 697 837 754 Occidentales
872 697 1115 766 episcopi.

219 788 490 845 Videntur
523 801 633 843 tres
678 789 832 855 legati
873 790 969 844 sub
1000 799 1240 844 extrema
1293 789 1533 842 autumni
1578 796 1713 839 tem-

155 896 283 946 pora
314 898 460 935 anno
516 880 622 934 565
665 881 889 947 profecti
933 897 1073 935 esse.
1125 876 1258 930 Nam
1306 894 1423 933 cum
1471 876 1714 933 Liberius

154 974 349 1029 abierit
381 989 527 1028 anno
558 971 682 1035 566,
708 988 937 1042 cumque
970 970 1131 1039 legati
1178 986 1280 1025 non
1327 973 1497 1027 solum
1531 970 1597 1021 ah
1626 982 1711 1033 eo,

155 1068 244 1119 sed
270 1069 439 1121 etiam
470 1065 540 1117 ab
581 1066 843 1135 episcopis
871 1065 1059 1125 Italiae,
1090 1062 1304 1128 Africa),
1330 1063 1514 1116 Gallim
1545 1069 1599 1113 et

157 1160 293 1214 cilia:
344 1158 562 1210 litteras
592 1156 870 1211 attulerint
897 1155 1050 1207 initio
1093 1155 1234 1209 veris
1277 1154 1403 1207 anni
1444 1152 1570 1214 567,
1610 1168 1711 1203 non

157 1252 291 1304 satis
321 1246 647 1302 habuissent
690 1245 847 1315 spatii
876 1246 941 1299 ad
976 1254 1053 1298 tot
1100 1260 1163 1299 ac
1194 1256 1371 1299 tantas
1416 1257 1501 1295 res
1548 1243 1713 1294 conli-

155 1340 399 1404 ciendas,
436 1340 483 1392 si
516 1340 691 1394 serius
717 1334 940 1405 profecti
971 1334 1217 1391 fuissent.
1258 1334 1538 1387 Probabile
1570 1334 1711 1388 enim

154 1440 231 1483 est
263 1429 383 1485 illos
442 1432 545 1485 has
592 1428 861 1496 regiones,
894 1437 951 1481 ut
983 1428 1258 1482 existimat
1319 1425 1707 1489 Tillemontius,

157 1532 247 1574 aut
292 1522 457 1576 simul
492 1533 835 1587 peragrasse,
863 1527 955 1571 aut
992 1519 1177 1574 saltem
1207 1517 1441 1570 laborem
1482 1516 1619 1570 inter
1655 1530 1713 1572 se

156 1616 377 1683 partitos
403 1626 546 1666 esse.

228 1707 345 1761 Dixi
406 1707 615 1773 legatos
648 1702 876 1757 rediisse
905 1717 1067 1756 verno
1123 1712 1358 1770 tempore
1407 1701 1531 1753 armi
1586 1700 1709 1762 567,

156 1798 275 1865 quia
313 1796 606 1849 redeuntes
663 1794 858 1847 Liberii
913 1794 1119 1847 litteras
1177 1793 1408 1846 concilio
1441 1792 1707 1865 Tyaneusi

155 1888 488 1953 obtulerunt,
522 1890 610 1943 cui
640 1886 780 1939 aliud
814 1895 1023 1953 tempus
1050 1885 1308 1953 assignari
1359 1902 1463 1939 non
1512 1895 1707 1952 potest.

156 1980 207 2031 lu
244 1980 339 2033 hac
371 1983 520 2034 enim
556 1981 758 2049 synodo
800 1987 1057 2033 statutum
1084 1979 1180 2048 (ὁ),
1216 1989 1275 2033 ιιι
1314 1978 1552 2045 episcopi
1588 1988 1709 2029 ante

154 2070 341 2122 exitum
395 2072 551 2133 veris,
590 2069 639 2121 id
690 2076 771 2122 est
817 2079 942 2121 ante
973 2068 1178 2123 aestatis
1226 2065 1435 2117 calores
1478 2062 1709 2117 Tarsum

157 2158 350 2211 Cilicia:
384 2160 766 2213 convenirent.
805 2160 918 2214 lloc
969 2165 1145 2209 autem
1202 2170 1343 2208 anno
1381 2154 1483 2207 567
1537 2156 1711 2208 conti-

157 2249 296 2316 gisse
332 2260 507 2317 patet,
554 2251 680 2319 quia
746 2247 1020 2317 probabile
1065 2260 1168 2299 non
1204 2256 1287 2299 est
1331 2246 1535 2315 legatos
1589 2254 1709 2313 post

158 2342 359 2393 obitum
403 2339 639 2403 Liberii,
680 2341 770 2407 qui
816 2353 999 2392 mense
1048 2338 1348 2408 Septembri
1402 2354 1544 2390 anno
1597 2337 1708 2390 566

160 2447 402 2487 mortuus
436 2445 545 2494 est,
580 2444 685 2483 tam
736 2432 823 2485 diu
872 2444 1106 2487 moratos
1145 2446 1286 2497 esse,
1326 2441 1383 2484 ut
1426 2446 1530 2483 non
1564 2431 1707 2482 redi—

162 2534 276 2576 rent
307 2522 407 2575 nisi
447 2536 589 2573 anno
616 2520 738 2574 568.

225 2611 443 2665 Praefuit
475 2612 601 2665 huic
645 2614 870 2667 concilio
910 2611 1175 2668 Eusebius
1213 2609 1581 2672 Cresariensis,
1611 2623 1709 2662 nec

157 2706 369 2759 dubium
409 2716 494 2759 est
529 2707 654 2773 quin
677 2721 797 2759 eum
828 2713 1046 2759 secutus
1069 2703 1139 2757 sit
1182 2702 1432 2774 Basilius,
1464 2717 1555 2759 aut
1599 2704 1709 2756 sal-

159 2808 283 2860 tem,
315 2808 373 2851 ut
406 2798 461 2850 in
496 2798 615 2851 aliis
641 2799 821 2859 rebus,
856 2795 926 2847 ita
965 2796 1016 2847 in
1056 2797 1155 2847 hoc
1186 2795 1428 2862 cogendo
1480 2793 1709 2845 concilio

158 2890 266 2942 suis
305 2905 430 2943 eum
479 2889 725 2944 consiliis
788 2888 1008 2957 juverit.
1081 2886 1296 2956 Synodo
1354 2885 1712 2940 interfuerunt

157 2979 487 3033 Athanasius
549 2980 810 3049 Ancyraa,
881 2978 1134 3047 Pelagius
1189 2977 1505 3040 Laodiceze,
1565 2975 1709 3031 Zeno

158 3069 301 3139 Tyri,
341 3070 547 3124 Paulus
572 3071 798 3135 Einesas,
846 3070 1060 3125 Otreius
1104 3068 1376 3133 Blelitinin,
1418 3066 1710 3135 Gregorius

1818 605 2047 666 litteras,
2084 618 2205 672 qua:
2237 616 2359 655 eum
2398 602 2448 654 in
2482 602 2848 670 episcopatum
2894 597 3265 657 restituebant,
3326 601 3378 652 id

1818 698 1882 751 de
1908 695 2095 749 litteris
2120 693 2317 748 Liberii
2346 693 2545 745 dictum
2581 694 2809 753 videtur,
2837 692 2888 743 in
2915 690 3108 758 quibus
3135 687 3378 743 Liberius

1817 787 2095 841 Eustatbio
2132 798 2184 841 et
2208 784 2419 838 duobus
2459 783 2577 837 aliis
2603 785 2789 853 legatis
2824 783 3079 836 honorem
3108 781 3285 840 habet,
3323 789 3378 830 ut

1815 877 2033 945 collegis
2060 879 2169 931 suis
2197 892 2258 932 ac
2298 876 2550 944 legitimis
2580 876 2846 943 episcopis
2871 890 2885 939 ;
2918 887 3015 927 nec
3052 888 3273 927 necesse
3294 882 3379 925 est

1814 985 1933 1023 cum
1970 967 2195 1022 Baronio
2249 968 2381 1021 alias
2424 966 2635 1019 litteras
2677 965 3033 1020 comminisci.
3095 966 3184 1019 Sic
3231 965 3375 1018 enim

1818 1059 2047 1114 Basilius
2086 1058 2281 1115 litteris
2334 1060 2551 1114 Damasi
2602 1058 2972 1127 episcopatum
3026 1057 3379 1110 Aulim-liena:

1814 1151 2068 1207 Ecclesiae
2105 1150 2331 1205 Paulino
2363 1151 2587 1205 attribui
2625 1150 2756 1203 dicit
2786 1148 2880 1218 (c),
2919 1152 3041 1217 quia
3084 1149 3148 1201 ad
3201 1146 3379 1199 Pauli-

1815 1260 1941 1298 nmn
1970 1242 2256 1307 Damasus,
2290 1254 2348 1297 ut
2376 1244 2441 1297 ad
2485 1241 2783 1311 legitimum
2825 1240 3133 1309 episc0pum
3169 1239 3364 1291 scribe-

1814 1339 1924 1392 bat.
1971 1335 2122 1389 Unde
2147 1336 2307 1388 etiam
2336 1336 2537 1389 eaedem
2580 1333 2774 1386 littera:
2812 1342 3073 1386 vocantur
3102 1330 3376 1398 cujusdam

1810 1428 2136 1497 principatus
2166 1438 2359 1479 tessera
2390 1427 2491 1495 (Ι).
2538 1425 2839 1493 Quinetiam
2870 1438 2988 1477 cum
3015 1434 3200 1475 sancto
3221 1422 3379 1475 Atha-

1812 1520 1965 1574 nasio
2000 1535 2164 1588 agens
2192 1520 2261 1573 de
2287 1520 2633 1572 restituendis
2662 1519 2720 1572 S.
2756 1514 2973 1569 Meletio
3010 1514 3218 1575 ovibus,
3244 1528 3378 1581 quas

1811 1610 2068 1664 Paulinus
2107 1608 2464 1668 abstraxerat,
2499 1608 2638 1660 idem
2685 1608 2759 1661 ait
2811 1606 2884 1675 (g)
2923 1604 3183 1673 placuisse
3216 1602 3376 1656 Occi-

1812 1702 2137 1763 dentalibus,
2172 1709 2225 1752 ut
2278 1700 2467 1752 littera:
2496 1714 2587 1766 per
2626 1700 2829 1751 beatum
2876 1696 3147 1751 Silvanum
3198 1695 3377 1747 allata:

1816 1805 2091 1849 testantur.
2124 1793 2321 1865 Mcletii
2345 1804 2523 1844 autem
2557 1790 2801 1845 Liberius
2841 1806 2943 1842 non
2980 1788 3139 1841 aliter
3164 1787 3377 1839 videtur

1815 1886 2180 1955 episcopatum
2231 1884 2606 1947 continuasse,
2664 1897 2821 1950 quam
2866 1882 3009 1933 illum
3052 1880 3192 1933 inter
3242 1877 3377 1931 alios

1810 1977 2091 2046 episcopos
2119 1978 2420 2031 salutando.
2464 1974 2570 2030 Sed
2627 1974 2669 2027 si
2720 1974 2833 2026 hinc
2854 1972 3157 2024 admittitur
3186 1970 3376 2035 conje-

1810 2079 1957 2121 ctura
1980 2084 2075 2137 pro
2095 2069 2388 2133 Eustathio,
2419 2070 2505 2137 qui
2538 2067 2967 2134 interepiscopos
2998 2063 3201 2131 primus
3230 2078 3259 2113 a
3287 2061 3375 2112 Li-

1812 2160 1960 2215 berio
1983 2160 2313 2223 nominatur,
2351 2161 2629 2228 legendum
2661 2161 2766 2214 erit
2812 2156 3046 2217 Meletio,
3075 2171 3173 2208 nec
3199 2154 3376 2224 Cyril-

1813 2252 1921 2317 lus,
1969 2253 2060 2321 qui
2112 2252 2346 2306 secundo
2397 2251 2513 2304 loco
2544 2252 2831 2312 salutatur,
2864 2251 3000 2303 alius
3047 2248 3154 2301 erit
3206 2262 3370 2305 uuam

1814 2344 2353 2414 llierosolyinitanus,
2382 2343 2468 2411 qui
2501 2357 2620 2395 cum
2646 2342 2703 2393 S.
2736 2340 2952 2394 hleletio
2990 2338 3375 2407 coniunctissi-

1812 2454 1928 2491 mus
1974 2436 2092 2492 fuit.
2122 2436 2254 2489 illud
2309 2446 2489 2488 tamen
2552 2434 2792 2487 occurrit
2842 2431 3190 2491 incommodi,
3230 2431 3375 2499 quod

1810 2527 2067 2595 episcopi,
2107 2542 2243 2595 quos
2287 2526 2579 2595 alloquitur
2624 2525 2897 2587 Liberius,
2933 2521 3376 2590 subscripserant

1812 2616 2052 2671 formula:
2120 2616 2753 2683 Constantinopolitanar.
2835 2606 3138 2681 Perjuriis,’
3200 2612 3377 2679 inquit

1811 2712 1887 2781 (ιι.
1918 2709 1993 2777 5),
2022 2709 2073 2760 in
2093 2708 2327 2776 fraudem
2354 2707 2574 2769 inducti,
2600 2705 3002 2771 subscripsistis.
3038 2703 3189 2758 Unde
3215 2703 3373 2756 etiam

1812 2800 2037 2854 reditum
2076 2800 2178 2852 illis
2206 2799 2271 2852 ad
2290 2799 2556 2853 saniorem
2593 2809 2831 2851 mentem
2854 2796 3176 2867 gratulatur.
3205 2795 3376 2849 Porro

1810 2905 1907 2945 nec
1932 2890 1986 2943 S.
2003 2889 2240 2944 Meletius
2263 2890 2471 2943 videtur
2495 2904 2724 2957 unquam
2745 2889 2881 2942 hanc
2908 2889 3115 2952 culpam
3143 2902 3380 2940 comme-

1810 2984 1985 3037 ruisse
2018 3000 2114 3037 nec
2161 2984 2217 3036 S.
2269 2983 2528 3049 Cyrillus.
2579 2983 2685 3035 Sed
2722 2982 2835 3033 hinc
2885 2979 3170 3033 difﬁcultas
3222 2978 3378 3032 facile

1810 3076 2059 3128 solvitur.
2111 3074 2227 3127 Non
2286 3074 2429 3126 enim
2472 3074 2770 3140 putandum
2810 3073 3062 3125 estinter
3094 3072 3375 3140 epi5t30pos

157 3162 404 3216 Nazianzi
441 3171 497 3217 et
519 3162 609 3215 alii
630 3162 955 3231 complures,
990 3162 1079 3225 qui
1120 3162 1217 3215 sub
1241 3159 1463 3212 Joviano
1484 3158 1703 3210 consub-

1813 3166 1879 3220 59
1919 3181 2054 3235 quos
2085 3174 2329 3219 recenset
2379 3146 2651 3225 Liberius,
2689 3163 2891 3217 nullum
2944 3163 3108 3217 fuisse
3157 3162 3224 3216 ab
3274 3163 3377 3215 hoe.

162 3255 409 3308 stantiale
436 3254 775 3309 retinendum
824 3255 874 3306 in
902 3253 1131 3307 concilio
1160 3250 1493 3304 Antiocbcno
1521 3248 1705 3301 decre-

161 3359 363 3409 verant.
398 3348 531 3401 Cum
564 3347 715 3399 lecta:
748 3345 975 3398 fuissent
1015 3343 1213 3397 Liberii
1241 3352 1294 3395 et
1328 3340 1551 3393 aliorum
1598 3337 1711 3407 epi-

159 3453 442 3507 scoporum
485 3439 704 3501 litterae,
745 3451 954 3491 summo
981 3451 1168 3491 omnes
1224 3432 1420 3500 gaudio
1469 3430 1708 3485 exsulta-

158 3540 294 3593 runt,
326 3546 390 3583 ac
429 3529 627 3582 latitite
683 3544 791 3582 suae
838 3528 1105 3582 Ecclesias
1154 3524 1392 3581 Orientis
1447 3523 1708 3579 certiores

161 3617 351 3686 fecere,
382 3619 591 3672 indicto
644 3618 694 3670 in
750 3617 932 3672 urbem
964 3616 1284 3671 Tarsensem
1332 3624 1458 3668 ante
1505 3614 1709 3666 exitum

160 3710 291 3762 reris
320 3708 579 3773 concilio,
606 3718 787 3777 utan
816 3708 1053 3761 omnium
1085 3720 1348 3759 consensu
1378 3704 1708 3757 firmaretur.

162 3798 257 3855 Sed
288 3801 430 3854 hanc
452 3802 715 3871 synodum
744 3799 928 3853 haberi
954 3798 1119 3851 vetuit
1144 3794 1362 3859 Valens,
1388 3811 1451 3850 ac
1480 3806 1708 3867 praeter-

160 3906 215 3941 ea
263 3906 385 3944 cum
441 3891 662 3957 jamjam
701 3889 1066 3957 congreganda
1102 3896 1264 3954 esset,
1307 3889 1521 3957 triginta
1575 3903 1711 3957 qua-

165 3986 278 4028 tuor
308 3974 456 4028 Asia:
484 3975 726 4044 episc0pi
756 3976 805 4027 in
830 3975 989 4027 Caria
1013 3977 1329 4044 congregati
1366 3978 1713 4033 consubstan-

164 4065 277 4120 tiale
331 4067 661 4136 rejeeerunt,
714 4083 777 4121 ac
814 4067 1123 4133 formulam,
1177 4084 1295 4137 qua:
1332 4071 1631 4124 Antiochiae
1660 4078 1712 4125 et

164 4155 417 4215 Seleucia:
445 4163 782 4229 promulgata
825 4162 1023 4227 fuerat,
1060 4173 1233 4216 ratam
1261 4179 1382 4218 esse
1407 4163 1709 4218 voluerunt.

163 4248 261 4305 llos
283 4253 573 4322 episc0pos
604 4252 672 4305 ab
712 4254 1081 4322 amplectendo
1110 4257 1557 4310 consubstantiali
1606 4273 1712 4311 non

167 4345 442 4413 scrupulus
466 4344 687 4413 quidam
721 4345 1004 4410 deterruit,
1026 4347 1120 4400 sed
1147 4347 1426 4401 sententia:
1456 4348 1712 4418 pravitas,

164 4449 273 4500 qua:
304 4445 455 4489 tanta
498 4436 597 4489 fuit
630 4436 681 4488 in
710 4436 796 4490 his
841 4435 1165 4505 legionibus,
1201 4448 1258 4491 ut
1305 4438 1530 4502 miretur
1562 4438 1713 4493 Basi-

1815 3274 1965 3313 nznvo
2004 3260 2293 3328 integrum.
2332 3256 2580 3324 Plerique
2631 3257 2731 3310 hoc
2765 3257 3147 3310 commiserant
3179 3273 3192 3310 :
3232 3253 3376 3319 quod

1812 3352 1947 3403 satis
1978 3348 2075 3403 fuit
2107 3360 2161 3403 ut
2196 3365 2290 3404 eos
2334 3348 2581 3403 Liberius
2611 3350 2689 3401 sic
2720 3349 3105 3415 alloqui-retur.
3159 3343 3374 3411 Alioqui

1814 3457 1878 3493 ne
1908 3457 2044 3495 unus
2079 3441 2295 3508 quidem
2323 3439 2374 3491 iu
2414 3448 2527 3490 toto
2552 3437 2771 3491 Oriente
2802 3437 2978 3505 excipi
3022 3446 3224 3503 posset,
3251 3449 3374 3486 cum

1811 3532 2009 3585 Liberii
2041 3531 2267 3599 epistola
2318 3532 2587 3585 universis
2612 3531 2848 3585 Orientis
2894 3527 3163 3597 episcopis
3193 3528 3376 3580 ortho-

1813 3622 1970 3675 doxis
2013 3621 2271 3687 inscripta
2301 3620 2393 3676 sit.

1891 3706 2111 3763 Litteris
2139 3707 2341 3762 Liberii
2372 3710 2621 3779 adjuncta
2669 3718 2787 3762 erat
2825 3710 2955 3763 fides
3004 3706 3089 3761 cui
3138 3705 3377 3759 subscri-

1812 3800 1915 3868 psit
1964 3799 2291 3853 Eustathius.
2327 3800 2381 3854 ld
2422 3803 2531 3870 ipse
2571 3800 2813 3856 Liberius
2851 3803 2929 3868 (η.
2960 3800 3010 3868 1)
3056 3807 3109 3849 et
3136 3795 3377 3863 pluribus

1812 3890 1943 3944 locis
1994 3888 2222 3943 Basilius
2250 3890 2325 3961 (It)
2360 3900 2643 3945 testantur.
2687 3891 2841 3956 Quod
2888 3896 3065 3939 autem
3113 3883 3370 3947 Basilius,

1813 3994 1907 4033 seu
1945 3980 2127 4049 potius
2154 3979 2461 4037 Orientales
2493 3984 2571 4037 sic
2603 3984 2665 4035 de
2702 3979 2987 4033 Eustathio
3022 3977 3311 4045 loquuntur
3355 3993 3372 4029 :

1816 4074 2071 4139 Quantam
2120 4084 2294 4128 autem
2327 4076 2372 4128 ei
2421 4077 2692 4143 proposita
2742 4071 2937 4139 fuerint
2989 4088 3019 4122 a
3076 4065 3377 4120 beatissimo

1810 4168 2049 4235 episcopo
2083 4168 2316 4231 Liberio,
2365 4180 2410 4219 et
2437 4166 2746 4234 quibusnam
2777 4180 3019 4217 assensus
3049 4163 3114 4213 sit
3159 4160 3375 4228 ignara-

1813 4275 1948 4323 mus,
1985 4261 2086 4311 nisi
2110 4261 2247 4328 quod
2264 4259 2534 4325 epistolam
2558 4258 2731 4310 attulit
2754 4274 2869 4327 qua:
2894 4272 3011 4308 eum
3046 4250 3377 4313 restituebat,

1814 4368 1974 4420 eaque
1996 4363 2201 4405 ostensa
2230 4352 2449 4404 concilio
2474 4350 2726 4421 Tyanensi
2753 4353 2807 4403 in
2834 4364 2987 4401 suum
3030 4346 3198 4398 locum
3228 4344 3373 4397 resti-

1814 4454 1957 4497 tutus
1984 4456 2091 4509 est;
2124 4443 2247 4496 inde
2277 4443 2452 4512 colligi
2489 4458 2589 4495 non
2629 4442 2785 4495 debet
2820 4438 3073 4491 Basilium
3096 4436 3374 4504 ignorasse

165 4522 255 4577 lius
287 4524 358 4594 (c)
380 4540 525 4579 anno
562 4524 667 4579 5Ἱὸ
694 4534 946 4591 exeunte,
979 4530 1022 4579 si
1050 4526 1137 4595 qui
1184 4528 1392 4581 omnino
1426 4529 1480 4581 in
1517 4530 1711 4581 Asiano
1745 4527 1788 4581 D
1819 4535 1869 4587 id
1896 4536 2035 4604 quod
2063 4536 2303 4604 pluribus
2338 4535 2467 4588 locis
2500 4536 2568 4604 (ἰ)
2602 4534 2899 4601 exprobrat
2923 4526 3221 4589 Enstathio,
3248 4539 3373 4578 eum

166 4626 320 4669 tractu
344 4626 497 4671 extra
529 4619 694 4671 labem
720 4618 1084 4672 haereticorum
1114 4620 1239 4676 sint.
1268 4620 1507 4685 Quantus
1533 4621 1714 4677 Basilii

172 4710 312 4765 dolor
359 4711 637 4765 exstiterit
666 4711 886 4778 nptimis
916 4711 1155 4765 consiliis
1177 4712 1325 4767 exitu
1376 4715 1710 4778 carentibus,

168 4798 324 4857 facilis
356 4801 673 4869 conjectura
705 4814 807 4857 est.
836 4803 973 4869 Quid
1008 4804 1261 4872 deinceps
1312 4820 1478 4874 usque
1510 4808 1576 4858 ad
1602 4808 1715 4874 epi-

169 4904 435 4960 sc0patum
469 4893 539 4947 ad
564 4894 987 4963 pacificmionem
1012 4894 1377 4950 Ecclesiarum
1410 4898 1713 4962 inaraverit,

170 4980 308 5048 plane
332 4986 634 5040 nescimus.
659 4987 728 5037 At
755 5000 874 5038 eum
900 4987 965 5041 de
993 4988 1106 5042 suis
1151 4986 1427 5041 laboribus
1452 4987 1587 5039 nihil
1625 5002 1711 5041 re-

172 5076 367 5132 misisse
409 5078 768 5147 perspicimus
799 5093 863 5131 et
895 5079 979 5133 his
1004 5095 1125 5148 quae
1151 5094 1310 5148 supra
1343 5080 1410 5134 ab
1442 5079 1531 5133 illo
1572 5081 1713 5133 dicta

172 5168 462 5233 retulimus,
490 5184 611 5223 cum
640 5169 921 5225 Athanasii
950 5171 1217 5242 Ancyraui
1260 5178 1431 5227 morte
1460 5187 1712 5241 magnum

171 5260 467 5319 prasidium
499 5260 789 5315 amisisset.

230 5526 301 5589 (al
336 5528 440 5595 Ep.
466 5528 554 5584 66.

232 5596 301 5731 ἑὸ)
336 5599 579 5655 διηοιιι..
615 5598 708 5655 lib.
742 5615 819 5667 τι,
846 5618 894 5657 c.
934 5600 1015 5656 19..

252 5678 295 5731 c)
343 5667 444 5731 Ep.
472 5668 595 5722 218.

252 5678 295 5731 c)
343 5667 444 5735 Ep.
472 5668 595 5722 218.

234 5737 307 5873 ἑά)
342 5737 439 5803 Ep.
472 5737 597 5799 265,
634 5756 687 5792 n.
716 5739 771 5793 5.

256 5808 297 5873 ρ)
340 5805 582 5873 εμειι,
613 5827 665 5862 ιι.
704 5812 759 5862 :2.

256 5808 297 5875 ρ)
340 5805 582 5876 εμειι,
613 5827 665 5862 ιι.
704 5812 759 5862 :2.

1815 4624 1997 4679 Romae
2022 4625 2144 4681 fidei
2173 4625 2398 4680 Nicmnze
2424 4624 2814 4692 subscripsisse
2852 4642 2863 4675 :
2896 4638 3016 4675 nam
3044 4620 3143 4673 hoc
3170 4618 3285 4685 ipso
3321 4617 3375 4667 iu

1816 4717 1934 4771 loco
1970 4717 2187 4770 aiteum
2228 4717 2539 4787 depOpulari
2574 4716 2731 4768 ﬁdem
2778 4716 2848 4768 ob
2894 4729 3049 4781 quam
3087 4716 3374 4774 susceptus

1813 4817 1913 4862 est.
1948 4807 2052 4862 Sed
2084 4824 2204 4863 cum
2240 4810 2402 4862 multa
2436 4809 2537 4860 alia
2582 4808 2725 4861 inter
2752 4805 3021 4859 Liberium
3073 4811 3127 4853 et
3172 4799 3375 4867 legatos

1816 4901 2246 4955 intercessissent
2276 4904 2391 4966 (eos
2419 4901 2563 4953 enim
2617 4915 2722 4952 non
2762 4898 2915 4951 facile
2961 4894 3181 4948 admisit
3212 4889 3375 4942 Libe-

1814 4993 1946 5055 rius,
1970 5000 2104 5045 teste
2127 4990 2350 5046 Socrate
2378 4988 2445 5061 [j]
2468 4992 2508 5059 ),
2530 5005 2634 5043 non
2661 4990 2805 5058 parvi
2840 4990 3097 5040 intererat
3124 4980 3372 5034 Ecclesiis

1814 5082 2105 5150 signiﬁcari
2134 5082 2451 5151 quibusnam
2510 5080 2889 5133 conditionibus
2925 5083 3197 5141 susceptus
3241 5080 3371 5123 esset

1815 5172 2147 5227 Eustathius.
2219 5172 2448 5240 Conjieit
2524 5172 2768 5226 eruditus
2834 5170 3010 5223 editor
3068 5166 3369 5217 litterarum

1812 5265 2133 5320 Pontificum
2184 5266 2565 5329 Romanorum,
2602 5264 2877 5327 Basiliam,
2912 5277 3034 5315 cum
3083 5255 3369 5328 epistolam

1886 5536 1951 5603 (fl
1980 5536 2075 5602 ED-
2102 5536 2205 5601 216

1880 5610 1950 5675 (g,
1981 5605 2072 5672 Ep.
2104 5607 2187 5658 67.

1880 5674 1955 5746 (It)
1983 5676 2078 5738 Ep.
2106 5676 2231 5741 2-H,
2266 5693 2317 5728 ιι.
2344 5676 2397 5741 5,
2444 5674 2568 5743 265,
2596 5692 2648 5729 ιι.
2680 5676 2732 5731 5.

1881 5749 1943 5810 (ἱ)
1974 5746 2111 5799 Ibid.

1880 5816 1944 5885 (j)
1980 5816 2092 5869 Lib.
2128 5830 2201 5882 iv,
2234 5830 2281 5869 c.
2320 5814 2399 5868 l2.
