4068 6320
665 406 790 446 XLVI

2041 381 2408 439 PROLEGOM
2417 377 2565 435 ENA.

665 505 775 561 565
809 508 1091 572 scriberet,
1130 516 1278 576 gesta
1313 505 1499 578 synodi
1537 504 1836 573 Tyanensis
1895 516 1962 558 ex
2021 501 2231 555 incerto
2261 503 2308 556 A
2337 496 2493 566 legali
2529 494 2886 558 mitterentur,
2915 493 3158 562 pluribus
3193 493 3325 548 locis
3369 495 3547 550 babita
3591 505 3718 553 sunt
3762 511 3906 550 con-

668 609 876 652 tantum
901 612 1116 650 rumore
1140 601 1352 668 cognita
1387 597 1662 659 habuisse,
1690 611 1809 667 qua:
1839 602 2024 663 postea
2068 605 2230 646 accu-

668 693 842 745 ratius
905 690 1178 758 cognovit,
1224 689 1504 750 epistolam
1551 687 1658 740 ΞΗ
1708 685 1967 743 scribens.
2022 681 2232 737 Inutilis

667 796 889 853 prorsus
926 782 1038 835 brae
1066 783 1398 852 conjectura,
1431 795 1555 834 cum
1587 779 1808 849 epistola
1831 775 1935 830 265
1970 776 2233 846 posterior

669 876 758 932 sit.
803 883 861 925 ut
895 873 1139 926 omittam
1173 871 1623 925 verisimillimum
1659 885 1795 930 esse,
1819 868 2070 921 Basiliam
2111 879 2232 919 cum

669 965 925 1033 episcopo
953 981 1050 1020 suo
1085 967 1148 1018 ad
1179 965 1442 1035 synodum
1475 953 1810 1035 Tyanenscm
1844 962 2077 1014 venisse.

747 1056 835 1108 Vl.
879 1056 1121 1126 Magnam
1157 1073 1284 1112 sane
1319 1058 1515 1111 Basilio
1549 1055 1756 1109 laudem
1793 1053 2025 1106 detrahit
2056 1050 2235 1119 opinio

669 1147 1034 1214 Tillemontii,
1079 1153 1167 1217 qui
1203 1151 1328 1203 dum
1381 1166 1500 1203 eum
1551 1149 1599 1200 in
1650 1146 1954 1200 solitudinis
2004 1143 2236 1195 latebras

671 1241 818 1294 abdit
847 1247 912 1295 ab
945 1257 1084 1294 anno
1120 1242 1223 1294 565
1267 1254 1432 1306 usque
1460 1238 1524 1291 ad
1559 1236 1684 1300 366,
1715 1240 1916 1288 nullam
1945 1235 1990 1287 ci
2024 1245 2233 1300 partem

671 1331 756 1384 his
786 1333 837 1383 in
873 1334 1030 1384 rebus
1064 1331 1332 1398 relinquit.
1389 1329 1493 1382 Sed
1539 1329 1663 1398 quia
1715 1327 2056 1382 doctissimus
2103 1324 2238 1379 scri-

671 1431 816 1488 ptor,
857 1438 956 1476 cur
999 1423 1177 1475 Basilii
1210 1421 1438 1475 reditum
1486 1420 1696 1488 longius
1731 1419 1958 1479 diﬂ‘erat,
2001 1417 2103 1471 hoc
2144 1431 2238 1485 po-

676 1514 940 1567 tissimum
990 1513 1181 1565 nititur
1230 1521 1563 1580 argumento,
1610 1513 1752 1580 quod
1799 1509 2033 1580 synodus
2080 1508 2238 1562 Lam-

672 1618 905 1671 psacena
952 1620 1092 1658 anno
1128 1604 1232 1657 565
1264 1602 1444 1656 habita
1481 1601 1638 1656 fuerit
1672 1603 1770 1671 (τι),
1805 1602 2107 1668 persecutio
2140 1613 2237 1649 au-

675 1705 781 1744 tem
811 1694 877 1748 ad
921 1710 1117 1748 annum
1151 1703 1463 1762 sequentem
1497 1696 1794 1764 pertineat,
1826 1690 2236 1745 examinandum

675 1784 834 1839 nobis
895 1798 976 1840 est
1033 1800 1269 1854 quonam
1317 1801 1458 1840 anno
1502 1786 1616 1856 lnec
1657 1784 1893 1852 synodus
1932 1779 2237 1834 collocanda

675 1870 765 1924 sit.

746 1963 1163 2031 Lampsacenam
1188 1967 1444 2036 synodum
1470 1964 1542 2034 (ὁ)
1563 1966 1627 2018 ab
1645 1978 1783 2016 anno
1802 1962 1906 2017 564
1931 1963 2103 2019 divelli
2134 1980 2235 2018 non

680 2053 865 2106 sinunt
891 2055 1336 2109 circumstantia}.
1368 2055 1607 2110 Licentia
1639 2056 1864 2124 cogendi
1894 2057 2104 2109 coacilii
2135 2069 2238 2106 non

678 2160 706 2197 a
744 2144 964 2200 Valente
1009 2148 1231 2216 petitur,
1277 2149 1370 2202 sed
1416 2164 1443 2200 a
1477 2146 1874 2214 Valentiniano,
1912 2147 2002 2215 qui
2056 2144 2240 2199 relicta

678 2238 1166 2309 Εοιιειιιιιιίιιομοιί,
1196 2240 1422 2295 Romam
1452 2245 1804 2302 contendens,
1835 2243 1936 2292 iter
1964 2254 2057 2306 per
2079 2239 2243 2291 Thra-

677 2333 814 2385 ciam
861 2332 1111 2388 facieliitt.
1161 2335 1458 2404 Βρευοιιδὶο
1509 2334 1845 2397 imperatoris
1889 2331 2110 2383 minime
2155 2346 2244 2384 re—

679 2424 820 2478 dolet
851 2425 1122 2494 ingenium
1157 2427 1416 2481 Valentis.
1447 2427 1535 2479 Sic
1565 2426 1706 2476 enim
1749 2423 2026 2490 respondit
2055 2439 2066 2474 :
2110 2421 2245 2472 Mitti

677 2517 886 2581 quidem
921 2519 976 2568 in
1010 2517 1261 2569 [uicorum
1294 2518 1475 2568 ordine
1501 2518 1782 2570 constituto
1815 2516 1894 2584 fas
1917 2532 2017 2566 non
2048 2513 2247 2566 est/tu-

671 2604 908 2673 jusmodi
942 2609 1150 2676 negotia
1187 2610 1446 2661 curiosius
1489 2611 1756 2673 scrutari;
1794 2610 2088 2661 sacerdotes
2131 2624 2244 2660 vero

676 2699 865 2766 quibus
899 2700 953 2751 id
982 2717 1121 2752 cura:
1148 2710 1246 2766 est,
1278 2703 1493 2754 seorsim
1526 2702 1813 2768 ubicunque
1845 2703 2101 2754 voluerint
2133 2717 2250 2753 con-

679 2785 906 2837 veniant.
956 2786 1134 2855 chati
1182 2803 1210 2839 a
1247 2788 1475 2840 concilio
1512 2790 1661 2842 missi
1719 2789 1997 2842 Valentem
2049 2793 2247 2843 adeunt

682 2873 976 2940 Heracleze,
1026 2891 1054 2930 e
1107 2875 1334 2931 Thracia
1385 2886 1494 2931 tum
1557 2888 1943 2933 revertentem.
2000 2879 2244 2932 Fratrem

683 2967 828 3019 enim
859 2965 1116 3022 Sirmium
1170 2983 1340 3038 usque
1384 2969 1668 3023 comitatus
1705 2967 1900 3022 fuerat.
1950 2968 2073 3022 Haec
2116 2983 2242 3038 pro.

684 3056 824 3108 l‘ecto
868 3072 991 3110 eum
1033 3073 1172 3112 anno
1220 3059 1321 3112 564
1365 3060 1584 3116 omnino
1631 3061 1920 3115 cohaerent.
1973 3059 2097 3114 Plus
2148 3061 2245 3114 tri—

685 3143 954 3199 buendum
988 3149 1070 3202 his
1110 3150 1537 3204 circumstantiis
1578 3167 1698 3220 qua:
1741 3163 2032 3204 narrantur
2076 3167 2104 3203 a
2149 3153 2248 3205 So-

2334 589 2454 642 cilia
2493 586 2583 657 (c),
2615 594 2672 638 ut
2709 589 2945 659 Smyrna:
2977 587 3027 639 in
3073 589 3218 654 Asia,
3259 597 3416 657 atque
3453 589 3613 642 etiam
3651 593 3704 644 in
3754 590 3906 646 Pisi-

2335 681 2443 746 dia,
2481 680 2703 744 Isauria,
2737 680 3045 748 Pamphylia
3080 694 3133 733 et
3173 682 3353 752 Lycia.
3393 679 3483 734 His
3520 691 3695 735 autem
3727 685 3904 738 rebus

2334 771 2767 840 percommodum
2820 782 3026 839 tempus
3060 770 3178 836 fuit,
3213 775 3408 827 bellum
3445 773 3709 838 Procopii,
3745 776 3902 843 quod

2335 867 2401 918 ab
2437 870 2621 916 arstate
2655 864 2779 915 anni
2821 863 2924 917 565
2956 878 3124 932 usque
3151 865 3213 914 ad
3248 879 3483 918 mensem
3519 862 3715 916 Maium
3769 868 3909 920 anni

2336 954 2461 1020 566,
2489 952 2761 1007 Valentem
2799 954 3045 1008 detinuit.
3100 954 3165 1005 At
3207 953 3296 1021 qui
3341 958 3598 1021 synodum
3630 953 3911 1020 Lampsa-

2336 1061 2520 1099 cenam
2563 1045 2627 1097 ad
2667 1060 2863 1097 annum
2896 1046 2998 1099 565
3031 1044 3286 1108 referunt,
3336 1044 3480 1096 varia
3529 1048 3615 1100 illa
3660 1045 3908 1100 concilia

2337 1148 2389 1190 et
2417 1139 2731 1208 legationem
2780 1153 2919 1190 anno
2950 1138 3191 1206 sequenti
3233 1131 3336 1189 566
3377 1135 3636 1191 collocare
3689 1150 3908 1204 coutin—

2340 1238 2462 1281 tur:
2502 1244 2606 1298 quo
2644 1239 2879 1295 tempore
2908 1229 3180 1284 Valentem
3227 1228 3363 1281 bello
3393 1225 3534 1280 civili
3570 1228 3899 1280 defunctum

2335 1319 2505 1375 latere
2540 1319 2897 1374 dillieillitnum
2945 1332 3078 1375 erat.
3109 1319 3410 1384 Quinetiam
3455 1319 3522 1371 ita
3558 1332 3674 1373 sese
3713 1322 3765 1374 in
3807 1333 3907 1372 ar-

2338 1422 2480 1465 ctum
2507 1411 2816 1479 conjiciunt,
2841 1420 2897 1463 ut
2921 1412 3102 1478 pedem
3130 1411 3326 1464 referre
3347 1425 3450 1464 non
3479 1410 3702 1478 possint.
3759 1411 3908 1464 Nam

2337 1520 2456 1558 cum
2496 1504 2782 1573 Procopius
2824 1503 2993 1556 victus
3025 1518 3127 1556 non
3177 1501 3334 1555 fuerit
3382 1504 3480 1556 nisi
3529 1515 3710 1554 mense
3756 1501 3909 1556 Maio

2339 1595 2463 1648 anni
2497 1595 2599 1648 566
2639 1609 2864 1662 cumque
2922 1592 3165 1647 Liberius
3202 1606 3332 1661 papa
3368 1608 3547 1646 mense
3578 1589 3905 1659 Septembri

2339 1685 2576 1754 ejusdem
2604 1686 2728 1738 anni
2767 1685 2982 1747 obierit,
3019 1683 3283 1752 quomodo
3315 1684 3452 1735 inlra
3489 1683 3615 1736 illud
3662 1691 3907 1748 tempus,

2340 1778 2479 1847 quod
2510 1791 2538 1829 a
2573 1792 2755 1831 mense
2787 1778 2923 1832 Maio
2952 1779 3017 1830 ad
3050 1776 3417 1844 Septembrem
3462 1772 3683 1837 efﬂuxit,
3720 1782 3802 1825 tot
3841 1786 3911 1824 ac

2271 1871 2314 1928 B
2345 1877 2506 1921 tanta:
2538 1882 2625 1920 res
2654 1869 2900 1921 concludi
2933 1874 3156 1937 possint,
3187 1866 3541 1935 negotiorum,
3569 1879 3690 1932 qua}
3718 1876 3912 1932 super-

2341 1975 2461 2013 essc
2486 1957 2657 2013 solent
2685 1967 2803 2027 post
2828 1958 3023 2011 bellum
3054 1957 3230 2020 civile,
3260 1953 3673 2015 administratio,
3706 1951 3912 2006 deinde

2340 2055 2642 2122 persecutio
2669 2053 2720 2105 in
2764 2051 2926 2104 variis
2959 2049 3270 2119 provinciis,
3297 2063 3426 2115 quas
3461 2046 3762 2115 peragravit
3792 2044 3909 2098 Va-

2341 2143 2478 2206 lens,
2520 2145 2891 2212 cpise0porum
2924 2139 3085 2192 variae
3116 2139 3252 2192 inter
3291 2152 3349 2190 se
3388 2136 3806 2190 deliberationes
3839 2149 3911 2187 ac

2341 2238 2489 2289 varia
2527 2237 2775 2300 concilia,
2807 2236 3098 2306 legatorum
3134 2233 3359 2300 denique
3387 2230 3643 2293 delectus,
3671 2246 3904 2282 eorum-

2343 2341 2447 2394 que
2487 2325 2538 2377 in
2586 2326 2771 2377 urbem
2807 2326 3028 2377 Romam
3064 2325 3338 2386 adventus,
3391 2319 3477 2373 ubi
3520 2333 3640 2372 cum
3683 2317 3913 2370 Liberio

2346 2416 2410 2468 de
2438 2415 2596 2468 rebus
2625 2414 2856 2466 Orientis
2885 2425 3132 2482 egerunt,
3179 2415 3332 2483 eique
3387 2411 3648 2466 dederunt
3692 2407 3914 2461 litteras

2346 2515 2398 2561 et
2430 2508 2496 2561 ab
2524 2522 2588 2560 eo
2615 2513 2959 2575 acceperunt.

2953 2595 3175 2651 CAPUT
3219 2597 3306 2650 XI.

2346 2696 2387 2751 1.
2425 2696 2693 2762 Quomodo
2734 2693 3017 2762 presbyteri
3076 2707 3284 2743 munere
3342 2691 3411 2762 ἱηΔ
3446 2691 3563 2754 ipsa
3614 2689 3742 2762 urbe
3793 2704 3918 2762 ρες-

2446 2759 2625 2819 itnctus
2673 2759 2920 2818 Basilius.
2955 2763 3011 2815 Il.
3047 2762 3122 2814 De
3155 2761 3296 2814 illius
3335 2759 3561 2822 epistolis
3604 2761 3671 2812 €22
3718 2771 3762 2809 ct
3815 2759 3914 2810 ΞΒ.

2446 2779 2625 2819 unctus
2673 2770 2920 2818 Basilius.
2956 2770 3011 2815 ll.
3047 2770 3122 2814 De
3155 2770 3296 2814 illius
3335 2770 3561 2822 ejustotts
3604 2770 3671 2812 τιτι
3718 2771 3762 2809 ct
3815 2770 3914 2810 2.).

2418 2770 2501 2890 ill.
2533 2837 2773 2890 Charitas
2804 2835 2988 2886 Basilii
3017 2833 3151 2899 fame
3184 2841 3465 2897 grassante.
3502 2828 3585 2882 IV.
3613 2831 3918 2899 Dug_ea_de

2419 2922 2472 2957 re
2499 2908 2788 2957 testimonia
2821 2895 3055 2966 Gregorii
3081 2895 3298 2969 Nysvseni
3326 2901 3668 2958 explicantur.
3703 2895 3770 2950 ν.
3797 2896 3915 2949 Fu-

2417 2991 2521 3027 mes
2553 2985 2655 3026 toto
2684 2991 2818 3025 anno
2844 2973 2944 3025 563
2972 2971 3287 3038 perduravit.

2418 3065 2457 3118 l.
2501 3064 2604 3119 Sed
2646 3078 2784 3116 nunc
2822 3063 3143 3115 redeundum
3196 3059 3346 3113 nobis
3379 3068 3460 3114 est
3494 3060 3917 3120 Cresaream,.et

2350 3159 2475 3229 quid
2509 3157 2580 3211 ibi
2617 3153 2895 3223 presbyter
2927 3152 3152 3222 gesserit
3180 3150 3428 3212 Basilius,
3464 3157 3716 3202 narrante
3761 3150 3916 3202 Gre-

682 3246 934 3298 zomeno,
955 3249 1112 3301 quam
1135 3237 1273 3288 notis
1302 3239 1696 3300 consularibus,
1722 3254 1854 3306 quas
1873 3241 2122 3293 Socrates
2143 3257 2246 3294 nott
2277 3222 2318 3278 (οἶ
2353 3222 2524 3319 {im-io,
2558 3222 2904 3302 audiendum.
2939 3243 3025 3300 Sic
3062 3245 3219 3313 igitur
3251 3244 3422 3313 pergit
3452 3240 3755 3308 Tlteologus
3788 3237 3913 3310 (d):

683 3339 751 3378 ex
792 3324 943 3378 Actis
973 3324 1184 3378 concilii
1212 3325 1564 3395 Lampsaceni
1613 3327 1775 3390 eruit,
1822 3329 1937 3389 sed,
1997 3338 2053 3379 ut
2107 3344 2249 3395 suspe

685 3417 841 3480 alias,
889 3432 955 3470 ex
999 3419 1229 3486 propriis
1284 3419 1624 3492 conjecturis.
1678 3416 1790 3472 Hoc
1839 3419 1951 3487 ipso
1997 3420 2140 3472 enim
2195 3421 2247 3472 iu

688 3506 804 3559 loco
855 3508 1052 3561 bellmn
1106 3512 1364 3565 adversus
1412 3511 1731 3578 Procopium
1784 3529 1925 3568 anno
1976 3515 2248 3584 sequenti,

686 3597 947 3653 Gratiano
994 3610 1045 3653 et
1096 3606 1421 3672 Dagalaqibo
1471 3608 1819 3670 consulibus,
1866 3608 1916 3660 id
1965 3617 2046 3662 est
2110 3624 2251 3664 anno

689 3689 817 3756 566,
850 3692 964 3761 geri
998 3695 1222 3762 cmpisse
1264 3708 1465 3749 narrat.
1495 3698 1549 3750 In
1577 3714 1682 3766 quo
1711 3701 1927 3766 quidem
1976 3703 2250 3755 nobiscum

690 3782 839 3848 facit,
873 3800 936 3838 ac
976 3785 1303 3841 Ti!lemonlii
1349 3789 1673 3842 sententiam
1716 3792 1928 3854 evertit,
1977 3794 2101 3845 dum
2145 3797 2254 3847 bel-

687 3876 797 3929 lum
830 3878 986 3932 civile
1023 3895 1162 3933 anno
1203 3891 1319 3950 post
1357 3882 1617 3941 synodum
1645 3880 2064 3949 Lampsaeeuam
2095 3899 2252 3935 exor»

689 3976 801 4021 tum
844 3982 965 4022 esse
1013 3981 1213 4022 narrat.
1264 3973 1392 4024 [tum
1450 3985 1627 4026 autem
1679 3974 1817 4026 idem
1872 3973 2066 4027 bellum
2115 3975 2254 4028 Gra-

691 4059 839 4115 tiano
880 4071 932 4114 et
981 4060 1302 4130 Dagalaipbo
1352 4066 1680 4132 consulibus,
1726 4068 1776 4119 id
1827 4080 1910 4120 est
1963 4083 2104 4121 anno
2152 4067 2254 4121 566

692 4153 808 4218 geri
857 4154 1082 4222 cepisse
1140 4157 1304 4216 dicit,
1349 4167 1456 4211 tota
1503 4169 1648 4212 errat
1701 4160 1822 4222 via,
1875 4177 1971 4215 nec
2022 4161 2128 4229 jam
2172 4162 2254 4224 ei,

692 4240 819 4295 dum
896 4246 1156 4315 synodum
1232 4246 1651 4316 Lampsaceuam
1720 4252 1928 4306 duobus
2004 4253 2258 4322 Augustis

691 4333 928 4400 primum
989 4339 1299 4392 consulibus
1353 4341 1587 4394 habitam
1644 4342 1844 4408 refert,
1898 4356 2042 4397 tanta
2101 4347 2258 4398 attri-

694 4424 905 4477 buenda
955 4438 1038 4480 est
1104 4429 1426 4495 auctoritas,
1479 4443 1742 4499 quantam
1799 4436 2043 4490 attribuit
2093 4435 2259 4489 Tille-

694 4519 947 4571 montius.

767 4608 923 4662 Aliud
974 4610 1127 4664 nobis
1158 4623 1534 4680 argumentum
1578 4618 1886 4684 suppeditat
1937 4621 2258 4686 persecutio,

696 4716 817 4770 qua:
857 4719 977 4757 cum
1010 4721 1149 4760 anno
1180 4707 1284 4760 565
1321 4719 1566 4766 grassata
1595 4709 1686 4774 sit,
1731 4719 1789 4763 ut
1836 4727 1996 4779 supra
2041 4713 2263 4767 demon-

699 4805 947 4861 stratum,
981 4810 1032 4852 et
1062 4802 1344 4855 concilium
1378 4801 1800 4869 Lampsacenum
1848 4805 2135 4858 subsecuta
2169 4807 2260 4871 sit,

701 4898 758 4940 ut
801 4904 985 4944 oznnes
1018 4891 1276 4956 fatentur,
1311 4897 1614 4949 certissimo
1651 4907 1963 4964 argumento
2006 4907 2088 4951 est
2123 4897 2261 4952 hanc

698 4972 957 5049 synodum
986 4999 1125 5037 anno
1156 4986 1259 5038 564
1295 4988 1532 5040 habitam
1568 4988 1749 5042 fuisse.

773 5073 888 5141 Ipsa
916 5076 1143 5145 denique
1170 5079 1335 5131 series
1359 5088 1412 5132 et
1432 5081 1684 5147 junctura
1709 5095 1892 5132 earum
1920 5096 2116 5146 rerum,
2143 5095 2260 5148 qua:

693 5183 722 5220 a
766 5168 968 5236 synodo
1012 5167 1374 5238 Lampsacena
1409 5186 1577 5240 usque
1613 5174 1676 5226 ad
1713 5176 2045 5246 Tyanensem
2097 5173 2264 5224 inter-

699 5270 1005 5324 cesserunt,
1048 5263 1272 5315 mirilice
1315 5265 1543 5331 quadrat
1584 5270 1633 5320 in
1679 5285 1741 5321 ea
1790 5282 1947 5336 quam
1991 5265 2266 5331 sequimur

703 5352 1002 5416 sententia;
1033 5343 1088 5404 at
1119 5354 1170 5406 in
1198 5353 1448 5423 opinione
1473 5356 1793 5412 Tillemontii
1821 5359 2031 5427 penitus
2061 5357 2267 5410 discon-

705 5443 867 5494 venit.
903 5441 1224 5511 Legatorum
1265 5448 1315 5499 in
1365 5447 1710 5502 Occidentem
1747 5450 2124 5502 mittendorum
2174 5463 2266 5499 ne-

703 5535 1011 5589 cessitatem
1041 5538 1219 5590 attulit
1246 5541 1635 5606 persecutionis
1671 5541 1943 5595 violentia:
1978 5549 2262 5608 antequam

779 5740 851 5805 (Nl
898 5739 1053 5793 Tom.
1083 5738 1165 5796 Vl.
1204 5747 1312 5790 not.
1344 5739 1432 5802 8|,
1459 5744 1547 5808 82,
1578 5746 1628 5799 in
1659 5746 1902 5797 Arianae.

782 5810 853 5881 (ιι)
897 5817 1109 5867 Soloni.
1137 5810 1226 5863 lib.
1257 5825 1324 5878 γι,
1362 5830 1407 5866 c.
1442 5814 1490 5866 7.

2289 4573 2338 4629 D

2353 3346 2461 3413 Τῆς
2502 3344 2592 3394 καὶ
2637 3340 2762 3412 περὶ
2809 3339 2905 3409 τὴν
2953 3336 3268 3407 Ἐκκλησίαν
3315 3333 3409 3386 τοῦ
3454 3332 3641 3403 ἀνδρὸς
3680 3332 3924 3402 κηδεμο-

2350 3434 2468 3494 νίας
2506 3434 2598 3485 καὶ
2641 3430 3000 3502 προστασίας,
3044 3429 3211 3482 πολλὰ
3249 3428 3345 3497 μὲν
3390 3427 3483 3479 καὶ
3530 3426 3660 3477 ἄλλα
3709 3427 3922 3496 γνωρί-

2353 3542 2552 3596 σματα,
2590 3525 2868 3593 παῤῥηπία
2899 3524 3030 3592 πρὸς
3061 3523 3321 3592 ἄρχοντας
3349 3520 3472 3582 τούς
3507 3537 3564 3571 τε
3601 3519 3792 3581 ἄλλους
3824 3519 3924 3571 καὶ

2353 3622 2475 3683 τοὺς
2522 3616 2921 3676 δυνατωτάτους
2975 3616 3071 3682 τῆς
3123 3613 3356 3674 πόλεως’
3403 3613 3667 3678 διαῳορῶν
3734 3611 3926 3669 λύσεις

2354 3715 2452 3767 οὐκ
2499 3708 2920 3778 ἀπιστούμεναι,
2958 3705 3068 3758 ἀλλ’
3105 3704 3206 3756 ὑπὸ
3244 3705 3341 3772 τῆς
3373 3703 3575 3754 ἐκείνου
3607 3701 3788 3770 φωνῆς
3811 3719 3928 3771 ατρ-

2356 3803 2638 3873 ποὺμενειι,
2688 3801 2837 3870 νόμῳ
2890 3797 2964 3868 τῷ
3009 3795 3189 3866 τρόπῳ
3235 3792 3530 3864 χρώμενδῑι,
3588 3793 3924 3862 προστασίαι

2354 3895 2460 3947 τῶν
2513 3893 2797 3961 δεομένων,
2849 3893 2900 3942 αἱ
2948 3890 3040 3959 μὲν
3090 3888 3301 3949 πλείους
3363 3886 3758 3955 renouata/.11,
3815 3886 3924 3938 οὐκ

2354 3986 2527 4053 ὀλίγαι
2570 3985 2622 4035 δὲ
2657 3986 2747 4034 καὶ
2792 3982 3127 4048 animumi-
3182 3980 3271 4030 καὶ
3313 3979 3419 4048 γὰρ
3469 3979 3559 4031 καὶ
3592 3976 3748 4030 τοῦτο
3787 3979 3923 4030 πολ-

2354 4076 2506 4135 λάκις
2534 4077 2609 4136 εἰς
2638 4074 2810 4142 ψυχὴν
2839 4071 2990 4140 φέρει
3025 4071 3090 4122 δι’
3115 4071 3322 4130 εὐνοίας
3353 4069 3702 4139 ὀουῖιούμενον
3723 4087 3735 4098 ·
3771 4087 3925 4121 πτωο

2356 4168 2669 4239 χοτροφίαι,
2707 4163 3028 4232 ξενοδοχίαι,
3078 4159 3498 4231 παρθενοκομίεκι
3526 4201 3538 4218 ,
3610 4161 3924 4228 νομοθεσὶαι

2362 4253 2636 4325 aovatorth
2659 4251 2918 4321 ἐγείραοοὶ
2938 4268 2994 4303 τε
3023 4251 3116 4302 καὶ
3137 4250 3367 4320 ἄγραφοι
3385 4266 3397 4277 ο
3425 4249 3592 4317 εὐχῶν
3613 4249 3885 4314 διατάξεις
3907 4291 3918 4309 ,

2359 4347 2641 4416 εὐκοσμίαι
2680 4344 2768 4396 τοῦ
2823 4344 3078 4414 βήματος,
3125 4342 3192 4392 τὰ
3251 4341 3382 4394 ἄλλα
3421 4337 3500 4403 οἷς
3653 4344 3676 4391 ὁ
3703 4341 3923 4412 ἀ).η6ὦς

2361 4441 2639 4509 ἄνθρωπος
2667 4437 2758 4488 τοῦ
2789 4435 2920 4487 Θεοῦ
2952 4438 3043 4488 καὶ
3081 4435 3216 4506 μετᾶ
3243 4435 3373 4487 Θεοῦ
3407 4435 3759 4502 τεταγμένος,
3791 4435 3924 4487 λαὸν

2364 4529 2705 4598 ὼτεελήσειεν.
2738 4527 2858 4579 Jam
2893 4544 3003 4580 vero
3052 4527 3211 4592 ipsius
3264 4541 3383 4592 erga
3441 4522 3732 4577 Ecclesium
3780 4541 3924 4575 cura:

2368 4637 2427 4672 ac
2489 4618 2718 4683 rra'sidii
2779 4633 3072 4685 quanquam
3124 4613 3284 4665 multa
3345 4631 3540 4681 quoque
3577 4615 3680 4666 aiia
3722 4614 3926 4665 indicia

2368 4722 2515 4776 sunt,
2562 4710 2771 4761 libertas
2809 4709 2877 4759 ad
2929 4708 3204 4770 pra'sides,
3247 4721 3360 4756 cum
3394 4705 3545 4766 alios,
3589 4718 3690 4756 tum
3735 4713 3923 4770 potem

2367 4805 2591 4856 tissimos
2632 4815 2858 4868 quosque
2919 4800 3158 4861 civitatis,
3208 4797 3672 4849 controversiarum
3723 4796 3922 4846 direm-

2367 4895 2569 4962 ptiones
2618 4904 2937 4959 nequaquam
2975 4897 3241 4954 snspertm,
3272 4887 3360 4938 sed
3403 4886 3463 4937 ab
3512 4886 3621 4947 eius
3655 4899 3773 4935 voce
3815 4885 3929 4953 for.-

2365 4998 2520 5038 mata:
2552 5001 2610 5035 ac
2658 4985 2971 5044 constituta’,
3001 4981 3250 5047 modoque
3287 4990 3528 5040 tanquam
3563 4977 3668 5043 lege
3698 4986 3924 5031 utentes.

2368 5077 2621 5144 egentium
2659 5075 2966 5142 patrocinia,
3013 5071 3163 5137 plura
3218 5070 3418 5137 quidem
3454 5068 3785 5132 spiritantia,
3835 5069 3926 5118 sed

2372 5181 2541 5222 tamen
2590 5181 2841 5235 corporea
2879 5180 2978 5216 non
3007 5179 3173 5228 pauca
3209 5165 3347 5228 (nam
3373 5159 3425 5210 id
3463 5175 3658 5227 quoque
3687 5175 3925 5225 su'penu-

2373 5277 2508 5313 utero
2540 5260 2607 5311 ad
2636 5259 2859 5309 animant
2889 5254 3070 5315 tendit,
3107 5269 3195 5318 per
3232 5249 3625 5303 benevolentiam
3659 5247 3923 5315 subigens,

2372 5370 2430 5404 ac
2474 5351 2607 5404 velut
2662 5350 2714 5400 in
2764 5346 3056 5399 servitutem
3103 5342 3352 5407 trahens),
3384 5355 3668 5406 pauperum
3701 5339 3924 5390 alendo-

2374 5461 2509 5504 rum,
2538 5444 2790 5505 hospitum
2828 5437 3261 5503 excipiendorum,
3290 5434 3540 5501 virginum
3571 5431 3925 5482 curandarnru

2374 5537 2635 5596 studium,
2691 5531 3094 5583 ntonasticarum
3138 5527 3306 5592 legum
3345 5523 3694 5577 institutiones
3734 5522 3926 5589 partim

2449 5737 2517 5801 (ι’)
2562 5735 2764 5796 Soerat.
2799 5733 2887 5784 lib.
2921 5748 2997 5799 III,
3029 5746 3076 5784 c.
3108 5729 3188 5784 12.

2446 5807 2521 5877 (ά)
2563 5805 2652 5860 υτ.
2679 5802 2766 5871 ~20,
2795 5803 2913 5857 sto.
