4094 6308
1538 388 1697 444 VITA
1736 388 1793 443 S.
1830 384 2091 441 BASILII.

3244 406 3389 445 ιινιι

169 515 369 583 scripto,
406 514 603 583 partim
647 528 765 566 voce
808 512 1041 577 tradita’,
1089 528 1298 580 precum
1337 511 1727 580 descriptiones,
1758 518 1804 573 Α
1830 509 1928 578 ptis
1976 507 2228 561 mandata
2272 515 2418 569 sunt,
2465 503 2668 576 colligit
2724 505 3095 560 Tillemontius
3151 509 3389 561 nonduin

166 608 387 661 sacrarii
437 606 856 668 concinnitates,
906 622 968 659 ea
1010 606 1225 673 denique
1282 608 1495 672 omnia,
1526 607 1726 674 'quibus

166 700 422 767 quispiam
469 715 586 751 vere
628 698 718 751 Dei
764 697 915 751 homo
978 714 1039 750 ac
1089 697 1198 751 Deo
1247 699 1543 769 adjunctus,
1591 697 1726 765 plebi

166 793 406 855 prodesse
430 800 608 857 queat.

233 880 348 932 Duo
396 880 705 933 indicantur
734 879 832 933 hoc
875 879 993 933 loco
1034 880 1218 933 Basilii
1271 882 1491 952 insignia
1539 899 1723 953 opera,

167 968 374 1037 Regula
410 972 714 1023 monastica:
752 985 813 1022 ac
857 968 1120 1040 Liturgia.
1174 972 1379 1043 Περαίαν
1411 977 1723 1042 prolixiores

167 1067 281 1112 ante
337 1060 735 1113 ordinationem
796 1061 1009 1128 scripta:
1045 1063 1305 1116 'videntur
1351 1082 1364 1118 :
1405 1066 1538 1120 nihil
1579 1070 1722 1123 enim

168 1150 366 1202 habent
411 1165 481 1203 ex
528 1165 633 1218 quo
666 1148 919 1203 Basilium
970 1160 1095 1204 tunc
1132 1153 1499 1222 presbyterum
1553 1156 1720 1212 fuisse

162 1240 397 1307 iudices;
452 1243 530 1293 ait
574 1242 664 1308 (p.
715 1240 852 1309 5‘27)
916 1251 1117 1294 tantum
1175 1243 1274 1297 sibi
1327 1260 1544 1301 necesse
1604 1262 1725 1304 esse

159 1331 571 1399 iustiﬁcationes
602 1333 689 1385 Dei
721 1334 1042 1387 annuntiare
1069 1352 1082 1387 :
1108 1335 1249 1399 quod
1276 1338 1493 1404 quidem
1526 1350 1722 1396 ascelae

164 1422 446 1490 discipulos
481 1422 777 1475 instituenti
813 1425 1086 1476 convenit.
1116 1423 1232 1479 Non
1259 1441 1386 1496 ergo
1416 1429 1560 1481 aliud
1588 1444 1724 1499 opus

163 1514 355 1565 iudicat
387 1508 678 1581 Gregorius
700 1513 795 1582 (α),
822 1527 941 1564 cum
978 1513 1202 1581 scriptas
1226 1529 1255 1567 a
1286 1531 1345 1568 se
1372 1526 1426 1569 et
1452 1532 1481 1569 a
1512 1516 1707 1571 Basilio

162 1603 439 1655 mouastici
472 1604 698 1657 instituti
741 1605 881 1673 leges
909 1618 1317 1662 commemorat.
1349 1609 1419 1663 At
1450 1610 1501 1662 in
1537 1624 1718 1675 prom-

162 1693 263 1746 mio
343 1692 670 1761 Regularum
735 1695 1024 1749 brevior-um
1112 1699 1394 1752 manifeste
1460 1701 1724 1755 indicatur

160 1786 538 1844 sacerdotium.
566 1802 685 1840 cum
711 1789 819 1841 ait:
847 1788 1071 1843 Necesse
1096 1799 1171 1844 est
1196 1807 1286 1843 nos
1309 1792 1511 1860 quidem
1537 1794 1719 1862 quibus

1830 608 1955 652 tunc
2000 612 2125 650 suas
2159 597 2332 665 ipsum
2380 595 2631 649 Basilium
2682 597 2894 665 regulas
2939 597 3243 667 scripsisse.
3284 598 3386 651 Do-

1828 688 2051 743 ctissimi
2083 690 2182 741 viri
2232 688 2592 756 conjecturam
2636 702 2742 740 non
2778 688 2974 742 invitus
3007 703 3221 756 sequar.
3266 688 3384 744 Sed

1829 782 1955 833 mihi
2001 781 2217 851 probari
2252 797 2356 833 non
2390 789 2581 847 potest,
2613 779 2754 845 quod
2784 780 2924 835 idem
2959 781 3253 845 existimat,
3287 781 3390 834 Ba-

1825 874 2032 935 silium,
2078 888 2198 925 cum
2249 872 2578 925 monasterio
2614 873 2837 925 Pontico
2887 873 3097 927 abesset
3144 873 3210 925 ad
3251 884 3387 926 tem-

1826 980 1943 1033 pus,
1976 966 2089 1017 lttec
2120 965 2429 1031 scripsisse;
2464 978 2691 1031 eumque
2719 979 2873 1031 quem
2922 965 2975 1017 in
3019 964 3121 1019 hac
3160 965 3385 1032 epistola

1824 1054 2185 1117 commendat,
2221 1054 2438 1120 petiisse
2467 1058 2533 1107 ab
2569 1070 2652 1120 eo,
2683 1064 2738 1107 ut
2768 1056 2883 1108 sine
2921 1070 3069 1109 mora
3118 1058 3383 1110 monasti-

1816 1163 1944 1203 .cum
1982 1147 2214 1199 habitum
2250 1146 2350 1199 sibi
2391 1148 2711 1200 concederet
2739 1147 2791 1198 in
2825 1162 2887 1200 eo
2916 1147 3055 1211 loco,
3115 1148 3204 1201 ubi
3255 1158 3382 1201 tunc

1826 1238 2262 1308 peregrinabatur
2292 1238 2544 1294 Basilius.
2584 1238 2933 1292 Monasticum
2964 1241 3105 1293 enim
3134 1240 3284 1294 habit
3333 1260 3381 1293 ιιι

1825 1330 2090 1392 designari
2135 1329 2501 1382 Tillemootius
2531 1338 2684 1396 putat
2716 1330 2799 1384 his
2840 1331 3063 1384 verbis:
3094 1330 3203 1399 Ego
3242 1334 3385 1384 enim

1821 1420 1971 1473 illum
2008 1422 2091 1473 hic
2127 1421 2321 1473 amoris
2360 1436 2481 1489 erga
2517 1420 2681 1473 Deum
2717 1438 2965 1475 coronam
2996 1423 3229 1486 accipere
3274 1434 3386 1476 stu.

1824 1510 2028 1563 dentem
2060 1512 2266 1564 distuli.

1895 1600 2091 1655 Verum
2136 1606 2335 1658 amoris
2371 1618 2495 1673 erga
2530 1602 2692 1657 Deum
2728 1616 2958 1666 corona,
3002 1618 3105 1657 non
3147 1613 3231 1658 est
3267 1619 3385 1658 mo-

1823 1696 2061 1748 naSLicus
2103 1695 2336 1757 habitus,
2369 1697 2459 1747 sed
2501 1709 2706 1748 merces
2736 1711 2763 1747 a
2814 1692 2921 1747 Deo
2970 1702 3155 1748 sancte
3197 1698 3381 1748 viven-

1828 1786 1967 1840 tibus
1999 1787 2282 1853 promissa.
2309 1784 2475 1838 Nemo
2507 1786 2830 1839 induebatur
2874 1787 3168 1839 monastica
3212 1793 3381 1845 veste.

160 1879 404 1930 creditum
438 1890 514 1931 est
546 1896 731 1933 munus
765 1881 1001 1945 docendi,
1034 1890 1246 1948 paratos
1273 1899 1381 1935 esse
1410 1886 1549 1936 omni
1594 1894 1723 1937 tem.
1750 1882 1797 1941 B
1827 1888 1918 1931 aut
1973 1878 2026 1932 in
2083 1877 2369 1931 interiores
2428 1877 2734 1931 monasterii
2806 1877 2947 1931 mdes
2999 1878 3387 1933 admittebatur

156 1986 272 2034 pore
298 1981 347 2023 et
382 1982 650 2038 promptos
677 1973 744 2024 ad
778 1974 1104 2025 instruendus
1135 1975 1577 2044 per/iciendasque
1608 1978 1723 2029 ani-

157 2075 284 2120 mas,
314 2070 358 2111 et
391 2059 547 2112 modo
570 2060 772 2129 publice
794 2076 971 2111 coram
1003 2070 1109 2112 tota
1141 2058 1378 2116 Ecclesia
1417 2064 1717 2126 coniectari,

156 2150 301 2202 modo
330 2152 581 2209 privatim
634 2152 923 2218 permittere
955 2154 1232 2223 unicuique
1274 2145 1475 2215 eorum,
1518 2156 1606 2223 qui
1650 2155 1720 2206 ad

156 2260 242 2296 nos
294 2244 647 2307 accesserint,
694 2253 748 2295 ut
795 2260 889 2297 suo
939 2245 1196 2298 arbitratu
1257 2262 1347 2299 nos
1400 2248 1719 2316 interrogare

154 2338 367 2401 possint,
397 2344 503 2387 etc.
539 2335 613 2389 De
648 2334 885 2403 Liturgia
918 2338 1043 2391 alibi
1075 2352 1314 2407 agemus.

218 2426 279 2482 ll.
339 2428 583 2483 Nondum
606 2429 833 2498 Regulus
856 2430 1142 2496 scripserat
1169 2428 1413 2496 Basilius,
1461 2431 1552 2486 sed
1587 2431 1718 2485 scri-

155 2519 307 2573 bendi
384 2518 498 2586 jam
579 2519 857 2577 consilium
925 2527 1173 2587 ceperat,
1248 2534 1371 2574 cum
1433 2522 1714 2589 epistolam

157 2613 461 2665 vicesimam
496 2611 783 2665 secundum
823 2611 1095 2676 exaravit,
1147 2626 1265 2681 qua!
1316 2620 1397 2667 est
1437 2612 1513 2665 De
1542 2612 1713 2680 perfe-

154 2704 311 2754 ctione
352 2704 473 2755 oitce
505 2701 824 2755 monastica’.
854 2699 912 2755 In
945 2702 1057 2770 ipso
1103 2704 1249 2757 enim
1290 2705 1511 2757 exordio
1547 2714 1714 2760 testa-

154 2806 254 2856 tur,
277 2809 398 2848 cum
430 2794 597 2846 multa
623 2792 752 2856 sint,
780 2809 898 2862 qua:
926 2809 955 2847 ι
986 2794 1270 2863 Scriptura
1297 2795 1707 2864 praecipiuntur,

151 2898 206 2937 se
237 2888 300 2939 de
331 2886 417 2939 his
446 2885 683 2947 interim,
708 2885 773 2937 de
802 2886 1000 2953 quibus
1027 2892 1295 2938 commota
1341 2884 1564 2953 quaestio
1597 2883 1711 2940 fue-

153 2984 251 3037 rat,
280 2974 495 3029 brevem
530 2972 947 3027 admonitionem
981 2973 1374 3041 subiecturum,
1402 2991 1503 3029 non
1546 2990 1709 3045 appo-

151 3068 261 3123 silis
294 3068 591 3135 Scriptum
643 3067 985 3131 testimoniis,
1036 3068 1132 3122 sed
1177 3068 1369 3124 lectori
1423 3071 1487 3124 ad
1538 3085 1707 3141 agno-

149 3155 396 3209 scendum
450 3156 669 3209 relictis.
710 3155 880 3209 Nemo
918 3165 999 3211 est
1040 3172 1171 3212 sane
1202 3160 1318 3228 qui,
1361 3160 1403 3214 si
1441 3160 1707 3229 ejusmodi

1821 1979 1945 2022 ante
1976 1966 2381 2037 professionem,
2419 1976 2471 2020 ut
2506 1976 2651 2034 patet
2694 1982 2759 2019 cx
2801 1968 3070 2036 Interrog.
3097 1982 3131 2020 x
3179 1967 3387 2036 longio-

1820 2075 1938 2113 rum
1994 2058 2119 2130 Reg.
2159 2061 2275 2129 lpsa
2319 2061 2477 2113 etiam
2514 2060 2774 2127 professio
2806 2061 2855 2113 in
2889 2075 2954 2114 eo
3001 2062 3105 2114 sita
3150 2071 3287 2126 erat,
3326 2071 3390 2115 ut

1819 2152 2052 2206 novitius
2085 2153 2321 2220 probatis
2371 2150 2605 2220 legitimo
2665 2162 2905 2219 tempore
2947 2151 3380 2221 periclitatisquc

1825 2246 2099 2307 moribus,
2148 2244 2373 2297 fratrum
2418 2258 2642 2297 numero
2681 2243 3057 2300 ascriberetur.
3107 2244 3385 2310 Quomodo

1817 2350 1945 2405 ergo
1965 2351 1995 2388 a
2028 2335 2219 2389 Basilio
2254 2346 2557 2388 transeunte
2582 2335 2630 2387 id
2658 2334 2875 2401 petitmn
2906 2335 3111 2399 fuisset,
3154 2338 3294 2402 quod
3324 2336 3377 2388 in

1817 2424 1932 2492 ipso
1956 2423 2278 2476 monasterio
2305 2433 2502 2476 tantam
2529 2424 2829 2478 cautionem
2864 2432 2919 2478 et
2946 2424 3383 2477 deliberationem

1815 2515 2151 2583 postulabat?
2169 2514 2215 2568 Is
2232 2530 2379 2583 ergo.
2399 2529 2552 2582 quem
2571 2514 2907 2577 commendat
2924 2513 3386 2579 Basilius,volebat

1815 2621 1934 2661 sese
1991 2608 2045 2661 in
2098 2609 2435 2685 monasterio
2474 2606 2792 2660 Caesariensi
2858 2621 2951 2674 per
3007 2616 3169 2660 totam
3219 2608 3384 2662 vitam

1816 2700 1926 2756 Deo
1968 2716 2314 2763 consecrare,
2365 2701 2547 2768 ibique
2588 2702 2785 2755 amoris
2835 2716 2959 2768 erga
3012 2703 3174 2755 Deum
3222 2716 3382 2754 coro-

1814 2808 1935 2845 nam
1982 2794 2243 2859 accipere.
2291 2788 2472 2856 Neque
2519 2790 2642 2842 illud
2691 2791 2852 2843 etiam
2888 2788 3100 2845 (liﬂicile
3152 2792 3367 2860 perspi-

1813 2884 1975 2945 citur,
2026 2881 2316 2943 Basilium,
2357 2879 2457 2933 etsi
2489 2894 2675 2933 curam
2728 2882 3079 2946 monasterii,
3126 2883 3266 2949 quod
3318 2884 3371 2936 in

1810 2972 1979 3028 Ponto
2011 2972 2343 3033 fundaverat,
2378 2986 2479 3024 non
2510 2972 2728 3026 omnino
2762 2973 3088 3041 abjecisset;
3127 2984 3252 3027 tunc
3301 2984 3381 3027 ta-

1811 3077 1931 3116 men
1964 3077 2069 3117 non
2105 3062 2341 3117 abfuisse
2365 3062 2431 3113 ad
2461 3073 2688 3129 tempus,
2715 3062 2806 3115 sed
2840 3076 3062 3129 prorsus
3089 3063 3368 3116 astrictum

1810 3151 1975 3207 fuisse
2014 3153 2343 3223 presbyterio
2386 3153 2643 3207 Ecclesia:
2687 3152 3062 3209 thsariensis.
3095 3156 3378 3211 Statuerat

147 3248 422 3300 exordium
460 3245 602 3316 legat
648 3250 925 3311 attentius,
957 3264 1062 3303 non
1100 3249 1255 3303 facile
1292 3252 1580 3319 perspiciat
1614 3251 1705 3305 Ba-
1738 3229 1780 3287 ο
1812 3248 1952 3300 enim
1984 3246 2037 3298 in
2078 3245 2202 3298 illud
2241 3245 2622 3298 monasterium
2667 3246 2936 3312 proficisci
2960 3284 2973 3308 ,
3018 3261 3121 3299 non
3164 3256 3220 3300 ut
3258 3247 3374 3316 ipse

146 3337 336 3402 silium,
380 3354 503 3392 cum
549 3352 798 3406 magnum
836 3339 1047 3408 aliquod
1092 3341 1157 3393 de
1204 3340 1468 3395 institutis
1515 3357 1705 3396 mona-

146 3429 290 3483 sticis
332 3445 469 3498 opus
512 3431 882 3492 meditaretur,
936 3431 988 3483 in
1040 3446 1147 3498 quo
1180 3434 1492 3499 apponenda
1548 3443 1704 3485 erant

147 3515 433 3588 Scriptura:
468 3520 804 3583 testimonia,
850 3520 963 3574 haec
998 3520 1214 3573 interim
1272 3522 1506 3574 breviter
1568 3536 1705 3588 prte-

146 3619 291 3675 cepta
342 3613 652 3665 tradidisse.
691 3612 839 3667 Unde
870 3614 1008 3665 hanc
1054 3612 1334 3679 epistolam
1381 3629 1486 3666 non
1538 3616 1705 3671 multo

145 3708 257 3766 post
284 3700 467 3753 Basilii
500 3703 726 3753 reditum
760 3700 1120 3754 collocandatu
1152 3702 1422 3755 existimo.

207 3791 362 3846 Circa
422 3792 562 3846 idem
623 3801 828 3862 tempus
873 3803 927 3847 et
990 3805 1115 3848 ante
1173 3794 1405 3862 scriptas
1468 3797 1702 3867 regulas,

143 3884 220 3939 vel
246 3896 417 3952 certe,
470 3901 593 3941 cum
625 3885 883 3941 Caesarea:
919 3888 1217 3955 presbyteri
1267 3901 1485 3941 munere
1519 3886 1705 3955 funge-

143 3986 282 4032 retur
313 3978 571 4039 Basilius,
616 3977 922 4032 collocanda
966 3978 1188 4045 epistola
1227 3981 1476 4034 vicesima
1521 3983 1700 4046 tertia,

144 4085 253 4136 qua:
289 4070 471 4123 minus
499 4079 750 4132 accurate
773 4068 1115 4134 inscribitur,
1146 4068 1585 4124 Commendatitia
1630 4074 1697 4127 ad

143 4162 471 4223 nionachum,
520 4175 638 4214 cuin
676 4160 850 4227 potius
901 4161 1021 4234 toti.
1050 4163 1377 4217 monasterio
1426 4164 1700 4220 debuisset

143 4252 372 4307 inscribi.
418 4254 659 4308 Accessit
689 4253 901 4323 quidam
946 4253 1009 4306 ad
1046 4254 1304 4309 Basilium
1348 4258 1523 4311 saeculi
1554 4258 1704 4313 vani-

144 4357 294 4400 tatem
328 4356 708 4408 contemnens,
731 4362 794 4399 ac
821 4346 961 4399 viam
1005 4347 1068 4399 ad
1113 4345 1326 4401 Domini
1364 4350 1699 4402 mansionem

140 4436 481 4491 deducentem
536 4437 738 4504 ingredi
792 4439 1032 4504 cupiens.
1081 4437 1256 4504 Atque
1300 4440 1347 4494 is
1389 4440 1603 4508 quidem
1645 4440 1697 4493 in

141 4526 247 4593 ipso
275 4530 418 4593 loco,
451 4526 538 4580 ubi
576 4539 698 4580 tunc
725 4539 842 4581 erat
871 4529 1117 4595 Basilius,
1150 4533 1501 4585 monaSticam
1534 4533 1696 4586 vitam

141 4620 376 4687 amplecti
428 4618 677 4683 volebat;
726 4620 816 4672 sed
866 4634 986 4674 eum
1025 4621 1250 4676 Basilius
1304 4623 1604 4684 didere'oat,
1638 4624 1691 4677 in

139 4709 410 4765 Ponticum
464 4712 847 4766 monasterium
911 4713 1177 4769 deducere
1248 4715 1482 4781 malens,
1536 4716 1694 4785 eique

138 4803 236 4857 illic
289 4805 607 4871 magistrum
656 4803 887 4872 aliquem
920 4803 1161 4871 pietatis,
1208 4820 1363 4873 quem
1422 4809 1533 4877 ipse
1580 4807 1690 4861 ele-

138 4898 309 4961 gisset,
353 4896 648 4965 prtem-ere.
678 4902 745 4949 At
772 4895 1000 4950 Basilius
1036 4899 1263 4967 negotiis
1293 4903 1542 4952 detentus
1570 4915 1689 4954 cum

139 4986 182 5037 in
226 4988 455 5043 Pontum
507 4987 772 5055 proficisci
822 5002 924 5040 non
974 4997 1172 5056 posset,
1227 4991 1371 5045 misit
1420 4991 1689 5045 hominem

136 5095 245 5131 cum
285 5082 508 5145 litteris,
537 5096 599 5133 ac
634 5081 910 5134 monachis
943 5081 1216 5147 prtccepit,
1248 5091 1301 5133 ut
1333 5096 1453 5134 eum
1489 5082 1588 5135 rite
1632 5090 1686 5135 et

137 5167 356 5237 legitime
414 5174 734 5237 probarent,
771 5180 826 5223 et
870 5171 1009 5239 quod
1056 5170 1171 5240 ipse
1218 5187 1337 5226 cum
1382 5172 1460 5225 eis
1511 5174 1687 5227 facere

136 5262 389 5323 voluerat,
421 5262 468 5314 id
500 5264 617 5316 sine
645 5277 704 5315 se
736 5262 1075 5330 perlicerent.

200 5353 268 5407 Ex
323 5353 412 5407 bis
458 5353 694 5420 epistola:
744 5354 941 5415 verbis,
971 5351 1250 5408 Elementis
1287 5355 1553 5409 imbuatur
1604 5374 1685 5410 se-

136 5449 345 5499 cundant
384 5461 447 5498 ea
485 5462 601 5514 qute
644 5464 675 5497 a
717 5444 964 5499 Panibus
1004 5447 1197 5501 sanctis
1241 5454 1438 5501 statuta
1468 5460 1514 5504 et
1557 5450 1689 5504 scri-

196 5671 265 5733 ἔτι)
310 5672 440 5724 Nat.
470 5689 553 5740 ep.
584 5673 638 5727 9.

194 5744 257 5808 ib)
298 5741 395 5795 Or.
423 5743 509 5794 ‘20.

196 5816 255 5883 (ε)
298 5814 379 5867 All
412 5828 499 5865 au.
528 5811 653 5864 567.

1808 3338 2062 3391 novitium
2098 3336 2241 3389 illum
2276 3346 2504 3404 regeret,
2545 3336 2638 3389 sed
2671 3346 2727 3389 ut
2777 3338 2826 3391 ei
2868 3339 3144 3393 ductorem
3174 3350 3228 3393 et
3270 3357 3381 3394 ma-

1808 3427 2037 3497 gistrum
2082 3427 2297 3495 pietatis
2343 3428 2659 3497 praeficeret.
2701 3428 3005 3494 Quinetiam
3039 3446 3161 3483 cum
3195 3446 3252 3485 se
3282 3448 3381 3487 oc-

1806 3521 2178 3587 cupationibus
2208 3522 2316 3574 suis
2349 3521 2557 3586 eripere
2591 3535 2696 3572 non
2733 3521 3010 3587 potuisset,
3055 3540 3230 3593 neque
3259 3525 3368 3579 eri-

1806 3624 1931 3678 pere
1962 3625 2117 3677 posse
2155 3618 2395 3677 speraret
2427 3625 2521 3677 per
2568 3619 2735 3662 totum
2767 3610 2898 3664 illud
2935 3621 3168 3682 tempus,
3222 3616 3365 3682 quod

1807 3702 1859 3753 in
1895 3701 2170 3770 probando
2204 3702 2407 3756 novitio
2454 3701 2825 3753 insumendum
2870 3714 3011 3767 erat,
3046 3706 3284 3771 prazclpit
3322 3715 3379 3758 ut

1805 3809 1862 3848 se
1892 3808 1995 3848 non
2018 3801 2329 3865 exspectato
2358 3794 2612 3848 orobetur
2638 3806 2691 3847 et
2724 3794 2951 3850 fratrum
2999 3798 3172 3851 ordini
3209 3799 3378 3852 ascri-

1805 3887 1981 3941 batur.

1876 3977 1962 4031 lll.
2004 3975 2148 4031 Inter
2180 3978 2375 4031 eximia
2419 3978 2599 4032 Basilii
2648 3978 2947 4049 presbyteri
2996 3978 3252 4046 praeclare
3298 3981 3378 4033 fa-

1805 4080 1913 4133 cta,
1956 4070 2182 4138 palmam
2219 4070 2309 4121 dat
2349 4070 2641 4140 Gregorius
2688 4071 3062 4124 Nazianzenus
3103 4070 3375 4134 charitati,

1804 4178 1962 4230 quam
2012 4163 2061 4214 in
2101 4161 2240 4216 fame
2276 4162 2349 4234 (b)
2390 4166 2625 4218 omnium
2678 4175 2799 4231 post
2848 4164 3123 4217 hominum
3170 4179 3373 4217 memo-

1803 4254 1938 4307 riam
2004 4254 2339 4308 atrOcissinia
2398 4254 2719 4323 designavit.
2769 4256 3105 4311 Calauitatis
3157 4271 3372 4310 causam

1802 4344 1995 4398 frustra
2032 4347 2223 4413 repetit
2270 4346 2531 4399 Baronius
2566 4346 2635 4413 (ε)
2686 4362 2749 4402 ex
2800 4349 3064 4415 grandine
3112 4349 3374 4400 inusitatae

1802 4435 2195 4504 magnitudinis,
2222 4453 2381 4505 quam
2417 4439 2585 4493 instar
2620 4440 2851 4508 lapidum
2883 4438 3133 4493 Socrates
3160 4440 3242 4509 (tl)
3276 4453 3367 4493 ce-

1800 4527 1995 4581 cidisse
2045 4539 2226 4582 narrat
2293 4530 2749 4590 Constantinopoli
2818 4546 2959 4584 anno
3028 4531 3168 4598 587,
3215 4542 3371 4586 sexto

1799 4618 1979 4674 Nonas
2023 4620 2170 4674 Julii.
2222 4621 2363 4676 ldem
2401 4628 2583 4676 multis
2633 4622 2767 4676 locis
2821 4625 3084 4678 accidisse
3140 4631 3369 4677 testatur

1800 4710 2129 4767 Sozomenus
2161 4715 2231 4785 (e)
2262 4733 2273 4767 :
2304 4716 2395 4768 sed
2428 4715 2621 4768 famem
2654 4716 2776 4769 inde
2810 4726 3153 4769 Consecutam
3185 4726 3371 4770 matter

1798 4804 2073 4857 indicavit.
2101 4805 2281 4875 Longe
2315 4807 2727 4874 probabiliorem
2755 4823 2971 4861 causam
3004 4807 3157 4861 nobis
3186 4810 3360 4876 aperit

1799 4894 2045 4960 Basilius,
2075 4899 2165 4964 qui
2196 4896 2247 4949 in
2282 4897 2507 4951 llomilia
2540 4901 2590 4950 in
2626 4899 2819 4952 famem
2852 4909 2905 4949 et
2942 4898 3239 4951 siccitatem
3282 4900 3361 4953 sic

1799 4986 2030 5056 loquitur
2057 5008 2106 5041 ιι.
2130 4990 2184 5053 9.,
2205 5006 2256 5059 p.
2284 4992 2350 5043 65
2381 5010 2391 5043 ;
2430 4991 2608 5043 Hiems
2628 4992 2835 5042 solitum
2853 4989 3117 5041 humorem
3137 4992 3364 5043 siccitati

1796 5082 2075 5133 admixtum
2114 5097 2215 5134 non
2258 5082 2459 5147 habuit,
2484 5086 2572 5135 sed
2591 5085 2851 5134 humorem
2875 5097 3071 5133 onlnem
3092 5082 3363 5151 glaciem-

1794 5174 1975 5227 trinxit
2024 5174 2421 5244 exsiccavitque,
2455 5188 2500 5229 et
2530 5176 2740 5229 omnino
2773 5176 2967 5227 uirium
3019 5175 3362 5242 imbriumque

1791 5281 1971 5333 expers
2008 5274 2311 5333 permansit.
2352 5267 2447 5320 Ver
2480 5284 2659 5319 rursus
2708 5267 2927 5319 alteram
2980 5270 3187 5335 quidem
3236 5283 3362 5334 pro-

1792 5360 2067 5423 prietatem
2117 5376 2332 5412 suarum
2380 5371 2577 5429 portent
2630 5361 2886 5423 ostendit,
2939 5361 3165 5411 calorem
3217 5361 3359 5421 (lico,

1792 5450 2024 5502 humoris
2074 5465 2247 5505 autent
2293 5465 2549 5522 particeps
2604 5468 2703 5505 non
2754 5450 2866 5508 ’uit.
2912 5450 3101 5505 {Esttts
3154 5464 3270 5503 uero
3309 5459 3358 5502 et

1864 5674 1941 5741 (ιι)
1979 5672 2094 5726 Liti.
2122 5688 2190 5731 ιν.
2226 5687 2272 5725 c.
2308 5672 2386 5741 tt.

1864 5746 1932 5815 (e)
1974 5744 2089 5798 Lib.
2120 5759 2191 5807 vt,
2224 5760 2272 5797 c.
2302 5740 2385 5796 10.
