4094 6308
1490 367 1643 421 VITA
1687 366 1743 419 S.
1788 365 2047 422 BASILII.

3261 388 3381 431 SLiX

158 494 381 550 utroque
408 482 671 551 Gregorio
699 482 1053 535 ιιρςρι·ἱ1).ιιυτ.
1091 480 1281 534 incidit
1309 482 1357 534 ei
1393 483 1505 535 inec
1528 482 1709 549 Opinio
1743 487 1783 539 Α
1817 482 1984 547 prima
2013 482 2113 551 ((1),
2145 496 2261 551 quze
2297 483 2541 537 veniente
2574 485 2748 538 hieme
2777 485 2975 555 scripta
3002 496 3101 547 est,
3134 489 3198 542 de
3239 489 3382 542 fame

154 590 212 626 ex
250 573 331 626 his
364 574 545 627 verbis
585 572 835 643 Nysscni,
869 572 997 625 Cum
1032 573 1193 641 {antes
1226 571 1508 640 aliquando
1537 573 1710 639 graris

152 664 389 733 affligeret
425 680 543 715 cum
578 669 742 730 ipsam
788 662 1048 715 civitatem
1089 663 1142 713 in
1185 676 1290 729 qua
1337 660 1569 729 degebat,
1603 668 1712 711 tum

151 754 408 823 subjectos
436 756 638 807 civitati
665 770 819 823 agros
845 770 1040 817 omnes,
1069 760 1173 806 etc.
1202 752 1330 805 Inde
1356 751 1556 820 colligit
1579 749 1713 819 Nys-

153 862 359 908 senum,
418 862 578 915 quem
630 847 888 901 Carsareae
933 847 1165 899 locutum
1208 855 1379 915 putat,
1431 860 1534 913 non
1574 846 1712 899 hanc

153 938 422 991 civitatem
458 939 545 992 his
566 939 769 1001 verbis,
800 940 891 993 sed
917 939 1074 991 aliam
1108 953 1330 1006 prorsus
1359 937 1705 1007 designasse;

153 1044 211 1081 ac
258 1031 483 1099 proinde
529 1031 796 1100 duplicem
847 1030 1277 1100 distinguendam
1312 1045 1428 1085 esse
1488 1030 1705 1097 famem,

153 1135 374 1186 quarum
413 1122 586 1175 altera
635 1123 891 1183 Caesarea:
930 1137 993 1176 ex
1037 1122 1399 1187 Nazianzeno,
1451 1123 1617 1177 altera
1655 1125 1705 1177 in

151 1213 249 1264 alia
290 1214 527 1279 civitate,
560 1214 695 1269 forte
740 1215 970 1268 lborensi
1006 1215 1057 1269 in
1094 1216 1281 1281 Ponto,
1313 1217 1571 1285 praeclare
1624 1216 1705 1271 fa-

154 1298 249 1357 rtis
288 1302 469 1359 Basilii
502 1305 780 1358 materiam
813 1306 977 1359 dedit.

219 1394 320 1451 Sed
347 1398 502 1466 longe
527 1398 692 1451 satius
718 1410 798 1452 est
825 1400 1141 1454 concludere
1168 1412 1231 1452 ex
1261 1400 1343 1455 his
1373 1401 1545 1456 verbis
1574 1399 1701 1472 Nys-

151 1488 279 1552 seni,
314 1489 573 1553 civitatem
603 1489 655 1541 in
680 1506 781 1558 qua
810 1489 1044 1559 degebat,
1073 1489 1209 1541 hanc
1242 1490 1543 1543 orationem
1586 1490 1701 1543 Ca:-

150 1592 308 1631 sarea:
347 1577 585 1629 habitam
618 1594 720 1632 non
758 1578 941 1643 fuisse,
983 1592 1141 1646 quam
1195 1592 1306 1632 rem
1357 1578 1698 1632 manifestam

148 1678 197 1721 et
217 1668 548 1733 exploratam
571 1670 623 1723 in
643 1670 857 1724 dubium
879 1682 1151 1722 revocare.
1179 1668 1291 1723 Una
1318 1671 1457 1723 enim
1483 1668 1700 1722 omnino

150 1758 309 1814 fames
355 1761 423 1812 ab
468 1772 697 1831 utroque
742 1762 1005 1830 Gregorio
1057 1773 1404 1816 memoratur.
1461 1762 1698 1824 Uterque

1822 575 1897 626 sic
1942 573 2179 643 loquitur
2226 575 2472 639 Basilius,
2517 586 2573 628 ut
2620 577 2685 629 de
2724 578 3029 632 calamitate
3066 580 3378 648 jamdudum

1821 663 2048 730 incoepta
2095 680 2157 719 ac
2197 664 2420 719 fortasse
2466 666 2610 719 brevi
2660 667 2894 719 desitura
2931 687 2942 721 :
3004 670 3054 721 in
3104 670 3273 722 altera
3305 669 3379 740 (ρ)

1820 754 1919 819 sub
1951 754 2107 806 liuent
2139 756 2330 809 hiemis
2356 757 2551 825 scripta
2587 757 2798 811 nuntiat
2827 774 2885 813 se
2910 760 3374 827 occupationibus,

1819 860 1953 913 quas
1985 846 2273 899 exhibebat
2300 847 2486 911 fames,
2514 848 2687 902 adhuc
2716 850 2941 904 detineri
2969 868 2981 903 :
3010 850 3060 903 in
3094 852 3250 904 tertia
3279 852 3374 921 (ί),

1818 951 1934 1005 qua:
1960 938 2193 1004 depulsis
2220 940 2472 993 omnibus
2500 939 2689 993 hiemis
2730 940 3085 994 incommodis
3114 943 3234 994 data
3270 952 3376 1006 est,

1819 1030 2051 1081 nondum
2100 1028 2294 1081 famem
2326 1031 2549 1085 desiisse
2575 1031 2829 1085 declarat.
2873 1032 3103 1087 Necesse
3136 1047 3217 1087 eSt
3247 1048 3377 1102 ergo

1816 1136 1979 1172 unum
2022 1120 2212 1172 saltem
2254 1136 2453 1173 annum
2501 1122 2552 1174 in
2598 1122 2681 1175 his
2715 1122 2967 1175 aerumnis
3003 1132 3373 1191 consumptum

1814 1226 1953 1266 esse.
1990 1212 2104 1265 Dixi
2137 1228 2297 1265 unum
2325 1212 2549 1277 saltem;
2586 1229 2709 1266 nam
2740 1229 2859 1267 cum
2890 1213 3083 1266 hiemis
3110 1215 3376 1269 acerbitas

1813 1312 1867 1356 et
1894 1304 2035 1357 veris
2071 1304 2286 1357 siccitas
2313 1304 2414 1357 hoc
2458 1303 2656 1356 malum
2691 1306 3002 1370 attulerint,
3034 1321 3135 1359 non
3175 1307 3377 1374 impro-

1816 1397 1993 1451 habile
2022 1406 2124 1460 est,
2157 1398 2338 1449 statim
2367 1404 2525 1464 atque
2566 1409 2688 1465 spes
2719 1397 2916 1451 futurae
2951 1398 3140 1451 messis
3172 1398 3372 1465 ablata,

1812 1488 2009 1541 famem
2041 1500 2284 1541 exortam
2315 1504 2454 1543 esse.

1881 1578 2079 1633 Narrat
2109 1581 2244 1633 hanc
2286 1581 2483 1633 famem
2517 1579 2809 1648 Gregorius
2849 1577 3221 1633 Nazianzenus
3253 1588 3373 1648 post

1808 1668 1989 1722 Basilii
2021 1684 2141 1723 cum
2170 1670 2401 1724 Eusebio
2428 1670 2916 1724 reconciliationem
2945 1678 2997 1722 et
3022 1680 3145 1722 ante
3172 1671 3373 1739 episco-

1808 1770 2011 1831 patum.
2060 1762 2162 1816 Sed
2200 1779 2307 1831 quo
2356 1764 2695 1831 potissimum
2742 1777 2882 1817 anno
2920 1763 3197 1825 acciderit,
3230 1765 3370 1817 haud

147 1851 306 1914 illam,
334 1860 393 1905 ut
422 1851 581 1922 longe
608 1853 996 1905 atrocissimam
1035 1853 1310 1907 describit.
1356 1852 1554 1906 Nititur
1590 1852 1698 1907 Til-
1731 1845 1772 1897 Β
1810 1852 1880 1904 ita
1916 1850 2073 1904 facile
2116 1860 2198 1905 est
2236 1852 2550 1920 dijudicare.
2606 1852 2761 1906 Nullo
2806 1863 3118 1921 argumento
3170 1854 3363 1907 nititur

146 1941 424 1998 lenioutius
473 1944 557 1997 his
591 1942 768 1996 verbis
813 1943 969 2011 (pag.
1012 1944 1152 2013 495)
1188 1963 1200 1997 :
1240 1942 1422 1997 Servat
1451 1945 1700 2013 populum
1804 1942 2081 2008 Baronius,
2121 1957 2216 1995 cur
2238 1956 2355 1995 eam
2391 1943 2457 1995 ad
2486 1956 2685 1995 annum
2721 1943 2822 1995 567
2856 1944 3077 2009 referat,
3108 1945 3209 1998 nisi
3242 1946 3366 1999 inu-

150 2032 344 2104 Moyses
376 2054 406 2087 a
435 2046 659 2104 tyranno
689 2034 982 2088 liberatum.
1018 2033 1180 2087 Paria
1202 2037 1263 2089 de
1286 2045 1462 2088 nostro
1490 2036 1703 2105 legisla-

147 2136 248 2177 tore
291 2135 516 2178 testatur
570 2124 653 2177 hic
711 2125 952 2193 populus,
1004 2141 1154 2193 quem
1204 2142 1294 2194 per
1348 2130 1699 2181 sacerdotium

144 2217 283 2269 duxit
316 2218 383 2268 ad
423 2214 521 2267 Dei
567 2216 982 2281 promissionem.
1019 2216 1123 2269 Sed
1152 2230 1471 2284 quocunque
1502 2218 1551 2270 in
1584 2218 1700 2271 loco

147 2306 299 2359 fuerit
337 2304 639 2373 Nyssenus,
690 2308 881 2375 potuit,
926 2307 1118 2375 populo
1160 2308 1527 2370 monstrando,
1583 2308 1694 2375 ple-

148 2398 258 2448 bem
290 2410 317 2446 a
348 2395 552 2449 Basilio
581 2398 932 2465 gubernatum
985 2397 1286 2465 designare.
1339 2396 1698 2461 Quemadmo-

146 2484 262 2536 dum
316 2483 516 2537 ibidem
570 2485 693 2537 dum
747 2486 822 2538 ait
866 2485 1117 2536 Basiliutn
1168 2483 1395 2534 urbanos
1444 2483 1697 2537 tumultus

141 2585 183 2628 et
211 2576 509 2629 materiales
539 2577 631 2629 Iros
677 2580 927 2628 tumultus
962 2576 1183 2641 fugisse,
1227 2589 1449 2630 necesse
1483 2592 1586 2630 non
1618 2590 1698 2632 est

144 2676 197 2719 ut
221 2666 480 2721 Caesarea:
504 2668 688 2721 fuerit.
721 2666 887 2719 Porro
920 2666 971 2718 in
1000 2667 1099 2719 hac
1122 2668 1367 2722 oratione
1399 2668 1528 2723 nihil
1553 2670 1694 2723 aliud

143 2762 391 2821 occurrit,
416 2776 479 2814 ex
513 2774 619 2827 quo
640 2758 781 2810 illam
812 2756 1069 2811 Caesarea:
1105 2758 1345 2813 habitam
1374 2761 1687 2830 suspiceris,

144 2852 379 2915 quamvis
420 2851 589 2901 multa
640 2846 898 2913 ejusmodi
934 2862 1219 2903 occurrere
1265 2850 1598 2912 debuissent,
1648 2856 1692 2905 si

142 2940 495 2995 tlxsaricnses
524 2938 786 2995 allocutus
830 2940 1022 2996 fuisset
1060 2941 1349 3010 Nyssenns.
1390 2944 1691 3008 Quinetiam

142 3047 254 3084 cum
282 3035 357 3085 ait
387 3048 445 3084 se
476 3032 706 3099 patriam
731 3032 910 3087 Basilii
943 3047 1364 3087 commemorare
1398 3032 1557 3094 nolle,
1587 3047 1690 3084 nutt

142 3123 341 3176 videtur
371 3124 423 3175 in
456 3124 558 3177 hac
584 3124 696 3194 ipsa
730 3126 900 3194 patria
928 3124 1092 3191 loqui.
1121 3123 1247 3176 Vide
1277 3122 1414 3176 infra
1447 3138 1567 3192 cap.
1599 3123 1688 3188 9.5,

138 3230 187 3265 tt.
225 3214 274 3266 6.

203 3302 479 3357 Summam
524 3304 1001 3361 animadvertimus
1047 3306 1497 3362 necessitudinem
1552 3308 1690 3362 inter

136 3397 422 3452 orationem
456 3398 639 3453 Basilii
678 3401 742 3453 de
774 3397 913 3453 fame
945 3408 997 3453 et
1036 3401 1279 3454 siccitate
1307 3409 1360 3454 et
1385 3415 1448 3454 ea
1475 3416 1593 3470 quze
1622 3403 1689 3456 ab

137 3497 351 3559 utroque
392 3490 655 3560 Gregorio
686 3501 993 3544 narrantur.
1023 3490 1127 3546 Sed
1157 3500 1332 3545 tamen
1368 3492 1420 3545 in
1458 3493 1557 3544 hac
1586 3494 1685 3544 ho-

138 3581 272 3633 milia
323 3582 539 3636 videtur
580 3582 679 3636 sibi
723 3580 1093 3636 Tillemonlius
1137 3590 1289 3634 notas
1344 3581 1688 3650 episc0patus

136 3673 452 3738 perspicere,
480 3673 605 3740 quia
630 3672 859 3726 Basilius
877 3674 954 3725 sic
977 3672 1247 3726 auditores
1274 3673 1557 3742 compellat
1574 3673 1684 3745 (a):

134 3759 251 3811 Filii
301 3764 423 3825 mei,
472 3777 601 3829 quos
648 3777 737 3827 per
762 3761 1101 3831 Evangelium
1149 3763 1325 3832 genui,
1376 3781 1505 3834 quos
1551 3766 1687 3819 velut

134 3848 301 3916 fasciis
340 3866 435 3918 per
484 3866 737 3903 manuum
787 3851 1190 3905 benedictionem
1230 3853 1442 3907 involvi.
1484 3853 1551 3906 Et
1599 3854 1684 3907 in-

135 3940 204 3993 fra
234 3941 310 4007 (lt)
337 3960 351 3994 :
386 3941 557 3996 Pauci
586 3959 781 3997 mecum
814 3954 1116 4011 precantur.
1150 3941 1253 3998 Sed
1292 3946 1418 4013 quid
1466 3945 1687 4013 impedit

134 4036 408 4095 quominus
448 4037 561 4088 lucc
604 4036 882 4103 presbyter
915 4035 1109 4088 dixerit
1139 4034 1389 4097 Basilius,
1425 4036 1515 4103 qui
1550 4036 1686 4088 inter

134 4127 487 4181 Cassarienses
515 4127 772 4181 ecclesias
807 4141 965 4179 unam
992 4126 1257 4194 prmeipue
1280 4127 1683 4194 gubernandum

134 4220 447 4285 acceperat?
496 4220 571 4272 lta
625 4217 871 4284 congruit
925 4217 1039 4271 haec
1092 4217 1310 4272 homilia
1362 4232 1481 4271 cum
1525 4217 1683 4273 famis

136 4320 362 4378 tempore
392 4324 423 4361 a
451 4310 729 4380 Gregoriis
760 4319 1009 4375 narratre,
1042 4319 1099 4363 ut
1140 4308 1515 4364 Tillemontius
1565 4309 1684 4363 nul-

136 4402 227 4455 lum
259 4401 307 4456 ei
361 4412 574 4469 tempus
604 4404 846 4457 invenire
886 4402 1076 4472 possit,
1120 4418 1187 4456 ne
1228 4416 1427 4455 annum
1469 4401 1681 4469 quidem

133 4490 243 4556 574,
277 4506 382 4561 quo
406 4492 564 4544 aliam
595 4491 790 4548 famem
818 4494 1105 4562 contigisse
1138 4496 1447 4560 existimat;
1485 4494 1679 4547 frustra
1715 4521 1758 4574 Β

132 4580 259 4631 enim
296 4578 596 4634 referretur
626 4580 691 4632 ad
720 4581 843 4633 illud
870 4580 1127 4635 siccitatis
1162 4591 1391 4649 tempus,
1437 4598 1544 4650 quo
1580 4584 1680 4635 Ba-

131 4668 292 4730 silius.
324 4682 459 4726 teste
499 4668 736 4738 Nysseno
766 4672 859 4739 (c),
888 4673 1111 4727 imbrem
1142 4676 1393 4739 precibus
1423 4676 1678 4744 impetra-

130 4762 211 4813 vit.
240 4761 395 4835 Tune
441 4766 583 4817 enim
624 4763 765 4816 nulla
793 4779 888 4831 spe
913 4765 1127 4834 frugum
1163 4778 1469 4834 apparente,
1495 4784 1681 4837 preces

130 4852 301 4906 Basilii
328 4855 701 4920 obtinuerunt,
732 4864 792 4908 ut
822 4856 1016 4909 malum
1054 4859 1189 4911 ultra
1223 4858 1394 4912 minas
1426 4876 1531 4914 non
1559 4876 1681 4929 pro-

131 4949 450 5011 grederetur.
493 4950 564 4999 At
610 4948 659 5000 in
687 4946 903 5001 humilia
936 4948 999 5001 de
1034 4949 1173 5003 fame
1200 4960 1253 5003 et
1289 4949 1534 5005 siccitate
1580 4968 1673 5005 ca-

130 5035 331 5091 lamitas
357 5035 543 5089 eadem
575 5038 918 5099 describitur,
950 5052 1011 5090 ac
1045 5041 1185 5099 apud
1215 5050 1499 5097 utrumque
1535 5039 1673 5095 Gre.-

130 5126 352 5191 gerium.

189 5217 247 5270 ν.
297 5218 431 5272 Toto
475 5233 618 5272 anno
670 5220 1033 5274 calamitatem
1076 5226 1426 5286 perdurasse,
1476 5222 1527 5275 id
1574 5233 1675 5288 est,

129 5305 183 5358 ab
223 5319 417 5361 :zstate
459 5324 629 5379 usque
674 5314 738 5363 ad
773 5314 896 5365 anni
940 5312 1213 5379 sequentis
1244 5321 1506 5379 aestatem,
1554 5328 1678 5381 pcr-

128 5402 369 5466 spicimus
430 5416 493 5453 ex
553 5403 723 5457 tribus
765 5402 947 5458 Basilii
1011 5402 1271 5472 epistolis,
1326 5418 1550 5473 quarum
1613 5406 1669 5459 in

187 5580 254 5645 (al
301 5580 359 5632 Ν.
405 5582 447 5639 l,
485 5598 535 5644 p.
569 5584 657 5633 62..

186 5653 251 5711 (ὑ)
296 5651 355 5700 Ν.
394 5652 443 5711 ὖ,
486 5668 535 5715 ι).
573 5659 659 5703 ω.

188 5730 248 5777 lt‘l
290 5723 387 5773 Ur.
415 5724 465 5772 tu
496 5723 664 5775 Uttsil.

187 5798 253 5855 (Α)
298 5792 392 5847 litt.
424 5791 509 5842 27.

1720 3175 1761 3231 G

1804 2033 1959 2086 sitata
2008 2033 2095 2085 illa
2138 2042 2190 2087 et
2234 2032 2501 2100 lapidibus
2528 2034 2688 2087 simili
2734 2034 3014 2103 grandine,
3066 2051 3185 2102 quae
3226 2037 3369 2091 Con-

1804 2123 2149 2191 stantinopoli
2200 2133 2255 2178 et
2294 2123 2412 2177 aliis
2468 2123 2519 2175 in
2567 2124 2697 2178 locis
2747 2124 2932 2178 eodem
2983 2139 3125 2177 anno
3168 2128 3370 2179 cecidit

1804 2229 1985 2267 mense
2012 2214 2150 2268 Julio
2187 2215 2424 2268 ineunte.
2476 2216 2545 2269 At
2592 2216 2781 2279 fames,
2822 2229 2939 2282 quae
2966 2215 3364 2282 Cappadociam

1800 2303 2003 2368 afﬂixit,
2052 2318 2116 2356 ex
2147 2304 2347 2370 frigore
2390 2314 2443 2358 et
2470 2305 2717 2359 siccitate
2757 2306 3043 2372 repetenda
3074 2314 3178 2371 est,
3213 2316 3271 2359 ut
3299 2320 3365 2360 ex

1802 2393 2119 2445 testimoniis
2186 2408 2346 2462 supra
2404 2394 2579 2448 allatis
2644 2395 2875 2463 perspici
2949 2408 3144 2463 potest.
3197 2397 3368 2451 Multo

1800 2484 1973 2551 aptius
2008 2484 2289 2537 calamitas
2320 2486 2552 2540 refertur
2590 2488 2653 2539 ad
2682 2502 2878 2539 annum
2908 2486 3029 2541 568.
3070 2487 3183 2541 Non
3217 2489 3365 2542 enim

1800 2574 2050 2628 convenit
2094 2590 2266 2629 annus
2316 2574 2438 2635 566,
2488 2577 2612 2645 quia
2643 2576 2970 2629 Athanasius
3009 2576 3359 2644 Ancyrauus,

1798 2666 1885 2731 qui
1916 2666 2126 2735 vigente
2154 2668 2352 2718 dudum
2388 2666 2527 2719 fame
2557 2679 2797 2719 mortuus
2825 2677 2925 2729 est,
2960 2667 3191 2720 concilio
3219 2665 3363 2735 Tya-

1798 2756 1948 2807 nensi
1985 2756 2227 2809 interfuit
2267 2772 2407 2809 anno
2439 2757 2562 2810 567.
2598 2756 2899 2823 Quinetiam
2924 2760 3023 2810 hoc
3047 2759 3362 2821 concilium,

1797 2850 1881 2901 cui
1916 2850 2127 2915 priefuit
2166 2850 2431 2903 Eusebius
2462 2850 2833 2914 Cresaricnsis,
2876 2850 3015 2903 inter
3057 2852 3212 2903 famis
3243 2868 3360 2904 ino-

1796 2939 1978 2991 Iustius
2008 2953 2147 2991 anno
2192 2940 2290 2992 567
2335 2939 2417 2991 vix
2468 2941 2582 3007 cogi
2616 2940 2894 3007 potuisset.
2929 2938 3193 2993 Praeterea
3234 2939 3360 2993 Em-

1796 3028 1948 3081 mclia
2000 3039 2278 3098 grassnnte
2320 3030 2462 3083 fame
2510 3047 2572 3085 ac
2618 3031 2774 3098 paulo
2818 3040 2941 3084 ante
2991 3030 3358 3099 episcopatum

1795 3117 1998 3185 Basilii,
2032 3129 2166 3175 teste
2197 3118 2438 3189 Nysseno
2468 3120 2563 3188 (ῃ),
2600 3130 2807 3173 mortua
2848 3130 2948 3173 est.
2979 3119 3156 3185 Quare
3187 3119 3353 3173 fames

1799 3210 1865 3263 ab
1896 3211 2237 3263 ordinatione
2266 3212 2323 3264 S.
2359 3209 2538 3262 Basilii
2586 3224 2691 3262 non
2743 3214 2965 3263 multum
3010 3211 3355 3265 removenda.

1797 3298 1981 3368 Neque
2005 3299 2165 3353 etiam
2213 3301 2386 3353 serius
2416 3314 2557 3353 anno
2588 3299 2689 3352 568
2724 3300 2891 3353 fames
2941 3302 3185 3370 contigit.
3226 3302 3357 3355 Nam

1797 3389 2022 3441 Basilius
2050 3390 2378 3455 gravissimis
2404 3388 2550 3441 curis
2580 3390 2791 3442 tandem
2832 3391 3110 3457 expeditus
3157 3392 3213 3447 S.
3250 3394 3360 3447 Eu-

1795 3479 1999 3532 sebium
2029 3478 2461 3533 Samosatcnsem
2488 3479 2686 3533 invisit.
2713 3481 2781 3533 At
2803 3481 2853 3533 id
2876 3482 2922 3534 ei
2950 3483 3216 3551 integrum
3250 3500 3353 3537 non

1795 3573 2006 3634 fuisset,
2047 3573 2089 3626 si
2136 3572 2306 3627 fames
2344 3588 2481 3626 anno
2511 3572 2613 3626 569
2644 3582 2829 3625 exorta
2862 3585 3006 3627 esset
3058 3573 3174 3627 Non
3210 3575 3353 3627 enim

1797 3664 2062 3725 desiisset,
2094 3664 2192 3717 nisi
2224 3665 2323 3717 sub
2354 3671 2591 3716 :estatem
2616 3664 2741 3714 anni
2770 3663 2875 3716 370
2912 3664 3071 3730 paulo
3095 3673 3215 3716 ante
3254 3679 3346 3716 or-

1794 3757 2121 3811 dinationem
2154 3756 2355 3809 Basilii.
2385 3756 2499 3822 Quo
2526 3765 2763 3823 tempore
2786 3769 2907 3807 eum
2947 3754 3227 3810 Samosata
3260 3770 3360 3825 pc-

1794 3848 1942 3902 tiisse
1968 3863 2125 3901 nemo
2148 3863 2369 3917 prorsus
2404 3848 2789 3916 suspicabitur.

2386 3961 2612 4018 CAPUT
2647 3960 2759 4016 XII.

1792 4064 1831 4119 I.
1876 4064 2108 4117 Basilius
2138 4064 2383 4135 ,Ctesario
2412 4067 2715 4135 gratulatur
2763 4066 2897 4117 inter
2943 4065 3139 4120 Νίσαια]
3173 4066 3357 4121 ruinas

1860 4145 2090 4188 servato.
2128 4134 2351 4189 Eusebio
2386 4134 2563 4189 scribit
2598 4136 2867 4203 epistolam
2893 4135 2981 4188 27.
3010 4136 3069 4189 Il.
3106 4136 3353 4203 Episcopi

1864 4208 1944 4275 sui
1971 4218 2133 4258 morte
2165 4207 2379 4275 afﬂictos
2421 4204 2873 4259 Neormsarienses
2908 4209 3228 4259 consolatur.
3268 4206 3355 4260 Ill.

1868 4274 1996 4327 Item
2024 4274 2330 4343 Ancyranos
2360 4278 2420 4327 ob
2467 4276 2745 4328 Athanasii
2787 4288 3024 4328 mortem.
3056 4274 3258 4329 Ibidem
3290 4278 3353 4328 de

1860 4346 2094 4411 epistolis
2121 4347 2190 4398 ΞΜ
2223 4355 2269 4396 et
2297 4344 2385 4397 ‘23.
2534 4345 2799 4397 Probatur
2828 4345 3102 4414 utriusque
3130 4346 3358 4414 episcopi

1858 4428 1902 4467 et
1939 4417 2206 4467 Enmrelia:
2238 4416 2418 4467 matris
2456 4412 2641 4466 Basilii
2678 4426 2889 4467 mortem
2923 4417 2989 4465 ad
3017 4412 3213 4466 annum
3250 4416 3355 4468 563

1860 4497 2155 4547 exeuntem,
2189 4496 2281 4536 aut
2322 4484 2423 4536 569
2455 4485 2715 4537 ineuntem
2752 4488 3027 4547 pertinere.
3062 4483 3124 4552 ν,
3158 4481 3348 4552 Grego-

1862 4556 1938 4606 rio
1969 4554 2197 4606 violes-tis
2229 4556 2446 4621 negotiis
2476 4555 2743 4620 implicata
2773 4569 2916 4619 apem
2953 4555 3052 4615 fert
3095 4551 3351 4609 Basilius.

1860 4624 1945 4677 VI.
1988 4623 2258 4676 Samosata
2285 4620 2410 4686 petit
2450 4623 2679 4676 Basilius
2712 4639 2847 4673 anno
2883 4622 3005 4673 569.
3058 4620 3182 4675 Post
3213 4626 3355 4676 redi-

1860 4706 1966 4745 tum
2000 4693 2176 4745 scribit
2223 4690 2444 4745 Eusebio
2486 4696 2545 4745 de
2599 4706 2758 4744 morm
2811 4691 3011 4744 bili-nni
3058 4692 3352 4746 Tarsensis.

1875 4767 1900 4815 Χ
1921 4764 1977 4814 ΙΙ.
2020 4764 2150 4812 Ante
2179 4766 2526 4827 episrolratum
2561 4762 2793 4824 epistola’
2819 4761 2984 4814 53—57
3012 4764 3350 4816 collocantla’.

1864 4833 1991 4885 VIII.
2029 4831 2099 4882 De
2122 4831 2239 4885 aliis
2268 4836 2450 4898 primm
2481 4831 2663 4883 classis
2696 4832 2951 4898 epistolis.

1856 4945 1892 4999 l.
1929 4945 2061 4998 Cum
2109 4944 2340 4997 Niemam
2378 4944 2455 5010 (li)
2508 4952 2662 4996 terrm
2701 4953 2875 4997 motus
2908 4944 3064 5009 longe
3097 4952 3216 5005 post
3257 4944 3356 4998 ho-

1786 5037 1986 5089 minum
2018 5039 2327 5096 memoriam
2357 5037 2622 5089 maximus
2650 5045 2931 5091 evertisset
2959 5035 3043 5087 die
3070 5038 3349 5090 undecima

1784 5128 2029 5181 Octobris
2074 5143 2213 5180 anno
2256 5127 2357 5181 ’568
2383 5169 2395 5191 ,
2435 5128 2721 5189 Cazsarins,
2756 5128 2997 5196 Gregorii
3039 5128 3221 5194 frater,
3259 5130 3347 5197 qui

1786 5220 1837 5271 in
1871 5219 2117 5289 Bithynia
2155 5221 2470 5287 prmpositus
2517 5231 2628 5271 erat
2669 5219 3061 5281 thesaurorum,
3108 5219 3250 5273 solus
3284 5236 3350 5273 ex

1787 5310 2088 5383 insignibus
2132 5311 2286 5373 viris,
2340 5324 2432 5363 :tttt
2469 5322 2614 5364 certe
2660 5326 2778 5364 cum
2826 5311 3109 5362 admodum
3160 5326 3351 5377 paucis

1784 5402 2066 5457 incolumis
2103 5403 2292 5465 evasit,
2335 5403 2493 5469 idque
2534 5404 2691 5457 modo
2735 5402 2962 5471 quodam
3010 5401 3349 5467 incredibili,

1855 5582 1925 5647 (ρ)
1969 5583 2064 5651 Ep.
2094 5584 2183 5637 50.

1848 5656 1929 5717 (Ῐ)
1972 5656 2062 5715 litt.
2100 5654 2157 5719 III
2177 5691 2190 5703 .

1848 5724 1917 5786 (ῃ)
1972 5722 2069 5773 I'it.
2104 5725 2266 5773 δίκην.
2303 5739 2351 5788 p.
2393 5724 2503 5783 I57.

1850 5792 1922 5861 ill)
1967 5792 2090 5843 ΝΜ.
2125 5801 2261 5844 urat.
2308 5792 2381 5843 ιυ.
