4068 6320
706 347 743 397 ι
2038 330 2566 386 PBOLEGOMENA.

710 459 892 520 utpote
936 447 1069 519 ipsis
1104 446 1274 501 ruinis
1308 454 1598 515 protectus.
1659 444 1907 509 Basilius,
1949 445 2039 512 qui
2092 446 2272 499 CIBSIt-
2303 452 2345 507 Α
2376 455 2520 499 motu
2554 458 2741 501 eversa
2789 446 2932 514 est),
2968 448 3059 500 sed
3091 456 3265 502 tamen
3299 460 3478 505 monet
3520 461 3577 506 ut
3610 454 3782 509 dolori
3815 474 3927 514 mo-

708 545 845 596 rium
878 542 1113 600 amabat,
1143 552 1371 608 eumque
1394 553 1548 607 aequo
1582 539 1766 591 animo
1800 535 2019 590 consilia
2054 552 2149 589 sua
2185 552 2273 589 ac-

705 634 887 702 cipere
939 632 1165 695 sciebat,
1216 646 1320 684 non
1376 629 1720 699 praetermisit
1773 628 1827 680 in
1879 637 1983 680 tam
2036 628 2274 681 mirabili

705 732 900 776 eventu
930 725 1264 776 occasionem
1290 719 1593 789 gratulandi
1625 728 1679 771 et
1703 717 2042 781 adhortandi,
2071 726 2127 769 ut
2152 731 2273 784 quae

710 816 882 883 ipsum
917 812 1101 881 prncul
1134 812 1295 865 dubio
1328 811 1608 864 subieraut
1643 809 2002 877 cogitationes
2040 806 2267 876 periculi

704 913 962 973 tempore,
1009 918 1102 958 cas
1149 917 1360 969 semper
1408 902 1685 955 retineret.
1732 900 1946 968 Scripta
1995 913 2122 965 ergo
2156 899 2271 955 haec

704 996 930 1064 epistola
960 994 1051 1053 26,
1081 1009 1221 1047 anno
1246 992 1370 1056 568,
1403 991 1563 1060 paulo
1593 1002 1712 1060 post
1738 1007 1983 1045 eversam
2012 991 2266 1045 Nicaeam.

773 1087 1080 1157 Egrotavit
1116 1086 1345 1138 Basilius
1377 1086 1477 1137 hoc
1502 1098 1644 1137 anno
1672 1099 1772 1136 non
1806 1083 1971 1137 semel
1996 1083 2103 1151 (al;
2129 1084 2272 1151 quod

704 1182 929 1234 minime
965 1182 1186 1242 mirum,
1225 1180 1523 1231 accedente
1559 1180 1625 1232 ad
1660 1178 1801 1229 illius
1831 1178 2082 1231 comitem
2123 1177 2272 1229 iniir-

702 1276 947 1326 mitatcm
982 1271 1347 1325 sollicitudine
1380 1278 1434 1324 et
1466 1285 1620 1334 cura,
1656 1284 1819 1339 quam
1855 1270 1904 1320 in
1942 1268 2271 1337 pauperibus

701 1364 1048 1419 sublevandis
1082 1363 1443 1431 impendebat.
1481 1360 1757 1414 Statuerat
1794 1359 2024 1414 invisere
2065 1360 2123 1414 S.
2160 1359 2270 1413 En-

702 1455 910 1508 sebium
954 1453 1430 1515 Samosatensem;
1464 1451 1555 1504 sed
1602 1450 1686 1503 his
1722 1448 1928 1501 duabus
1976 1447 2137 1501 rebus
2179 1449 2271 1501 de-

704 1554 885 1597 tentus
920 1551 1025 1606 est,
1071 1542 1293 1606 morbis,
1336 1553 1390 1595 et
1421 1538 1892 1607 occupationibus,
1929 1552 2067 1607 quas
2098 1539 2147 1592 ei
2188 1537 2272 1590 ia-

702 1651 820 1689 tues
848 1633 1129 1688 aderebat.
1161 1634 1452 1703 Postquam
1482 1632 1648 1700 cmpit
1686 1645 1965 1699 emergere
1994 1644 2057 1683 ex
2088 1629 2273 1683 morbo

704 1736 758 1780 et
792 1728 935 1779 vires
973 1724 1322 1793 recolligere,
1369 1721 1680 1793 supervenit
1727 1721 1868 1775 aliud
1922 1721 2270 1790 impedimen-

2377 538 2502 589 dum
2543 538 2835 606 imponant,
2888 552 2951 592 ac
2992 554 3153 593 canes
3202 540 3281 595 vel
3331 544 3507 611 potius
3544 560 3735 614 graves
3780 552 3930 619 lupos

2376 627 2614 696 abigant,
2645 629 2808 697 digno
2837 640 3053 697 pastore
3085 631 3346 700 eligendo,
3381 636 3470 703 qui
3508 651 3535 688 a
3572 653 3770 707 magno
3800 640 3933 694 Gre-

2376 719 2548 786 gorio,
2576 726 2632 773 et
2661 718 2781 773 aliis
2816 720 2958 773 illius
2997 736 3166 787 usque
3213 723 3274 775 ad
3309 725 3607 779 Musonium
3644 742 3927 783 successo-

2375 810 2523 865 ribus
2556 826 2663 865 non
2696 813 3000 882 degeneret.
3044 811 3356 867 Obtestatur
3389 832 3482 870 eos
3515 827 3573 869 ut
3613 818 3933 872 electionem

2374 903 2611 973 episcopi
2642 920 2795 958 suum
2831 904 3055 972 quisque
3083 907 3356 974 pmprium
3381 920 3499 962 esse
3532 912 3809 979 negotium
3840 912 3936 963 du-

2374 1004 2479 1051 cat.
2505 996 2791 1051 Denuntiat
2810 1011 2888 1061 se,
2914 1007 3069 1065 prout
3094 1009 3364 1067 pastorem
3386 999 3603 1069 cligent,
3628 1001 3709 1054 vel
3734 1002 3935 1056 arctius

2374 1090 2717 1157 conjunctum
2758 1105 2879 1143 cum
2932 1090 3034 1143 illis
3074 1091 3158 1144 vel
3205 1092 3418 1159 penitus
3463 1092 3790 1156 disjunctum
3844 1095 3933 1146 iri.

2377 1180 2601 1235 Videtur
2633 1181 2868 1236 Basilius
2904 1182 3169 1247 timuisse,
3205 1183 3257 1235 id
3290 1184 3430 1250 quod
3469 1185 3666 1246 evenit,
3716 1202 3783 1240 ne
3815 1187 3939 1255 quis

2371 1285 2428 1328 et
2455 1274 2555 1327 sibi
2588 1283 2641 1327 et
2672 1275 2885 1328 veritati
2927 1288 3029 1327 non
3066 1275 3271 1327 amicus
3300 1276 3353 1328 in
3390 1277 3527 1329 hanc
3568 1276 3751 1330 sedem
3805 1294 3935 1331 eve-

2373 1366 2615 1422 heretur.
2664 1366 2964 1421 Musonium
3001 1380 3105 1420 non
3141 1366 3370 1435 appellat
3398 1366 3629 1421 Basilius
3656 1378 3935 1422 mortuum

2372 1461 2720 1529 episcopum;
2770 1460 2864 1515 sed
2909 1460 3011 1513 hoc
3065 1458 3113 1511 ei
3167 1472 3357 1510 nomen
3409 1460 3573 1514 fuisse
3622 1459 3827 1513 scimus
3870 1474 3938 1512 ea:

2371 1554 2528 1622 epist.
2564 1552 2691 1613 2l0,
2719 1569 2773 1605 n.
2802 1552 2890 1616 39,
2937 1552 2989 1605 in
3015 1567 3118 1619 qua
3150 1549 3383 1603 Basilius
3413 1552 3761 1619 gravissimos
3783 1565 3937 1604 erro-

2372 1657 2460 1698 res
2499 1644 2795 1712 exprobrat
2826 1644 3076 1713 episcopo
3109 1640 3550 1705 Neocasariensi,
3590 1642 3686 1697 sed
3740 1656 3936 1697 sanam

2374 1736 2674 1789 doctrinam
2709 1735 2760 1788 in
2794 1738 2893 1789 hac
2927 1736 3165 1792 Ecclesia
3202 1747 3370 1803 usque
3402 1733 3467 1787 ad
3493 1733 3708 1789 beatum
3755 1734 3938 1791 Muso-

704 1830 817 1873 tum
841 1859 855 1882 ,
892 1819 1102 1881 hiems,
1139 1817 1301 1873 solito
1334 1816 1421 1869 illa
1458 1815 1686 1885 quidem.
1713 1814 1926 1876 mitior,
1970 1815 2065 1869 sed
2096 1824 2270 1868 tamen
2304 1807 2345 1861 Β
2374 1824 2520 1876 nium
2554 1826 2753 1877 {merm-
2780 1824 3031 1893 viguisse_

704 1908 901 1963 Basilio
928 1910 1001 1963 ita
1043 1910 1353 1968 vehemens,
1388 1914 1444 1959 ut
1478 1920 1581 1958 non
1617 1905 1776 1957 modo
1830 1905 1933 1958 iter
1960 1904 2269 1974 suscipere,

702 2002 795 2055 red
831 2016 897 2053 ne
926 2016 993 2053 ex
1029 1999 1274 2054 cubiculo
1301 1999 1519 2069 quidem
1560 1998 1876 2065 prospicere
1914 2005 2119 2063 posset.
2159 1998 2269 2051 Sed

704 2106 879 2147 tamen
917 2102 1063 2146 tanto
1100 2095 1239 2146 ictus
1272 2101 1392 2145 erat
1426 2090 1638 2143 Eusebii
1668 2088 1957 2154 desiderio,
1995 2097 2052 2140 ut
2086 2089 2135 2142 ei
2165 2105 2272 2143 non

699 2186 909 2240 dubitet
944 2185 1207 2253 polliceri,
1242 2184 1283 2237 si
1317 2192 1371 2236 et
1405 2190 1692 2248 tempestas
1722 2178 1870 2233 sinat
1911 2189 1964 2231 et
1996 2179 2119 2233 vita:
2156 2182 2273 2233 dies

700 2275 995 2344 supersint,
1029 2286 1083 2328 et
1120 2276 1221 2328 iter
1251 2290 1353 2329 non
1391 2273 1643 2327 obstruat
1687 2271 1878 2335 fames,
1922 2285 1980 2325 se
2028 2271 2135 2323 cito
2168 2268 2270 2323 Sa-

701 2377 905 2422 mosata
935 2375 1243 2430 venturum,
1270 2378 1326 2419 ut
1347 2366 1556 2436 magnis
1580 2364 1799 2419 Eusebii
1836 2363 2119 2434 sapientia:
2148 2364 2267 2417 the-

701 2460 877 2514 sauris
906 2460 1165 2515 exsatiari
1198 2460 1387 2527 possit.

770 2552 833 2607 11.
874 2553 1018 2606 Intra
1037 2553 1164 2607 illud
1191 2552 1446 2620 spatium,
1470 2551 1613 2619 quod
1641 2552 1707 2604 ab
1730 2552 1829 2604 hac
1851 2547 2080 2619 epistola
2103 2562 2272 2616 usque

702 2642 768 2694 ad
805 2642 1137 2695 tricesimam
1169 2639 1320 2693 initio
1349 2639 1492 2691 veris
1522 2639 1695 2691 eidem
1731 2640 1965 2693 Eusebio
2005 2638 2264 2705 scriptam

700 2732 929 2796 efﬂuxit,
974 2731 1159 2785 obiere
1208 2728 1315 2783 duo
1346 2728 1583 2797 episc0pi
1636 2743 1754 2780 cum
1800 2727 2001 2780 Basilio
2036 2727 2272 2779 amicitia

700 2823 995 2894 conjuncti,
1028 2822 1309 2875 Musonius
1348 2818 1802 2873 Neoczesarieusis
1841 2828 1897 2872 et
1938 2818 2273 2871 Athanasius

699 2918 1043 2985 Ancyranus,
1081 2928 1143 2967 ac
1172 2915 1287 2981 ipsa
1320 2913 1485 2967 etiam
1521 2911 1706 2965 Basilii
1740 2920 1915 2965 mater
1952 2910 2233 2964 Emmelia.

774 3006 849 3075 (b)
884 3006 1013 3059 Erat
1046 3004 1317 3058 Musonius
1348 3007 1431 3058 vir
1472 3007 1619 3058 omni
1665 3007 1931 3059 virtutum
1982 3007 2139 3061 laude
2178 3022 2272 3062 cu-

702 3097 987 3150 mulatus:
1030 3094 1237 3165 primus
1276 3094 1322 3146 ei
1366 3094 1515 3149 locus
1560 3097 1613 3148 in
1656 3097 2016 3150 conventibus
2061 3098 2271 3165 episco-

705 3198 897 3257 porutu
938 3201 1042 3239 non
1075 3186 1251 3238 aetatis
1278 3184 1422 3251 jure,
1460 3189 1552 3239 sed
1592 3187 1807 3239 virtutis
1839 3189 2036 3239 merito
2075 3186 2266 3239 deferri

702 3278 930 3335 solebat.
964 3274 1267 3330 Novitatem
1301 3276 1351 3328 in
1384 3275 1573 3343 primis
1617 3276 1828 3338 oderat,
1874 3289 1937 3328 ac
1971 3276 2268 3329 Ecclesium

704 3386 856 3426 suam
888 3370 955 3422 ad
984 3368 1220 3436 antiqua:
1254 3367 1506 3421 Ecclesia:
1538 3367 1821 3437 imaginem
1862 3367 2102 3435 regebat,
2141 3366 2271 3419 nihil

704 3464 771 3517 de
806 3476 903 3516 suo
930 3460 1233 3530 proferens.
1281 3460 1430 3514 Unde
1458 3462 1679 3523 factum,
1712 3471 1769 3513 ut
1800 3459 2271 3514 Neocmsarienses

704 3558 845 3609 inter
883 3556 1238 3626 gravissimas
1288 3552 1500 3605 illorum
1535 3562 1833 3619 temporum
1873 3554 2134 3617 procellas
2168 3556 2268 3609 soli

703 3648 787 3700 vel
833 3659 981 3701 certe
1025 3661 1147 3700 cum
1190 3645 1475 3699 admodum
1525 3645 1714 3714 paucis
1761 3643 2127 3712 quiescerent,
2177 3660 2274 3697 nec

708 3746 831 3800 ullis
885 3746 1263 3799 haereticorum
1318 3744 1492 3800 ventis
1559 3742 1936 3811 perilareutur.
1996 3741 2273 3798 Musonius

704 3854 827 3891 cum
855 3838 1059 3890 Basilio
1087 3839 1153 3891 ad
1193 3837 1619 3905 paciﬁcationem
1649 3836 2016 3889 Ecclesiarum
2046 3848 2275 3888 concor-

707 3944 827 3986 rere
866 3929 1134 3993 noluerat,
1169 3938 1386 3997 propter
1416 3929 1738 3997 anticipatas
1762 3927 2043 3995 quasdam,
2078 3936 2136 3980 ut
2162 3928 2274 3995 ipse

701 4023 996 4079 fatebatur.
1034 4021 1342 4091 opiniones.
1381 4019 1542 4073 Forte
1583 4020 1632 4072 ei
1670 4018 1982 4072 Eustathius
2016 4018 2269 4073 Sebaste-

707 4130 807 4168 nus
853 4124 907 4167 et
951 4114 1038 4166 alii
1081 4112 1345 4180 ejusmodi
1400 4111 1646 4165 homines
1698 4108 2077 4177 displicebant,
2136 4122 2272 4177 quos

705 4204 939 4258 Basilius
968 4218 1150 4257 secum
1183 4206 1500 4268 conjunctos
1533 4202 1787 4264 habebat,
1829 4210 2030 4253 etcum
2062 4198 2273 4252 caeteris

704 4296 979 4365 episc0pis
1008 4294 1337 4365 conjungere
1371 4294 1688 4347 conabatur.
1720 4292 1823 4344 Sed
1854 4300 2032 4343 tamen
2066 4303 2272 4341 summa

705 4397 827 4443 erat
872 4388 1011 4440 inter
1060 4396 1351 4454 utrumque
1401 4384 1465 4436 de
1510 4383 1612 4437 (ide
1660 4381 1967 4446 consensio,
2015 4378 2269 4445 illiusque

2441 1913 2530 1967 lli.
2554 1917 2709 1969 Circa
2733 1915 2870 1969 idem
2898 1926 3103 1978 tempus
3122 1926 3366 1970 mortuus
3382 1924 3465 1969 est
3482 1915 3815 1971 Athanasius
3830 1918 3939 1972 An-
4002 1984 4009 1992 '

2374 2020 2513 2076 cyraa
2536 2009 2841 2075 episcopus,
2869 2009 2959 2078 qui
2988 2010 3053 2063 ab
3079 2010 3273 2065 Acacio
3324 2015 3395 2081 (c)
3432 2010 3483 2062 in
3527 2007 3661 2061 hanc
3708 2012 3892 2064 sedem
3922 2052 3935 2075 ,

2373 2098 2527 2164 pulso
2553 2098 2769 2161 Basilio,
2808 2110 3024 2155 evectus
3052 2110 3137 2155 est
3186 2115 3329 2155 anno
3354 2102 3479 2157 560.
3505 2099 3710 2169 Duplex
3761 2101 3939 2157 inerat

2375 2189 2500 2243 huic
2547 2188 2870 2243 ordinationi
2905 2192 3135 2257 macula,
3188 2202 3243 2247 et
3293 2195 3432 2263 quod
3482 2203 3703 2247 auctore
3736 2192 3940 2258 insigni

2374 2281 2576 2335 Ariano
2606 2281 2750 2334 facta
2807 2292 2985 2346 esset,
3031 2294 3085 2337 et
3120 2288 3261 2352 quod
3329 2285 3558 2339 Basilius
3615 2286 3940 2352 Ancyranus

2375 2390 2472 2443 per
2492 2378 2601 2429 vim
2632 2383 2687 2429 et
2715 2375 3118 2444 impressionem
3148 2378 3215 2428 ab
3245 2378 3514 2432 haereticis
3551 2377 3832 2444 depositus
3856 2390 3942 2428 es-

2374 2478 2476 2521 set.
2507 2468 2686 2534 Quare
2726 2484 2834 2524 non
2880 2468 3075 2520 mirum
3112 2475 3194 2519 est
3240 2481 3463 2533 magnas
3492 2470 3545 2520 in
3595 2469 3941 2523 ordinatione

2372 2559 2653 2613 Athanasii
2690 2558 2993 2613 discordias
3017 2556 3313 2611 exstitisse.
3346 2556 3450 2610 Sed
3498 2567 3671 2611 tamen
3712 2574 3942 2628 magnus

2373 2647 2474 2702 fuit
2502 2652 2745 2704 veritatis
2783 2651 3036 2705 defensor
3068 2647 3415 2703 Athanasius.
3458 2646 3713 2701 Testatur
3746 2650 3943 2719 Grego-

2376 2743 2487 2793 rius
2502 2742 2771 2811 Nyssenus
2795 2742 2871 2815 (ά)
2898 2742 3027 2797 nihil
3045 2743 3090 2797 ei
3115 2742 3341 2796 veritate
3364 2739 3630 2807 antiquius
3652 2739 3841 2795 fuisse.
3860 2742 3942 2795 ln-

2378 2832 2559 2885 terfuit
2588 2832 2656 2905 (ε)
2683 2836 2889 2902 synodo
2909 2835 3250 2888 Antiochenze
3270 2849 3411 2887 anno
3435 2833 3540 2887 563
3566 2832 3653 2885 ubi
3683 2831 3819 2887 fides
3848 2832 3945 2889 Ni-

2375 2941 2519 2980 caena
2565 2937 2836 2995 suscepta,
2877 2938 2932 2982 et
2979 2929 3245 2999 Tyaneusi
3288 2943 3429 2982 anno
3464 2926 3587 2989 567,
3612 2925 3703 2979 ubi
3735 2926 3941 2992 pariter

2375 3015 2835 3071 consubstantiale
2885 3016 3160 3070 decretum
3211 3026 3315 3071 est.
3374 3016 3581 3070 Laudat
3604 3014 3836 3069 Basilius
3868 3017 3937 3082 (τ’)

2373 3125 2564 3177 magna
2597 3109 2739 3162 illius
2792 3117 2841 3161 et
2892 3109 3110 3162 celebria
3154 3125 3250 3176 pro
3291 3119 3432 3163 recta
3482 3110 3585 3177 ﬁde
3623 3107 3939 3161 certamina.

2377 3199 2504 3249 Eum
2522 3200 2884 3266 existimabat,
2906 3199 3064 3254 veluti
3086 3200 3479 3254 ﬁrmamentum
3499 3209 3657 3256 rectae
3688 3200 3818 3255 ﬁdei
3839 3199 3940 3269 (9).

2374 3301 2514 3340 vene
2552 3304 2613 3340 ac
2640 3292 2837 3342 veteris
2874 3291 3178 3345 dilectionis
3211 3307 3390 3347 semen
3413 3331 3427 3354 ,
3461 3292 3512 3345 in
3546 3292 3802 3346 solatium
3835 3293 3943 3348 Ec-

2373 3376 2553 3429 clesiis
2575 3379 2798 3430 servari.
2835 3377 2907 3430 Os
2936 3379 3052 3444 ejus
3085 3381 3167 3447 (Ιι)
3196 3381 3339 3444 justa
3368 3382 3577 3433 dicendi
3605 3382 3866 3437 libertate
3890 3392 3947 3437 et

2373 3468 2564 3538 gratiae
2613 3467 2791 3520 verbis
2841 3468 2910 3520 ad
2960 3469 3182 3521 fratrum
3211 3470 3618 3522 aediﬁcationem
3667 3474 3943 3529 scatebat.

2374 3561 2667 3615 Ecclesium
2706 3575 2855 3613 suam
2892 3560 2969 3613 sic
2997 3560 3155 3623 rexit,
3206 3570 3267 3612 ut
3313 3574 3500 3615 omnes
3529 3561 3580 3613 in
3612 3575 3776 3614 unam
3808 3578 3949 3618 con-

2372 3658 2676 3707 sensionem
2703 3664 2755 3708 et
2779 3662 3087 3709 accuratam
3118 3654 3550 3708 communionem
3595 3653 3823 3709 vinculo
3848 3670 3947 3723 pa-

2372 3745 2451 3799 cis
2478 3745 2847 3812 coujttugel‘et.

2442 3834 2727 3889 Probabile
2747 3847 2829 3890 est
2858 3838 3015 3904 hujus
3036 3838 3315 3893 Athanasii
3342 3848 3547 3909 patrem
3567 3838 3735 3895 fuisse
3760 3840 3944 3895 Atha-

2374 3928 2605 3992 nasium,
2634 3927 2702 3979 ad
2746 3942 2901 3994 quem
2943 3930 3143 3995 scripta
3175 3939 3255 3981 est
3281 3928 3465 3983 Basilii
3494 3931 3713 3999 epistola
3746 3931 3847 3986 24.
3883 3932 3941 3985 In

2373 4020 2624 4073 omnibus
2653 4018 2930 4071 codicibus
2963 4028 3113 4086 pater
3132 4017 3413 4071 Athanasii
3449 4018 3679 4085 episcopi
3709 4019 3942 4084 dicitur,

2373 4125 2473 4164 nec
2508 4110 2672 4162 alium
2704 4109 2960 4163 habemus
2990 4109 3074 4162 cui
3110 4108 3161 4162 id
3200 4108 3507 4173 conveniat,
3533 4117 3730 4176 praeter
3755 4109 3949 4179 Ancy—

2374 4216 2587 4254 ranum.
2619 4201 2750 4255 Erat
2785 4202 2877 4255 ille
2906 4202 2990 4255 vir
3018 4217 3223 4271 magna:
3246 4200 3581 4263 eruditionis,
3612 4201 3859 4269 gentium
3893 4216 3950 4254 et

2375 4290 2588 4341 urbium
2614 4292 2973 4358 gubernacula
3004 4300 3271 4356 tenuerat,
3316 4302 3371 4345 et
3395 4306 3642 4361 magnam
3678 4290 3949 4360 progeni-

2376 4389 2552 4433 torum
2580 4380 2834 4431 virtutem
2871 4380 3245 4435 aemulabatur.
3284 4382 3416 4435 Cum
3455 4394 3631 4435 autem
3674 4382 3947 4435 audiisset

706 4479 965 4533 auxilium
993 4476 1223 4530 Basilius
1246 4474 1590 4545 implorabat,
1618 4474 1831 4543 quoties
1853 4488 1971 4526 cum
1999 4470 2270 4525 haereticis
2301 4500 2345 4557 ι)
2377 4471 2606 4525 Basilius
2640 4471 2784 4525 hunc
2806 4473 3158 4527 Athanasium
3189 4475 3241 4526 in
3284 4472 3480 4527 liberos
3510 4488 3630 4527 eum
3675 4489 3785 4526 non
3822 4488 3948 4529 esse

704 4573 1017 4627 certandum
1047 4579 1212 4625 esset.
1243 4567 1357 4622 Non
1391 4570 1637 4635 pervenit
1674 4566 1739 4621 ad
1774 4576 2073 4620 extremam
2106 4578 2267 4618 seue-

704 4674 904 4719 ctutcm
940 4662 1236 4726 Musonius,
1282 4661 1372 4716 sed
1416 4671 1595 4713 tamen
1643 4658 1732 4712 diu
1779 4657 2075 4711 Ecclesiam
2126 4655 2267 4709 l‘ieo-

618 4762 621 4763 ⁷
703 4758 1078 4812 etesariensem
1104 4756 1261 4807 rexit.
1287 4752 1419 4808 Cum
1452 4762 1628 4806 autem
1652 4749 1816 4803 sciret
1843 4746 2077 4802 Basilius
2103 4761 2270 4812 quan-

705 4862 816 4904 tum
847 4849 1049 4903 doloris
1079 4846 1219 4899 illius
1252 4858 1423 4900 morte
1449 4846 1745 4899 traxissent
1770 4840 2261 4905 Neocmsarieuses,

704 4944 932 4998 tibeuter
969 4954 1063 4994 eos
1098 4938 1394 4995 invisisset.
1430 4948 1539 4990 tum
1572 4947 1629 4989 ut
1658 4933 1910 4988 Musonio
1942 4931 2100 4985 simul
2139 4947 2260 4987 cum

703 5034 785 5086 eis
822 5033 965 5100 justa
1009 5030 1361 5100 persolveret,
1396 5036 1508 5079 tum
1537 5037 1593 5081 ut
1623 5039 1909 5082 maerorem
1938 5022 2263 5092 partiretur:

705 5124 802 5179 sed
844 5138 964 5176 cum
1003 5140 1124 5176 eum
1173 5123 1338 5177 multa
1372 5119 1754 5185 detinuissent,
1796 5134 1891 5189 per
1925 5117 2134 5171 litteras
2175 5131 2269 5170 eos

705 5214 973 5270 consolari
1020 5216 1271 5268 instituit.
1314 5220 1391 5269 Ac
1439 5211 1539 5265 viri
1585 5212 1801 5280 quidem
1846 5210 2047 5265 obitum
2100 5208 2269 5279 majus

708 5309 959 5358 damnum
990 5304 1185 5357 fatetur
1226 5304 1421 5357 inferre
1455 5303 1687 5366 civitati,
1719 5316 1879 5370 quam
1909 5299 2265 5364 calamitates,

707 5411 839 5464 quas
876 5408 1033 5451 antea
1065 5398 1240 5451 fuerat
1282 5408 1503 5465 experta
1558 5396 1727 5452 (anno
1765 5394 1932 5452 enim.
1971 5390 2078 5450 διι
2112 5401 2268 5446 terra:

778 5578 856 5647 (η)
887 5577 982 5637 Ep.
1025 5577 1111 5631 50.

778 5651 853 5716 (b)
889 5648 981 5713 Ep.
1012 5650 1105 5702 ‘28.

775 5722 849 5783 (ο)
882 5719 1095 5771 Sozom.
1121 5720 1209 5775 lib.
1249 5734 1320 5783 tv,
1356 5735 1405 5774 c.
1433 5718 1519 5775 25.

779 5792 856 5855 ιιι)
894 5787 987 5854 Ep.
1016 5788 1105 5838 29.

2374 4580 2531 4634 quem
2565 4565 2798 4631 deceret,
2836 4580 2955 4619 cum
2988 4565 3284 4634 prxesertim
3309 4568 3550 4635 paternis
3570 4565 3708 4620 votis
3733 4564 3942 4633 dignis-

2376 4660 2497 4714 simi
2525 4669 2741 4727 essent,
2768 4661 2935 4715 Iibere
2976 4675 3099 4713 eum
3126 4660 3424 4718 admonuit.
3458 4660 3741 4715 Molestum
3769 4661 3823 4714 id
3855 4678 3949 4717 ac-

2376 4751 2510 4805 cidit
2536 4751 2854 4817 Athanasio,
2882 4752 2972 4819 qni
3000 4765 3118 4805 sese
3147 4753 3284 4821 apud
3317 4753 3568 4808 Basilium
3595 4753 3947 4821 purgavit,et

2379 4841 2588 4909 iniquos
2613 4858 2854 4897 rumores
2887 4858 2916 4894 a
2955 4841 3240 4896 Timotheo
3268 4843 3654 4911 chorepiscopo
3685 4844 3755 4897 ad
3784 4844 3944 4896 Basi-

2376 4930 2503 4986 lium
2538 4934 2772 5003 perlatos
2802 4942 3127 5002 conquestus
3157 4944 3259 4988 est.
3286 4934 3586 5001 Respondet
3610 4934 3657 4989 ei
3682 4934 3945 4999 Basilius,

2375 5039 2607 5093 eumque
2631 5026 2914 5094 probatum
2954 5032 3009 5075 et
3039 5034 3321 5093 purgatum
3358 5021 3458 5076 sibi
3492 5037 3613 5078 esse
3643 5022 3897 5076 declarat
3927 5062 3945 5086 ,

2372 5118 2467 5172 sed
2514 5130 2694 5172 tamen
2746 5116 3014 5182 hortatur,
3051 5126 3108 5168 ut
3158 5114 3357 5168 nullam
3405 5113 3687 5171 calumniis
3742 5126 3941 5167 ansam

2372 5212 2629 5279 praebeat.
2662 5208 2883 5264 Fatetur
2905 5222 2961 5262 se
2984 5208 3183 5277 aliquid
3218 5206 3468 5271 audiisse,
3498 5216 3553 5261 at
3582 5219 3942 5276 nequaquam

2375 5316 2403 5352 a
2455 5300 2741 5354 Timotheo
2792 5298 3197 5368 chorepisropo.
3244 5296 3412 5366 Hujus
3439 5294 3681 5364 epistolae
3725 5307 3945 5363 tempus

2373 5399 2522 5443 certo
2543 5396 2781 5443 statuere
2811 5402 2913 5441 non
2943 5401 3156 5457 possum
3184 5402 3199 5439 :
3231 5388 3324 5441 sed
3346 5385 3657 5449 collocanda
3681 5385 3789 5440 fuit
3814 5394 3944 5442 ante

2448 5576 2516 5641 (ε)
2551 5574 2765 5629 Sozom.
2797 5572 2888 5626 lib.
2932 5589 3004 5640 Vl,
3036 5588 3083 5628 c.
3128 5572 3213 5627 η.

2445 5646 2522 5713 (ί)
2558 5644 2655 5713 Ep.
2682 5646 2773 5705 es,
2809 5660 2861 5696 ιι.
2888 5644 2943 5697 2.

2443 5714 2517 5779 (ῃ)
2559 5712 2686 5766 tum.
2722 5730 2774 5765 ιι.
2806 5715 2853 5765 t.
2884 5735 2891 5744 -

2455 5782 2545 5847 (It)
2561 5782 2653 5849 Ep.
2687 5782 2775 5835 29.
