4094 6308
1499 326 1660 381 vna
1701 327 1757 380 s.
1803 312 2065 382 manu.
3334 338 3387 382 ιι

155 450 427 519 epistolam
459 450 551 511 9.9,
592 450 647 501 in
701 461 806 517 qua
837 462 981 503 mors
1014 444 1289 500 Athanasii
1341 442 1573 515 episcopi
1636 445 1719 497 lu-
1754 451 1795 507 Α
1826 446 2015 500 tiorcm
2066 442 2193 496 facit
2250 443 2538 498 Eusebium
2569 442 2621 494 in
2660 442 2844 496 eadem
2885 442 3129 514 epistola.
3176 444 3384 514 Scripta

156 557 323 613 getur.
349 541 602 594 Nondum
636 540 1007 611 presbyterum
1042 536 1207 591 fuisse
1235 536 1489 591 Basiliam
1519 536 1716 603 conjici

152 643 327 704 posset
361 628 556 681 exshis
600 631 776 685 verbis
807 650 821 684 :
851 629 961 682 Nec
987 628 1196 680 moleste
1227 627 1384 695 feras,
1430 630 1474 680 si
1514 627 1640 698 quid
1687 643 1720 678 a

152 724 293 775 nobis
320 721 630 775 docentium
659 738 803 775 more
827 720 1050 771 dicetur.
1084 719 1188 772 Sed
1222 719 1352 771 levis
1392 718 1503 773 haec
1532 716 1708 785 conje-

153 826 319 865 etura.

219 904 415 959 Basilio
466 916 656 961 nostro
710 904 1082 959 molestissima
1133 917 1250 955 esse
1300 896 1487 957 debuit
1534 900 1715 955 Basilii

153 998 415 1067 Ancyrani
451 1002 521 1051 ab
550 998 828 1050 Anomazis
854 996 1007 1064 ejecti
1058 996 1342 1065 depositio,
1370 1012 1466 1050 nec
1497 995 1718 1063 proinde

152 1089 358 1155 placere
384 1090 672 1143 Athanasii
708 1091 998 1145 ordinatio.
1040 1089 1144 1142 Sed
1194 1096 1367 1143 tamen
1414 1088 1710 1143 arctissima

152 1181 355 1234 videtur
382 1183 431 1233 ei
461 1182 836 1237 intercessisse
863 1196 980 1235 cum
1001 1181 1102 1232 hoc
1122 1179 1421 1235 Athanasio
1454 1180 1711 1243 amicitia,

152 1287 246 1339 quo
274 1271 484 1323 amisso
518 1273 783 1325 neminem
815 1270 915 1325 sibi
936 1270 1284 1325 existimabat
1310 1271 1387 1340 (α)
1411 1284 1710 1337 superesse,

152 1364 227 1413 cui
252 1360 628 1414 Ecclesiarum
656 1377 839 1414 curam
874 1361 1129 1423 deferret,
1160 1363 1429 1415 neminem
1464 1375 1626 1428 quem
1662 1370 1716 1413 et

151 1450 513 1505 molestiarum
554 1463 610 1508 et
656 1453 853 1507 laetitia:
886 1452 1089 1505 socium
1124 1453 1366 1505 habt-ret.
1406 1450 1599 1503 incidit
1625 1466 1715 1504 eo-

152 1558 257 1594 rum
287 1545 550 1598 amicitia:
580 1542 874 1596 difﬁcultas
897 1543 1159 1611 quaedam,
1189 1558 1308 1612 qu:e
1334 1542 1546 1608 longius
1582 1559 1710 1612 pro-

150 1636 421 1701 cessisset,
457 1637 504 1689 si
550 1650 656 1688 non
689 1648 895 1688 summa
937 1634 1127 1690 fuisset
1171 1639 1221 1688 in
1262 1634 1462 1689 Basilio
1493 1634 1710 1693 lenitas.

150 1727 361 1782 Plurimi
413 1730 632 1798 Ancyra
666 1728 969 1784 Caesaream
1022 1731 1300 1784 venientes
1352 1726 1426 1798 (ὁ)
1480 1744 1586 1784 uno
1615 1747 1709 1785 ore

150 1817 332 1870 Basilio
367 1820 688 1873 nuntiarunt
714 1819 1070 1873 Athanasium
1099 1821 1146 1871 ei
1172 1833 1493 1873 succensere
1522 1837 1583 1875 ac
1612 1823 1712 1875 mi-
1744 1798 1784 1849 Β

148 1925 233 1962 nas
258 1912 424 1962 etiam
452 1909 664 1978 aliquas
683 1912 967 1965 intentare.
992 1910 1159 1963 Nemo
1185 1920 1299 1963 erat
1329 1926 1392 1966 ex
1415 1910 1710 1967 Caesarien-

147 2000 283 2055 sibus
333 2002 613 2072 Ancyram
670 2002 1173 2070 proficiscentibus,
1212 2003 1364 2071 cujus
1410 2019 1570 2057 aures
1607 2004 1707 2057 hoc

145 2093 421 2147 Athanasii
454 2107 705 2147 sermone
743 2107 845 2155 non
883 2092 1650 2156 circumsonnissent,scilicet
1679 2076 1709 2148 ἀ

147 2185 333 2238 Basilio
359 2201 531 2238 noxas
556 2186 811 2251 quasdam
842 2188 997 2240 scribi
1038 2198 1084 2240 et
1124 2187 1386 2253 componi.
1422 2185 1515 2241 llis
1564 2187 1707 2242 enim

146 2277 314 2330 verbis
343 2292 503 2330 usum
545 2291 664 2331 esse
686 2279 1006 2332 asserebant
1039 2279 1419 2341 Athanasium,
1454 2279 1543 2348 qui
1586 2280 1709 2334 toti-

147 2370 257 2423 dem
285 2370 471 2425 verbis
506 2370 649 2425 illius
671 2372 811 2424 dicta
840 2370 1169 2423 referebant.
1201 2368 1419 2434 Basilio,
1446 2372 1535 2440 qui
1562 2371 1705 2439 jam-

144 2464 334 2516 dudum
370 2465 738 2516 lmmanarum
766 2476 943 2515 rerum
971 2461 1394 2516 imbecillitatem
1419 2478 1708 2531 perspexe—

142 2563 245 2617 rat,
284 2554 421 2607 nihil
460 2556 895 2621 ineXSpeczatum
923 2565 1074 2616 erat;
1107 2552 1201 2606 sed
1231 2563 1403 2607 tamen
1424 2555 1708 2608 vehemen-

143 2654 228 2698 ter
260 2646 493 2698 miratus
527 2655 633 2709 est,
666 2659 729 2699 ac
762 2644 932 2699 instar
960 2645 1184 2698 monstri
1210 2659 1332 2700 esse
1371 2647 1540 2709 duxit,
1560 2647 1705 2716 quod

142 2747 281 2789 tanta
306 2737 406 2791 sibi
440 2738 639 2808 injuria
667 2739 735 2791 ab
770 2737 988 2791 homine
1014 2747 1067 2789 et
1095 2738 1339 2791 veritatis
1376 2747 1430 2791 et
1458 2740 1701 2793 charita-

140 2829 208 2883 tis
252 2830 669 2883 servantissime
699 2829 870 2882 ﬁeret.
920 2826 1149 2879 Causam
1191 2827 1429 2893 reperire
1464 2842 1565 2880 non
1595 2844 1696 2897 po-

141 2931 291 2984 terat,
322 2938 427 2975 cnr
466 2923 547 2974 sui
594 2922 777 2973 odium
808 2920 1037 2986 cepisset
1090 2918 1444 2971 Athanasium
1476 2938 1488 2972 :
1527 2920 1703 2988 suspi-

138 3014 357 3067 cabatur
380 3012 620 3080 aliquem
649 3026 716 3065 ex
742 3011 1016 3065 haereticis
1050 3011 1247 3078 scripta
1272 3026 1363 3064 sua
1391 3012 1491 3066 sub
1516 3013 1701 3067 Basilii

1820 548 1902 593 est
1936 540 2050 592 hmo
2108 536 2331 602 epistola
2378 536 2613 589 nondum
2650 535 2829 603 elapsa
2880 536 3072 601 hieme,
3112 546 3169 590 ut
3200 552 3264 589 ex
3302 541 3384 591 his

1821 633 2000 683 verbis
2041 626 2271 697 perspici
2321 630 2492 694 pett-5t
2526 646 2539 681 :
2592 627 2652 681 Si
2687 643 2859 680 omnes
2895 630 3072 682 ordine
3105 627 3383 684 scriberem

1820 738 2028 781 causas,
2070 719 2343 787 quibusin
2385 720 2519 771 hunc
2554 737 2714 791 usque
2758 721 2890 769 u‘iem
2936 730 3169 772 detentus
3198 735 3384 774 sum.“

1820 813 2023 866 morbos
2059 815 2266 881 quidem
2298 812 2430 863 alios
2463 812 2580 865 aliis
2622 814 2975 872 succedentes,
3002 814 3183 865 hiemis
3218 813 3385 866 mole-

1820 906 1995 966 riinm,
2028 907 2348 973 uegetiorum
2397 906 2793 957 coutinuifutem
2827 905 3008 958 omitto
3056 905 3246 964 dicere,
3278 916 3382 958 etc.

1820 996 1995 1061 Quare
2033 1012 2216 1050 errore
2261 1013 2364 1050 non
2413 1004 2603 1048 carent
2635 998 3015 1051 et-clesiasticze
3063 996 3291 1056 tabulae,
3330 997 3378 1046 in

1820 1090 2010 1157 quibus
2034 1106 2177 1142 mors
2216 1090 2269 1143 S.
2303 1089 2907 1157 Ettllnelitt:pottitttrdie
2931 1090 3204 1143 tricesimo
3239 1086 3381 1142 Maii.

1822 1184 2113 1234 linumerat
2148 1184 2288 1234 enim
2313 1184 2541 1235 Basilius
2560 1182 2788 1234 hiemem
2816 1182 2952 1234 inter
2976 1182 3381 1249 impedimenta,

1818 1274 2011 1341 quibus
2042 1274 2299 1327 hactenus
2326 1277 2571 1327 detentus
2603 1274 2799 1325 fuerat.
2835 1271 2908 1322 Eo
2943 1272 3273 1339 probabilius
3298 1281 3382 1325 est

1818 1370 1956 1420 hanc
1982 1367 2260 1434 epistolam
2297 1381 2398 1419 non
2424 1369 2677 1435 scriptam
2703 1379 2821 1417 esse
2842 1380 3024 1418 mense
3042 1366 3219 1432 .lunio,
3238 1364 3383 1435 quod

1816 1464 1976 1513 aliam
2010 1460 2239 1514 Basilius
2277 1469 2462 1527 postea
2491 1463 2554 1513 ad
2580 1460 2830 1514 ennidem
2862 1457 3150 1512 Eusebium
3177 1462 3384 1530 episto-

1818 1551 1922 1603 lam
1971 1551 2251 1616 scripserit
2288 1552 2394 1619 (ἀ),
2426 1562 2711 1618 antequam
2748 1549 2917 1601 fames
2957 1550 3226 1601 desiisset.
3257 1548 3382 1603 Sola

1815 1644 1959 1698 enim
1990 1643 2133 1697 fame
2157 1645 2521 1706 detinebatnr,
2558 1644 2845 1709 quominus
2890 1642 3244 1695 comitaretur
3272 1642 3405 1714 liy-,

1815 1738 2039 1805 patium,
2067 1736 2530 1803 consanguineum
2568 1750 2745 1797 suum,
2784 1736 2972 1787 morbo
3004 1736 3231 1800 quodam
3264 1734 3382 1787 lan-

1818 1830 2106 1895 guentemi,
2139 1828 2189 1880 in
2219 1842 2324 1895 quo
2355 1825 2593 1877 curando
2622 1834 3255 1877 consuctumsUccessmn
3275 1840 3379 1878 non

1820 1917 2121 1970 habuerunt
2161 1917 2257 1969 viri
2299 1914 2456 1969 donis
2500 1913 2837 1966 curationum
2895 1913 3168 1965 instructi.
3204 1913 3383 1978 Quare

1814 2006 2039 2061 Basilius
2064 2010 2127 2059 ad
2166 2008 2297 2060 alios
2337 2006 2755 2075 confugiendum
2786 2013 2950 2068 ratus,
2979 2004 3264 2058 Eusebium
3294 2020 3381 2058 ro-

1814 2107 1927 2166 gat,
1957 2107 2013 2147 ut
2045 2096 2479 2164 religiosissimos
2506 2098 2733 2150 fratrum
2767 2094 3115 2158 (monasterii
3151 2095 3381 2164 alicujus

1814 2200 2027 2241 ascetas
2055 2188 2267 2240 videtur
2296 2186 2609 2256 designare)
2643 2188 2708 2241 ad
2743 2202 2801 2240 se
2845 2196 3113 2249 accersat,
3155 2187 3244 2255 qui
3279 2188 3379 2241 sub

1812 2282 1981 2349 ipsius
2005 2282 2177 2337 oculis
2210 2280 2445 2352 Hypatio
2476 2282 2826 2344 medeantur;
2861 2281 2941 2335 vel
2965 2280 3153 2335 saltem
3182 2282 3250 2336 ad
3285 2295 3379 2337 eos

1811 2373 2101 2444 Hypatium
2140 2377 2317 2428 mittat
2346 2372 2543 2426 litteris
2567 2372 2679 2425 suis
2715 2372 3002 2424 munitum.

1886 2467 1971 2521 ιγ.
1998 2465 2149 2521 Nunc
2184 2466 2558 2534 exponendum
2602 2463 2758 2517 nobis
2788 2472 2892 2525 cst,
2929 2462 3125 2529 quibus
3159 2462 3376 2517 adducti

1810 2564 2113 2623 rationibus
2142 2560 2206 2612 ad
2242 2575 2439 2611 annum
2473 2559 2575 2612 368
2607 2568 2659 2610 et
2706 2557 2810 2611 569
2851 2556 2949 2609 hos
2974 2564 3197 2609 eventus
3238 2552 3381 2609 refe-

1810 2672 2015 2718 ramus,
2053 2654 2249 2723 quibus
2269 2650 2645 2703 Tillemontius
2681 2658 2731 2701 et
2772 2648 3017 2717 plerique
3056 2647 3146 2700 alii
3172 2663 3375 2700 annum

1818 2750 1925 2804 575
1964 2748 2262 2815 assignant,
2302 2742 2499 2811 Pagius
2534 2755 2682 2803 vero,
2717 2741 2805 2807 qui
2849 2740 3077 2792 aliorum
3133 2752 3375 2791 errorem

1808 2842 1911 2896 alio
1932 2839 2179 2909 graviore
2202 2838 2474 2897 emendat,
2511 2848 2707 2886 annum
2735 2830 2860 2887 570.
2893 2830 2952 2883 1⁰
2976 2829 3186 2884 Nullum
3221 2845 3377 2898 pror-

1805 2951 1896 2990 sus
1924 2933 2159 2989 occurrit
2200 2933 2251 2983 in
2286 2938 2397 2983 toto
2435 2928 2748 2995 episcopatu
2795 2924 2981 2978 Basilii
3030 2934 3277 2991 tempus,
3314 2924 3369 2977 in

1806 3042 1911 3095 quo
1933 3024 2196 3095 ejusmodi
2217 3030 2443 3075 eventus
2466 3019 2716 3087 conjungi
2738 3018 2963 3085 possint,
2981 3027 3039 3069 ut
3064 3018 3113 3069 in
3139 3017 3222 3070 his
3238 3030 3376 3086 quas

137 3105 347 3160 nomine
370 3105 711 3157 venditasse.
750 3102 935 3173 Itaque
966 3103 1236 3172 peramice
1273 3119 1396 3158 cum
1435 3118 1501 3157 eo
1532 3120 1701 3174 expo-
1727 3140 1768 3197 ο
1803 3114 2175 3169 recensuimus
2217 3108 2461 3177 epistolis
2504 3107 2943 3176 conjunguntnr:
2987 3122 3176 3173 nempe
3222 3122 3374 3161 more

136 3196 307 3259 stulat,
350 3196 498 3265 quod
536 3211 644 3250 non
677 3197 973 3263 scripserit,
1009 3206 1103 3249 aut
1135 3197 1326 3251 saltem
1370 3212 1477 3252 non
1511 3214 1569 3253 se
1598 3216 1689 3254 ac-

135 3290 429 3353 cersiverit,
460 3297 556 3340 aut
580 3305 675 3355 per
706 3288 868 3341 fidum
913 3288 1144 3357 aliquem
1190 3292 1422 3343 amicum
1458 3291 1696 3346 dolorem

134 3381 545 3448 signiﬁcaverit.
585 3381 757 3445 ROgat
795 3390 871 3443 ut,
917 3381 961 3432 si
1000 3393 1058 3432 se
1092 3380 1159 3432 ab
1186 3381 1287 3433 hac
1336 3383 1699 3437 sollicitudine

134 3472 356 3526 liberare
399 3472 552 3534 velit,
584 3472 781 3541 quibus
804 3472 868 3525 de
886 3473 1061 3526 causis
1081 3471 1145 3523 ad
1175 3472 1310 3525 hanc
1338 3471 1692 3529 oﬂensionom

133 3566 387 3618 adductus
424 3565 519 3627 sit,
564 3574 747 3632 aperte
786 3563 1039 3617 declaret.

198 3656 410 3724 Scripta
433 3666 517 3709 est
548 3660 659 3708 lucc
694 3655 915 3721 epistola
940 3655 1010 3709 9.5
1040 3670 1143 3710 non
1193 3656 1379 3711 multis
1404 3669 1526 3712 ante
1560 3674 1689 3712 mor-

133 3757 226 3800 tem
261 3749 555 3803 Athanasii
590 3748 764 3803 annis.
788 3747 904 3801 Jam
936 3748 1079 3801 enim
1114 3748 1346 3803 Basilius
1386 3750 1613 3805 veritate
1644 3760 1699 3803 et

133 3842 333 3909 scriptis
377 3850 436 3893 et
478 3839 640 3893 factis
684 3838 1021 3892 defendenda
1076 3855 1327 3908 magnum
1360 3840 1464 3892 sibi
1499 3854 1692 3894 nomen

132 3942 403 4001 pepererat
433 3950 446 3995 ;
497 3946 564 3984 ac
600 3940 896 3998 temporum
929 3929 1189 3982 molestiis
1223 3931 1293 3982 ita
1336 3931 1573 3984 anirnnm
1610 3948 1695 3987 as-

133 4024 447 4085 suefecerat,
479 4033 539 4075 ut
570 4022 765 4075 nullius
788 4021 901 4089 jam
928 4022 1159 4076 hominis
1187 4037 1315 4091 erga
1342 4039 1400 4077 se
1437 4025 1691 4077 immuta-

132 4124 198 4172 tio
226 4122 604 4185 inexspectata
632 4116 732 4184 ipsi
761 4116 1056 4170 videretur.
1094 4116 1185 4169 Sic
1232 4126 1415 4169 autem
1446 4116 1688 4169 Athana-

130 4210 189 4261 sii
216 4222 446 4263 mortem
487 4205 646 4259 deﬂet
686 4206 737 4259 iu
771 4208 929 4275 epist.
965 4206 1034 4259 29
1057 4248 1072 4271 ,
1117 4207 1196 4261 sic
1241 4208 1513 4260 desiderat
1544 4222 1694 4260 sum-

132 4318 263 4353 mum
294 4304 446 4354 illum
497 4301 694 4365 virum,
733 4315 889 4367 quem
945 4300 1253 4353 columnam
1284 4308 1338 4352 et
1376 4300 1688 4352 lirmamen-

130 4402 231 4446 tum
261 4394 369 4447 Ecc
395 4393 527 4446 θείω
556 4400 741 4454 vocat;
776 4402 1088 4459 tantamque
1134 4390 1276 4443 illius
1312 4401 1483 4445 morte
1506 4389 1687 4458 jactu-

1810 3203 2037 3257 Mnsouii
2065 3212 2116 3253 et
2146 3199 2424 3253 Athanasii
2452 3198 2723 3267 Ancyrani
2756 3212 2817 3250 ac
2850 3206 3048 3251 sancta:
3079 3196 3371 3261 Ennnelirc,

1809 3294 2057 3347 diuturna
2097 3289 2270 3342 fames
2304 3287 2563 3340 Basilium
2601 3302 2668 3340 ex
2699 3287 2970 3340 continuis
2996 3287 3365 3353 ocwpationi-

1806 3388 1905 3443 bus
1931 3384 2197 3455 respirare
2222 3398 2323 3436 non
2354 3382 2559 3443 sinens,
2586 3380 2865 3433 consilium
2898 3380 3059 3432 eundi
3082 3382 3367 3432 Samosata

1806 3495 1904 3550 per
1952 3479 2219 3547 integrum
2258 3490 2479 3535 annum,
2519 3472 2571 3525 id
2606 3480 2709 3532 est,
2741 3486 2835 3537 per
2883 3472 3018 3523 duas
3059 3480 3276 3523 aestates
3309 3483 3374 3523 ac

1807 3581 1966 3619 unam
2002 3566 2233 3616 hiemem
2280 3562 2381 3612 hac
2432 3559 2576 3611 fame
2612 3556 3030 3623 interpellatum.
3066 3555 3148 3607 Nil
3192 3556 3372 3610 verbis

1804 3670 1939 3723 opus
1971 3662 2073 3716 est,
2106 3661 2163 3704 ut
2218 3651 2329 3703 hare
2363 3664 2505 3703 anno
2533 3647 2639 3701 570
2680 3663 2784 3701 non
2821 3647 3069 3701 evenisse
3105 3651 3324 3715 probem
3352 3684 3373 3713 ,

1805 3761 1912 3815 quo
1948 3744 2199 3799 Basiliam
2244 3756 2434 3796 recens
2467 3743 2770 3795 ordinatum
2807 3755 2911 3793 non
2941 3738 3111 3792 fames
3138 3754 3371 3807 occupa-

1803 3839 1914 3902 bat,
1951 3838 2042 3891 sed
2077 3835 2286 3905 negotia
2318 3836 2383 3887 ah
2416 3835 2686 3903 episcopis
2720 3833 2887 3901 ipsius
2910 3831 3162 3885 electioni
3200 3831 3372 3883 inter-

1802 3931 2112 3985 cedentibus
2155 3929 2391 3983 exhibita
2430 3928 2778 3988 detinebant,
2830 3938 2930 3977 nec
2964 3923 3248 3976 Samosata
3277 3935 3370 3976 co—

1802 4024 2001 4092 gitabat
2023 4022 2107 4091 (e),
2132 4022 2223 4073 sed
2249 4019 2535 4073 Eusebium
2575 4016 2856 4075 invitabat,
2890 4022 2945 4066 ut
2973 4013 3213 4079 sequenti
3243 4027 3367 4065 vere

1801 4114 2096 4168 Ecclesiam
2135 4111 2521 4165 Cesariensem
2556 4108 2839 4161 reviseret.
2876 4105 2992 4172 Ipse
3037 4103 3229 4171 Pagius
3259 4118 3365 4156 non

1801 4205 2049 4274 elegisset
2083 4204 2224 4255 hunc
2258 4216 2479 4265 annum,
2522 4199 2624 4253 nisi
2660 4198 3051 4253 ordinationem
3087 4194 3366 4262 reiecisset

1802 4298 1852 4351 in
1879 4312 2077 4350 annum
2095 4296 2216 4349 571.
2241 4293 2451 4346 Nullum
2474 4293 2629 4345 famis
2651 4290 2929 4355 vestigium
2954 4302 3097 4341 anno
3126 4286 3224 4340 5³71
3268 4283 3363 4354 (f).

1799 4391 2054 4444 Basiliam
2086 4389 2152 4444 ab
2184 4396 2443 4441 autunmo
2476 4400 2640 4455 usque
2680 4384 2744 4437 ad
2772 4384 2973 4450 primos
2996 4393 3206 4434 menses
3238 4378 3363 4433 anni

131 4500 234 4537 ram
272 4484 472 4538 fecisse
519 4498 577 4537 se
615 4481 914 4551 signiﬁcat,
954 4490 1013 4535 ut
1063 4482 1218 4535 facile
1248 4490 1429 4552 pateat
1458 4496 1686 4535 nascen-
1724 4506 1764 4559 ο
1799 4485 2098 4553 sequentis,
2129 4482 2391 4533 adventus
2424 4478 2770 4537 Arianorum,
2808 4472 3145 4540 exspectatio
3174 4469 3364 4523 Valen-

132 4586 228 4629 tem
262 4577 407 4628 inter
465 4590 560 4629 eos
610 4573 995 4627 dissensionem
1054 4576 1162 4627 cito
1218 4575 1458 4627 sedatam
1502 4572 1686 4628 fuisse.

130 4666 381 4719 Hortatur
418 4667 756 4735 Ancyranos,
799 4679 855 4717 ut
886 4664 1177 4733 diligenter
1205 4675 1435 4719 caveant
1478 4680 1545 4719 ne
1567 4681 1689 4719 rur-

131 4772 215 4811 sus
247 4760 370 4812 lites
409 4765 463 4810 et
497 4758 774 4809 discordia:
806 4756 855 4809 in
885 4756 1007 4808 novi
1036 4756 1273 4825 episcopi
1297 4756 1566 4810 electione
1590 4772 1689 4810 na-

130 4859 363 4902 scantur.
398 4848 472 4901 De
501 4847 727 4900 Musonii
766 4859 818 4901 et
850 4847 1133 4900 Athanasii
1180 4849 1584 4901 successoribus
1611 4848 1689 4903 sic

131 4939 361 5007 loquitur
405 4939 654 5002 Basilius,
687 4947 746 4991 ut
780 4940 912 4993 nihil
947 4941 1074 4993 boni
1123 4939 1189 4993 ab
1224 4940 1303 4993 eis
1342 4949 1688 5007 exspectasse

131 5033 385 5085 \ideatur.
422 5030 782 5094 Neocwsarea,
808 5032 977 5101 inquit
998 5033 1090 5103 (ε),
1118 5041 1165 5084 et
1186 5032 1391 5100 Ancyra
1420 5032 1545 5085 vim
1570 5040 1689 5085 sunt

128 5125 312 5175 habere
338 5138 660 5177 successores
697 5137 873 5175 eorum
903 5124 992 5191 qui
1025 5124 1295 5188 obierunt,
1327 5133 1373 5176 et
1406 5126 1507 5175 huc
1530 5138 1690 5191 usque

128 5215 515 5281 conquiescunt.

190 5304 345 5359 Circa
385 5306 523 5359 idem
554 5316 763 5375 tempus
809 5321 873 5359 ac
905 5304 1176 5359 Musonius
1226 5316 1279 5361 et
1312 5306 1643 5360 Athanasius
1669 5346 1684 5370 ,

126 5398 252 5452 obiit
284 5396 339 5451 S.
368 5396 631 5451 Einmelia
666 5407 835 5452 mater
867 5396 1149 5463 Basilii,de
1166 5398 1320 5467 cujus
1354 5409 1530 5453 morte
1565 5412 1687 5451 cer-

188 5574 269 5641 (ai
305 5575 400 5643 Ep.
428 5576 517 5631 ‘29.

190 5648 263 5711 (ὁ)
296 5647 388 5711 Ep.
416 5646 501 5710 25,
545 5664 603 5703 n.
636 5648 688 5701 2.

187 5716 259 5782 (c)
291 5716 382 5784 Ep.
415 5718 508 5771 50.

187 5791 261 5857 (Α)
291 5786 385 5856 cp.
408 5786 497 5841 δι.

1805 4578 1870 4630 tis
1902 4590 1965 4629 ac
1996 4572 2190 4627 deinde
2216 4572 2327 4641 ipsa
2348 4570 2651 4638 persecutio
2682 4569 2761 4622 sic
2785 4565 3153 4627 detinuerunt,
3178 4574 3235 4617 ut
3262 4565 3363 4619 iter

1801 4667 2181 4721 Samosatcnse
2208 4665 2259 4717 in
2294 4670 2523 4715 mentem
2566 4660 2749 4714 venire
2778 4672 2881 4710 non
2913 4656 3172 4725 potuerit.
3204 4654 3362 4709 Anno

1797 4758 1923 4821 57?...
1956 4757 2137 4810 statim
2184 4763 2303 4823 post
2336 4752 2537 4806 Pascha
2571 4752 2675 4805 iter
2710 4750 2786 4819 (g)
2839 4747 3053 4817 aliquod
3084 4741 3357 4817 suscepit,

1799 4862 1988 4901 mense
2042 4846 2183 4898 Maio
2216 4844 2358 4897 aliud
2388 4843 2464 4913 th)
2498 4843 2785 4897 meditatus
2827 4848 2933 4902 est,
2964 4840 3103 4907 quod
3144 4839 3210 4891 ad
3241 4840 3358 4893 exi-

1798 4951 1908 4994 tum
1942 4956 2044 4992 non
2081 4939 2347 5007 perduxit.
2383 4938 2488 4992 Sed
2538 4948 2725 5007 postea
2760 4935 3071 4989 Armeniam
3102 4948 3359 5003 peragra-

1795 5032 1891 5095 vit,
1928 5044 1990 5082 ac
2019 5030 2231 5082 tandem
2264 5029 2647 5082 suavissimum
2682 5026 2785 5079 mel
2816 5023 3067 5079 Ecclesiae
3097 5024 3358 5077 Samosa-

1794 5122 1959 5177 tensis
1993 5121 2315 5191 degustavit.
2348 5119 2494 5173 Nihil
2531 5132 2660 5185 ergo
2686 5132 2752 5171 ex
2782 5116 2865 5170 his
2900 5130 3018 5185 qum
3037 5114 3354 5183 quaerimus.

1790 5214 2094 5282 suppeditat
2151 5227 2325 5266 annus
2379 5210 2505 5265 572.
2562 5210 2818 5277 Superest
2872 5221 3048 5285 annus
3103 5204 3229 5271 5⁸75,
3263 5206 3351 5272 qui

1792 5306 2025 5358 maxime
2056 5290 2263 5356 arridet
2293 5302 2652 5356 Tillemontio.
2684 5298 2817 5354 Nam
2848 5312 2989 5351 anno
3028 5295 3134 5349 574
3190 5304 3245 5349 et
3272 5310 3349 5349 sc-

1788 5396 2085 5465 quentibus
2115 5392 2403 5448 exsulabat
2444 5390 2724 5447 Eusebius.
2770 5385 3096 5455 Reperimus
3131 5382 3348 5452 quidem

1864 5569 1933 5638 (ei
1966 5570 2062 5635 Ep.
2098 5569 2186 5623 48.

1862 5641 1941 5724 (ί)
2109 5640 2197 5724 se.
2225 5642 2307 5695 πο

1866 5714 1939 5779 (9)
1984 5711 2077 5776 Ep.
2110 5709 2201 5763 95.

1864 5782 1940 5850 (Ii)
1977 5782 2072 5851 Ep.
2098 5779 2182 5834 98.
