4068 6320
727 370 797 411 tat
2058 336 2586 394 l-‘liOLEGOllENA.

733 466 837 519 hoc
868 476 1010 517 anno
1046 457 1302 514 Basiliam
1330 456 1594 512 inviscndi
1640 453 1855 508 Eusebii
1893 452 2171 522 promissis
2197 449 2294 504 ob-
2323 454 2366 508 A
2398 457 2565 500 morte
2594 444 2814 498 :iiiiictos
2862 440 3057 494 liztcris
3105 442 3447 497 amicissimis
3485 440 3795 497 consolatus
3820 445 3944 502 fuis-

729 558 1004 610 stric-lnm.
1041 552 1107 605 Λι
1136 567 1234 605 cur
1272 551 1536 618 promissa
1581 564 1685 600 non
1725 545 2042 616 perfecerit,
2089 543 2294 613 gravis-

728 647 923 702 simum
959 645 1198 697 morbum
1223 653 1439 696 excusat
1463 643 1511 693 in
1537 641 1777 707 pluribus
1795 638 2035 709 epistolis
2057 637 2154 706 (η),
2180 651 2296 689 uns-

729 752 888 807 quam
918 735 1136 790 famem.
1166 735 1220 787 ln
1239 736 1462 804 epistola
1487 732 1610 798 MS,
1636 734 2102 803 apprOpinquante
2125 732 2295 783 hieme

730 832 955 898 scripta,
1000 825 1120 881 cuni
1151 844 1300 897 spem
1350 841 1564 878 onmem
1601 825 1890 894 abiecisset
1918 821 2165 875 visitandi
2201 819 2295 872 En-

730 921 887 985 sebii,
924 919 1124 974 morbis
1156 917 1466 973 debilitatus
1489 957 1502 978 ,
1544 918 1714 984 ipsum
1739 916 1803 968 ad
1832 928 1886 967 se
1917 913 2126 964 invitat.
2157 910 2294 963 Mor-

731 1014 855 1066 bum
888 1019 940 1062 et
969 1009 1198 1063 hiemem
1225 1017 1481 1060 causatur
1509 1009 1560 1058 in
1603 1005 1829 1071 cpistola
1865 1002 1931 1053 ad
1978 1001 2289 1069 Evagrium,

729 1118 830 1156 cur
883 1102 936 1154 in
983 1099 1294 1153 Armeniam
1332 1096 1597 1169 proﬁcisci
1626 1114 1728 1149 non
1758 1095 1946 1166 possit.
1981 1095 2095 1150 Uno
2128 1093 2291 1145 verbo

732 1194 938 1247 nullum
974 1207 1196 1262 prorsus
1237 1193 1339 1246 hoc
1372 1205 1511 1244 anno
1551 1190 1806 1243 indicium
1851 1187 2007 1241 famis
2041 1194 2130 1238 aut
2155 1184 2291 1238 inci-

729 1285 928 1351 pientis
958 1295 1050 1336 aut
1083 1283 1398 1337 desinentis.
1437 1279 1608 1333 Nemo
1671 1281 1864 1330 famem
1899 1291 2039 1330 anno
2062 1275 2167 1329 575
2200 1276 2294 1328 de-

728 1377 886 1432 siisse
931 1377 1145 1431 dixerit.
1204 1376 1312 1428 llac
1346 1375 1488 1426 enim
1530 1374 1712 1427 sedata
1769 1369 2067 1422 Eusebium
2107 1367 2293 1422 invisit

729 1469 984 1533 Basilius,
1020 1470 1158 1538 quod
1185 1467 1400 1535 quidem
1448 1480 1588 1518 anno
1621 1464 1724 1516 575
1757 1461 2015 1530 perlicere
2058 1475 2161 1514 non
2197 1474 2292 1529 po-

731 1561 852 1614 tuit.
890 1561 1084 1614 Eadem
1110 1573 1274 1612 causa
1314 1557 1470 1609 famis
1512 1555 1721 1607 initium
1753 1554 1818 1606 ad
1845 1567 2042 1604 annum
2069 1552 2174 1606 573
2205 1567 2290 1606 re-

732 1652 875 1707 ferre
899 1667 999 1704 non
1027 1651 1154 1705 sinit
1181 1669 1193 1703 :
1231 1649 1494 1717 siquidem
1525 1647 1612 1699 illa
1645 1661 1787 1699 anno
1813 1647 2059 1715 sequenti
2086 1647 2291 1700 solutus

730 1745 963 1798 Basilius
995 1745 1274 1799 Samosata
1323 1744 1497 1811 petiit.
1549 1743 1619 1796 At
1669 1757 1812 1795 anno
1859 1742 1964 1794 574
2014 1743 2293 1796 exsulabat

2396 541 2511 594 set?
2546 536 2638 589 llis
2667 537 2800 589 adde
2843 533 2893 585 in
2922 533 3174 599 opinione
3218 531 3540 589 Tillcmontii
3572 534 3829 603 explicari
3867 539 3946 591 vis

2397 644 2575 698 posse,
2620 627 2887 693 quomodo
2932 627 3182 688 Basilius,
3217 623 3308 692 qui
3356 640 3412 678 se
3462 627 3614 680 initio
3643 625 3948 681 monasticzr

2395 715 2767 785 professionis,
2800 725 2857 768 ut
2889 729 3050 781 supra
3085 715 3335 780 vidimus,
3373 718 3623 770 omnibus
3654 719 3816 772 rebus
3851 732 3949 770 nn-

2395 813 2636 870 daverat,
2669 811 2869 877 quique
2901 809 2999 862 hoc
3030 808 3332 861 institutum
3357 807 3808 876 amplcctentibns
3833 810 3952 864 nul-

2399 898 2502 952 lius
2538 899 2758 951 omnino
2791 896 3084 951 retinenda:
3117 901 3190 951 rei
3225 900 3492 952 licentiam
3542 904 3810 965 concedit,
3862 917 3956 957 suo

2397 998 2578 1040 tamen
2617 986 2944 1053 patrimonio
2973 1001 3233 1056 pauperes
3262 986 3783 1056 presbyterjnverit.
3807 996 3878 1045 At
3905 994 3955 1047 id

2395 1080 2541 1133 nullo
2569 1076 2781 1146 negotio
2806 1079 3084 1132 solvimus.
3106 1075 3348 1132 Nerulum
3369 1082 3599 1135 desierat
3625 1082 3815 1141 fartres,
3836 1099 3954 1137 cum

2396 1173 2584 1226 matris
2617 1178 2790 1224 morte
2824 1171 2888 1224 ad
2931 1187 3050 1225 eum
3081 1173 3220 1226 bona
3267 1171 3562 1240 redierunt,
3606 1188 3724 1245 quae
3770 1177 3954 1230 statim

2397 1273 2619 1332 urgente
2643 1264 2782 1316 fame
2812 1263 2862 1316 in
2895 1277 3160 1332 pauperes
3192 1262 3400 1319 eﬂiidit.

2464 1354 2694 1410 Necesse
2717 1355 2816 1409 fuit
2846 1355 2897 1406 in
2932 1357 3014 1409 his
3046 1358 3338 1426 probandis
3372 1355 3674 1422 immorari,
3701 1361 3828 1431 quia
3848 1375 3956 1412 ma-

2391 1448 2524 1502 ximi
2549 1457 2671 1503 sunt
2700 1448 2950 1502 momenti
2979 1448 3043 1500 ad
3066 1450 3308 1503 ordinem
3347 1463 3523 1501 rerum
3553 1448 3737 1505 Basilii
3767 1462 3950 1522 gesta-

2393 1556 2534 1597 rum.
2565 1543 2669 1595 Sed
2699 1541 2886 1611 objicit
2926 1540 3301 1594 Tillemontins
3334 1540 3414 1612 (Ῑ)
3458 1541 3712 1595 Basilium
3744 1545 3798 1598 in
3839 1545 3955 1614 epi-

2394 1633 2528 1687 stola
2557 1634 2644 1700 50,
2664 1636 2744 1689 sic
2776 1636 2839 1689 de
2870 1634 3203 1701 negotiorum
3234 1647 3455 1687 suorum
3493 1634 3880 1704 perpetuitate,
3907 1645 3957 1690 et

2396 1728 2460 1781 de
2485 1727 2696 1781 insidiis
2727 1728 2827 1781 sibi
2857 1727 3079 1779 structis
3115 1725 3281 1792 loqui,
3316 1735 3369 1780 et
3418 1741 3540 1781 cum
3583 1727 3820 1782 Eusr-bio
3843 1731 3956 1796 epi-

731 1835 1015 1889 Ensebins.
1040 1835 1311 1888 Immerito
1339 1849 1464 1900 ergo
1491 1832 1868 1887 Tillemontius
1905 1842 2133 1884 mortem
2181 1830 2295 1885 Mn-

2402 1835 2560 1888 scopo
2583 1829 2634 1872 et
2661 1820 2959 1874 Athanasio
2995 1817 3284 1888 Ancyrano
3314 1817 3392 1872 sic
3424 1834 3604 1887 agere,
3646 1831 3704 1874 ut
3731 1821 3953 1876 dubium

732 1925 897 1988 sonii,
939 1925 1217 1976 Athanasii
1253 1932 1307 1974 et
1352 1921 1408 1975 S.
1446 1919 1722 1974 Emmelize
1769 1933 1911 1973 anno
1941 1917 2045 1970 575
2076 1919 2293 1971 exeunti

735 2013 945 2080 aﬂigerc
974 2021 1214 2066 conatur.

800 2107 858 2158 2°
888 2103 1156 2158 Habemus
1186 2103 1549 2157 certissimum
1581 2100 1826 2170 Gregorii
1877 2098 2114 2170 Nysseni
2142 2099 2294 2153 testi-

732 2197 993 2256 monium,
1024 2196 1112 2262 qui
1139 2204 1420 2263 postquam
1456 2203 1683 2244 mortem
1721 2199 1775 2244 et
1807 2192 2140 2261 sepulturam
2190 2203 2298 2243 ma-

733 2287 831 2341 tris
864 2287 1123 2351 narravit,
1149 2289 1326 2341 statim
1352 2286 1427 2338 sic
1449 2284 1622 2354 pergit
1655 2283 1728 2352 (ὁ)
1759 2300 1774 2338 :
1819 2285 1907 2338 Ἐν
1933 2285 2106 2354 τούτῳ
2136 2286 2164 2337 ὁ
2197 2300 2294 2334 m-

731 2380 825 2442 λὺς
849 2381 905 2431 ἐν
939 2379 1112 2447 ἁγίοις
1141 2378 1412 2439 Bas-£1310;
1437 2377 1536 2445 τῆς
1565 2378 1805 2448 μεγάλης
1823 2376 2142 2445 Καισαρέων
2171 2375 2294 2426 Ἐκ-

733 2472 960 2543 κλησίας
988 2471 1263 2540 ἀνεδείχθη
1288 2473 1592 2540 προστάτης
1621 2489 1632 2500 ·
1665 2470 1723 2532 ὃς
1755 2471 1843 2520 ἐπὶ
1868 2468 1954 2520 τὸν
1985 2466 2180 2536 κλῆρον
2199 2465 2295 2534 τῆς

730 2570 790 2620 ἐν
816 2565 893 2634 τῷ
930 2564 1329 2634 πρεσϐυτερείῳ
1389 2562 1704 2633 ἱερωσύνης,
1740 2561 1830 2613 τὸν
1865 2558 2089 2626 ἀδελφὸν
2126 2557 2247 2625 ἄγει
2279 2573 2291 2585 ⁸

730 2658 849 2719 ταῖς
880 2657 1166 2726 μυστικαῖς
1211 2655 1400 2708 ἑαυτοῦ
1447 2654 1779 2725 ἱερουργίαις
1810 2649 2121 2724 ἀφιερώσας
2145 2666 2157 2678 ·
2203 2650 2297 2702 xiii.

733 2749 790 2800 ἐν
835 2746 1006 2818 τούτῳ
1071 2746 1230 2800 πάλιν
1275 2748 1456 2809 αὐτοῖς
1493 2748 1583 2800 ἐπὶ
1635 2747 1696 2798 τὸ
1751 2745 2070 2815 σεμνότερόν
2108 2761 2167 2796 τε
2205 2744 2298 2796 καὶ

732 2837 1030 2907 ἁγιώτερον
1074 2840 1269 2910 προῄει
1307 2842 1334 2891 ὁ
1376 2839 1517 2907 βίος,
1557 2841 1622 2907 τῇ
1663 2838 1927 2908 ἱερωσύνῃ
1962 2837 2058 2906 τῆς
2090 2835 2299 2904 φιλοσο-

732 2928 862 2996 φίας
894 2927 1313 2996 ἐπαυξηοείσης.
1357 2927 1484 2978 'l'um
1519 2929 1739 2994 insignis
1772 2929 1906 2978 inter
1933 2939 2142 2979 sanctos
2187 2927 2295 2980 Ba-

737 3022 885 3076 silius
912 3037 1113 3092 magna:
1137 3019 1540 3075 Cwsariensium
1588 3017 1833 3072 Ecclesia:
1866 3017 2161 3070 declaratus
2187 3033 2284 3070 on-

737 3114 907 3177 tistes,
937 3115 1026 3181 qui
1075 3114 1128 3166 in
1176 3113 1374 3166 clerum
1417 3111 1692 3165 sacerdotii
1726 3112 2139 3181 presbyterorum
2180 3112 2291 3178 fra-
2324 3150 2364 3207 Ο

737 3211 869 3252 trem
921 3201 1121 3265 eve/tit,
1164 3201 1271 3254 suis
1315 3218 1429 3254 eum
1473 3203 1705 3271 mysticis
1741 3205 2082 3255 sacramentis
2117 3217 2298 3255 conse-

735 3305 930 3352 cratis;
965 3298 1175 3360 tumque
1217 3293 1323 3344 illis
1364 3295 1432 3344 ad
1467 3295 1717 3361 majorem
1764 3286 2071 3363 grauitatcm
2106 3303 2153 3347 ct
2179 3311 2302 3347 san-

736 3383 969 3434 ctitatem
1029 3381 1135 3435 vita
1194 3383 1573 3450 progreditur,
1633 3393 1855 3451 augente
1914 3384 2300 3451 philosophiam

735 3474 1048 3528 sacerdotio.
1070 3471 1305 3527 Nimium
1330 3473 1473 3528 clara
1488 3484 1541 3527 et
1557 3474 1836 3542 perspicua
1857 3473 2098 3543 Gregorii
2117 3477 2298 3538 verba,

738 3583 901 3636 quam
934 3577 989 3620 ut
1010 3567 1152 3621 eludi
1185 3567 1425 3635 possint;
1458 3568 1626 3623 multo
1659 3568 1840 3621 minus
1871 3566 1974 3620 dici
2010 3566 2178 3634 possit
2210 3582 2301 3620 er-

741 3674 863 3712 rare
914 3659 964 3711 in
1025 3668 1128 3712 tam
1183 3659 1481 3728 insignibus
1537 3663 1696 3714 rebus
1755 3659 2068 3715 domesricis
2134 3675 2296 3714 enar-

741 3748 940 3802 randis.

809 3837 866 3891 5'
898 3836 968 3891 Ut
1001 3837 1101 3891 hos
1138 3847 1363 3892 eventus
1391 3852 1534 3893 anno
1569 3838 1673 3892 568
1715 3850 1944 3896 exeunte
1967 3851 2060 3896 aut
2090 3844 2311 3898 ineunte

739 3925 845 3981 569
878 3927 1239 3997 assignemus,
1280 3941 1457 3980 rerum
1505 3927 1760 3996 deinceps
1788 3928 2186 3981 narrandarum
2219 3944 2307 3982 se-

740 4019 852 4073 ries
878 4019 1099 4073 omnino
1133 4016 1384 4088 postulat.
1419 4016 1577 4072 Modo
1629 4020 1976 4088 probabimus
2014 4021 2299 4090 epistolam

740 4109 811 4164 51
837 4110 902 4164 ad
944 4110 1257 4175 Eusebium,
1282 4109 1366 4164 cui
1404 4125 1612 4164 summa
1661 4121 1745 4165 est
1771 4125 1892 4165 cum
1941 4111 2307 4181 superioribus

743 4200 1110 4264 necessitudo,
1156 4211 1283 4254 ante
1327 4203 1690 4271 episc0patum
1741 4204 1997 4268 scriptam
2040 4219 2182 4260 esse.
2231 4203 2305 4258 De

745 4289 1050 4344 Athanasio
1079 4291 1371 4360 Aucyrano
1397 4302 1450 4346 et
1487 4292 1731 4348 Musonio
1763 4293 1895 4348 nihil
1934 4294 2186 4364 deinceps
2212 4309 2302 4350 oc-

745 4392 950 4438 curret.
979 4380 1175 4436 Neuter
1199 4383 1503 4438 subscribet
1536 4385 1729 4441 litteris
1757 4387 1809 4440 in
1849 4385 2194 4443 Occidentem
2225 4387 2296 4459 (c)

2397 1927 2515 1967 esse
2552 1926 2654 1965 non
2687 1915 2875 1980 possit,
2905 1912 3032 1980 quin
3064 1921 3190 1966 tunc
3210 1911 3492 1981 episcopus
3521 1913 3702 1968 fuerit.
3735 1913 3959 1970 Videtur

2398 2006 2558 2058 etiam
2586 2003 2686 2057 sibi
2715 2004 3045 2057 certissimas
3081 2015 3233 2058 notas
3257 2005 3598 2075 episcopatus
3621 2010 3952 2077 perspicere,

2396 2114 2517 2152 cum
2551 2098 2627 2152 ait
2647 2095 2869 2151 Basilius
2892 2097 2964 2165 (g)
2986 2111 3166 2150 secum
3191 2096 3485 2152 Musonium
3516 2097 3959 2156 adEcclesiarnm

2396 2191 2827 2258 pacificationem
2867 2204 2970 2243 non
3019 2190 3363 2243 concurrisse
3395 2229 3409 2252 ,
3464 2192 3557 2246 sed
3607 2202 3784 2248 tamen
3840 2207 3959 2248 eum

2397 2296 2610 2348 semper
2639 2296 2668 2333 a
2694 2297 2751 2336 se
2783 2283 2849 2334 ad
2885 2280 3268 2352 oppugnandos
3315 2278 3597 2336 haereticos
3637 2284 3960 2336 advocatum

2397 2372 2563 2426 fuisse
2598 2389 2612 2425 :
2649 2372 2731 2425 vel
2754 2388 2873 2427 cum
2914 2374 3042 2427 dicit
3090 2384 3308 2427 mortuo
3351 2371 3646 2424 Athanasio
3679 2390 3692 2425 :
3735 2371 3960 2428 Cuinam

2396 2467 2635 2535 deinceps
2679 2465 3037 2520 Ecclesiarum
3073 2483 3256 2519 curam
3293 2465 3625 2535 deferemus?

2471 2558 2574 2613 Sed
2618 2557 2908 2611 l°lacileni
2951 2569 3003 2611 et
3047 2560 3346 2626 expeditam
3387 2557 3792 2627 responsionem
3841 2570 3967 2623 snp-

2398 2653 2658 2722 peditant,
2697 2666 2816 2704 cum
2873 2651 2984 2718 ipsa
3038 2650 3386 2704 Caesariensis
3419 2651 3680 2715 Ecclesia,
3733 2649 3963 2719 quaejus

2398 2745 2741 2799 exarchicum
2769 2742 3020 2807 habebat,
3050 2751 3159 2793 tum
3183 2741 3365 2794 Basilii
3393 2743 3444 2793 in
3468 2743 3566 2794 hac
3593 2741 3838 2799 Ecclesia
3871 2758 3964 2795 an-

2400 2839 2645 2903 ctoritas,
2682 2851 2837 2903 quem
2867 2833 3160 2902 Gregorius
3194 2832 3562 2890 Nazianzenus
3591 2833 3668 2904 (Ii)
3705 2843 3956 2897 testatur»,

2400 2930 2497 2982 etsi
2525 2927 2781 2982 cathedra
2827 2927 3160 2992 inferiorem,
3205 2928 3456 2982 Ecclesia:
3499 2928 3787 2996 imperium
3827 2928 3965 2981 obti-

2400 3015 2599 3067 nuisse.
2634 3014 2726 3067 llis
2761 3015 2895 3068 adde
2929 3022 3164 3069 maxima
3200 3017 3422 3084 ingenii,
3457 3016 3739 3082 doctrina),
3764 3026 3821 3070 et
3857 3015 3964 3068 vir-

2399 3105 2528 3158 tutis
2554 3115 2891 3168 ornainenta,
2917 3107 3114 3173 quibus
3139 3107 3373 3174 episcopi
3401 3117 3602 3159 tantum
3631 3106 3963 3166 tribuebant,

2405 3207 2460 3248 ut
2486 3211 2605 3248 eum
2642 3195 2814 3247 adhuc
2845 3195 3099 3249 lectorem
3131 3196 3646 3263 Constantinopolim
3673 3196 3741 3248 ad
3767 3196 3966 3250 verita-

2408 3288 2472 3341 tis
2503 3285 2864 3342 defensionem
2908 3286 3326 3350 accersiverint,
3363 3295 3417 3338 et
3453 3301 3570 3338 cum
3596 3299 3660 3340 eo
3690 3286 3758 3341 de
3784 3288 3962 3341 maxi-

2407 3379 2509 3431 mis
2571 3379 2729 3432 rebus
2788 3376 3140 3446 Lampsacum
3205 3374 3498 3446 prol‘ecmri
3567 3376 3962 3434 deliberarent.

2405 3470 2540 3532 Quid
2566 3473 2756 3522 mirum
2793 3471 2836 3524 si
2879 3472 3155 3541 presbyter
3183 3471 3374 3533 factus,
3400 3486 3519 3525 cum
3543 3470 3807 3540 plurimas
3839 3487 3968 3542 par-

2407 3571 2485 3614 tes
2515 3563 2756 3628 regendae
2788 3562 3038 3617 Ecclesiae
3088 3563 3433 3618 Giesariensis
3459 3564 3797 3629 sustineret,
3864 3578 3970 3618 non

2406 3651 2654 3704 minimas
2677 3652 2839 3704 etiam
2868 3653 2918 3704 in
2958 3653 3045 3714 iis,
3078 3669 3197 3721 quae
3229 3653 3297 3707 ad
3341 3655 3686 3709 eXarchicum
3712 3655 3807 3724 jus
3845 3670 3969 3723 per-

2409 3742 2672 3805 tinebant,
2699 3741 3011 3796 sustinuerit
3040 3745 3062 3794 'l

2476 3833 2533 3886 2°
2560 3832 2689 3886 Illud
2712 3847 3019 3886 asseverare
3047 3847 3352 3900 possumus,
3389 3831 3518 3886 nihil
3543 3833 3627 3887 bis
3653 3832 3856 3887 litteris
3888 3834 3971 3886 in-

2407 3939 2546 3987 esse,
2571 3926 2713 3995 quod
2747 3924 3103 3994 episcopalem
3131 3927 3506 3979 auctoritatem
3539 3925 3856 3979 necessario
3880 3926 3970 3978 dc-

2408 4016 2603 4081 signet.
2633 4017 2820 4069 Nonne
2847 4018 2988 4070 enim
3022 4013 3306 4085 presbyter
3337 4025 3392 4069 et
3425 4016 3692 4085 perpetuis
3739 4017 3973 4084 negotiis

2407 4106 2632 4159 detineri
2655 4105 2850 4172 potuit,
2879 4116 2931 4157 et
2952 4105 3524 4159 insidiisinimicorum
3545 4106 3765 4175 appeti?
3799 4108 3975 4172 Quan-

2407 4212 2566 4267 quam
2602 4197 2812 4266 negotia
2841 4198 2926 4250 illa
2967 4213 3070 4251 non
3097 4199 3332 4260 aliunde,
3367 4213 3525 4264 quam
3555 4213 3620 4251 ex
3643 4195 3804 4252 'fame
3838 4208 3964 4252 tunc

2407 4299 2686 4359 grassante
2727 4290 3058 4355 oriebantur,
3101 4291 3152 4342 id
3196 4289 3337 4356 quod
3373 4290 3549 4341 minus
3582 4289 3968 4343 animadvertit

2407 4381 2827 4436 Tillcmontius:
2871 4381 3080 4435 insidiae
3113 4395 3216 4433 non
3268 4381 3439 4446 magis
3482 4380 3762 4443 Basilium,
3808 4395 3971 4448 quam

749 4470 928 4524 missis
954 4487 1095 4525 anno
1125 4469 1246 4524 572.
1277 4472 1579 4537 Quinetiam
1607 4475 1674 4528 ab
1703 4476 1924 4529 Atarbio
1973 4475 2049 4545 (ά)
2090 4492 2306 4532 succes-
2340 4489 2382 4544 ι)
2413 4472 2581 4541 ipsam
2607 4472 2994 4526 Cmsariensem
3019 4471 3313 4524 Ecclesiam
3342 4471 3588 4525 videntur
3612 4472 3858 4540 petiisse.
3887 4472 3976 4523 Sc-

746 4577 868 4616 sore
901 4563 1130 4616 Musonii
1157 4565 1505 4634 gravissimas
1543 4567 1821 4622 molestias
1859 4569 2058 4623 Basilio
2097 4572 2309 4624 exhibi-

747 4663 830 4704 tas
868 4651 1175 4706 videbimus
1228 4668 1334 4706 non
1366 4654 1531 4708 multo
1585 4665 1707 4724 post
1759 4657 1968 4712 Pascha
2013 4659 2140 4713 anni
2182 4659 2307 4714 575.

746 4741 948 4796 Eodem
998 4745 1124 4796 anni
1158 4743 1266 4798 575
1312 4755 1550 4814 tempore
1592 4749 1669 4802 sic
1706 4750 1993 4819 compellat
2026 4749 2309 4805 Neocresa-

746 4837 955 4887 rienses
987 4831 1057 4904 (ε)
1096 4852 1110 4888 :
1151 4834 1325 4888 Multo
1348 4846 1572 4898 tempore
1605 4841 1738 4892 inter
1766 4858 1856 4895 nos
1896 4842 2158 4908 siluimus,
2189 4842 2306 4905 fra-

747 4933 872 4974 tres.
905 4921 1165 4988 Queritur
1191 4925 1390 4979 ibidem
1423 4929 1562 4994 quod
1593 4943 1776 4982 eorum
1830 4930 2109 4984 iracundia
2141 4940 2307 4986 totam

750 5015 987 5070 hominis
1015 5026 1226 5070 aetatem
1263 5019 1539 5085 perduret.
1573 5015 1707 5074 Num
1745 5020 1822 5075 sic
1867 5021 2082 5076 locutus
2139 5034 2306 5088 esset,

751 5107 794 5159 si
828 5121 964 5160 anno
987 5107 1091 5161 575
1121 5118 1351 5162 exeunte
1381 5119 1476 5164 aut
1512 5112 1729 5167 ineunte
1771 5112 1896 5178 574,
1929 5114 2163 5167 nondum
2191 5115 2309 5169 ullae

750 5199 1080 5253 exstitissent
1100 5201 1206 5254 odii
1230 5201 1677 5273 signiﬁcationes,
1702 5219 1898 5275 eosque
1925 5215 2049 5261 tunc
2069 5207 2308 5277 episcopi

823 5457 898 5524 (τε)
925 5457 1018 5524 Ep.
1049 5458 1167 5520 156,
1201 5460 1321 5523 158,
1353 5461 1470 5515 tu.

823 5527 895 5608 (1))
931 5527 1237 5608 Κίμβρον.
1273 5547 1322 5599 p.
1361 5535 1474 5584 itii.

830 5742 899 5802 (ε)
931 5734 1024 5804 Ep.
1048 5738 1171 5806 “lbi,
1211 5758 1262 5796 n.
1298 5745 1345 5799 1.

2412 4565 2586 4619 cernit
2615 4579 2671 4619 se
2698 4565 2764 4618 ab
2791 4565 3056 4633 ερὶεοονὶε
3081 4564 3331 4627 Basilius,
3360 4579 3484 4618 cum
3516 4564 3590 4616 ait
3621 4565 3670 4618 in
3705 4565 3872 4633 epist.
3911 4562 3974 4616 ad

2415 4653 2700 4708 Eusebium
2740 4657 2776 4722 (i
2801 4657 2841 4721 ),
2879 4655 3000 4706 dum
3021 4670 3105 4707 vos
3133 4652 3481 4716 cunctamini,
3516 4663 3622 4708 etc.
3657 4653 3713 4708 In
3747 4653 3973 4718 epismla

2413 4745 2478 4797 ad
2518 4745 2873 4797 Athanasium
2926 4744 3000 4814 (j)
3051 4745 3180 4798 nihil
3235 4759 3365 4797 sane
3404 4744 3793 4808 animadverto,
3835 4745 3974 4811 quod

2413 4837 2667 4891 Basiliam
2706 4837 2911 4890 honore
2954 4851 3134 4904 parem
3179 4836 3476 4891 Athanasio
3531 4835 3695 4890 fuisse
3749 4836 3974 4889 indicet.

2414 4930 2524 4983 lino
2552 4930 2797 4998 queritur
2826 4931 3053 4998 quod.se
3091 4929 3425 4984 Athanasius
3459 4945 3562 4984 non
3599 4929 3974 4988 accersiverit.

2415 5035 2474 5076 ut
2498 5023 2696 5076 doloris
2731 5037 2924 5075 causas
2950 5022 3215 5075 indicaret
3243 5035 3257 5074 :
3289 5028 3431 5090 quod
3483 5019 3727 5090 profecm
3753 5020 3972 5089 episco-

2415 5131 2513 5184 pus
2539 5115 2886 5169 Gazsariensis
2918 5130 3021 5168 non
3058 5116 3281 5169 dixisset
3333 5116 3640 5183 Ancyrano,
3675 5127 3800 5166 cum
3843 5127 3977 5183 pra:-

2416 5208 2603 5262 scrtim
2631 5206 2869 5262 Ecclesia
2903 5206 3250 5263 Cicsariensis
3289 5206 3410 5276 jura
3446 5203 3734 5260 exarcbica
3770 5203 3826 5258 in
3868 5202 3968 5258 Ga-

2488 5469 2552 5538 (f)
2586 5468 2702 5522 Not.
2733 5470 2800 5522 65
2827 5473 2878 5522 in
2902 5470 3062 5526 anil.

2491 5541 2564 5605 (9)
2597 5538 2692 5603 Ep.
2719 5540 2808 5602 28,
2840 5559 2890 5595 n.
2926 5542 2977 5595 ‘2.

2491 5611 2568 5679 (Ii)
2718 5609 2807 5662 (30.

2491 5678 2554 5746 (i)
2601 5678 2695 5746 Ep.
2725 5680 2815 5732 €20.

2491 5749 2557 5817 (j)
2599 5748 2692 5815 Ep.
2719 5749 2808 5802 εδ.
