4068 6320
1510 376 1667 434 ἨΤΑ
1707 378 1761 430 S.
1802 373 2058 430 BASILII.

174 498 345 555 latiam
382 498 733 556 extenderet.
766 498 921 552 Ridet
966 497 1179 565 quidem
1230 495 1512 549 Athanasii
1564 498 1736 549 minas
1766 500 1809 554 Λ
1840 509 1958 545 ores
1985 492 2196 545 habenti
2235 494 2324 562 (τ),

176 594 414 648 Basilius.
440 587 550 643 Sed
576 605 703 641 num
731 604 950 644 necesse
984 587 1079 638 fuit
1107 601 1227 641 eum
1252 586 1557 653 epismpum
1591 598 1733 649 eSse,

176 697 228 736 ut
254 700 306 735 se
342 680 522 733 minas
573 680 753 735 ridere
779 683 1002 739 diceret,
1048 694 1145 732 nec
1182 681 1316 729 adeo
1340 691 1561 741 puerum
1592 690 1735 738 esse,

178 775 363 825 utme
415 772 673 826 terricula
728 769 1013 824 formidet?
1048 769 1228 838 Neque
1270 768 1431 819 etiam
1458 768 1736 836 episcopa-

178 867 272 915 lem
298 864 676 917 auctOritatem
700 862 799 915 sibi
827 861 1104 927 arrogabat
1132 861 1231 927 (a),
1257 873 1374 911 cum
1400 862 1610 912 nomine
1627 856 1738 923 epi-

176 954 317 1018 scopi
352 956 462 1018 sui,
492 956 582 1025 qui
624 955 740 1020 ipso
766 936 1066 1005 dominante
1098 950 1361 1003 dominari
1411 952 1509 1004 sibi
1537 950 1739 1004 videba-

175 1053 275 1103 tur,
302 1044 511 1100 vicinos
544 1044 827 1111 episcopos
861 1046 924 1095 ad
964 1042 1333 1097 defensionem
1368 1044 1611 1096 veritatis
1644 1041 1737 1092 ad-

176 1146 413 1199 voraret,
448 1138 621 1202 iisque
656 1150 836 1189 curam
879 1133 1236 1187 Ecclesiarum
1268 1131 1519 1188 deferret.

241 1228 304 1281 ν.
339 1227 606 1283 (Σωεπίυε
635 1226 874 1295 Gregorii
906 1225 1223 1278 Naziauzcni
1250 1224 1436 1288 frater,
1466 1239 1605 1277 anno
1636 1223 1736 1277 568

172 1335 202 1373 e
235 1320 428 1373 Nicmaa
470 1318 638 1374 ruinis
670 1320 983 1373 mirabiliter
1027 1328 1287 1380 servatus,
1342 1319 1431 1371 Dei
1478 1316 1737 1370 beneficio

173 1412 235 1463 ad
284 1410 484 1463 animm
517 1412 739 1465 salutem
775 1411 873 1471 uti,
910 1418 959 1461 et
999 1424 1025 1460 a
1056 1410 1362 1478 rcipublicm
1398 1410 1740 1463 administrar-

175 1498 317 1549 tione
375 1501 626 1553 recedere
658 1506 916 1550 statuerat
947 1496 1041 1567 (ὁ).
1086 1499 1187 1552 Sed
1225 1498 1478 1568 prmclaro
1519 1498 1740 1551 consilio

176 1603 316 1641 mors
346 1588 560 1644 obstitit
598 1588 755 1656 paulo
794 1596 909 1655 post
953 1592 1351 1659 superveniens.
1393 1590 1579 1643 Mortui
1622 1607 1741 1660 prc—

178 1681 459 1735 tiosissima
489 1696 711 1749 qumque
740 1693 791 1737 et
812 1686 950 1737 servi
977 1694 1028 1737 et
1050 1684 1134 1736 alii
1162 1683 1403 1737 homines
1435 1684 1602 1737 servis
1635 1700 1737 1737 non

177 1772 421 1825 meliores
456 1772 742 1840 diripuere,
781 1789 841 1827 ac
875 1775 1191 1841 paucissima
1233 1772 1537 1842 parentibus
1568 1791 1739 1831 rescr-

177 1872 383 1926 varum,
414 1878 535 1931 quae
562 1866 739 1917 statim
771 1866 1087 1933 pauperibus
1108 1864 1385 1920 distributa
1414 1878 1554 1922 sunt.
1603 1868 1735 1923 Cum

176 1954 311 2003 enim
365 1952 603 2007 moriens
648 1955 867 2008 dixisset
902 1954 1161 2009 Caesarius
1240 1955 1359 2010 Mea
1411 1960 1583 2010 omnia
1624 1959 1737 2009 volo

176 2055 275 2096 me
304 2060 596 2113 pauperum
620 2087 633 2109 ,
666 2047 830 2099 frater
854 2046 992 2102 illius
1021 2048 1327 2118 Gregorius,
1359 2050 1423 2102 ad
1464 2066 1621 2118 quem
1660 2059 1739 2102 te-

178 2144 222 2187 ta
247 2136 441 2190 domus
463 2136 763 2189 sollicitudo
788 2138 1008 2204 redibat,
1032 2142 1175 2209 pium
1201 2143 1506 2193 mandatum
1530 2156 1736 2195 summa

178 2226 427 2296 religione
483 2228 728 2295 perfecit.
766 2227 870 2285 Sed
905 2233 1063 2285 simul
1106 2231 1350 2299 prodiere
1390 2234 1735 2287 commentitii

177 2316 387 2383 quidam
423 2314 741 2385 creditores,
770 2325 856 2389 qui
883 2322 1159 2387 pecuniam
1193 2334 1221 2372 a
1257 2335 1314 2375 se
1338 2320 1624 2375 thsarium
1649 2338 1737 2377 ac-

178 2406 375 2476 cepisse
421 2409 683 2463 dicerent.
724 2408 817 2463 His
849 2411 1025 2463 statim
1068 2410 1447 2463 uumcrabatur
1485 2412 1736 2480 quidquid

177 2501 441 2567 petebant,
494 2502 729 2569 quandiu
775 2501 874 2553 fuit
925 2501 1065 2553 unde
1112 2500 1540 2565 absolverentur;
1602 2507 1741 2559 unde

179 2592 457 2643 nonnullos
488 2591 800 2657 paenitebat,
835 2593 974 2661 quod
1010 2590 1127 2660 plus
1159 2608 1265 2647 non
1304 2596 1601 2665 petiissent.
1634 2595 1739 2650 Sed

178 2700 287 2740 cum
319 2686 561 2753 quotidie
590 2687 847 2757 ejusmodi
887 2692 1248 2761 sycophantae,
1284 2692 1397 2747 sive
1430 2693 1741 2760 improbita-

178 2784 246 2837 te,
264 2777 375 2829 sive
400 2785 703 2847 temporum
731 2782 941 2835 miseria
971 2793 1211 2849 cogente,
1233 2792 1495 2849 peterent,
1526 2796 1741 2839 necesse

178 2862 269 2918 fuit
292 2880 510 2934 negare.
540 2866 827 2935 Repulsam
858 2869 995 2936 passi
1032 2870 1151 2923 lites
1178 2870 1487 2937 intulerunt,
1512 2886 1576 2926 ac
1599 2870 1740 2928 Gre—

178 2958 377 3023 gorium
406 2958 461 3010 in
495 2959 761 3013 maximas
783 2974 1046 3015 :erumnas
1072 2961 1434 3029 conjecerunt.

237 3043 493 3109 Basilius,
524 3046 615 3115 qui
656 3061 741 3101 res
778 3048 1031 3104 adversas
1063 3050 1306 3121 Gregorii
1342 3068 1464 3107 suas
1493 3057 1737 3124 proprias

177 3150 287 3192 esse
307 3138 563 3203 ducebat,
578 3141 911 3194 commendat
938 3140 1075 3195 illius
1096 3156 1307 3196 causam
1329 3140 1627 3212 SOphronio
1650 3162 1741 3199 ur-

180 3230 252 3285 bis
264 3230 878 3301 Constantinopolitana:
894 3232 1160 3303 praefecto.
1179 3233 1518 3289 Demonstrat
1540 3245 1590 3289 et
1614 3252 1671 3291 se
1688 3248 1741 3291 et

181 3321 492 3392 Gregorium
518 3323 571 3375 in
594 3322 850 3389 ejusmodi
876 3325 1098 3391 negotiis
1120 3326 1355 3392 hOSpites
1372 3340 1489 3379 esse
1520 3337 1573 3381 et
1596 3342 1741 3396 pere-

179 3411 382 3477 grinos;
410 3410 763 3479 quamobrem
784 3408 1067 3477 Sephronii
1094 3410 1383 3478 prudentia!
1402 3415 1739 3466 statuendum

181 3499 447 3567 relinquit,
506 3499 645 3567 quod
676 3499 932 3567 optimum
969 3498 1109 3554 factu
1143 3500 1235 3564 sit,
1278 3510 1335 3554 ut
1365 3501 1446 3555 his
1487 3502 1742 3559 molestiis

178 3590 487 3645 liberentur.
528 3590 789 3645 Craterum
847 3600 998 3661 regat
1037 3598 1095 3644 ut
1145 3606 1206 3646 ea
1259 3592 1324 3645 de
1372 3607 1427 3647 re
1472 3603 1595 3663 agat
1620 3610 1737 3649 cum

178 3686 363 3739 comite
380 3685 777 3747 thesaurorum,
796 3698 859 3737 ac
882 3682 1121 3753 Gregorii
1152 3685 1329 3738 verbis
1359 3685 1593 3739 declarat
1618 3701 1738 3739 eum

176 3787 413 3845 paratum
463 3791 587 3831 esse
632 3777 887 3845 quidquid
925 3777 990 3829 de
1027 3776 1181 3831 bouis
1217 3776 1430 3831 Cmsarii
1478 3775 1737 3843 reliquum

176 3877 270 3931 est,
340 3871 540 3924 aerario
602 3869 814 3933 cedere,
880 3868 1036 3922 modo
1094 3879 1349 3936 patronus
1412 3866 1584 3919 rorarii
1656 3880 1739 3919 re-

176 3962 430 4029 spondeat
491 3962 556 4014 iis
613 3961 702 4027 qui
725 3960 1085 4025 adoriuntur,
1142 3967 1195 4013 et
1249 3959 1589 4028 probationes
1654 3974 1739 4012 re-

174 4052 367 4120 quirat.

238 4144 292 4199 ln
326 4144 578 4200 eamdem
625 4146 825 4216 scripta
861 4146 1181 4201 sententiam
1222 4142 1441 4215 epistola
1481 4156 1733 4211 sequens,

177 4249 326 4303 quam
394 4236 578 4291 minus
642 4238 917 4291 commode
979 4236 1348 4291 Tillemontius
1410 4243 1464 4288 et
1512 4233 1597 4286 alii
1653 4248 1737 4286 re-

176 4319 344 4377 ferunt
387 4324 456 4378 ad
494 4324 703 4394 negotia
742 4322 999 4394 Gregorio
1040 4324 1280 4389 stseno
1323 4322 1559 4377 exhibita
1598 4335 1738 4375 anno

176 4414 290 4469 575.
335 4418 463 4487 Agit
502 4419 643 4473 enim
688 4419 751 4473 de
792 4420 979 4473 iisdem
1022 4434 1240 4487 prorsus
1288 4419 1442 4471 rebus
1492 4431 1554 4470 ac
1605 4431 1738 4484 prae-

177 4510 383 4562 cedens.

238 4599 291 4651 ln
323 4610 557 4667 utraque
588 4598 807 4668 epistola
852 4597 1138 4668 Gregorius
1177 4608 1394 4654 vocatur
1434 4600 1733 4668 episcopus,

177 4701 340 4757 neque
374 4688 483 4742 bac
507 4687 557 4739 in
591 4702 647 4742 re
684 4689 992 4757 discrepant
1031 4689 1376 4756 manuscripti
1418 4690 1631 4744 codices
1668 4691 1736 4743 ab

173 4779 340 4832 editis.
386 4779 499 4833 Sed
538 4778 635 4833 bas
680 4794 834 4834 voces
880 4778 1102 4847 margini
1141 4780 1406 4848 appositas
1449 4780 1632 4844 fuisse,
1678 4790 1737 4834 ut

175 4866 421 4940 Tbeologi
459 4880 614 4939 pater
657 4870 1045 4940 designaretur,
1076 4886 1138 4925 ac
1178 4872 1299 4926 inde
1343 4872 1394 4925 iu
1428 4882 1732 4927 contextum

178 4959 479 5029 irrepsisse.
502 4961 686 5015 multis
716 4964 976 5017 rationum
1010 4965 1292 5018 momentis
1321 4964 1591 5031 probatur.
1618 4963 1730 5017 Non

174 5051 305 5104 enim
350 5053 419 5105 de
450 5051 710 5123 Gregorio
748 5054 996 5122 episcopo
1034 5056 1208 5125 agitur
1254 5056 1305 5108 in
1345 5056 1426 5109 bis
1472 5056 1730 5122 epistoiis,

173 5142 256 5194 sed
297 5143 363 5196 de
412 5142 531 5209 ejus
580 5142 707 5205 lilio,
728 5145 816 5212 qui
852 5146 1083 5197 nondum
1129 5146 1408 5215 episcopus
1441 5156 1573 5198 erat.
1608 5148 1659 5199 l'
1686 5147 1730 5199 Is

174 5246 318 5300 quem
370 5236 711 5287 commendat
748 5235 992 5299 Basilius,
1023 5252 1221 5305 pauper
1250 5248 1386 5300 erat,
1412 5237 1730 5305 jamdudum

175 5324 324 5376 vitam
361 5323 605 5391 quietam
638 5340 795 5393 agere
816 5336 1094 5391 statuerat,
1130 5337 1308 5380 vetere
1341 5343 1458 5380 cum
1485 5326 1723 5396 Sephro-

173 5412 253 5467 nio
286 5424 339 5467 et
369 5414 611 5482 Aburgio
639 5415 870 5470 amicitia
892 5416 1206 5484 conjunctus
1236 5427 1370 5470 erat.
1401 5416 1522 5471 Hac
1552 5426 1727 5471 autem

174 5504 383 5560 minime
418 5514 725 5575 congruunt
764 5504 1020 5578 Gregorio
1057 5509 1194 5577 patri
1237 5523 1365 5578 opes
1402 5524 1503 5563 non
1535 5509 1731 5565 medio.

234 5658 308 5725 (α)
348 5658 482 5709 Naz.
510 5672 590 5722 ep.
621 5655 713 5712 25.

236 5728 304 5795 to)
345 5725 479 5780 Nat.
508 5742 586 5779 or.
619 5729 702 5779 iU.

446 5821 722 5884 PATROL.
753 5822 869 5882 Gn.
902 5820 1142 5883 XXIX.

3299 391 3391 429 LIII

2384 503 2436 547 et
2470 492 2859 563 epist-opalihus
2898 491 3040 545 curis
3085 488 3394 556 jamdudum

1838 583 2079 636 districto
2106 595 2156 637 et
2184 585 2250 637 ah
2277 592 2433 639 :etate
2462 584 2745 654 Sophronii
2775 592 2825 635 ct
2852 585 3063 654 Aburgii
3101 585 3396 638 remotissi-

1838 693 1945 730 mo.
1989 675 2053 727 At
2078 677 2345 745 quadrant
2375 679 2570 744 optime
2603 676 2894 745 Theologo,
2925 678 3010 742 qui
3042 676 3291 731 omnibus
3316 692 3398 729 re-

1840 767 1935 816 bus
1973 777 2090 816 sese
2120 765 2409 817 nudaverat
2443 775 2494 816 et
2537 765 2882 818 monasticam
2920 765 3077 819 vitam
3113 765 3399 835 profiteba-

1840 868 1945 919 tur,
1964 866 2014 908 et
2040 855 2326 923 Sephronii
2359 870 2419 909 ac
2442 855 2655 924 Aburgii
2674 856 2892 926 mqualis
2918 866 3048 908 erat.
3080 858 3133 909 2°
3164 857 3397 912 Theolo-

1838 963 1935 1017 gus
1964 961 2083 1000 cum
2106 948 2265 1000 totius
2298 956 2532 1014 paterna:
2555 946 2740 1002 domus
2763 964 2965 1012 curam,
3000 957 3107 1000 tum
3136 950 3184 1001 iu
3211 952 3399 1017 primis

1839 1037 1996 1105 lmjus
2027 1036 2380 1092 molestissimi
2420 1039 2613 1106 negotii
2647 1042 2846 1107 pondus
2869 1040 3142 1102 sustinuit,
3190 1050 3247 1091 ut
3277 1056 3398 1108 per-

1839 1131 1969 1196 spici
2001 1138 2171 1197 potest
2194 1144 2257 1181 ex
2283 1128 2398 1194 ejus
2422 1130 2659 1182 carmine
2692 1129 2755 1182 de
2787 1133 2939 1185 rebus
2972 1132 3102 1186 suis.
3136 1130 3272 1183 Hinc
3294 1140 3401 1185 sta-

1841 1221 1933 1273 tim
1997 1227 2157 1289 atque
2217 1221 2383 1273 audiit
2457 1218 2637 1274 fratris
2698 1222 2833 1274 bona
2910 1223 3087 1290 diripi,
3167 1222 3401 1292 patroci~

1842 1311 1984 1363 nium
2042 1310 2326 1380 Sophronii
2373 1310 2690 1379 imploravit,
2734 1312 2889 1381 eique
2928 1314 3140 1381 scripsit
3200 1314 3401 1383 episto-

1842 1404 1945 1456 lam
1976 1408 2058 1457 18.

1916 1495 2008 1549 Vix
2045 1508 2216 1552 autem
2246 1496 2462 1551 dubium
2509 1506 2627 1547 esse
2669 1495 2836 1560 possit
2879 1496 3005 1563 quin
3048 1496 3127 1549 hze
3166 1499 3401 1565 cpistola:

1842 1595 1965 1639 ante
1995 1588 2356 1655 episcopatum
2385 1586 2561 1639 Basilii
2599 1584 2810 1651 scriptio
2842 1586 2965 1641 sint.
2994 1587 3217 1657 Scripta:
3258 1595 3398 1645 enim

1841 1687 1964 1730 sunt
1997 1694 2099 1729 non
2137 1678 2301 1731 multo
2333 1686 2451 1744 post
2478 1687 2701 1730 mortem
2728 1676 2969 1739 Caesarii,
3009 1680 3097 1746 qui
3131 1695 3270 1733 anno
3298 1682 3401 1735 368

1842 1782 2070 1825 exeunte
2131 1779 2223 1823 aut
2266 1770 2370 1822 569
2408 1769 2621 1821 ineunte
2662 1768 2825 1831 obiit;
2879 1769 3141 1837 siquidem
3174 1772 3401 1839 spatium

1772 1833 1811 1885 Β
1844 1878 1943 1915 non
1974 1861 2154 1916 habuit
2178 1876 2237 1916 ea
2263 1860 2595 1931 perficiendi,
2632 1873 2752 1927 qua:
2785 1833 3020 1933 tempore
3041 1833 3262 1930 periculi
3294 1870 3404 1917 sla—

1842 1958 2038 2006 tuerat.
2070 1951 2177 2005 Nec
2210 1966 2337 2004 sane
2363 1946 2650 2005 verisimile
2680 1958 2761 2005 est
2802 1951 3199 2007 commentitios
3227 1954 3401 2008 credi-

1845 2050 2007 2104 tores,
2040 2043 2128 2109 qni
2156 2042 2445 2094 hislitteris
2474 2042 2749 2095 materiam
2777 2043 3059 2108 dederunt,
3088 2044 3175 2097 diu
3204 2044 3404 2099 Otiosus

1839 2133 2059 2196 sedisse,
2111 2146 2171 2185 ac
2214 2148 2316 2186 non
2370 2134 2549 2185 statim
2600 2131 2933 2188 occasiOuem
2993 2136 3303 2207 arripuisse.
3346 2138 3400 2192 lu

1839 2226 2074 2278 Carmine
2115 2222 2354 2294 Gregorii
2416 2225 2479 2277 de
2505 2223 2679 2277 rebus
2716 2224 2845 2286 suis,
2872 2226 3011 2292 quod
3056 2238 3174 2281 ante
3202 2246 3397 2282 annum

1839 2316 1942 2369 572
1966 2318 2210 2371 colloca'ri
2249 2318 2425 2383 debet,
2453 2316 2579 2385 quia
2620 2316 2758 2369 nulla
2792 2317 2861 2370 ibi
2903 2319 3101 2372 mentio
3133 2334 3401 2373 aerumna.

1840 2421 1955 2458 rum
1978 2406 2379 2473 Sasimensium,
2429 2424 2531 2462 non
2565 2418 2739 2463 tamen
2779 2409 2944 2461 multo
2979 2420 3125 2475 ante,
3153 2412 3273 2480 quia
3310 2428 3401 2467 ea-

1842 2513 1937 2551 nos
1959 2508 2011 2551 et
2040 2512 2196 2567 rugas
2221 2514 2635 2565 commemorat;
2666 2502 2717 2553 in
2746 2500 2864 2564 hoc,
2896 2500 3135 2569 inquam,
3165 2505 3403 2557 carmine

1842 2590 2136 2654 molestias,
2173 2602 2289 2659 quae
2331 2590 2511 2644 fratris
2553 2601 2775 2645 mortem
2818 2602 3011 2647 secutae
3048 2604 3193 2659 sunt,
3240 2596 3404 2649 inter-

1841 2682 1963 2737 dum
2020 2691 2075 2734 ut
2123 2682 2419 2751 prmteritas
2463 2680 2637 2744 deflet,
2692 2681 2957 2735 interdum
2999 2693 3056 2735 ut
3088 2696 3400 2751 prmseutes.

1843 2772 1948 2825 Sed
1982 2774 2083 2826 hoc
2118 2770 2256 2825 forte
2286 2772 2622 2825 tribuendum
2660 2773 2912 2825 carminis
2952 2772 3203 2840 licentiae;
3242 2785 3405 2845 atque

1840 2863 2047 2917 etiamsi
2093 2864 2325 2917 nondum
2377 2878 2516 2918 anno
2546 2863 2643 2917 571
2696 2862 2976 2916 defunctus
3031 2864 3113 2918 his
3155 2868 3406 2921 {erumnis

1843 2953 2029 3008 fuisset
2069 2957 2391 3023 Gregorius;
2437 2968 2540 3009 non
2591 2953 2791 3008 idcirco
2851 2951 3084 3023 epistolae
3118 2954 3295 3011 Basilii
3333 2959 3403 3011 ad

1842 3046 1943 3101 hoc
1989 3054 2195 3114 tempus
2232 3043 2538 3100 differendae
2581 3055 2791 3099 essent-
2852 3033 2965 3099 sed.
2994 3048 3262 3115 negotium
3312 3049 3403 3103 diu

1842 3141 2169 3202 protractum
2213 3134 2379 3187 videri
2415 3134 2653 3188 deberet.

1919 3225 2005 3279 VI.
2041 3224 2254 3279 Solutus
2293 3226 2502 3279 tandem
2536 3226 2870 3296 gravissimis
2903 3227 3045 3282 curis
3080 3224 3306 3285 Basilius
3338 3230 3405 3284 ad

1848 3316 2180 3385 complexum
2231 3316 2444 3371 Eusebii
2486 3316 2875 3371 Samosatensls
2918 3320 3239 3388 properavit.
3286 3319 3406 3375 Jam

1847 3425 1964 3466 sese
1992 3411 2092 3465 hoc
2132 3410 2395 3479 promisso
2421 3409 2781 3465 obstrinxerat
2818 3411 3086 3478 praeterito
3127 3426 3268 3466 anno
3296 3429 3312 3479 ;
3346 3427 3408 3467 ac

1848 3518 2024 3558 moras
2065 3503 2277 3571 quidem
2307 3504 2473 3557 fames
2514 3511 2567 3556 et
2597 3502 2770 3557 morbi
2811 3510 2862 3555 et
2886 3500 3056 3557 hiems
3089 3503 3405 3566 attulerunt,

1846 3596 1937 3647 sed
1972 3606 2305 3661 nequaquam
2350 3593 2627 3647 consilium
2666 3591 3017 3662 infregertmt,
3070 3602 3126 3645 ut
3175 3596 3407 3663 perspici

1846 3691 2019 3751 potest
2058 3697 2121 3737 ex
2156 3681 2519 3751 superioribus
2552 3682 2808 3750 epistolis.
2834 3681 3011 3746 Quare
3048 3696 3152 3737 non
3188 3683 3407 3739 dubium

1844 3784 1927 3830 est
1951 3776 2077 3845 quin
2099 3776 2239 3845 quod
2268 3786 2371 3829 tam
2402 3787 2771 3829 asseveranter
2806 3777 3143 3845 promiserat,
3190 3786 3405 3847 tamque

1845 3867 2087 3922 sitienter
2125 3870 2527 3937 concupiverat,
2564 3868 2615 3923 id
2653 3884 2791 3923 anno
2834 3869 2938 3923 369
2988 3882 3271 3925 exsecutus
3314 3874 3402 3924 sit.

1844 3956 2105 4011 Prmterea
2131 3974 2193 4014 ex
2228 3960 2381 4028 epist.
2409 3959 2497 4021 54,
2522 3974 2639 4027 qua:
2664 3970 2787 4013 ante
2814 3962 3177 4029 episcopatum
3210 3962 3404 4031 scripta

1844 4056 1943 4113 est,
1971 4048 2220 4103 Basilium
2244 4051 2295 4103 in
2331 4049 2542 4102 Eusebii
2570 4063 2910 4117 congressum
2942 4050 3156 4106 venisse
3211 4066 3407 4120 coguo-o

1844 4141 2061 4196 scimus.
2082 4141 2341 4195 Precatur
2369 4140 2510 4193 enim
2541 4139 2728 4203 Deum,
2754 4149 2809 4193 ut
2837 4142 2935 4195 sibi
2955 4143 3200 4211 dignetur
3220 4145 3404 4198 iterum

1842 4232 2112 4299 perutilem
2144 4230 2350 4284 Eusebii
2384 4246 2713 4300 congressum
2746 4235 3043 4287 concedere.
3084 4233 3218 4288 Hinc
3241 4236 3401 4289 etiam

1845 4323 1895 4375 in
1928 4337 2013 4389 ep.
2053 4321 2175 4385 157,
2223 4336 2341 4390 quae
2386 4323 2582 4389 scripta
2620 4330 2702 4376 est
2734 4337 2871 4377 anno
2896 4324 2999 4378 573
3042 4334 3289 4388 exeunte,
3327 4327 3405 4379 sic

1844 4415 2127 4470 Eusebium
2180 4414 2470 4483 alloquitur
2501 4431 2514 4467 :
2547 4414 2713 4479 Quam
2748 4415 2957 4469 moleste
2985 4416 3165 4470 tulisse
3202 4434 3281 4469 me
3308 4434 3406 4485 pu-

1772 4535 1812 4588 D
1847 4516 1945 4571 tu,
1976 4507 2113 4576 quod
2148 4516 2235 4559 tuo
2270 4521 2545 4574 congressu
2576 4507 2835 4576 prazterita
2878 4516 3057 4561 testate
3106 4510 3360 4563 caruerim
3381 4512 3407 4565 .9

1843 4600 1997 4669 Atqui
2026 4615 2086 4652 ne
2120 4597 2238 4651 aliis
2264 4598 2469 4667 quidem
2498 4599 2646 4653 annis
2669 4614 2973 4667 congressus
3014 4598 3135 4653 talis
3182 4602 3399 4668 exstitit,

1843 4690 1967 4743 mihi
2005 4700 2057 4741 ut
2086 4690 2374 4741 satietatem
2400 4690 2628 4756 afferret.
2677 4688 2968 4743 Eusebium
3011 4704 3137 4760 ergo
3175 4691 3403 4747 Basilius

1842 4797 1943 4835 non
1977 4781 2141 4835 semel
2174 4781 2382 4846 invisit;
2410 4782 2501 4835 sed
2528 4797 2649 4835 cum
2684 4780 2847 4835 semel
2883 4789 3084 4835 tantum
3116 4783 3167 4835 in
3194 4784 3403 4853 episcoo

1841 4883 1964 4941 patu
2016 4874 2112 4927 hoc
2162 4872 2263 4927 iter
2300 4873 2618 4940 susceperit.
2680 4886 2868 4940 nempe
2916 4886 3054 4927 anno
3098 4874 3221 4939 572,
3260 4873 3404 4928 aliud

1841 4966 2011 5033 primo
2045 4965 2218 5019 itineri
2254 4974 2459 5031 tempus
2491 4963 2865 5033 assignandum
2896 4973 2982 5018 est
3027 4973 3149 5018 ante
3194 4966 3403 5034 episcoo

1837 5068 2043 5127 patum.

1905 5148 2191 5215 Postquam
2238 5145 2395 5200 rediit
2442 5144 2669 5200 Basilius
2713 5146 2761 5199 in
2792 5143 3205 5213 Cappadociam,
3265 5158 3403 5198 nova

1834 5238 2111 5291 calamitas
2142 5234 2399 5289 Ecclesiis
2439 5235 2762 5303 supervenit,
2795 5249 2861 5288 ex
2904 5249 3012 5303 qua
3056 5232 3313 5302 majorem
3348 5234 3400 5287 in

1834 5328 2047 5381 modum
2076 5325 2353 5394 ingemuit.
2384 5324 2566 5379 Ariani
2599 5326 2738 5380 enim
2766 5324 3055 5379 Ecclesiam
3082 5322 3401 5378 Tarsensem

1835 5424 2239 5487 occupaverunt
2268 5415 2367 5487 (ά),
2400 5431 2504 5471 uno
2528 5430 2593 5472 ex
2625 5417 2737 5471 suis
2778 5417 2831 5470 in
2853 5416 2993 5470 hanc
3025 5415 3202 5470 sedem
3228 5415 3399 5482 impo-

1836 5510 1939 5563 sito
1966 5519 2086 5577 post
2111 5518 2333 5561 mortem
2367 5506 2587 5577 Silvani,
2610 5510 2700 5578 qui
2729 5517 2854 5563 ante
2886 5508 2986 5563 iter
3015 5505 3194 5561 Basilii
3219 5505 3403 5567 Samo.

1915 5660 1983 5725 (c)
2026 5659 2150 5713 Naz.
2191 5676 2274 5729 ep.
2318 5662 2401 5715 Π.

1915 5732 1989 5802 (τι)
2030 5732 2123 5800 Ep.
2150 5732 2233 5784 54.
