4094 6308
700 348 790 391 ἰῶν

2034 332 2561 391 PROLEGOMENL

696 465 935 517 “tense,
978 452 1059 504 vel
1090 466 1192 504 non
1230 452 1393 506 multo
1442 459 1561 519 post
1595 452 1803 505 videtur
1832 452 2047 505 obiisse.
2100 454 2267 507 Suum
2299 464 2341 517 Α
2374 455 2601 508 Basilius
2633 456 2727 523 (Iw),
2753 469 2955 509 cumse
2996 456 3230 523 parentis
3269 455 3386 511 loco
3422 462 3776 516 constitutum
3810 461 3925 514 dicit

698 559 825 614 ergo
856 543 1090 599 dolorem
1128 541 1349 597 Basilius
1379 539 1608 594 Eusebio
1630 541 1916 609 signiﬁcat,
1956 543 2097 609 quod
2133 542 2263 594 Citi-

697 646 781 693 tas
810 648 951 691 tanta
980 646 1192 705 tamque
1218 644 1516 703 opportune
1540 634 1663 698 sita,
1691 645 1747 687 ut
1780 634 2015 698 Isauros,
2047 633 2257 691 Cilices.

696 728 1043 795 Cappadoces
1073 738 1126 782 et
1158 726 1317 793 Syros
1346 738 1439 791 per
1461 724 1691 791 seipsam
1712 724 2078 792 conjungeret,
2104 724 2260 776 unius

696 830 787 873 aut
822 821 1046 876 duorum
1080 818 1355 873 hominum
1386 818 1691 870 temeritate
1716 818 1765 870 in
1793 816 2085 885 perniciem
2120 816 2259 869 nullo

695 914 913 982 negotio
952 914 1186 980 conjecta
1220 918 1384 971 esset,
1428 910 1552 962 dum
1590 908 1822 977 episcopi
1850 909 2095 963 catholici
2129 923 2259 960 cun-

694 1015 909 1059 ctantur
966 1019 1027 1056 ac
1068 1000 1385 1063 deliberant,
1424 1008 1476 1051 et
1514 1014 1632 1053 sese
1677 998 1901 1051 invicem
1941 996 2253 1065 respiciunt.

693 1094 914 1151 Fatetur
962 1105 1133 1145 tamen
1190 1091 1384 1144 nullam
1427 1091 1543 1158 ejus
1600 1089 1675 1142 rei
1722 1091 1930 1155 culpam
1968 1086 2251 1141 Eusebium

692 1191 979 1246 sustinere.
1012 1201 1109 1238 nec
1136 1184 1424 1252 quidquam
1458 1185 1523 1236 ab
1553 1197 1615 1235 eo
1642 1182 2084 1248 prmtermissum,
2112 1183 2251 1246 quod

692 1282 758 1334 ad
782 1278 1031 1332 Ecclesiae
1070 1277 1355 1330 utilitatem
1377 1276 1689 1344 pertineret.

762 1366 875 1421 Non
903 1378 1077 1421 tamen
1117 1368 1295 1421 evenit
1330 1365 1466 1434 quod
1506 1366 1777 1417 metuebat
1813 1362 2036 1415 Basilius
2057 1364 2154 1431 (al,
2189 1377 2251 1413 ne

691 1460 891 1529 periret
936 1460 1170 1513 Ecclesia
1224 1456 1523 1511 Tarsensis.
1578 1453 1803 1509 Videtur
1834 1456 1973 1508 enim
2019 1456 2248 1507 maxima

688 1566 817 1620 pars
845 1550 1276 1619 presbyterorum
1312 1559 1495 1599 cnram
1540 1545 1793 1599 Ecclesiie
1836 1547 2157 1614 suscepisse.
2198 1554 2246 1595 et

690 1658 787 1712 pro
814 1641 916 1692 ﬁde
952 1637 1209 1691 catholica
1242 1646 1457 1689 strenue
1482 1636 1782 1690 dimicasse.
1823 1635 1952 1689 Cum
2002 1638 2077 1687 eis
2102 1634 2250 1686 Basi-

686 1733 791 1786 lius
820 1728 1004 1783 eadem
1029 1727 1260 1781 amicitia
1295 1742 1347 1781 ct
1374 1727 1745 1780 communiOue
1784 1724 2099 1790 conjunctus
2128 1724 2245 1786 fuit,

2371 554 2585 613 propter
2608 545 2919 613 dignitatem
2953 546 3093 599 illam
3123 548 3172 601 in
3202 561 3304 614 qua
3334 563 3361 600 a
3389 550 3617 607 Domino
3644 552 3925 610 collocatus

2367 646 2497 689 erat.
2548 633 2649 686 Sed
2695 651 2789 688 cur
2826 635 3132 704 episcopum
3179 639 3325 690 illum
3376 636 3540 695 fuisse
3594 659 3699 696 non
3733 653 3924 713 putem,

2368 744 2486 781 cum
2520 736 2626 779 tres
2655 726 2771 781 illas
2794 729 3052 782 scriberet
3076 732 3352 795 epistolas,
3381 730 3585 784 detinet
3612 751 3698 788 me
3732 751 3925 790 summa

2368 820 2453 870 illa
2490 828 2793 886 paupertas,
2834 822 2883 873 in
2919 835 3021 887 qua
3060 825 3263 875 versari
3295 840 3352 877 se
3393 824 3542 886 dicit,
3594 840 3695 879 nec
3745 830 3924 896 praedia

2366 911 2467 963 ulla
2501 912 2882 977 possidentem,
2930 928 3033 966 .nec
3084 914 3374 981 quidquam
3416 920 3689 987 proprium
3738 922 3929 975 haben-

2367 1012 2490 1054 tem.
2523 1000 2635 1053 Etsi
2670 1002 2810 1054 enim
2859 1004 2907 1054 in
2945 1004 3058 1071 ipso
3087 1005 3250 1056 etiam
3306 1008 3617 1075 episcopatu
3654 1012 3927 1076 pauperri—

2364 1108 2479 1145 mus
2511 1090 2607 1143 fuit
2636 1092 2871 1143 omnium
2910 1093 3063 1159 hujus
3099 1093 3277 1145 mundi
3312 1093 3573 1151 bonorum
3598 1142 3612 1162 ,
3672 1107 3801 1151 tunc
3841 1110 3921 1151 ta-

2363 1197 2481 1233 men
2516 1182 2683 1248 magis
2712 1184 2888 1233 animo
2910 1193 2962 1233 et
2997 1183 3311 1237 liberalitate
3352 1184 3401 1234 in
3434 1200 3696 1255 pauperes
3726 1200 3923 1254 panper

2362 1274 2475 1339 fuit,
2508 1292 2667 1345 quam
2715 1278 2853 1345 quod
2885 1279 3023 1331 nulla
3065 1281 3281 1349 praedia,
3325 1280 3498 1333 nullos
3530 1285 3735 1337 reditus
3770 1283 3923 1335 habe-

2363 1376 2459 1420 ret.
2492 1368 2746 1420 Videntur
2769 1368 2908 1420 enim
2933 1370 3173 1423 ecclesiic
3194 1371 3539 1425 Cresariensis
3561 1376 3697 1427 satis
3721 1372 3924 1443 arripi-.13,

2359 1469 2416 1508 ut
2445 1458 2547 1511 illis
2604 1454 2954 1527 temporibus,
3004 1474 3133 1527 epes
3182 1460 3345 1516 fuisse
3405 1480 3418 1518 :
3470 1462 3626 1529 cujus
3662 1466 3738 1517 rei
3774 1475 3927 1518 testes

2358 1558 2479 1601 sunt
2510 1549 2717 1601 Taurici
2745 1550 2943 1603 reditus
2966 1550 3059 1617 (ε),
3079 1550 3165 1619 qtti
3185 1550 3307 1603 dum
3334 1568 3394 1606 ex
3434 1554 3552 1608 loco
3581 1562 3689 1605 tam
3730 1568 3927 1611 remota

2355 1640 2656 1693 Cresaream
2710 1640 2999 1701 ferrentur,
3054 1639 3344 1707 spectantis
3392 1642 3632 1697 Anthimi
3676 1639 3925 1711 Tyaneo-

2356 1729 2429 1783 sis
2456 1731 2637 1785 oculos
2671 1731 2949 1783 ltedebaitt.
2998 1728 3174 1783 Basilii
3231 1740 3349 1784 erat
3408 1748 3536 1801 ager
3590 1734 3680 1789 ille
3726 1734 3831 1803 (d),
3875 1734 3923 1785 in

684 1836 843 1888 quam
903 1837 1023 1873 cum
1089 1820 1306 1873 Silvano
1372 1820 1651 1879 habuerat,
1720 1826 1778 1869 ut
1838 1827 2098 1871 testantur
2158 1818 2243 1870 lit-
2282 1827 2502 1889 [tquem
2534 1820 2792 1886 plurimos
2835 1820 3116 1887 episcopos
3163 1836 3304 1875 anno
3334 1820 3439 1873 5³75
3493 1826 3838 1887 convocavit,
3874 1833 3925 1874 ut

683 1921 813 1969 terre
844 1912 947 1973 115
981 1922 1034 1965 et
1070 1912 1188 1964 lu.
1218 1911 1283 1964 At
1311 1924 1431 1963 cum
1463 1910 1711 1977 episcopo
1738 1910 1936 1963 Ariano
1967 1908 2245 1963 nec-Basi-

682 2004 787 2058 lius
858 2019 956 2058 nec
1020 2003 1317 2071 presbyteri
1390 2000 1683 2054 Tarsenses
1749 2000 2241 2060 communicabaut.

682 2104 741 2149 ut
790 2093 1215 2156 observabimus,
1279 2108 1400 2145 cum
1456 2091 1519 2145 de
1579 2092 1767 2145 iisdem
1826 2090 2064 2158 epistolis
2118 2106 2245 2143 asc-

681 2206 819 2245 IDUS.

748 2282 960 2351 Scripta
998 2292 1174 2336 autem
1215 2283 1330 2337 haec
1374 2282 1437 2336 ad
1485 2282 1770 2337 Eusebium
1822 2281 2049 2351 epistola
2105 2294 2244 2332 anno

676 2374 779 2429 569
806 2384 1037 2429 exeunte
1068 2386 1157 2428 aut
1190 2376 1401 2429 ineunte
1424 2374 1547 2436 570,
1578 2375 1835 2442 siquidem
1869 2381 1987 2439 post
2011 2373 2109 2423 iter
2141 2369 2241 2422 Sa-

676 2475 983 2519 mosatense
1027 2466 1225 2533 scripta
1279 2471 1376 2524 est,
1437 2463 1578 2531 quod
1620 2476 1759 2513 anno
1803 2460 1907 2513 369
1960 2460 2099 2513 circa
2148 2474 2239 2510 au-

676 2565 921 2610 tumnum
954 2557 1186 2623 suscepit
1208 2554 1456 2609 Basilius.
1499 2553 1874 2623 Presbyterum
1914 2551 2058 2605 illam
2088 2549 2239 2605 Basi-

672 2648 801 2699 lium
854 2647 1137 2710 scripsisse
1190 2656 1411 2699 monent
1464 2646 1675 2699 codices
1743 2658 1872 2698 mss.
1926 2643 2241 2711 quibuscum

671 2739 871 2808 optime
901 2740 1171 2792 consentit
1202 2738 1349 2802 illud,
1380 2738 1503 2789 dum
1552 2753 1637 2789 vos
1664 2736 2007 2796 cunctamini,
2045 2734 2240 2788 delibe-

670 2828 900 2895 ratisque
927 2838 973 2879 et
1004 2843 1093 2879 ros
1127 2836 1306 2877 mutuo
1334 2826 1606 2892 aspicitis.
1643 2823 1739 2876 His
1771 2823 1911 2875 enim
1950 2824 2125 2876 verbis
2156 2838 2235 2875 se-

671 2921 845 2975 cernit
895 2934 952 2975 se
1002 2918 1227 2972 Basilius
1270 2917 1339 2970 ab
1396 2918 1681 2985 episcopis.
1730 2914 1859 2981 Qua:
1917 2914 1983 2968 de
2036 2913 2234 2968 Siliani

669 3023 843 3066 morte
887 3012 1141 3074 diximus,
1193 3008 1476 3064 conﬁrmat
1520 3007 1751 3077 epistola
1792 3005 1857 3059 67
1894 3007 1957 3061 ad
1998 3007 2235 3065 Athana-

2352 1915 2501 1966 tirma
2528 1920 2667 1965 esset
2701 1912 2939 1964 omnium
2983 1910 3050 1964 de
3076 1911 3180 1965 ﬁde
3224 1912 3487 1965 Eustatliii
3520 1916 3832 1967 consensio.
3866 1913 3917 1967 Si

2347 2006 2467 2074 quis
2490 2004 2790 2059 consideret
2806 2002 3193 2069 amplissimum
3213 2003 3495 2057 :ediﬁcium
3518 2003 3585 2073 (ε)
3611 2006 3753 2071 quod
3780 2005 3925 2059 Basi-

2347 2100 2446 2152 lius
2470 2114 2609 2151 anno
2629 2097 2731 2151 5η
2751 2110 3030 2165 aggressus
3054 2106 3157 2157 est,
3184 2097 3226 2148 si
3254 2110 3499 2165 sumptus
3526 2112 3665 2167 quos
3690 2096 3925 2152 faciebat

2348 2190 2399 2242 iit
2450 2191 2736 2243 imitandis
2783 2186 3208 2256 etscxcipiendis
3262 2189 3526 2255 episcopis
3553 2191 3825 2257 (mittebat
3857 2188 3924 2261 [Γ]

2344 2284 2487 2334 enim
2532 2282 2620 2349 qui
2658 2282 2767 2349 jam
2799 2282 3049 2335 invitatos
3081 2280 3273 2333 iterum
3313 2278 3670 2332 admonerent
3710 2291 3766 2334 et
3798 2297 3920 2349 per-

2344 2374 2638 2428 honoriﬁce
2674 2374 3049 2442 deducerent),
3095 2374 3242 2427 illum
3274 2371 3513 2443 profecto
3556 2371 3814 2425 fatebitur
3862 2387 3923 2426 co

2342 2466 2671 2534 paupertatis
2716 2466 2991 2518 redactum
3026 2482 3128 2520 non
3161 2466 3344 2529 fuisse,
3408 2475 3464 2518 ut
3500 2464 3636 2518 nihil
3682 2463 3924 2532 posside-

2343 2563 2443 2619 ret,
2509 2553 2600 2607 sed
2641 2553 2927 2607 charorutn
2994 2564 3049 2607 et
3102 2556 3524 2622 propinquorum
3568 2554 3921 2608 facultatibus

2344 2654 2755 2700 sustentaretur.
2809 2642 2984 2710 Quare
3022 2654 3130 2697 tres
3169 2644 3285 2696 illas
3325 2645 3605 2712 epistolas,
3649 2661 3772 2711 quae
3808 2654 3924 2698 tan-

2344 2746 2449 2789 tam
2482 2737 2659 2790 Basilii
2684 2743 3045 2804 paupertatem
3070 2744 3357 2799 testantur,
3383 2746 3505 2790 ante
3535 2737 3907 2804 episcopatum

2346 2845 2574 2883 necesse
2601 2830 2701 2882 fuit
2734 2830 3018 2883 collocare.
3047 2828 3162 2898 Ipse
3207 2828 3437 2883 Basilius
3478 2831 3772 2882 discrimen
3823 2829 3920 2879 alio

2338 2921 2478 2988 quod
2509 2922 2751 2987 agnoscit
2787 2922 2925 2975 inter
2947 2936 3063 2975 eam
3095 2932 3487 2989 paupertatem,
3520 2933 3681 2985 quam
3712 2916 3923 2983 episco-

2341 3026 2441 3079 pus
2483 3013 2659 3063 auimo
2694 3014 2977 3073 retinebat,
3009 3021 3060 3064 et
3088 3027 3229 3074 eam,
3266 3025 3425 3079 quam
3461 3017 3583 3061 ante
3617 3009 3747 3061 illud
3784 3018 3921 3060 tem-

668 3104 832 3165 sium,
870 3104 1066 3173 scripta
1113 3116 1252 3156 anno
1286 3102 1408 3155 571.
1444 3101 1591 3155 llunc
1624 3102 1765 3155 enim
1805 3100 2017 3154 beatum
2058 3097 2237 3168 appel—
2270 3160 2307 3173 Α
2340 3118 2437 3173 pus
2470 3100 2743 3171 professus
2772 3101 2966 3153 fuerat.
2999 3101 3089 3153 Ait
3116 3101 3257 3154 enim
3301 3115 3405 3153 non
3436 3098 3649 3167 illepide
3679 3098 3736 3150 iu
3762 3100 3921 3167 epist.

668 3193 1007 3255 latBasilius,
1035 3194 1123 3261 qui
1155 3194 1293 3246 hunc
1336 3192 1545 3247 titulum
1584 3206 1686 3245 non
1716 3192 1849 3245 solet
1879 3190 1980 3243 nisi
2010 3190 2234 3243 mortuis
2262 3160 2307 3221 δ
2340 3160 2441 3248 ᾖ86
2471 3160 2553 3245 ad
2611 3192 2949 3257 Antipatrum
2990 3192 3295 3259 prtesidem,
3352 3191 3442 3259 qui
3489 3160 3717 3245 crambe
3769 3160 3924 3244 aceto

668 3285 897 3340 deferre.

738 3395 846 3448 VII.
872 3396 1009 3447 Ante
1040 3392 1405 3461 episcopatum
1447 3388 1789 3444 collocandas
1820 3389 1943 3441 duxi
1989 3398 2097 3442 tres
2144 3404 2231 3441 se-

667 3499 895 3558 quentes
932 3485 1205 3556 epistolas,
1240 3498 1360 3553 qum
1408 3482 1758 3552 inscriptione
1790 3492 1995 3536 carent.
2052 3480 2230 3534 Prima

662 3580 874 3650 potenti
924 3578 1138 3632 cuidam
1187 3579 1382 3639 amico,
1426 3574 1559 3629 forte
1583 3573 1859 3639 censitori,
1904 3574 2101 3640 scripta
2127 3582 2229 3634 est,

666 3672 881 3739 cuijam
918 3670 1115 3722 multos
1154 3667 1627 3720 commendaverat
1660 3665 1913 3730 Basilius,
1962 3666 2055 3718 sed
2096 3679 2234 3717 nunc

665 3760 731 3813 de
770 3758 991 3813 meliore
1022 3771 1146 3811 uota
1176 3756 1515 3811 commendat
1543 3754 1591 3809 ei
1630 3754 1837 3808 Leontii
1869 3758 2109 3818 domum,
2143 3770 2231 3808 ro-

667 3861 867 3921 gatque
923 3860 981 3904 ut
1033 3850 1257 3903 Leontio
1322 3848 1567 3901 eamdem
1633 3845 2017 3899 humanitatem
2080 3847 2234 3898 exhi-

667 3944 791 3998 beat
824 3982 840 4007 ,
910 3957 1070 4012 quam
1132 3942 1234 3995 sibi
1290 3940 1613 4002 exhiberet,
1657 3938 1698 3991 si
1766 3952 1870 4007 qua
1925 3937 2230 4006 possiecret

667 4035 892 4105 praedia,
918 4049 1016 4087 nec
1044 4033 1135 4087 Dei
1166 4032 1429 4086 beneﬁcio
1456 4030 1508 4083 in
1538 4044 1745 4085 summa
1772 4039 2085 4098 paupertate
2108 4043 2229 4081 ver-

666 4137 900 4182 saretur.

731 4240 790 4296 In
832 4240 1038 4294 duabus
1083 4238 1427 4306 seqwentibus
1449 4237 1688 4302 epistolis
1721 4247 1870 4306 rugat
1904 4235 2130 4289 Basilius
2170 4245 2228 4289 ut

665 4334 871 4397 domui,
910 4333 961 4387 in
989 4346 1091 4401 qua
1132 4330 1364 4383 nutritus
1394 4327 1590 4393 fuerat,
1615 4330 1864 4396 antiquus
1892 4344 2085 4381 census
2116 4343 2227 4381 ser—

668 4434 839 4489 vetur,
886 4438 985 4477 nec
1020 4425 1069 4476 ei
1110 4436 1243 4476 nova
1284 4420 1681 4487 pertequatione
1717 4420 1895 4472 oneris
1936 4420 2221 4487 quidquam

2338 3285 2547 3338 condita
2576 3294 2796 3338 sanatus
2834 3284 3027 3347 fuerat,
3066 3284 3164 3337 sibi
3196 3282 3466 3337 crambem
3498 3291 3652 3336 antea
3682 3283 3916 3335 invisam

2337 3373 2520 3437 fuisse,
2552 3385 2659 3427 tum
2686 3374 2753 3427 ob
2781 3374 3146 3443 proverbium.
3179 3383 3291 3427 tum
3318 3376 3444 3443 quia
3481 3375 3739 3427 comitem
3786 3388 3921 3443 pau-

2335 3474 2594 3529 pertatem
2647 3467 2697 3517 iu
2752 3467 3067 3519 memoriam
3112 3469 3430 3531 revocabat;
3469 3482 3607 3520 nunc
3641 3480 3779 3519 vero
3821 3465 3923 3518 mi-

2337 3570 2449 3604 rum
2484 3554 2533 3606 in
2566 3558 2774 3605 tumtum
2814 3561 3044 3623 placere,
3086 3568 3367 3625 postquam
3415 3558 3629 3624 praesidi
3662 3556 3925 3609 valetudi-

2336 3660 2455 3697 nent
2490 3654 2740 3697 rCSUlUIL

2416 3756 2538 3811 \‘lil.
2573 3756 2858 3825 Epistolam
2886 3752 2954 3810 38
3005 3756 3533 3825 milio-episcopatus
3570 3756 3630 3814 S.
3662 3757 3922 3829 Gregorii

2336 3849 2581 3918 Nysseni,
2638 3849 2688 3901 id
2721 3857 2802 3901 est
2834 3863 2973 3906 anno
3002 3847 3127 3911 572,
3177 3848 3431 3917 scriptam
3476 3849 3698 3918 conjieit
3755 3850 3925 3905 'l'ille-

2337 3942 2589 3993 montius.
2617 3940 2740 4001 Sed,
2772 3941 2893 4006 quia
2920 3938 3145 3993 Basilius
3172 3939 3222 3992 in
3250 3940 3351 3994 hac
3382 3942 3604 4009 cpistola
3627 3957 3755 3996 cum
3782 3942 3922 3998 Gre-

2331 4031 2480 4099 gorio
2519 4041 2855 4098 nequaquam
2890 4032 3122 4093 disserit,
3174 4041 3230 4084 ut
3280 4048 3378 4099 par
3411 4043 3675 4086 eratcum
3711 4036 3921 4105 collega

2331 4123 2612 4184 disserere,
2658 4121 2748 4175 sed
2779 4134 2897 4172 eum
2929 4122 3101 4189 potius
3130 4130 3186 4174 ut
3219 4132 3461 4190 tyronem
3489 4124 3780 4190 theologia:
3812 4128 3922 4181 ele-

2334 4215 2529 4268 mentio
2568 4214 2760 4269 imbuit
2798 4215 2895 4281 (ait
2926 4214 3068 4267 enim
3104 4228 3159 4267 se
3197 4214 3337 4267 hunc
3370 4214 3416 4267 ei
3456 4220 3918 4272 commentarium

2332 4305 2646 4367 confecisse,
2683 4318 2748 4357 ne
2777 4304 3123 4381 liypostasim,
3158 4315 3213 4356 ut
3243 4305 3391 4357 multi
3430 4304 3539 4369 alii,
3567 4323 3692 4361 cum
3728 4326 3915 4365 essen—

2336 4398 2403 4449 tia
2432 4394 2822 4463 confunderet);
2854 4397 3072 4449 credere
3117 4396 3295 4448 malim
3330 4394 3650 4465 Gregorium
3707 4403 3857 4455 hauc
3888 4420 3917 4455 a

666 4486 912 4567 addatur.
935 4514 1108 4582 Atque
1141 4513 1189 4566 id
1224 4486 1371 4580 rogat
1400 4486 1503 4564 non
1534 4510 1699 4563 solum
1729 4508 1977 4562 Dorothei
2006 4486 2223 4579 presby-

2345 4487 2492 4542 'ratre
2525 4486 2987 4555 pertractationem
3020 4488 3312 4555 accepisse,
3343 4503 3464 4541 cum
3499 4490 3689 4545 relicta
3732 4494 3919 4546 rheto-

666 4608 787 4672 teri,
823 4605 1137 4659 collactanei
1185 4606 1286 4668 sui,
1336 4606 1427 4657 sed
1466 4604 1626 4656 etiam
1679 4617 1774 4655 sua
1826 4602 1991 4671 ipsius
2038 4617 2219 4655 causa.

660 4696 817 4762 Nam,
853 4714 975 4753 cum
1013 4699 1146 4752 nihil
1185 4698 1456 4767 proprium
1499 4696 1741 4759 haberet,
1791 4696 1883 4749 sed
1933 4695 2222 4748 charorum

660 4800 713 4845 et
747 4793 1166 4860 prapinquorum
1202 4789 1362 4844 rebus
1403 4796 1814 4852 sustentaretur,
1868 4788 2123 4841 alimenta
2177 4786 2225 4839 ei

660 4897 725 4936 ex
754 4883 853 4938 hac
886 4883 1045 4936 domo
1075 4882 1473 4951 praebebantur.
1528 4894 1690 4949 opera
1734 4879 1881 4934 illius
1905 4879 2224 4950 presbyteri,

659 4975 746 5030 cui
792 4984 962 5029 mater
992 4973 1172 5028 Basilii
1217 4973 1503 5026 maximam
1534 4980 1739 5041 partem
1766 4971 2109 5026 servitiorum
2153 4970 2220 5021 ad

659 5068 905 5121 eamdem
943 5072 1158 5122 domum
1208 5066 1611 5137 pertinentium,
1662 5063 1892 5135 quandiu
1943 5063 2223 5133 presbyter

658 5158 750 5213 ille
800 5160 1023 5225 viveret,
1074 5160 1325 5213 utendam
1363 5156 1679 5221 tradiderat,
1716 5169 1780 5211 ea
1819 5153 2123 5210 conditione
2162 5160 2219 5206 ut

657 5246 856 5303 Basilio
885 5248 1136 5303 alimenta
1166 5250 1519 5303 ministraret.
1981 5275 2009 5301 ο

732 5339 821 5392 V'el
867 5339 1163 5409 presbyteri
1210 5337 1296 5393 vel
1345 5338 1580 5409 episcopi
1623 5338 1935 5404 dignitatem
1973 5336 2218 5405 designat

730 5610 805 5675 (ιζ)
844 5606 938 5675 Ep.
967 5609 1085 5662 tit.

730 5676 805 5745 (ὁ)
846 5676 939 5743 Ep.
973 5677 1062 5731 57.

730 5744 802 5815 (ι)
834 5744 963 5799 Naz.
989 5762 1065 5801 or.
1091 5746 1181 5801 20.

2326 4579 2448 4631 ricze
2482 4578 2734 4630 cathedra
2768 4586 2936 4630 totum
2970 4592 3025 4631 se
3060 4580 3228 4633 sacris
3257 4590 3312 4631 et
3343 4580 3734 4638 ecclesiasticis
3778 4587 3919 4639 scri-

2326 4668 2569 4737 ptoribus
2594 4668 2902 4722 evolvendis
2935 4669 3096 4723 dedit.
3128 4668 3258 4721 Illud
3285 4670 3446 4724 etiam
3478 4676 3711 4741 probare
3740 4677 3918 4743 possit

2326 4760 2465 4812 hanc
2486 4758 2941 4813 elucubrationem
2975 4758 3155 4811 Basilii
3197 4761 3507 4832 episcopatu
3536 4762 3915 4830 antiquiorem

2326 4867 2467 4915 esse,
2494 4852 2633 4920 quod
2666 4852 2795 4905 nihil
2820 4854 2981 4906 habet
3006 4852 3069 4905 de
3090 4851 3440 4907 celeberrima
3468 4854 3552 4907 illa
3577 4856 3913 4922 quastione.

2328 4960 2443 5013 qua:
2474 4945 2625 4999 initio
2654 4945 2991 5015 episcopatus
3013 4942 3198 4998 Basilii
3224 4945 3289 5000 de
3309 4944 3508 5014 Spiritu
3532 4956 3728 5001 sancto
3752 4962 3915 5003 exor-

2328 5045 2379 5089 ta
2407 5046 2507 5089 est.

2400 5149 2474 5201 De
2499 5148 2738 5217 epistolis
2764 5146 2954 5200 Juliani
2984 5148 3049 5199 ad
3080 5145 3331 5200 Basilium
3351 5154 3401 5200 et
3432 5145 3616 5201 Basilii
3638 5150 3714 5201 ad
3741 5147 3916 5203 Julia-

2328 5258 2451 5295 num
2504 5242 2614 5311 jatu
2669 5240 2826 5294 locuti
2864 5254 3067 5294 sumus.
3111 5239 3260 5306 Quod
3306 5248 3513 5308 spectat
3551 5239 3621 5294 ad
3661 5242 3912 5310 quinque

2326 5333 2459 5387 alias
2483 5330 2732 5399 epistolas
2761 5345 2876 5397 quis
2914 5344 3227 5398 sequuntur,
3268 5338 3391 5385 sunt
3424 5330 3527 5385 illa:
3553 5331 3781 5401 quidem
3820 5331 3907 5386 di-

2398 5599 2471 5665 (d)
2510 5597 2603 5664 Ep.
2635 5596 2758 5659 ΞΗ,
2794 5613 2844 5648 n.
2869 5600 2922 5648 ‘2.

2397 5671 2461 5736 (ε)
2500 5668 2593 5733 Ep.
2620 5666 2705 5736 97$.

2396 5734 2468 5806 (Ι)
2512 5736 2602 5806 Ep.
2635 5734 2759 5799 ΞΗ,
2798 5752 2850 5788 n.
2883 5735 2919 5787 2
