4094 6308
1557 363 1712 419 ῊΤΑ
1755 368 1769 417 ξ

1872 364 1936 417 3A
1947 362 2115 420 SlLll.
3377 389 3443 431 ιν

218 497 329 554 gnte
355 479 554 535 Basilio
600 496 664 535 ac
696 482 1102 551 praeclarissima
1142 484 1372 538 instituti
1406 486 1618 540 ascetici
1653 500 1788 553 praz-
1814 492 1859 546 Α
1895 484 1959 536 ad
1996 484 2298 547 Dominum,
2325 500 2421 553 pro
2454 497 2564 554 quo
2589 486 2799 542 fortiter
2826 496 2879 543 et
2915 496 3133 546 strenue
3177 491 3228 544 in
3258 504 3414 560 perse

218 582 363 640 cepta
423 572 727 626 continent.
787 572 961 642 ipsum
1000 577 1158 630 etiam
1193 588 1400 646 tempus
1427 580 1625 647 optime
1663 594 1793 631 con-

219 664 377 731 gruit,
412 665 458 717 si
497 666 822 733 conjccmrte
855 668 1177 724 Tillemontii
1222 672 1561 739 recipiantur.
1596 671 1671 723 Ex
1705 671 1790 726 his

218 756 355 809 enim
385 757 567 809 verbis
604 756 844 824 epistola:
873 759 941 812 46
969 764 1041 827 (p.
1076 759 1197 828 156)
1231 779 1243 813 :
1283 763 1347 813 At
1389 762 1599 829 spiritus
1635 764 1786 826 aerii,

216 849 300 914 qui
332 863 474 899 nunc
512 848 568 901 in
601 848 725 915 ﬁliis
760 853 1099 904 contumacia
1132 861 1396 918 operatur,
1419 854 1603 922 exigua
1657 871 1789 907 aura

219 940 367 989 modo
390 950 655 1004 suscepta,
675 940 944 1008 abuegnsti
977 943 1085 993 Iiwc
1106 944 1301 1002 omnia.
1336 944 1549 1011 conjicit
1569 946 1786 1013 impium

218 1026 409 1081 Juliani
438 1044 666 1095 regnum
700 1034 981 1100 designari.
1032 1034 1162 1088 lllud
1190 1048 1361 1089 autem
1403 1038 1640 1105 epistolae
1668 1038 1737 1091 45
1771 1056 1786 1093 :

220 1115 385 1169 Nosce
427 1120 691 1186 quomodo
727 1119 840 1187 jam
869 1122 1173 1175 Judmorum
1202 1134 1249 1178 et
1290 1126 1557 1193 gentilium
1596 1126 1693 1194 filii
1720 1128 1787 1179 ad

217 1207 309 1261 Dei
334 1208 540 1262 cultum
564 1211 970 1278 compelluntur,
998 1216 1180 1268 referri
1214 1231 1367 1283 posse
1389 1218 1527 1270 idem
1560 1220 1789 1287 scriptor

215 1301 494 1354 existimat
538 1302 602 1353 ad
651 1302 930 1369 impr-rium
970 1304 1202 1369 Joviani;
1244 1309 1439 1376 quippe
1484 1324 1603 1361 cum
1647 1326 1788 1364 mors

212 1389 406 1447 Iuliani
453 1402 509 1446 et
535 1404 718 1446 exorta
748 1394 884 1449 inter
913 1408 1134 1450 cenatus
1175 1398 1578 1453 instaurationis
1602 1402 1785 1468 templi

214 1482 476 1537 miracula
503 1484 882 1539 conversiones
918 1485 1175 1553 ejusmodi
1219 1503 1557 1544 commovere
1601 1504 1785 1560 pome-

214 1575 335 1629 rint.
368 1574 695 1628 iamdudum
731 1578 865 1645 apud
893 1574 1107 1632 Grazcos
1144 1580 1381 1632 nonnulli
1419 1580 1786 1650 Itasepistolas

214 1669 406 1721 B.:si|i0
449 1667 844 1734 abjudicarunt.
899 1668 1097 1733 Prima,
1126 1686 1245 1740 quas
1281 1684 1361 1725 est
1388 1674 1453 1725 ad
1483 1672 1781 1737 Chilonem,

212 1758 263 1811 S.
291 1758 409 1813 Nilo
452 1775 481 1811 a
524 1758 792 1812 nonnullis
835 1760 1188 1826 tribuebatur,
1244 1775 1297 1817 nt
1329 1764 1549 1834 legimus
1591 1766 1639 1817 in
1678 1782 1783 1820 uno

1896 575 2203 629 cutionibus
2258 577 2667 642 decertaverat,
2728 582 2886 637 annis
2938 582 3278 651 episcopatus
3335 584 3446 639 fere

1892 678 2015 720 octo
2051 668 2281 733 exactis,
2314 670 2582 735 profectus
2613 679 2714 723 est.
2752 672 2919 727 Nemo
2957 688 3085 728 sane
3124 683 3270 728 tanta
3319 676 3447 731 sede

1891 759 2105 825 dignior
2129 770 2246 813 erat
2285 759 2506 829 Basilio,
2544 763 2809 817 neminem
2859 765 3099 819 latebant
3122 767 3318 821 eximia
3350 770 3445 822 do-

1889 851 2076 904 ctrinze
2102 859 2156 904 et
2196 853 2502 906 sanctitatis
2537 863 2849 908 ornamenta
2882 871 2895 920 ;
2926 868 3161 925 spectata
3194 862 3445 913 oumibus

1890 950 2042 994 erant
2072 957 2281 995 summa
2317 944 2381 995 de
2406 943 2647 998 Ecclesia
2685 943 3006 1000 Caesariensi
3051 950 3267 1010 merita.
3295 948 3443 1017 cujus

1890 1033 2330 1088 administrandae
2378 1040 2488 1101 jam
2552 1037 2811 1105 plurimas
2866 1049 3041 1107 partes
3075 1041 3144 1095 ab
3195 1042 3444 1114 episcopo

1889 1122 2207 1177 commissas
2253 1125 2603 1179 sustinuerat.
2652 1126 2753 1179 Sed
2797 1137 2975 1183 tamen
3010 1134 3298 1198 quominus
3342 1136 3442 1191 hoc

1892 1218 2068 1266 lumen
2104 1213 2317 1267 excelso
2364 1215 2481 1269 loco
2534 1216 2910 1285 collocaretur,
2957 1221 3183 1288 plurima
3221 1226 3445 1280 obstite-

1892 1314 2040 1369 runt,
2095 1320 2212 1374 quae
2264 1305 2554 1376 Gregorius
2608 1309 2864 1365 Naziauzi
2900 1314 3180 1384 episcopus
3229 1333 3443 1375 summa

1890 1396 2170 1462 prudentia
2202 1404 2255 1449 et
2289 1396 2451 1450 animi
2501 1396 2820 1453 fortitudine
2872 1404 3118 1459 removit.
3147 1406 3261 1474 lpse
3290 1407 3444 1463 Basio.

1887 1487 1991 1540 lius
2042 1503 2108 1542 ne
2144 1488 2424 1557 suspicans
2470 1489 2685 1557 quidem
2736 1492 2920 1546 oculos
2947 1494 3000 1547 in
3048 1510 3108 1550 se
3137 1498 3438 1569 conjectum

1888 1577 1975 1640 iri,
2028 1578 2260 1632 amicmn
2319 1594 2472 1633 suum
2527 1578 2845 1650 Gregorium
2898 1588 3206 1652 accersivit,
3262 1593 3441 1649 verbis

1886 1668 2124 1734 quidem,
2149 1678 2205 1721 ut
2228 1670 2276 1722 ei
2318 1684 2455 1738 pene
2497 1673 2736 1726 moriens
2763 1685 3060 1729 extremum
3089 1680 3208 1733 vale
3238 1682 3439 1741 dicere;

1888 1760 2119 1827 (videtur
2150 1761 2292 1813 enim
2335 1772 2463 1814 tunc
2498 1774 2757 1818 consueto
2782 1766 2921 1822 illius
2951 1780 3003 1822 et
3028 1773 3210 1827 comiti
3251 1778 3437 1832 morbo

210 1862 269 1899 ex
295 1849 582 1902 codicibus
614 1849 793 1918 regiis.
823 1848 879 1903 Si
905 1867 1005 1905 una
1044 1853 1103 1906 ὃ.
1123 1853 1239 1906 Nilo
1277 1854 1543 1919 tribuitur,
1576 1867 1769 1911 caetera

1886 1851 2086 1920 aliquid
2130 1850 2251 1905 novi
2292 1851 2490 1905 doloris
2534 1857 2875 1925 accessisse),
2924 1876 2979 1912 re
3021 1872 3200 1917 autem
3238 1881 3439 1922 verant

210 1937 364 1991 etiam
422 1942 753 2005 triliuemlaa;
789 1952 914 1997 sunt
941 1944 1083 1997 enim
1136 1958 1319 1997 omnes
1362 1944 1597 2011 ejusdem
1642 1948 1781 2001 inter

211 2042 263 2080 se
292 2028 441 2097 styli.
472 2026 592 2081 Jam
627 2032 861 2084 nonuttlli
916 2032 967 2085 itt
1004 2034 1085 2085 liis
1126 2033 1317 2088 litteris
1357 2036 1552 2104 stylum
1601 2038 1776 2093 Basilii

209 2119 624 2186 desiderarunt;
687 2124 779 2176 sed
841 2124 906 2176 ad
980 2124 1120 2178 lianc
1169 2124 1445 2182 dubitandi
1514 2132 1773 2185 rationem

210 2210 330 2264 illud
360 2211 527 2265 etiam
576 2214 800 2278 accedit,
836 2202 977 2279 quod
1015 2216 1206 2286 legitur
1233 2219 1284 2272 in
1316 2222 1469 2289 epist.
1504 2222 1590 2285 45,
1645 2241 1777 2277 κατ-

215 2303 441 2373 έδραμες
459 2305 552 2356 ἐπὶ
572 2305 639 2355 τὰ
674 2304 1037 2377 Ἰεροσόλυμα,
1072 2308 1199 2363 ἔνθα
1232 2328 1314 2365 σοι
1340 2313 1432 2365 καὶ
1464 2314 1621 2378 αὐτὸς
1653 2333 1777 2369 συν-

207 2393 490 2464 διατρίϐων
539 2396 869 2470 ἐμακάριζον
902 2400 1009 2454 τῶν
1036 2402 1339 2473 ἀθλητικῶν
1372 2405 1565 2461 πόνων.
1597 2407 1778 2462 Petisti

206 2483 562 2555 Jerosolyma,
596 2489 680 2540 ubi
708 2500 754 2542 et
788 2491 897 2559 ipse
927 2501 1092 2545 tecum
1120 2507 1488 2563 commoratus,
1525 2498 1585 2550 ob
1608 2501 1775 2553 athle-

209 2574 329 2627 tiros
356 2588 404 2629 te
432 2578 641 2631 labores
674 2581 872 2632 beatum
896 2583 1267 2649 pradicabam.
1332 2584 1425 2639 llis
1452 2587 1627 2640 verbis
1656 2588 1773 2641 diu-

208 2676 355 2719 lttrna
385 2668 776 2740 Hierosolymis
825 2675 1175 2725 commoratio
1228 2674 1515 2741 indicatur,
1547 2691 1663 2746 quae
1718 2679 1773 2733 in

207 2756 453 2811 Basilium
478 2777 585 2814 non
627 2764 895 2816 convenit.
927 2762 1057 2815 item
1088 2764 1242 2819 facile
1262 2766 1565 2834 explicatet
1594 2771 1777 2825 conci-

206 2847 690 2916 liatCombefisins,
713 2853 801 2921 tjui
830 2853 1085 2908 Basilium
1116 2855 1498 2929 Hierosolymis
1531 2862 1772 2931 baptiza-

206 2950 309 2993 tum
341 2952 516 3009 putat,
570 2952 629 2995 ut
675 2943 726 2995 in
770 2941 1006 3000 fabulosa
1058 2946 1200 3001 illius
1227 2948 1334 3003 vita
1377 2950 1589 3019 legitur,
1652 2968 1772 3021 qua:

202 3029 560 3098 Anipliilocltii
590 3033 790 3085 nomini
827 3034 1099 3103 supposita
1121 3034 1239 3090 fuit.

1882 1941 2125 2012 Gregorii
2151 1944 2372 1998 consilio
2414 1956 2466 1999 et
2488 1960 2650 2015 opera
2685 1949 2735 1999 in
2766 1951 3001 2019 episeopi
3033 1953 3297 2012 electione
3322 1970 3435 2013 utc—

1884 2046 2048 2089 retur.
2096 2034 2379 2091 Perculsus
2445 2038 2548 2092 hoc
2593 2042 2781 2095 nuntio
2822 2039 3113 2111 Gregorius
3166 2046 3437 2120 lacrymas

1881 2127 2037 2191 fudit,
2070 2142 2235 2196 seque
2279 2132 2345 2182 ad
2398 2128 2500 2181 iter
2530 2130 2867 2197 accingebat,
2896 2149 3016 2187 cum
3046 2140 3326 2208 episcopos
3357 2146 3422 2196 ad

1879 2225 2065 2277 urbem
2098 2222 2271 2276 sensit
2297 2237 2637 2276 concurrere.
2666 2223 2799 2277 Tum
2850 2241 2977 2280 vero
3016 2229 3194 2284 Basilii
3239 2236 3420 2289 consi-

1880 2314 2006 2367 lium
2037 2314 2322 2376 intellexit,
2358 2329 2424 2368 ac
2461 2316 2724 2382 proficisci
2769 2316 3057 2387 abnegans,
3087 2335 3207 2375 cum
3237 2325 3432 2381 Basilio

1879 2405 2117 2474 pluribus
2149 2406 2455 2458 nominibus
2493 2405 2731 2474 jnrgavit
2765 2426 2778 2460 :
2809 2408 2881 2479 (ὁ)
2910 2410 3141 2479 primum
3192 2417 3428 2483 quidem,

1877 2502 2017 2567 quod
2049 2512 2154 2551 non
2195 2498 2413 2551 \idisset
2444 2512 2503 2551 se
2541 2498 2816 2553 hominum
2854 2516 3131 2560 sermones
3161 2522 3224 2562 ac
3252 2513 3426 2565 ambi-

1880 2603 1963 2643 tus
1993 2590 2382 2659 suspicionem,
2405 2589 2581 2644 amico
2615 2591 2681 2643 ad
2716 2591 2975 2658 ejusmodi
3010 2604 3219 2666 tempus
3241 2616 3421 2656 accer-

1876 2684 2001 2746 sito,
2035 2698 2138 2736 non
2184 2686 2544 2747 evitaturum;
2580 2683 2771 2739 deinde
2806 2688 2948 2753 quod
2987 2703 3105 2741 cum
3135 2706 3193 2743 se
3229 2695 3341 2761 ipse.
3370 2698 3421 2749 in

1875 2775 2155 2829 electionis
2190 2776 2473 2829 tumultmn
2508 2778 2846 2847 interponere
2898 2794 3003 2833 non
3056 2783 3296 2851 auderet,
3333 2803 3429 2855 per

1873 2867 2207 2936 Gregorium,
2243 2882 2473 2935 quocum
2518 2878 2635 2923 erat
2686 2881 2792 2925 tam
2833 2883 2981 2927 arcta
3027 2879 3263 2932 amicitia
3300 2895 3428 2935 t'ou-s

1864 2957 2106 3023 junctus,
2135 2971 2196 3010 ea
2233 2957 2485 3011 decenter
2515 2960 2600 3029 agi
2646 2974 2803 3029 posse
2844 2964 3114 3029 crederet,
3147 2983 3264 3034 quae
3308 2971 3422 3038 ipse

1872 3063 1967 3116 per
2000 3064 2058 3103 se
2095 3049 2295 3120 egisset
2330 3051 2622 3106 indecore:
2649 3054 2881 3123 denique
2915 3057 3056 3123 quod
3089 3058 3207 3127 pios
3253 3063 3421 3114 homi-

268 3120 473 3174 Harum
510 3121 749 3192 quinque
798 3125 1145 3191 cpistotarmn
1187 3125 1359 3193 prima
1414 3125 1478 3179 ad
1529 3128 1763 3184 anacbo-
1793 3168 1834 3222 η
1878 3158 1973 3198 nes
2004 3142 2123 3211 plus
2154 3157 2307 3211 posse
2339 3145 2390 3196 in
2426 3142 2685 3211 ejusmodi
2730 3146 3082 3205 electionibns
3124 3153 3431 3209 existimas-

205 3220 366 3265 retam
407 3214 704 3281 quemdam
757 3214 809 3265 in
860 3213 1167 3280 Palastina,
1202 3213 1487 3272 Chilonem
1516 3222 1753 3292 nomine,

205 3306 397 3375 scripta
426 3316 532 3372 est,
567 3304 657 3372 qui
695 3319 754 3359 se
799 3304 869 3355 ita
906 3305 957 3357 in
989 3306 1337 3362 solitudinem
1369 3310 1672 3376 abdiderat,
1707 3326 1764 3369 ut

208 3408 270 3447 ne
300 3395 479 3447 sacris
506 3394 725 3460 quidem
757 3396 1115 3451 conventibus
1148 3398 1454 3453 interesset.
1486 3402 1600 3457 Hoc
1626 3420 1763 3473 prte-

204 3487 354 3553 cipue
408 3484 565 3536 illum
611 3486 800 3540 edocet
842 3498 1033 3541 auctor
1069 3489 1334 3557 epistolae,
1368 3494 1640 3561 quomodo
1679 3494 1759 3548 fa-

204 3578 415 3631 stidium
460 3576 769 3631 solitudinis
807 3579 1116 3641 vitandum,
1170 3590 1257 3647 et,
1294 3582 1486 3649 siqua:
1536 3585 1763 3640 subeant

204 3669 563 3737 cogitationes
612 3669 714 3720 sub
769 3670 946 3734 specie
994 3669 1227 3724 obeundi
1278 3686 1461 3727 sacras
1504 3688 1757 3746 synaxes,

200 3758 465 3824 quomodo
509 3754 828 3822 repellenda:
866 3757 996 3809 sint.
1033 3756 1293 3828 Sequitur
1321 3761 1640 3818 brevissima
1693 3770 1759 3822 ad

195 3848 433 3917 juniores
474 3847 790 3901 admenitio.
818 3846 988 3918 Epist.
1022 3850 1090 3904 Μ
1145 3853 1343 3923 scripta
1396 3866 1477 3909 est
1515 3859 1579 3909 ad
1631 3874 1749 3912 mo-

200 3940 426 3993 nachum
471 3940 781 4009 quemdam,
818 3943 909 4010 qui
940 3958 1007 3996 ex
1038 3959 1247 3999 summo
1281 3946 1500 4015 pietatis
1544 3948 1754 4005 fervore

204 4028 251 4083 in
283 4047 483 4101 magna
536 4032 762 4085 crimina
811 4032 989 4099 lapsus
1041 4033 1237 4097 fuerat,
1294 4044 1348 4088 et
1398 4039 1749 4101 pecuniarum

200 4132 376 4187 raptor
407 4132 683 4175 evaserat.
719 4120 964 4188 Sequens
995 4122 1060 4175 ad
1093 4122 1254 4175 alium
1288 4125 1630 4190 monac-ltum,
1663 4128 1753 4197 qui

197 4212 384 4279 amplis
430 4211 628 4277 Opibus
691 4212 894 4266 relictis
935 4213 1037 4267 ltoc
1098 4213 1404 4268 institutum
1475 4220 1753 4288 amplexus

199 4302 385 4365 luerat,
422 4301 519 4355 sed
563 4314 748 4369 postea
788 4303 1114 4357 adulterium
1148 4305 1503 4359 commiserat
1527 4319 1583 4362 et
1613 4324 1749 4363 non-

198 4395 362 4449 nullos
394 4394 725 4447 horrendum
756 4396 1029 4464 quidpiam
1053 4398 1110 4463 ju
1124 4412 1243 4453 rare
1280 4408 1548 4466 coegerat.
1587 4402 1751 4456 Simi-

197 4482 253 4535 lis
296 4493 382 4538 est
423 4483 724 4583 argittttenti
777 4485 1005 4589 epistola
1056 4487 1145 4553 46,
1179 4497 1233 4542 et.
1282 4490 1348 4542 ad
1381 4489 1749 4587 paenitentiam
1784 4505 1827 4559 ι)
1856 4482 2338 4589 Νδξςξςνρεοηηε,

195 4573 440 4625 hortatur
482 4570 751 4640 virginem
796 4568 1021 4638 lapsam,
1055 4588 1175 4643 quae
1217 4589 1339 4628 cum
1381 4575 1750 4646 virginitatem

194 4662 463 4725 violasset,
496 4672 623 4715 voto
650 4676 707 4714 se
735 4660 1053 4716 obstrictam
1090 4666 1340 4734 negabat,
1364 4667 1611 4734 quamvis
1637 4668 1749 4721 vir-

191 4756 461 4825 ginitatem
496 4770 681 4811 coram
709 4754 817 4810 Deo
845 4764 901 4810 et
934 4758 1138 4826 angelis
1171 4769 1227 4812 et
1265 4757 1576 4813 hominibus
1616 4774 1741 4829 pro-

192 4848 327 4906 fessa
353 4858 527 4906 esset.

755 4957 980 5016 CAPUT
1020 4957 1156 5014 Xlll.

188 5047 226 5103 1.
258 5048 471 5105 lortuo
512 5047 737 5104 Eusebio
769 5053 943 5105 minus
975 5061 1122 5104 caute
1148 5050 1381 5105 Basilius
1426 5068 1743 5109 successoris

252 5122 773 5192 ειειειξοηὶκριόιιὲάει-ἶ
800 5122 861 5175 ll.
895 5121 1011 5191 Ipse
1053 5120 1283 5175 Basilius
1317 5124 1581 5192 utriusque
1606 5119 1742 5192 Gre-

254 5192 390 5259 gorii
417 5201 463 5242 et
499 5191 706 5245 Eusebii
736 5189 1062 5245 Samosateui
1085 5208 1240 5259 opera
1274 5189 1504 5261 eligitur.
1527 5192 1616 5245 ΙΙΙ.
1640 5189 1742 5245 In-

253 5262 519 5313 tercedunt
555 5262 730 5327 plures
758 5263 981 5327 episcopi
1007 5273 1051 5315 et
1077 5273 1197 5314 ante
1219 5264 1593 5315 ordinationem
1624 5264 1741 5315 dis-

252 5332 459 5383 cedunt.
488 5329 573 5384 IV.
614 5329 728 5395 Quo
753 5346 889 5383 anno
910 5334 1018 5385 luet:
1043 5341 1252 5401 peracta
1275 5332 1559 5385 ordinatio.

251 5446 293 5499 I.
326 5448 586 5501 Eusebius
640 5446 992 5501 Caesariensis
1041 5446 1325 5515 episcopus
1379 5448 1615 5499 animam
1685 5448 1735 5500 in

187 5530 361 5585 Basilii
399 5533 643 5586 manibus
686 5547 832 5585 anno
870 5530 974 5583 370
999 5532 1074 5599 (α)
1119 5532 1313 5587 leniter
1352 5534 1648 5595 exhalavit,
1683 5543 1735 5586 et

247 5690 326 5755 (α)
353 5688 479 5755 Nat.
509 5705 632 5755 pag.
665 5689 776 5739 310
798 5697 852 5741 ct
884 5687 1005 5738 542.

249 5693 303 5752 (a
353 5690 479 5742 Nat.
509 5705 632 5755 pag.
665 5690 699 5739 3

249 5690 326 5827 (bi
346 5754 473 5811 Nu.
502 5773 587 5825 ep.
615 5757 677 5807 2|
695 5794 707 5806 .

1869 3243 1969 3299 set,
2005 3250 2164 3303 quam
2201 3244 2448 3303 potentes
2496 3246 2550 3289 et
2598 3238 2738 3304 apud
2777 3238 2962 3307 vulgus
3010 3242 3291 3310 gratiosos.
3332 3246 3425 3301 llis

1867 3327 1931 3378 de
1954 3326 2130 3379 causis
2156 3323 2447 3393 Gregorius
2473 3342 2592 3379 cmn
2640 3327 2754 3396 ipse
2784 3330 3050 3396 proficisci
3083 3332 3271 3397 noluit,
3314 3346 3425 3391 tum

1867 3415 2065 3469 Basilio
2098 3427 2287 3469 auctor
2322 3425 2425 3481 est,
2456 3427 2512 3470 nt
2554 3420 2798 3487 prudenti
2839 3437 3053 3477 secessu
3087 3426 3345 3482 tumultus
3373 3440 3428 3483 t-t

1865 3523 2055 3577 pravas
2093 3511 2427 3579 suspiciones
2460 3512 2649 3581 fugiat.
2684 3514 2987 3570 Verisimile
3030 3528 3113 3571 est
3160 3520 3415 3577 Basilium

1865 3603 2019 3658 amici
2053 3604 2277 3658 consilio
2314 3605 2582 3673 paruisse,
2610 3621 2671 3659 ac
2706 3606 2943 3661 latebras
2976 3612 3257 3679 quresiisse
3293 3616 3416 3670 dum

1861 3695 2053 3749 electio
2088 3707 2452 3768 perageretur.
2478 3696 2581 3753 Sed
2618 3699 2888 3754 immerito
2913 3700 3177 3759 Baronins
3204 3706 3273 3776 (c)
3298 3722 3417 3773 post

1860 3787 2028 3841 Eliatn
2061 3788 2372 3843 Cretensem
2406 3792 2471 3843 ad
2506 3791 2763 3845 Basilium
2814 3792 2983 3849 refert
3026 3796 3271 3869 Gregorii
3316 3800 3424 3853 Νι-

1860 3878 2105 3931 zianzeni
2161 3879 2321 3932 verba
2375 3879 2452 3950 (ό)
2516 3880 2581 3935 de
2642 3890 2921 3951 pastorum
2969 3890 3418 3956 prmstantissimo

1858 3971 2015 4026 ovilis
2048 3986 2233 4025 curam
2267 3973 2439 4026 adhuc
2471 3974 2831 4040 detrectante,
2870 3992 2932 4031 ac
2958 3980 3117 4047 paulo
3150 3992 3268 4049 post
3297 3998 3417 4036 sus-

1858 4075 2101 4133 cepturo.
2142 4063 2403 4132 Loquitur
2438 4066 2578 4117 enim
2627 4066 2712 4119 hic
2773 4068 2837 4120 de
2886 4066 3242 4128 Nazianzenis
3301 4090 3417 4127 mo«

1858 4155 2070 4218 nachis,
2096 4155 2234 4208 inter
2264 4171 2400 4224 quos
2427 4174 2584 4209 unum
2619 4158 2885 4227 prtecipue
2918 4160 3117 4220 laudat.

1934 4245 2152 4303 \idetur
2186 4248 2416 4303 Basilius
2461 4250 2620 4316 paulo
2676 4260 2965 4321 antequam
3013 4254 3229 4311 Eusebii
3272 4259 3411 4315 oculi

1861 4338 2262 4403 clauderentur,
2322 4340 2390 4393 ad
2430 4338 2747 4410 Gregorium
2788 4344 3091 4413 scripsisse,
3136 4347 3218 4403 vel
3268 4361 3413 4404 certe

1856 4443 2140 4498 antequam
2189 4431 2381 4485 mortis
2425 4434 2641 4487 nuntius
2693 4433 3025 4493 Nazianzum
3082 4439 3406 4495 deferretur.

2378 4538 2501 4578 eum
2546 4539 2604 4578 se
2653 4526 2719 4577 ad
2759 4525 2860 4580 iter
2887 4531 3195 4598 accingeret
3228 4530 3409 4588 Basilii

1856 4612 2116 4666 invisendi
2143 4625 2326 4679 causa,
2362 4617 2529 4670 sensit
2562 4616 2845 4688 epistmpos
2874 4622 2938 4674 ad
2969 4624 3154 4677 urbem
3178 4638 3410 4680 concur-

1857 4720 1995 4769 rere,
2033 4720 2198 4775 seque
2232 4709 2495 4764 intellexit
2528 4723 2557 4762 a
2601 4711 2800 4769 Basilio
2847 4730 2954 4769 non
2991 4725 3098 4770 tam
3133 4719 3197 4771 ad
3231 4722 3404 4774 morbi

1853 4797 2124 4862 solatium,
2162 4814 2321 4869 quam
2379 4800 2446 4854 ad
2489 4816 2708 4871 operam
2753 4805 2803 4857 in
2859 4806 3096 4877 episcOpi
3149 4810 3411 4865 electione

1853 4889 2168 4944 tradendam
2204 4892 2368 4947 allici.
2410 4893 2669 4967 Cognovit
2710 4911 2835 4965 ergo
2874 4910 2938 4951 ex
2989 4898 3092 4955 hoc
3131 4901 3408 4972 episcOpoa

1850 4996 1968 5036 rum
2013 4996 2275 5038 concursu
2318 4995 2586 5040 mortuum
2637 5001 2755 5041 esse
2810 4986 3137 5043 Eusebium:
3169 5005 3271 5049 nec
3311 4996 3404 5047 du-

1848 5074 1989 5128 bium
2029 5085 2113 5130 est
2156 5077 2308 5146 quin,
2346 5077 2391 5131 si
2434 5080 2637 5131 certior
2672 5078 2735 5132 de
2763 5079 2864 5133 hac
2897 5090 3067 5134 morte
3097 5079 3273 5137 factus
3300 5093 3403 5138 an-

1848 5176 1928 5219 tea
1976 5165 2184 5234 fuisset,
2231 5169 2414 5223 statim
2447 5178 2500 5223 et
2543 5169 2724 5224 Basilii
2770 5172 3055 5225 consilium
3104 5183 3161 5229 et
3205 5190 3400 5230 conse-

1845 5258 2059 5325 quentia
2090 5275 2157 5314 ex
2189 5261 2289 5315 ltoc
2317 5261 2546 5318 consilio
2578 5265 2913 5319 incommoda
2942 5266 3183 5321 vidisset.

1915 5348 2029 5404 Non
2071 5354 2294 5407 deerunt
2329 5354 2555 5407 fortasse
2597 5356 2687 5422 qui
2742 5356 3002 5408 mirentur
3036 5358 3117 5410 vel
3162 5357 3392 5410 libenter

1847 5456 1949 5494 non
1981 5443 2205 5496 credant
2235 5445 2511 5510 episcopos
2540 5443 2887 5511 Cappadocia:
2928 5445 3106 5497 statim
3136 5453 3254 5509 post
3284 5445 3392 5497 Eu-

1846 5534 1976 5586 sebii
2000 5543 2250 5596 mortem,
2280 5543 2564 5586 anteanam
2595 5534 2788 5586 litteris
2817 5535 2944 5586 cieri
2974 5534 3382 5595 advocarentur,

1903 5690 1973 5755 (τ)
1999 5689 2095 5739 An.
2129 5689 2249 5740 569.

1903 5754 1978 5825 (ιι)
2009 5754 2081 5809 Or
2141 5758 2219 5807 1:2.
