4068 6320
649 362 733 401 Lvt
1978 346 2507 401 PROLEGOMENA.

651 470 946 524 Caesaream
986 465 1284 519 advolasse.
1307 464 1412 517 Sed
1450 473 1625 519 tamen
1662 466 1797 519 nihil
1831 466 2203 524 videnturhac
2234 476 2274 530 Α
2308 471 2468 522 Deum
2509 476 2774 537 precetur,
2817 469 2971 535 eique
3024 467 3239 535 quinam
3307 466 3478 533 magis
3521 465 3696 520 idonei
3746 467 3872 531 sint,

649 565 701 616 in
734 577 791 615 re
831 567 1021 629 praeter
1064 573 1264 612 morem
1306 558 1656 627 Cappadocia:
1707 559 1922 613 fecisse.
1958 560 2097 615 [dem
2129 563 2205 614 fe-

649 661 839 706 cenant
873 666 1013 704 anno
1051 649 1176 714 575,
1215 662 1336 701 cum
1372 648 1541 702 falsus
1594 650 1657 703 de
1700 650 1879 703 Basilii
1913 661 2080 704 morte
2117 669 2205 704 ru-

651 758 768 795 mor
797 742 988 793 allatus
1034 748 1197 803 esset,
1228 748 1285 790 ut
1316 739 1677 807 perspicimus
1718 754 1783 793 ex
1822 742 2044 809 epistola
2080 743 2200 807 Ml,

652 845 704 881 n.
736 829 789 882 2.
829 828 996 881 Nemo
1026 841 1156 881 sane
1197 827 1395 880 dixerit
1426 836 1554 881 tunc
1588 843 1680 882 eos
1717 829 1914 885 litteris
1939 831 2064 886 cleri
2098 848 2207 887 vo-

649 932 798 975 catos
832 920 1019 975 fuisse.

715 1014 823 1068 Cur
850 1014 987 1067 idem
1022 1021 1233 1067 mortuo
1249 1012 1481 1066 Eusebio
1510 1015 1727 1068 credam
1764 1015 2038 1079 evenisse,
2064 1032 2203 1085 pra:-

648 1116 731 1160 ter
766 1106 1128 1159 testimonium
1155 1103 1401 1175 Gregorii
1428 1105 1774 1172 Nazianzeni,
1806 1122 1911 1175 quo
1936 1107 2044 1176 jam
2077 1124 2205 1163 usus

649 1213 788 1260 sum,
824 1196 963 1250 aliud
1008 1198 1234 1250 rationis
1278 1207 1604 1251 momentum
1641 1200 1983 1268 suppeditant
2014 1198 2205 1253 littera:

648 1289 893 1360 Gregorii
943 1288 1175 1357 episcOpi
1220 1289 1285 1340 ad
1332 1288 1546 1344 eosdem
1600 1290 1903 1358 episcopos.
1942 1290 2005 1343 lli
2064 1291 2202 1345 enim

650 1381 967 1450 Gregorium
1004 1380 1302 1434 Cwsaream
1343 1381 1670 1434 advocarunl
1703 1381 1800 1450 (η),
1827 1382 1918 1435 sed
1951 1393 2052 1434 tam
2084 1398 2203 1451 per-

649 1474 937 1535 functorie,
978 1480 1035 1524 ut
1081 1485 1179 1524 nec
1217 1471 1403 1524 adesse
1436 1471 1583 1525 illum
1636 1482 1885 1541 oportere
1930 1474 2202 1540 signiﬁca-

646 1571 786 1622 rent,
824 1576 920 1615 nec
958 1577 1060 1630 qua
1098 1564 1160 1615 de
1201 1577 1277 1626 re,
1324 1573 1413 1615 aut
1470 1578 1579 1631 quo
1622 1571 1883 1631 tempore.
1929 1563 2202 1619 Permole-

647 1666 785 1709 stum
831 1655 881 1707 id
933 1654 1030 1706 fuit
1072 1654 1271 1722 optimo
1314 1655 1475 1707 seni:
1520 1664 1572 1705 at
1618 1654 1859 1722 profecto
1919 1655 2201 1709 molestum

644 1762 764 1801 esse
812 1761 919 1798 non
974 1746 1267 1809 debuisset,
1293 1745 1335 1797 si
1380 1743 1489 1811 jam
1547 1745 1928 1809 illum,itidem
1982 1755 2039 1800 ut
2073 1747 2206 1799 alios

646 1839 947 1907 episcopos,
997 1836 1061 1889 de
1105 1850 1251 1889 more
1301 1834 1479 1889 clerus
1526 1836 1829 1890 invitasset.
1879 1837 2027 1892 Tunc
2060 1840 2201 1892 enim
2238 1821 2279 1873 Β

649 1942 869 1981 necesse
907 1943 1007 1981 non
1064 1926 1272 1987 fuisset,
1303 1935 1360 1978 ut
1390 1925 1519 1980 cleri
1560 1924 1752 1978 litteris
1785 1926 1977 1979 addita:
2000 1928 2205 1995 episco-

646 2031 833 2088 porum
873 2018 1062 2070 litterre
1089 2015 1296 2084 singula
1330 2021 1582 2067 accurate
1615 2024 2095 2083 persequerentur.

714 2110 773 2163 ll.
799 2109 929 2164 Cum
984 2107 1301 2178 pravideret
1360 2107 1700 2161 venerandus
1744 2122 1931 2170 senex,
1972 2107 2023 2159 id
2058 2106 2201 2174 qttod

648 2217 745 2255 usu
778 2202 975 2264 evenit,
1013 2201 1159 2270 varia
1200 2200 1474 2254 hominum
1504 2198 1675 2252 Studia
1716 2198 1769 2252 in
1818 2198 2062 2267 eligendo
2094 2197 2204 2264 epi-

649 2308 809 2361 scopo
836 2292 1036 2356 futura,
1068 2292 1307 2345 declarat
1336 2290 1410 2359 (b)
1438 2290 1706 2357 episcopis
1733 2290 1997 2343 neminem
2027 2304 2083 2342 se
2111 2290 2205 2341 ha—

647 2387 794 2449 bere,
840 2398 994 2454 quem
1052 2382 1254 2436 Basilio
1306 2380 1562 2450 praferre
1616 2382 1811 2450 possit,
1844 2382 1960 2435 viro
2000 2394 2053 2435 et
2084 2381 2203 2436 vitae

642 2478 931 2530 sanctitate
962 2486 1013 2529 et
1040 2473 1300 2527 doctrina:
1331 2471 1637 2541 praestantia
1680 2471 1834 2541 longe
1880 2486 2041 2541 super
2070 2471 2203 2525 alios

643 2583 831 2621 omnes
870 2566 1124 2620 eminenti
1156 2583 1169 2617 :
1203 2580 1298 2618 nec
1351 2564 1493 2617 illius
1550 2563 1797 2632 corporis
1861 2564 2200 2617 debilitatem

644 2663 858 2714 obstare
913 2659 1137 2721 debere;
1195 2672 1315 2710 cum
1364 2656 1684 2723 .episcopus
1741 2664 2036 2722 quaeratur,
2091 2669 2201 2708 non

642 2750 871 2812 athleta,
903 2763 965 2803 ac
1006 2756 1265 2817 praeterea
1318 2746 1411 2800 Dei
1453 2745 1623 2798 virtus
1680 2745 1733 2797 in
1765 2743 2027 2811 ejusmodi
2064 2742 2207 2796 infir-

641 2843 832 2895 mitate
858 2839 1085 2893 eluceat.
1117 2837 1391 2893 Promittit
1417 2850 1474 2891 se
1507 2835 1837 2899 adfuturum,
1874 2835 1915 2888 si
1954 2836 2054 2889 hoc
2090 2836 2202 2888 suf-

645 2931 873 3001 fragium
904 2930 1186 2995 recipiant,
1220 2944 1283 2981 ac
1317 2943 1534 2995 operam
1573 2929 1652 2982 eis
1675 2928 1923 2981 daturum
1964 2926 2045 2981 vel
2093 2929 2203 2995 spi—

646 3024 754 3077 ritu
790 3022 873 3074 vel
905 3034 1132 3089 corpore
1167 3034 1179 3069 :
1211 3021 1293 3072 sin
1345 3030 1523 3071 autem
1580 3019 1743 3071 certis
1802 3019 2200 3071 conditionibus

647 3118 729 3169 via
762 3111 1092 3183 capessenda
1130 3110 1220 3175 sit,
1263 3124 1327 3163 ac
1374 3107 1637 3162 factiones
1667 3118 1853 3160 contra
1891 3110 2197 3174 :equitatem

640 3204 974 3268 conflantur,
1017 3202 1324 3271 gavisurum
1370 3215 1428 3254 se
1461 3199 1600 3267 quod
1642 3196 1807 3250 fuerit
1840 3206 2199 3264 contemptus.

710 3294 1016 3349 Honoriﬁce
1055 3294 1315 3348 invitatus
1340 3292 1407 3345 ab
1448 3290 1682 3345 Ecclesia
1711 3288 2029 3343 Caesariensi
2078 3286 2204 3341 Gre-

642 3387 825 3459 gorius
874 3385 944 3455 (c)
978 3385 1314 3439 demonstrat
1370 3382 1829 3445 Cazsariensibus,
1882 3384 2067 3451 quanti
2133 3383 2204 3437 sit

641 3482 900 3535 momenti
929 3480 1117 3533 electio
1138 3477 1395 3546 episcopi,
1424 3489 1544 3528 cum
1575 3474 1624 3525 in
1649 3474 1895 3525 omnibus
1929 3472 2201 3541 Ecclesiis,

642 3586 751 3628 tum
799 3573 1033 3626 maxime
1085 3570 1137 3622 in
1188 3566 1502 3623 Caesariensi
1566 3565 1789 3620 aliarum
1840 3564 2202 3619 Ecclesiarnm

639 3677 833 3722 matre.
873 3665 1150 3719 Summum
1179 3659 1448 3731 signiﬁcat
1476 3659 1721 3713 veniendi
1766 3659 1829 3711 ad
1854 3674 1947 3713 eos
1986 3657 2200 3711 deside-

640 3760 803 3819 rium,
840 3758 882 3811 si
912 3771 1005 3825 per
1039 3755 1281 3809 morbum
1312 3762 1365 3806 et
1398 3752 1603 3806 senium
1637 3750 1833 3815 liceat;
1871 3750 1959 3804 sed
1991 3751 2203 3802 interim

640 3850 885 3906 declarat
917 3864 979 3902 ex
1007 3848 1139 3901 viris
1165 3848 1467 3915 principatu
1495 3847 1689 3917 dignis,
1722 3860 1856 3915 quos
1880 3847 1931 3898 in
1961 3843 2204 3898 Ecclesia

640 3942 954 3999 Caesariensi
1012 3939 1191 4009 plures
1242 3953 1363 3991 esse
1421 3954 1524 3991 non
1589 3939 1877 4001 inliciatur,
1936 3938 2201 3990 nominem

642 4032 839 4088 Basilio
871 4031 1109 4101 praferri
1140 4032 1373 4093 debere;
1402 4042 1631 4096 eumque
1679 4042 1859 4081 coram
1909 4026 2017 4079 Deo
2069 4035 2204 4079 teste

645 4134 917 4179 asseverat
942 4132 994 4176 et
1024 4122 1143 4174 vit-.e
1172 4132 1223 4173 (ιι
1257 4121 1515 4175 doctrinae
1560 4121 1850 4175 sanctitate
1885 4118 1964 4171 vel
2006 4117 2200 4180 solum,

643 4216 722 4268 vel
746 4216 981 4269 omnium
1016 4213 1250 4267 maxime
1282 4223 1461 4281 aptum
1502 4213 1761 4281 esse,»qui
1793 4211 2087 4267 Ecclesiam
2123 4210 2204 4261 his

642 4306 1037 4362 inolestissimis
1062 4305 1389 4374 temporibus
1412 4304 1691 4373 gubernet.
1722 4306 1894 4371 Atque
1929 4305 2038 4357 haec
2066 4302 2205 4355 scri-

642 4403 720 4454 bit
746 4402 889 4455 clero
925 4407 981 4454 et
1010 4398 1309 4461 monachis,
1337 4408 1390 4450 et
1422 4397 1692 4451 honoratis
1720 4412 1781 4449 ac
1813 4396 1972 4449 curia:
2000 4378 2066 4448 et.
2085 4394 2204 4447 uni-

2301 561 2647 629 jndicantium
2700 561 2983 630 relinquat.
3020 560 3131 615 Non
3180 560 3333 615 modo
3373 560 3473 615 sibi
3504 561 3714 614 videtur
3740 560 3875 616 Gre—

2306 653 2485 720 gorius
2531 653 2629 705 hac
2662 651 2775 719 lege
2812 667 2911 705 non
2964 651 3247 719 obstringi,
3285 650 3377 705 sed
3417 650 3578 704 etiam
3621 649 3873 704 Ecclesim

2306 744 2619 799 Caesariensi
2652 760 2715 798 ac
2742 745 3007 813 episcopis
3038 744 3228 795 minari
3277 758 3378 796 non
3416 742 3645 805 dubitat,
3674 757 3734 796 se
3769 758 3870 794 non

2306 834 2635 899 adfuturum,
2671 848 2771 887 nec
2801 836 3111 904 participem
3136 848 3321 887 eorum
3348 832 3555 887 consilii
3594 831 3866 893 futurum,

2307 926 2349 979 si
2380 940 2471 979 sua
2510 941 2614 981 non
2648 925 2826 977 vincat
2871 925 3158 990 sententia,
3188 926 3232 979 si
3269 939 3425 993 quem
3460 923 3621 977 alium
3668 922 3865 976 Basilio

2307 1018 2613 1087 praeferant.
2662 1018 2797 1074 Huic
2845 1024 3021 1072 autem
3075 1018 3261 1086 agendi
3317 1016 3510 1069 rationi
3562 1031 3667 1069 non
3712 1017 3871 1069 modo

2305 1109 2460 1161 venia
2504 1108 2743 1175 debetur,
2786 1109 2877 1163 sed
2924 1109 3082 1161 ctiam
3132 1110 3244 1161 laus
3292 1106 3727 1176 maxima,eique
3760 1106 3871 1174 pal-

2308 1217 2449 1255 mam
2497 1201 2587 1253 dat
2633 1200 2921 1271 Gregorius
2974 1201 3111 1255 filius
3152 1201 3228 1268 (ά)
3272 1201 3413 1255 inter
3464 1208 3655 1253 caetera
3702 1198 3870 1266 patris

2307 1294 2566 1362 prmelare
2600 1293 2755 1347 facta.
2793 1293 2924 1346 Nam
2961 1308 3078 1347 cum
3124 1293 3361 1345 omnium
3390 1293 3454 1347 de
3479 1290 3663 1345 Basilii
3695 1292 3867 1343 virtu-

2308 1385 2657 1453 tibusjudicia
2689 1387 3082 1449 consentirent,
3117 1398 3181 1437 ae
3222 1382 3336 1436 luce
3365 1383 3565 1437 clarius
3602 1392 3749 1437 esset
3780 1398 3872 1435 ne-

2308 1481 2505 1533 minem
2546 1478 2707 1531 alium
2740 1479 2854 1531 sine
2897 1493 3107 1531 summo
3156 1475 3329 1545 legum
3372 1475 3869 1529 ecclesiasticarum

2306 1578 2614 1637 contemptu
2658 1566 2780 1635 eligi
2822 1581 3012 1634 posse;
3061 1564 3356 1633 Gregorius
3408 1577 3471 1616 eo
3520 1573 3623 1616 tam
3668 1562 3871 1616 acriter

2307 1660 2637 1717 defendendo
2684 1673 2783 1713 nec
2822 1657 2942 1725 jura
2983 1672 3081 1712 nec
3126 1658 3425 1712 libertatem
3488 1654 3867 1722 suffragiorum

2313 1754 2631 1816 attentabat,
2659 1753 2752 1807 sed
2789 1750 2967 1819 potius
3001 1766 3029 1804 a
3056 1750 3382 1805 factionibus
3430 1756 3482 1803 et
3528 1747 3869 1815 prazposteris

2312 1846 2502 1899 studiis
2594 1846 2661 1898 ad
2741 1842 3123 1901 ecclesiasticae
3196 1840 3442 1894 utilitatis
3491 1838 3868 1919 cogitationem

2312 1937 2546 1990 omnium
2572 1939 2778 1993 animos
2806 1936 3110 1992 revocabat.

2382 2026 2489 2080 Has
2520 2029 2681 2096 patris
2715 2028 2925 2082 litteras
2960 2028 3158 2081 indicat
3189 2024 3477 2090 Gregorius
3498 2027 3731 2091 \e‘),cum
3759 2020 3866 2074 ait:

2310 2118 2536 2172 Litteras
2566 2117 2839 2177 scribebat,
2866 2119 3123 2181 monebat,
3151 2116 3395 2184 papulum
3428 2114 3763 2177 conciliabat,
3788 2130 3871 2165 sa-

2310 2213 2560 2273 cerdotes,
2586 2226 2702 2262 cum
2729 2209 2883 2271 alios,
2926 2219 3031 2258 tum
3064 2225 3148 2260 eos
3190 2208 3276 2275 qui
3314 2206 3501 2259 altaris
3543 2214 3685 2268 sunt,
3730 2204 3874 2255 obte-

2310 2304 2567 2365 stabatur,
2604 2299 2926 2363 decernebat,
2959 2296 3231 2349 urdinabat
3272 2298 3427 2349 etiam
3476 2294 3678 2359 absens,
3722 2294 3871 2347 δαιιὶ-

2310 2395 2395 2446 tiei
2430 2408 2538 2446 sua:
2570 2394 2667 2444 hoc
2702 2391 2899 2453 dabat,
2929 2398 2982 2441 ut
3019 2389 3156 2455 apud
3195 2388 3415 2450 alienos,
3448 2398 3695 2455 tanquam
3731 2384 3873 2453 apud

2310 2502 2430 2539 suos
2470 2483 2788 2537 auctoritate
2847 2489 3095 2534 uteretur.
3142 2477 3346 2544 Quibus
3378 2491 3441 2530 ex
3477 2479 3651 2533 verbis
3691 2477 3869 2546 Colligi

2311 2574 2481 2643 possit
2522 2587 2625 2626 non
2668 2572 2800 2625 duas
2843 2579 3047 2623 tantum
3096 2582 3124 2621 a
3166 2576 3354 2620 sancto
3386 2580 3533 2625 sene,
3563 2568 3653 2618 sed
3686 2566 3873 2632 plures

2312 2666 2445 2718 alias
2478 2663 2729 2717 Ecclesia:
2755 2659 3071 2715 Caesariensi
3099 2657 3329 2724 scriptas
3360 2653 3544 2708 fuisse.
3578 2655 3875 2709 Videbatur

2312 2757 2449 2809 hanc
2481 2757 2547 2807 ab
2581 2770 2644 2807 eo
2694 2754 3105 2807 sollicitudinem
3147 2764 3372 2821 poscere
3416 2746 3573 2814 hujus
3615 2745 3875 2801 Ecclesia:

2310 2855 2498 2900 status.
2532 2843 2661 2897 Erat
2687 2844 2825 2897 enim
2856 2857 3048 2911 magna
3078 2844 3380 2895 animorum
3409 2836 3692 2892 dissensio.
3722 2835 3876 2890 Basi-

2310 2940 2435 2993 lium
2467 2937 2715 2992 omnibus
2737 2934 3089 3005 prmferebant
3110 2932 3457 2987 selectissima
3502 2938 3553 2984 et
3580 2929 3874 2999 purissima

2308 3048 2429 3102 pars
2457 3030 2655 3100 pepuli,
2681 3028 2961 3081 universus
2980 3027 3155 3081 clerus
3173 3036 3226 3079 et
3257 3034 3449 3078 ascette
3478 3039 3491 3075 :
3525 3021 3617 3076 sed
3666 3019 3875 3074 invideo

2307 3123 2435 3176 bant
2471 3132 2525 3174 et
2554 3119 2930 3192 oppugnabant
2975 3118 3336 3186 magistratus,
3368 3128 3430 3167 ac
3464 3112 3657 3166 intima.-
3692 3109 3869 3179 plebis

2306 3209 2649 3277 perditissimi
2678 3208 2875 3275 quique
2904 3222 3021 3260 cum
3048 3203 3444 3273 magistratibus
3477 3202 3767 3270 conjuncti,
3796 3209 3875 3263 et,

2308 3300 2446 3367 quod
2499 3297 2732 3351 inimicis
2778 3296 3047 3363 religionis
3086 3294 3301 3360 iocandi
3351 3293 3634 3345 materiam
3679 3292 3872 3355 dabat,

2309 3391 2405 3459 ipsi
2446 3388 2607 3443 etiam
2640 3387 2894 3457 episcopi.

2375 3480 2508 3533 Erat
2554 3492 2685 3533 sane
2722 3478 3093 3540 metuendum,
3137 3488 3202 3528 ne
3230 3471 3434 3534 Ariani,
3471 3472 3561 3539 qui
3595 3486 3738 3526 anno
3765 3471 3876 3527 365

2309 3571 2559 3626 Ecclesia:
2591 3569 2906 3626 Cresarieusi
2953 3566 3177 3621 insidias
3210 3570 3540 3627 struxerant,
3581 3562 3879 3615 dissensio-

2310 3664 2466 3716 nibus
2495 3663 2826 3717 laborantem
2874 3668 3196 3727 occuparent
3244 3665 3298 3713 et
3326 3660 3653 3710 everterent.
3689 3650 3877 3715 Quare

2306 3752 2598 3822 Gregorius
2636 3768 2754 3806 cum
2795 3755 3028 3806 nondum
3072 3752 3259 3804 adesse
3282 3756 3481 3817 posset,
3526 3760 3588 3798 ac
3624 3744 3878 3809 praesidio

2308 3863 2413 3903 non
2440 3844 2699 3899 mediocri
2730 3852 2938 3909 tempus
2956 3854 3115 3906 egere
3142 3840 3461 3908 intelligeret
3487 3839 3555 3908 (ἣ
3578 3878 3591 3901 ,
3612 3844 3874 3905 magnum

2307 3955 2371 3994 ex
2409 3937 2630 3992 Oriente
2658 3934 2834 3987 lumen
2862 3933 3110 3995 accersit,
3143 3930 3200 3986 S.
3235 3929 3521 3983 Eusebium
3553 3930 3868 3982 Satnosate-

2310 4046 2457 4095 num,
2502 4028 2683 4083 missis
2723 4042 2816 4095 per
2850 4024 3185 4079 Eustathium
3234 4023 3519 4076 diaconum
3570 4020 3781 4082 litteris,
3817 4022 3872 4073 in

2308 4120 2505 4188 quibus
2542 4120 2872 4172 demonstrat
2902 4125 3107 4185 quanto
3128 4123 3371 4169 versetur
3399 4112 3451 4166 in
3487 4109 3725 4181 periculo
3757 4107 3879 4161 Can-

2307 4211 2564 4266 sariensis
2594 4210 2855 4273 Ecclesia,
2889 4218 3146 4276 regatque
3188 4214 3244 4258 ut
3272 4205 3412 4258 illius
3440 4205 3619 4258 veniat
3644 4200 3873 4263 auxilio,

2307 4318 2369 4356 ac
2408 4301 2700 4356 exantlatis
2746 4315 2841 4367 pro
2886 4298 3127 4352 Ecclesia
3191 4297 3469 4351 laboribus
3516 4296 3661 4348 hunc
3706 4294 3876 4347 etiam

2307 4396 2542 4464 adjiciat.
2579 4393 2844 4445 Caeterum
2876 4391 3071 4444 habere
3108 4404 3165 4441 se
3194 4402 3302 4456 prie
3336 4389 3505 4442 oculis
3543 4388 3739 4449 virum,
3766 4384 3874 4451 ipsi

642 4506 810 4545 versa:
848 4492 1011 4560 plebi.
1047 4490 1101 4544 Si
1128 4488 1227 4543 sibi
1256 4487 1642 4553 assentiamur,
1673 4498 1831 4557 atque
1872 4489 1982 4541 haec
2017 4486 2203 4540 vicerit
2238 4495 2278 4548 Ι)
2313 4487 2541 4541 Eusebio
2580 4498 2681 4536 non
2726 4485 2962 4551 ignotum
2985 4523 3000 4547 ,
3035 4497 3183 4549 quem
3210 4482 3255 4534 si
3288 4483 3515 4534 obtinere
3572 4494 3873 4544 possumus,

641 4582 929 4645 sententia,
962 4581 1243 4651 pollicetur
1287 4594 1345 4633 se
1390 4578 1698 4634 adfuturum
1744 4580 1957 4649 spiritu,
1984 4580 2203 4647 jamque

640 4674 694 4726 in
733 4682 1069 4725 antecessum
1116 4684 1308 4724 manus
1363 4670 1679 4739 imponere:
1716 4671 1795 4723 sin
1849 4670 1992 4723 aliud
2040 4670 2199 4738 quid-

638 4766 780 4833 piam
822 4763 927 4817 illis
970 4761 1197 4829 plaeeat,
1244 4777 1306 4815 ac
1348 4762 1592 4816 sodalitia
1637 4771 1692 4816 et
1735 4762 2085 4829 cognationes
2122 4759 2201 4812 vi-

642 4866 821 4924 geant,
856 4862 949 4909 aut
1007 4858 1306 4922 promiscua
1377 4856 1528 4905 turba
1582 4868 1767 4921 parum
1830 4853 1929 4905 loci
1994 4853 2201 4920 legibus

638 4947 1016 5003 ecclesiasticis
1049 4946 1333 5014 relinquat,
1378 4944 1687 5012 participem
1746 4958 1802 4997 se
1843 4956 2025 4995 eorum
2070 4958 2199 4996 con-

641 5040 745 5095 silii
778 5053 881 5091 non
912 5038 1167 5091 futurum.

709 5131 824 5185 Non
893 5130 1095 5196 putavit
1149 5127 1441 5196 Gregorius
1494 5126 1887 5180 observandum
1934 5140 2051 5179 esse
2096 5124 2199 5177 hoc

639 5221 775 5283 loco,
805 5220 949 5287 quod
981 5217 1210 5271 Basilius
1242 5217 1423 5271 utilius
1469 5231 1531 5270 ae
1572 5217 1740 5270 satius
1789 5230 1907 5268 esse
1951 5218 2105 5269 docet
2142 5216 2196 5267 in

639 5313 797 5381 epist.
827 5308 954 5374 290,
988 5319 1045 5363 ut
1084 5310 1225 5363 dicto
1264 5309 1568 5363 testimonio
1603 5308 1782 5361 studia
1812 5308 2067 5369 vitentur,
2100 5319 2198 5359 nec

639 5404 923 5471 quisquam
960 5400 1270 5467 contendat,
1316 5410 1373 5456 ut
1416 5416 1509 5455 sua
1559 5400 1737 5455 vincat
1783 5400 2069 5465 sententia,
2108 5402 2199 5455 sed

707 5556 781 5621 (α)
812 5556 938 5610 Naz.
966 5572 1050 5623 ep.
1083 5556 1168 5612 93.

710 5626 779 5695 (bl
816 5626 944 5693 lltitl.
1000 5634 1004 5638 ’

709 5700 777 5755 (t‘)
816 5696 905 5760 lit).
939 5696 1026 5749 9‘3.

712 5768 787 5832 (dt
818 5768 911 5819 0r.
942 5767 1023 5821 l9.

2306 4577 2510 4646 inquit,
2560 4575 2665 4627 scio
2712 4576 3058 4644 acquirituros
3097 4589 3188 4626 nos
3234 4588 3474 4639 magnam
3526 4572 3665 4636 apud
3704 4570 3875 4623 Deum

2304 4670 2583 4736 ﬁduciam,
2641 4677 2792 4737 atque
2840 4670 2893 4719 in
2954 4666 3233 4733 populum,
3287 4664 3376 4732 qui
3424 4678 3515 4715 nos
3561 4662 3873 4717 advocavit.

2304 4760 2606 4826 beneﬁcium
2641 4762 2929 4815 maximum
2972 4757 3273 4810 collaturus.
3304 4756 3563 4810 llortatur
3604 4766 3663 4807 ut
3694 4755 3875 4822 ruptis

2302 4852 2548 4905 omnibus
2582 4852 2745 4906 moris
2782 4852 3122 4904 incommoda
3156 4850 3345 4903 hiemis
3364 4854 3687 4901 antevertat.
3716 4845 3875 4897 lianc

2304 4942 2605 5007 epistolam,
2657 4958 2775 5011 qua:
2826 4942 2962 4995 inter
3029 4941 3328 4995 Basilianas
3373 4938 3656 5007 reperitur,
3710 4950 3875 4989 nemo

2299 5032 2407 5100 jam
2444 5033 2555 5087 fere
2583 5044 2687 5101 est,
2718 5033 2810 5104 qui
2849 5032 3108 5104 Gregorio
3140 5031 3518 5087 restituendum
3554 5043 3657 5081 non
3700 5025 3876 5080 fatea-

2306 5134 2410 5178 tur.

2377 5219 2625 5271 Accurrit
2658 5228 2876 5272 sanctus
2909 5229 3111 5287 martyr
3140 5217 3191 5269 in
3237 5215 3667 5285 Cappadociam;
3708 5215 3874 5283 idque

2306 5321 2455 5362 certo
2486 5310 2685 5365 scimus
2720 5326 2784 5362 ex
2827 5311 3053 5380 epistola
3084 5308 3152 5363 48
3183 5308 3389 5374 Basilii,
3431 5317 3484 5362 et
3512 5322 3578 5363 ex
3627 5309 3875 5362 testimo—

2310 5401 2398 5451 nio
2428 5396 2671 5470 Gregorii
2707 5400 2804 5469 (g),
2844 5402 2931 5471 qui
2966 5399 3226 5473 Spiritum
3269 5408 3510 5455 sanctum
3552 5398 3621 5454 ab
3667 5399 3872 5456 exteris

2385 5553 2452 5622 (e)
2490 5554 2624 5608 lbid.

2388 5625 2452 5695 (Γ)
2483 5625 2640 5678 Basil.
2670 5640 2753 5695 ep.
2792 5626 2876 5681 47.

2386 5694 2457 5765 (g)
2491 5696 2582 5750 Or.
2614 5697 2701 5753 20.
