4094 6308
1547 384 1713 441 VITA
1752 382 1809 436 S.
1854 378 2115 436 BASILII.

3346 382 3450 423 LVII

204 521 517 594 regioiiibus
544 516 699 572 viros
725 516 926 587 pietate
957 512 1135 569 claros
1167 523 1222 571 et
1244 513 1361 568 zelo
1384 511 1674 583 ﬂagrantes
1713 508 1778 561 ad
1810 508 1854 565 Α
1888 507 2179 566 conﬂasse,
2227 502 2320 555 sed
2374 506 2483 568 jam
2531 507 2691 555 antea
2743 495 3030 551 conﬂatum
3078 491 3450 547 confirmasse.

200 615 507 687 ungendum
536 610 798 668 Basilium
825 611 1093 667 excitasse
1125 617 1373 666 testatur.
1407 605 1523 663 Non
1558 607 1776 663 dubium

193 720 273 765 est
298 706 429 776 quin
464 706 605 761 tanti
638 705 763 761 fidei
796 703 1096 759 defensoris
1136 702 1419 774 praesentia
1452 702 1625 757 lucem
1658 699 1775 754 red—

198 798 387 853 diderit
416 797 681 855 Ecclesiae
708 796 1049 863 Cmsariensi,
1079 808 1134 853 et
1178 794 1376 850 multos
1412 810 1477 849 ex
1516 796 1687 859 curia,
1718 808 1779 847 ae

199 891 333 944 forte
368 891 537 945 etiam
572 906 639 945 ex
672 888 803 957 ipsis
842 889 1106 958 episcopis
1151 888 1216 941 ad
1251 889 1519 941 saniorem
1554 895 1777 941 senten-

199 982 323 1035 tiam
365 982 680 1039 adduxerit.
724 980 855 1034 Nam
898 992 1124 1037 testatur
1176 980 1468 1050 Gregorius
1494 980 1570 1052 (a)
1605 980 1777 1049 Spiri-

199 1082 307 1126 tum
346 1085 604 1130 sanctum
648 1072 859 1127 abunde
887 1076 1101 1129 vicisse.
1132 1071 1239 1127 Sed
1269 1082 1447 1131 tamen
1483 1076 1626 1128 illius
1662 1087 1773 1127 mo-

197 1164 320 1220 nitis
376 1173 435 1219 et
495 1162 800 1220 hortatibus
852 1164 1029 1235 plures
1095 1164 1327 1235 episcopi
1383 1181 1487 1220 non
1529 1166 1778 1221 videntur

204 1259 462 1311 cessisse.
506 1253 643 1311 Nam
694 1273 814 1312 cum
850 1272 1033 1311 eorum
1069 1272 1313 1323 munero,
1343 1259 1775 1328 qui'episcopum

201 1348 591 1415 proclamaturi
646 1358 822 1411 erant,
885 1362 1023 1401 unus
1083 1349 1295 1403 deesset
1352 1350 1417 1402 ad
1454 1350 1772 1404 canonicam

195 1432 515 1488 eiectionem
540 1476 556 1501 ,
592 1435 847 1489 Nazianzi
887 1437 1169 1504 episcopus
1206 1441 1278 1508 (ὁ)
1330 1454 1435 1491 non
1482 1440 1653 1493 solum
1686 1456 1771 1495 δυσ

196 1533 427 1591 nectute,
451 1528 547 1582 sed
575 1528 735 1580 etiam
762 1526 947 1582 morbo
971 1528 1191 1594 fractus,
1219 1532 1562 1598 animamque
1584 1544 1770 1601 agens,

200 1610 300 1665 iter
332 1615 556 1684 aggredi
608 1628 714 1667 non
749 1614 1033 1685 dubitavit,
1066 1630 1126 1672 ut
1172 1620 1381 1674 calculo
1424 1634 1521 1674 suo
1550 1621 1771 1677 electio-

198 1719 313 1758 nent
367 1710 613 1775 juvaret.
651 1706 865 1779 Colligit
920 1709 1294 1767 Tillemontius
1344 1725 1405 1765 ex
1468 1712 1550 1768 bis
1592 1717 1771 1770 verbis

194 1798 437 1867 Gregorii
474 1804 781 1855 necessaria
806 1802 970 1857 fuisse
1001 1804 1063 1857 ad
1095 1805 1420 1861 canonicam
1444 1807 1765 1864 electionem

1890 599 2006 654 Non
2040 612 2169 668 ergo
2214 592 2571 649 interfuerant
2595 588 2943 651 ordinationi,
2978 604 3078 645 nec
3111 586 3309 642 Basilio
3339 602 3421 641 ma

1886 706 1986 745 nus
2026 691 2416 760 imposuerant,
2455 698 2552 737 nec
2613 702 2733 739 cum
2786 696 2852 737 eo
2900 680 3446 736 commnnicaverant.

1885 781 2103 835 Pondus
2132 780 2281 834 addit
2334 777 2462 829 huic
2499 778 2777 829 sententiae
2807 787 2997 830 eorum
3030 771 3273 827 Cmsarea
3325 780 3450 823 ante

1882 872 2170 926 Eusebium
2220 867 2501 924 discessio.
2532 865 2643 921 Cur
2697 869 2838 919 enim
2891 863 3171 926 Eusebius,
3200 864 3283 916 cui
3340 860 3453 917 lon-

1882 981 2005 1038 gum
2045 966 2148 1018 iter
2177 962 2543 1033 peragendum
2584 968 2720 1022 erat,
2752 960 2926 1013 serius
2949 968 3127 1013 tamen
3172 968 3331 1021 quam
3358 953 3447 1008 isti

1881 1057 2151 1119 discessit,
2198 1058 2296 1109 nisi
2357 1056 2483 1125 quia
2550 1068 2670 1107 sese
2725 1060 3105 1120 proruperunt,
3156 1046 3336 1101 statim
3386 1062 3449 1098 ac

1880 1152 2050 1203 victos
2075 1164 2130 1202 se
2157 1163 2276 1201 esse
2305 1146 2592 1202 viderunt?
2628 1145 2755 1198 lllud
2785 1144 2947 1197 etiam
2974 1152 3293 1214 argumento
3340 1148 3446 1202 est,

1882 1241 2086 1307 insigne
2128 1237 2328 1306 aliquid
2377 1238 2473 1289 hos
2524 1237 2807 1304 episcopos
2858 1232 3071 1296 fecisse,
3098 1234 3239 1302 quod
3292 1231 3450 1299 hujus

1880 1334 2236 1387 dissensionis
2278 1342 2401 1384 tota)
2436 1332 2685 1385 civitates
2717 1342 2769 1383 et
2802 1327 2985 1398 populi
3015 1330 3302 1398 participes
3330 1325 3447 1381 fue-

1881 1436 2023 1489 runt,
2055 1424 2276 1497 ejusque
2310 1422 2449 1475 fama
2488 1422 2552 1474 ad
2588 1432 2821 1475 remotas
2849 1420 3155 1490 provincias
3184 1420 3446 1488 pervenit,

1879 1532 1927 1571 ιιι
1966 1528 2145 1586 postea
2187 1516 2512 1569 videbimus.
2549 1512 2660 1565 Non
2693 1530 2823 1582 opus
2854 1522 2938 1567 est
2991 1511 3173 1565 verbis
3203 1512 3450 1567 refellere

1877 1608 2092 1664 Baronii
2153 1605 2221 1677 (e)
2294 1606 2652 1665 sententiam,
2719 1606 2808 1670 qui
2866 1593 3050 1657 Basilii
3109 1601 3449 1657 adversarios

1875 1705 2042 1758 fuisse
2066 1702 2364 1762 existimat,
2399 1714 2502 1751 non
2540 1713 2633 1749 eos
2681 1711 2819 1765 quos
2862 1697 3095 1749 diximus
3142 1696 3443 1764 episcopos,

1873 1800 1964 1849 sed
2004 1794 2289 1866 przcsidem
2326 1790 2695 1860 Cappadocim,
2744 1798 2793 1840 et
2841 1787 2973 1839 alios
3016 1789 3157 1840 huic
3183 1787 3446 1855 proximos

197 1890 415 1959 majoris
456 1894 628 1959 partis
657 1895 1025 1963 episcoporum
1060 1894 1337 1967 suffragia.
1368 1898 1520 1967 Quod
1548 1903 1766 1970 quidem
1801 1893 1843 1947 Β
1876 1888 2132 1941 (Σιινεανεω
2182 1894 2413 1955 agentes,
2467 1892 2515 1934 et
2574 1882 2834 1935 civitatem
2864 1880 3118 1947 susdt’que
3153 1879 3445 1941 miscentes,

194 1996 253 2035 eo
284 1980 601 2051 diligentius
644 1984 968 2038 servandum
1019 1996 1139 2041 erat
1172 1988 1224 2043 in
1264 1990 1525 2049 electione
1559 1992 1764 2055 Basilii,

196 2072 333 2138 quod
367 2089 477 2127 non
506 2075 677 2128 solum
724 2073 904 2143 plures
930 2076 1166 2148 epise0pi
1204 2080 1635 2145 intercedebant,
1672 2083 1764 2137 sed

193 2166 354 2220 etiam
408 2167 697 2235 adjunctos
753 2183 932 2224 secum
992 2172 1262 2227 habebant
1313 2176 1661 2246 magistratus
1711 2189 1767 2233 et

190 2258 593 2327 perditissimos
622 2276 863 2331 quosque
892 2264 1056 2317 cives.

257 2348 651 2408 Proficisccnte
685 2365 837 2424 patre
881 2356 1099 2423 scripsit
1141 2356 1436 2428 Gregorius
1476 2362 1545 2434 (c)
1588 2367 1655 2419 ait
1704 2367 1761 2420 S.

191 2441 512 2509 Eusebium,
549 2444 702 2509 cujus
755 2446 926 2501 zelum
973 2449 1028 2503 εἰ
1079 2451 1303 2507 sudores
1352 2453 1531 2508 laudat
1560 2467 1612 2509 et
1642 2473 1766 2526 gra-

193 2544 295 2587 tam
352 2535 464 2589 Deo
517 2536 859 2601 libertatem;
901 2540 1060 2611 eique
1093 2557 1369 2613 acceptum
1404 2545 1568 2602 refert
1624 2551 1765 2617 quod

192 2627 359 2692 patris
407 2637 661 2683 senectus
709 2644 963 2689 renovata
1018 2635 1180 2690 fuerit
1217 2655 1230 2691 :
1262 2639 1401 2693 unde
1434 2640 1595 2693 etiam
1650 2658 1763 2694 rem

191 2729 251 2769 ex
317 2720 589 2775 sententia
650 2738 1023 2781 successuram
1086 2733 1550 2796 speratzveniam
1608 2735 1761 2801 petit,

192 2810 327 2876 quod
359 2828 468 2867 nou
502 2828 755 2871 accurrat
789 2820 854 2873 ad
906 2820 1021 2885 ejus
1061 2821 1399 2888 complexum
1438 2824 1631 2892 linguis
1663 2826 1763 2880 im-

192 2903 483 2968 proborum
511 2910 745 2973 cedens;
781 2912 873 2964 sed
904 2911 1059 2976 paulo
1089 2922 1207 2979 post
1237 2926 1523 2970 venturum
1552 2932 1607 2973 se
1637 2929 1762 2987 pro-

192 2994 376 3059 tnittit,
429 3000 576 3065 quod
636 3010 816 3055 tamen
850 3003 1143 3071 perfecisse
1192 3023 1293 3060 non
1344 3010 1575 3067 videtur.
1625 3013 1764 3068 Vicit

191 3086 403 3140 abunde
454 3086 692 3156 Spiritus
740 3102 957 3149 sanctus
1000 3111 1093 3165 per
1121 3096 1406 3152 Eusebium
1460 3109 1514 3153 et
1559 3101 1764 3170 Grego-

193 3178 348 3243 rium,
379 3180 474 3248 qui
508 3194 634 3234 cum
670 3183 936 3248 vehiculo,
972 3194 1225 3257 tauquam
1263 3200 1505 3246 mortuus
1537 3192 1761 3260 feretro,

1878 1991 1929 2030 ut
1957 1980 2009 2031 in
2047 1980 2273 2046 gratiam
2302 1974 2488 2028 Ariani
2520 1971 2855 2042 imperatoris
2878 1970 3015 2023 alius
3044 1980 3313 2023 crearetur
3339 1969 3447 2037 epi-

1872 2086 2077 2125 δεουιω.

1949 2162 2034 2219 IV.
2062 2163 2178 2229 Quo
2208 2162 2438 2217 Basilius
2468 2175 2610 2215 anno
2639 2159 2921 2214 ordinatus
2976 2154 3157 2217 Interit,
3196 2168 3299 2207 non
3336 2167 3444 2207 una

1872 2270 1951 2313 est
2008 2258 2317 2315 criticorum
2376 2256 2694 2310 sententia:
2742 2250 3005 2305 Baronius
3045 2261 3098 2303 et
3155 2246 3447 2303 Bollandns

1878 2367 2017 2405 anno
2048 2350 2153 2405 569
2185 2349 2493 2405 ordinatum
2530 2346 2693 2399 fuisse
2728 2343 3096 2408 contendunt;
3134 2358 3275 2395 anno
3316 2340 3443 2403 570,

1875 2445 2127 2498 Petavius
2154 2454 2208 2498 et
2254 2440 2653 2497 Tillemontius.
2702 2436 2845 2491 Nihil
2881 2450 3062 2490 moror
3092 2431 3318 2503 Ppgium
3353 2434 3445 2500 qui

1874 2532 2267 2588 ordinationem
2320 2531 2500 2585 differt
2547 2544 2720 2600 usque
2774 2528 2839 2580 ad
2899 2539 3097 2578 annum
3149 2521 3283 2589 57l;
3333 2521 3448 2575 tunc

1878 2628 2022 2683 enim
2078 2625 2260 2695 opinio
2303 2636 2453 2678 stare
2499 2638 2604 2676 non
2648 2631 2841 2690 potest.
2894 2619 2968 2673 Ex
3014 2616 3220 2673 duabus
3265 2624 3445 2669 autem

1876 2722 2001 2776 aliis
2037 2718 2324 2775 sententiis
2359 2719 2513 2783 longe
2542 2714 2717 2783 potior
2741 2714 2953 2767 videtur
2980 2727 3043 2766 ea
3069 2725 3228 2780 quam
3251 2705 3444 2762 defen-

1870 2816 1947 2869 dit
1981 2813 2379 2868 Tillemontius.

1947 2907 2001 2959 1°
2056 2906 2263 2959 Pendet
2306 2904 2665 2959 ordinationis
2713 2915 2886 2953 annus
2931 2912 2997 2953 ex
3044 2897 3237 2951 mortis
3278 2910 3442 2949 anno.

1878 2997 2107 3052 Constat
2157 2999 2300 3050 enim
2355 2996 2611 3051 Basilium
2673 2993 2951 3062 prarfuisse
3006 2990 3074 3061 (ί)
3111 2998 3235 3043 octo
3274 3002 3445 3041 annos

1878 3089 2131 3144 Ecclesiae
2160 3087 2475 3141 Caesariensi
2540 3098 2593 3139 et
2630 3088 2700 3155 (g)
2755 3101 2951 3139 nonum
3002 3082 3284 3150 incepisse.
3325 3077 3446 3133 Non

1880 3183 2057 3234 minus
2121 3193 2329 3234 certum
2386 3189 2439 3232 et
2496 3178 2832 3246 exploratum
2889 3184 2970 3229 est
3024 3173 3163 3243 quod
3214 3180 3446 3226 testatur

192 3270 476 3340 impositus
517 3274 731 3339 fuisset,
776 3293 839 3331 ex
882 3278 1066 3334 labore
1110 3282 1253 3337 vires
1292 3285 1493 3350 traxit;
1532 3296 1587 3340 et
1642 3302 1761 3340 cum

1877 3275 2165 3344 Gregorius
2222 3272 2496 3343 Nyssenus
2550 3270 2647 3339 (It),
2693 3285 2882 3324 novem
2939 3280 3031 3321 aut
3086 3267 3270 3321 decem
3326 3275 3447 3335 post

195 3378 300 3414 rem
339 3365 559 3434 egregie
618 3367 1074 3435 administrasset,
1110 3387 1171 3426 ac
1222 3373 1556 3440 dimicasset,
1614 3376 1766 3432 Basi-

194 3454 437 3524 liumque
497 3456 551 3509 in
617 3457 812 3513 throno
845 3460 1181 3527 collocasset,
1238 3463 1427 3521 firmus
1477 3483 1539 3520 ac
1582 3470 1768 3525 valens

193 3543 409 3599 domum
450 3547 631 3609 rediit,
662 3548 847 3603 oculos
892 3564 1106 3607 erectos
1155 3553 1362 3610 habens
1416 3573 1445 3610 a
1512 3574 1764 3614 manuum

201 3636 546 3703 impositione
593 3647 649 3692 et
696 3640 967 3706 unctione,
1004 3654 1167 3715 atque
1192 3646 1351 3701 etiam
1397 3649 1463 3703 ab
1500 3650 1642 3705 illius
1673 3653 1765 3721 qui

194 3726 495 3792 angebatur
524 3730 701 3799 capite
735 3734 1039 3790 roboratus.

239 3808 341 3871 'lll.
387 3819 701 3875 lnvidorum
761 3822 944 3878 Basilii
995 3827 1189 3881 mirum
1245 3829 1297 3883 in
1350 3830 1565 3885 modum
1617 3830 1768 3887 furor

192 3912 416 3975 exarsit,
453 3912 544 3964 ubi
580 3923 808 3969 conatus
839 3931 964 3970 suos
1021 3919 1071 3970 in
1129 3929 1346 3973 ventum
1383 3921 1581 3978 effusos
1625 3925 1767 3979 vide-

193 4009 311 4054 runt
344 4017 357 4051 :
397 4000 704 4072 plagarum,
734 4020 867 4074 quas
912 4008 1015 4063 sibi
1059 4010 1161 4064 bac
1202 4010 1467 4068 electione
1508 4015 1764 4070 videban-

194 4101 275 4144 tur
302 4094 611 4163 accepisse,
643 4098 991 4166 ignominiam
1016 4100 1157 4157 ferre
1182 4119 1285 4157 non
1316 4114 1625 4173 potuerunt.
1658 4108 1761 4161 lta-

194 4198 288 4250 q-ie
337 4200 447 4239 non
482 4185 658 4240 solum
691 4190 950 4244 conviciis
1001 4195 1318 4261 Gregorium
1353 4199 1660 4266 episcopum
1700 4212 1753 4254 et

194 4279 493 4334 maledictis
522 4294 855 4335 vexaverunt
876 4323 889 4345 ,
926 4283 1019 4336 sed
1052 4285 1213 4338 etiam
1244 4288 1569 4343 ordinationi
1604 4292 1768 4345 inter-

193 4382 325 4429 esse,
370 4380 583 4423 etcum
629 4368 826 4424 Basilio
872 4374 1277 4429 communicare
1328 4378 1635 4432 noluerunt.
1695 4380 1767 4435 De

194 4458 346 4513 laetis
390 4460 535 4527 patri
581 4462 841 4515 conviciis
888 4478 991 4514 non
1032 4466 1468 4535 sileturegorius
1498 4468 1595 4540 (ά),
1640 4472 1768 4525 alte-

1880 3366 2063 3420 Basilii
2092 3375 2315 3419 mortem
2351 3364 2646 3427 mensibus,
2694 3362 2984 3415 concilium
3014 3359 3317 3413 Antiochiae
3351 3358 3448 3410 ha-

1870 3461 2040 3513 bitum
2090 3459 2275 3519 l‘uisse,
2316 3459 2504 3509 sedata
2551 3453 2947 3521 persecutione.
2980 3449 3157 3518 Quare
3188 3465 3309 3503 curn
3343 3447 3446 3503 Ba-

1876 3554 2032 3606 silius
2078 3550 2272 3603 obierit
2311 3547 2563 3601 Calendis
2593 3543 2857 3608 Januarii,
2904 3544 2953 3597 id
2987 3542 3131 3612 quod
3165 3557 3193 3594 a
3232 3540 3446 3593 nemine

1878 3650 2121 3709 negatur,
2154 3653 2214 3688 ac
2243 3636 2467 3704 proinle
2487 3636 2586 3689 hoc
2614 3634 2926 3696 concilium,
2963 3631 3105 3699 quod
3131 3645 3320 3684 novem
3350 3637 3446 3681 aut

1874 3731 2055 3783 «li-cem
2083 3729 2358 3781 mensibus
2390 3740 2507 3795 post
2530 3729 2648 3795 ejus
2681 3736 2907 3779 mortem
2935 3724 3174 3777 habitum
3204 3732 3306 3786 est,
3337 3738 3444 3776 non

1874 3825 2110 3893 potuerit
2160 3824 2260 3877 nisi
2314 3821 2613 3891 Septembri
2667 3829 2758 3873 ant
2808 3816 3027 3872 Octobri
3085 3814 3443 3871 mense-cele-

1872 3917 2048 3977 brari;
2092 3926 2149 3970 ut
2181 3916 2247 3971 de
2280 3915 2532 3978 concilio,
2580 3914 2653 3967 ita
2692 3913 2756 3967 de
2798 3910 2980 3965 Basilii
3016 3908 3364 3964 ordinatione
3388 3915 3445 3961 et

1872 4019 2042 4062 morte
2072 4016 2389 4062 statuemus.
2414 4006 2471 4059 Si
2496 4005 2782 4061 concilium
2820 4004 3121 4056 referamus
3146 4001 3209 4056 ad
3239 4015 3440 4054 annum

1877 4101 2003 4167 578,
2034 4102 2192 4170 paulo
2231 4108 2348 4167 post
2381 4107 2610 4152 mortem
2642 4094 2885 4149 Valentis
2915 4096 3004 4164 qui
3044 4095 3129 4149 die
3156 4094 3188 4149 9
3215 4090 3443 4163 Augusti

1871 4194 2069 4262 periit;
2105 4208 2251 4245 mors
2282 4190 2467 4245 Basilii
2508 4190 2571 4243 ad
2604 4190 2727 4242 anni
2761 4187 2868 4243 578
2895 4188 3131 4253 initium,
3167 4185 3443 4241 ordinatio

1875 4287 1941 4340 ad
1983 4301 2183 4339 annum
2236 4283 2342 4339 569
2377 4281 2680 4337 referenda.
2740 4280 2796 4335 Si
2839 4280 3128 4335 concilium
3168 4276 3447 4332 differatur

1876 4381 1942 4434 ad
1978 4395 2176 4433 annum
2206 4378 2331 4442 579,
2367 4377 2632 4430 ordinatio
2686 4386 2739 4430 ct
2788 4389 2937 4427 mors
2991 4370 3175 4425 Basilii
3237 4369 3441 4439 pariter

1874 4487 1981 4526 uno
2012 4487 2153 4525 anno
2181 4470 2353 4525 serius
2381 4469 2728 4523 collocandae.
2761 4466 2911 4531 Quod
2937 4472 3140 4532 spectat
3161 4464 3226 4515 ad
3261 4460 3445 4515 conci-

195 4567 305 4604 rum
340 4562 527 4605 autem
559 4551 769 4607 facinus
802 4558 1181 4622 praetermittit.
1222 4558 1325 4615 Sed
1354 4562 1476 4615 illud
1524 4579 1627 4616 non
1664 4566 1761 4619 ob—
1797 4594 1841 4649 ι)
1877 4565 2041 4629 lium,
2089 4578 2304 4632 egregie
2356 4564 2547 4631 probat
2592 4560 2967 4614 Tillemontius
3011 4558 3291 4627 episcopos
3341 4553 3443 4608 M6

193 4659 341 4699 scure
365 4645 727 4714 perspicimus
765 4663 829 4701 ex
864 4664 949 4717 ep.
979 4647 1047 4701 48
1088 4651 1153 4703 ad
1188 4649 1473 4707 Eusebium
1512 4653 1764 4710 Samosa-

198 4748 372 4792 tenum
409 4738 499 4791 ubi
554 4736 785 4791 Basilius
811 4740 889 4795 sic
919 4740 1150 4811 loquitur
1183 4762 1195 4795 :
1231 4743 1417 4799 Nostri
1458 4759 1629 4801 autem
1677 4766 1761 4816 spe

194 4839 237 4879 et
265 4832 664 4897 exspectatione
712 4849 811 4885 non
859 4835 1101 4887 exstitere
1149 4837 1406 4892 meliores.
1452 4840 1613 4905 Nam,
1646 4859 1763 4895 cum

194 4923 366 4973 statim
399 4931 516 4989 post
555 4939 815 4991 egressum
847 4934 991 4978 tuum
1038 4930 1386 4996 advenissent,
1432 4933 1599 4985 multa
1650 4935 1765 5001 qui-

195 5012 303 5061 dem
359 5012 539 5062 tristia
583 5012 777 5076 dizere,
828 5014 991 5067 multa
1032 5018 1187 5070 etiam
1234 5019 1422 5088 fecere,
1462 5039 1521 5075 ac
1553 5024 1764 5076 tandem

195 5102 569 5165 discesserunt,
605 5104 815 5166 ﬁrmato
858 5109 1004 5162 nobis
1037 5112 1335 5165 schismate.
1372 5111 1449 5166 Ex
1477 5112 1766 5183 postremis

198 5196 493 5249 testimonii
524 5196 704 5251 verbis
743 5199 1045 5269 colligimus
1076 5202 1376 5272 episcopos,
1421 5206 1547 5259 dum
1588 5206 1765 5260 (Stesa-

196 5300 341 5339 ream
387 5296 513 5355 post
543 5302 819 5355 egresmm
849 5290 1065 5347 Eusebii
1095 5295 1335 5358 veniunt,
1366 5297 1587 5351 minime
1622 5314 1767 5351 com-

197 5381 507 5434 municasse
549 5395 671 5434 cum
701 5379 936 5450 Basilio;
977 5394 1211 5440 uectum
1256 5390 1488 5457 primum
1533 5382 1765 5444 schisma

266 5562 343 5627 (a)
375 5558 508 5613 Νη.
538 5576 623 5614 or.
651 5560 742 5615 20.

284 5636 334 5695 θ)
366 5630 498 5682 Νη.
532 5646 617 5684 οι·.
646 5631 732 5694 l9,
759 5631 849 5685 20.

283 5708 330 5769 ε)
360 5698 495 5754 Naz.
533 5716 624 5764 ep.
652 5704 742 5756 29.

261 5775 338 5844 (Δ)
365 5772 459 5825 0r.
494 5771 582 5825 19.

264 5840 333 5915 (e)
374 5844 451 5895 Ad
483 5859 572 5897 au.
606 5840 732 5897 570.

1873 4659 2119 4729 (totidem
2162 4656 2304 4709 enim
2366 4655 2489 4709 huic
2540 4654 2775 4709 concilio
2832 4652 3140 4705 interfuisse
3191 4657 3335 4717 patet
3373 4663 3443 4702 ex

1873 4748 2193 4803 collectione
2234 4745 2519 4815 Holstenii)
2552 4761 2656 4799 non
2686 4745 2921 4811 potuisse
2957 4743 3092 4793 intra
3124 4742 3257 4795 duos
3292 4753 3443 4793 men-

1874 4854 1963 4893 ses
2015 4853 2088 4892 ex
2138 4838 2301 4890 variis
2349 4837 2557 4891 exsiliis
2592 4834 2937 4887 Antiochiam
2971 4829 3284 4893 convenire,
3315 4843 3441 4881 cum

1881 4933 2183 5005 prmsertim
2216 4948 2422 4986 summa
2450 4939 2596 4984 esset
2625 4944 2804 4982 rerum
2841 4928 2891 4980 in
2945 4927 3186 4989 Oriente,
3236 4922 3442 4977 tristis-

1878 5027 2011 5079 siina
2029 5027 2183 5079 clade
2209 5034 2452 5091 accepta,
2480 5023 2831 5090 perturbatio.
2868 5019 3132 5074 Praeterea
3165 5020 3215 5071 in
3250 5017 3440 5070 eadem

1875 5117 2191 5172 collectione
2241 5118 2305 5186 (ἱ)
2360 5113 2620 5168 habemus
2676 5114 2962 5167 nonnullas
3012 5109 3441 5177 subscriptiones

1877 5210 2281 5278 episcoporum,
2341 5208 2483 5260 inter
2540 5220 2675 5274 quas
2734 5206 2929 5275 legitur
2980 5217 3175 5256 nomen
3232 5199 3437 5269 Eulogii

1878 5300 2157 5355 Edesseni.
2197 5302 2266 5351 At
2313 5299 2356 5353 is
2388 5300 2559 5352 adhuc
2586 5298 2868 5366 presbyter
2894 5296 3181 5348 Antinoum
3234 5293 3411 5362 relega

1888 5400 1971 5443 tus
2002 5388 2101 5443 sub
2142 5385 2382 5453 Valente,
2416 5388 2579 5442 rediit
2602 5387 2858 5443 Edessam
2894 5399 3023 5455 pate
3050 5384 3277 5447 reddita,
3304 5392 3441 5439 testc

1936 5568 2017 5636 (f)
2044 5566 2173 5620 Naz.
2205 5581 2373 5621 carm.
2399 5567 2485 5621 65.

1939 5644 2011 5707 (9)
2051 5637 2203 5707 Nyss.
2251 5637 2348 5692 Vit.
2378 5636 2548 5692 Macr.

1940 5712 2014 5779 in)
2050 5708 2185 5779 lbid.

1940 5790 2001 5849 it)
2034 5778 2181 5832 Tom.
2216 5780 2253 5843 Ι,
2292 5795 2408 5849 pug.
2442 5780 2553 5833 ιῖϐ.
