4094 6308
672 363 798 409 ινιιι

1997 352 2522 409 PBOLEGOMENA.

674 467 1012 523 Theodoroto
1040 469 1143 539 (α),
1170 478 1223 525 et
1244 468 1409 524 Barse
1434 478 1648 524 mortuo
1675 470 1969 527 Ecclesiam
2003 470 2229 527 Edesse-
2261 473 2308 529 Α
2339 467 2612 534 interfuit;
2656 484 2776 524 natn
2824 468 3113 541 Gregorius
3146 471 3514 528 Nazianzenus
3550 474 3614 546 (ί)
3648 473 3883 527 morbum

676 574 797 613 nam
832 562 1087 630 suscepit,
1140 578 1205 617 ac
1244 563 1523 617 ordinatus
1553 579 1580 616 a
1610 564 1666 618 S.
1711 563 1937 620 Eusebio
1974 562 2225 619 Samosa-

676 650 807 702 tensi
856 649 1020 705 fuisse
1060 650 1352 706 ferebatur.
1402 652 1495 707 His
1528 654 1660 707 adde
1687 655 1913 708 reditum
1956 654 2229 710 confesso-

674 748 849 786 ruma
887 735 1159 805 plerisque
1204 739 1478 795 historicis
1528 741 1786 797 Gratiano
1830 754 2106 811 acceptum
2142 761 2227 799 re-

675 820 824 876 ferri.
853 824 1198 881 Bevoeatosa
1238 826 1455 883 Valente
1489 830 1677 883 dicunt
1701 831 1925 884 Rufinus
1954 840 2007 883 et
2043 829 2229 884 lliero-

674 928 885 982 uymns.
918 915 1046 983 Sed,
1078 920 1120 971 si
1151 918 1202 971 id
1236 922 1499 974 concessit
1533 920 1748 988 Valens,
1781 920 2061 990 perpaucis
2104 932 2229 977 ante

675 1016 902 1059 mortem
930 1010 1205 1063 mensibus
1242 1012 1531 1077 concessit,
1569 1028 1665 1067 nec
1688 1013 1907 1082 proimle
1940 1013 2071 1066 satis
2106 1030 2229 1083 spa—

675 1094 729 1147 tii
758 1096 879 1161 fuit,
909 1110 964 1151 ut
984 1099 1267 1152 concilium
1298 1115 1362 1154 ex
1396 1110 1473 1153 tot
1504 1101 1637 1157 locis
1668 1118 1771 1155 uno
1800 1110 1890 1154 attt
1917 1102 2085 1158 altero
2112 1116 2230 1175 post

672 1199 839 1252 Ipsms
866 1196 1090 1241 mortem
1127 1204 1304 1243 mense
1334 1201 1634 1259 cogeretur.

744 1278 800 1331 2°
833 1278 1007 1332 Multa:
1036 1294 1123 1333 res
1164 1290 1327 1349 gesta:
1362 1282 1566 1346 Basilii,
1604 1293 1828 1352 quarum
1858 1286 2052 1340 seriem
2079 1287 2227 1340 dein-

673 1386 797 1435 ceps
850 1378 1136 1437 texetnns,
1192 1373 1435 1443 inprimis
1488 1375 1790 1443 persecutio
1823 1416 1837 1439 ,
1890 1392 2048 1446 quam
2089 1392 2225 1429 anno

671 1463 766 1515 57l
809 1465 990 1517 et57z’.
1017 1468 1297 1534 sustinuit,
1348 1470 1722 1525 necessitatem
1756 1471 1985 1525 afferunt
2012 1471 2227 1525 ordinao

670 1555 830 1610 tionis
857 1558 907 1610 in
932 1573 1128 1611 annum
1162 1559 1264 1611 570
1286 1558 1641 1618 conferenda'.
1668 1562 1907 1616 Nondum
1932 1563 2069 1615 enim
2097 1565 2227 1615 duos

671 1647 1013 1714 episcopatus
1041 1663 1211 1701 annos
1240 1661 1549 1706 emeruerat
1592 1653 1847 1715 Basilius,
1881 1669 1999 1705 etnn
2029 1652 2225 1707 Valens

670 1737 970 1790 Cmsaream
996 1740 1161 1794 venit.
1198 1739 1329 1794 Nam
1383 1743 1647 1812 insumpta
1693 1745 2032 1813 episcopatus
2073 1745 2223 1798 initia

671 1829 722 1880 in
766 1831 1146 1902 recolligendis
1198 1838 1576 1911 episcoporum
1604 1836 1955 1904 Cappadocia:
1991 1838 2224 1894 animis:
2262 1832 2300 1885 Β

672 1921 811 1988 quod
840 1922 930 1975 ubi
954 1939 1015 1977 ex
1045 1925 1305 1978 sententia
1340 1924 1596 1988 confecit,
1633 1928 1811 1981 statim
1838 1942 2123 1995 aggressus
2149 1935 2231 1982 est

672 2010 738 2062 ad
767 2011 1191 2076 pacificationem
1232 2014 1617 2080 Ecclesiarum,
1667 2028 1719 2070 et
1757 2026 1864 2070 tum
1895 2034 2017 2071 cum
2051 2021 2229 2071 mitte-

671 2107 752 2151 ret
791 2098 1117 2156 Dorotheum
1151 2104 1201 2156 in
1238 2104 1610 2171 Occidentem,
1638 2110 2032 2176 persecutionis
2059 2120 2231 2165 terror

668 2189 1028 2244 denuntiatae.

738 2280 849 2335 Nec
903 2285 1018 2339 leve
1075 2300 1454 2357 argumentum
1512 2289 1857 2344 Tillemontio
1920 2289 2230 2359 suppeditat

668 2372 944 2427 ordinatio
984 2377 1282 2445 Demophili
1311 2378 1913 2445 Constantinopolitani,
1938 2393 2096 2445 quam
2127 2377 2228 2430 Ba-

668 2466 817 2519 silius
864 2468 914 2519 in
959 2470 1183 2536 epistola
1236 2470 1310 2538 (ὁ)
1364 2470 1548 2538 paucis
1596 2470 1867 2523 mensibus
1924 2480 2044 2537 post
2075 2483 2228 2522 suam

668 2558 837 2626 ipsius
863 2560 1255 2614 ordinationem
1283 2563 1481 2631 scripta
1512 2562 1721 2615 nuntiat
1754 2561 2007 2625 Eusebio,
2045 2562 2091 2615 si
2127 2561 2229 2615 mi-

670 2668 769 2707 nus
801 2662 856 2707 ut
885 2657 1337 2723 recentissimam,
1363 2657 1580 2721 saltem,
1614 2667 1671 2710 ut
1697 2658 1932 2709 nondum
1963 2656 2229 2726 cognitam

671 2746 721 2797 in
774 2745 1135 2815 Cappadocia,
1178 2764 1297 2801 cum
1363 2749 1630 2804 Eusebius
1668 2750 1718 2801 in
1776 2750 1987 2819 Syriam
2053 2750 2230 2803 rediit.

668 2836 845 2902 Quare
878 2839 1160 2906 utriusque
1186 2841 1570 2902 ordinationis,
1618 2840 1801 2892 Basilii
1836 2850 1888 2892 et
1914 2840 2228 2906 Demopltili,

672 2928 810 2981 idem
860 2928 970 2983 fere
1006 2938 1213 2998 tempus
1242 2930 1458 2983 videtur
1499 2929 1684 2984 fuisse.
1726 2928 1893 2983 Porro
1933 2929 2230 2997 Detnopbili

670 3019 1066 3072 ordinationem
1105 3020 1378 3089 pertinere
1425 3021 1488 3072 ad
1522 3037 1719 3073 annum
1744 3020 1871 3083 διο,
1909 3021 2030 3073 inde
2065 3029 2229 3086 patet,

668 3110 809 3175 quod
848 3108 1122 3164 Eudoxius
1168 3112 1284 3179 ejus
1337 3113 1588 3166 decessor
1620 3110 1712 3181 (ε),
1762 3112 1851 3180 qui
1884 3112 2021 3165 hanc
2050 3111 2229 3165 sedem

672 3199 942 3251 invaserat
961 3213 1100 3251 anno
1120 3201 1241 3261 560,
1270 3202 1515 3253 undecim
1539 3202 1692 3254 anuis
1724 3202 2049 3269 impietatem
2076 3217 2225 3255 suam

675 3289 943 3354 exercuit,
995 3303 1055 3341 ac
1091 3286 1467 3341 Valentiniano
1519 3291 1734 3341 tertium
1767 3298 1819 3343 et
1864 3290 2089 3346 Valente
2125 3300 2231 3344 ter-

671 3380 801 3433 tium
837 3363 1320 3434 consulibus'obiit.

742 3470 837 3525 llis
870 3475 1138 3525 rationum
1176 3473 1461 3526 momentis
1501 3472 1753 3524 nonnulla
1814 3472 1913 3524 alia
1946 3472 2091 3525 addit
2119 3472 2231 3525 Til-

673 3565 979 3619 lentotttius.
1019 3565 1216 3619 Narrat
1245 3564 1608 3635 Hieronymus
1663 3565 1713 3616 in
1746 3563 1883 3617 libro
1915 3564 1987 3616 De
2015 3564 2236 3631 scripto-

672 3658 813 3707 ribus
844 3656 1209 3707 ecclesiasticis
1243 3655 1495 3705 Basiliam
1529 3654 1727 3708 obiisse
1766 3657 1867 3708 sub
1920 3654 2180 3708 Gratiano
2221 3672 2232 3707 :

672 3747 814 3815 quod
853 3746 1067 3813 quidem
1102 3745 1322 3811 intelligi
1360 3761 1461 3796 non
1498 3756 1695 3812 potest,
1724 3746 1823 3797 nisi
1862 3747 1925 3799 de
1957 3747 2237 3814 interjecto

674 3836 815 3889 inter
885 3834 1123 3889 Valentis
1179 3847 1405 3889 mortem
1460 3846 1513 3887 et
1576 3834 1862 3889 Theodosii
1922 3838 2234 3891 electionem

674 3935 930 3993 tempore.

747 4018 913 4087 Objici
963 4028 1147 4089 posset
1194 4019 1335 4088 quod
1380 4018 1454 4073 ait
1493 4019 1543 4071 in
1576 4018 1762 4074 eodem
1810 4018 1943 4073 libro
1979 4017 2237 4089 llierony-

677 4128 794 4165 mus
829 4124 1073 4165 sanctum
1119 4113 1346 4178 Ephrem
1386 4113 1486 4166 sub
1534 4112 1754 4166 Valente
1796 4122 2063 4166 mortuum
2096 4128 2233 4167 esse.

676 4204 827 4267 Nam,
859 4218 980 4256 eum
1005 4211 1180 4256 erstet
1226 4203 1399 4256 sancti
1429 4203 1662 4270 Ephrem
1689 4204 1864 4257 oratio
1890 4206 1954 4257 de
1998 4204 2241 4258 laudibus

677 4295 883 4360 Basilii,
910 4296 1077 4365 ipsius
1104 4298 1265 4349 etiam
1296 4294 1482 4348 Basilii
1541 4310 1683 4348 mors
1723 4296 1826 4348 sub
1860 4294 2047 4349 eodem
2079 4296 2242 4363 impc-

680 4399 855 4443 ratore
890 4404 952 4441 ac
988 4390 1211 4456 proinde
1251 4391 1318 4441 ad
1359 4388 1568 4442 initium
1618 4387 1740 4439 anni
1778 4386 1879 4439 378
1918 4398 2061 4439 esset
2103 4389 2239 4440 refe-

2339 574 2492 613 snum
2547 571 2788 626 excusat,
2840 577 2935 615 cur
2984 579 3082 617 una
3121 580 3240 619 cum
3299 578 3362 617 eo
3396 565 3536 632 justa
3586 566 3886 637 persolvere

2343 652 2538 705 Basilio
2592 667 2695 707 non
2752 655 2937 725 possit.
2988 653 3183 709 Sedata
3238 669 3366 727 ergo
3397 666 3515 708 erat
3566 658 3885 725 persecutio,

2342 747 2539 814 alioqui
2576 762 2678 800 non
2714 764 2872 803 ausus
2895 757 3040 802 esset
3068 748 3360 819 Gregorius
3384 746 3656 818 Nyssenus
3688 763 3887 816 magna

2342 840 2543 894 civitati
2576 840 2776 893 vultum
2802 855 2956 896 suum
2986 840 3305 907 ostendere;
3339 858 3402 896 ac
3431 839 3652 911 proinde
3682 842 3887 896 Valenti

2334 930 2593 998 superfuit
2614 930 2861 987 Basilius.

2415 1023 2587 1077 Sumit
2616 1023 2774 1076 etiam
2804 1021 3186 1077 Tilletnontius
3233 1022 3530 1093 argumenti
3578 1022 3719 1082 loco,
3753 1023 3887 1086 quod

2335 1112 2409 1165 ait
2461 1112 2748 1183 Gregorius
2788 1111 2861 1181 (g)
2923 1129 2981 1167 se
3024 1112 3537 1177 Constantinopolim
3590 1108 3887 1181 profectum

2337 1218 2474 1269 esse,
2502 1221 2605 1257 non
2630 1215 2815 1271 praeter
2853 1203 3005 1269 fortis
3032 1205 3170 1256 illius
3204 1202 3432 1254 veritatis
3464 1201 3885 1271 propugnatoris,

2332 1296 2519 1363 quique
2550 1296 2678 1346 nihil
2736 1310 2959 1362 unquam
3014 1295 3158 1347 aliud
3199 1293 3297 1346 nisi
3336 1294 3476 1361 piant
3507 1303 3555 1345 et
3601 1294 3887 1346 salutarem

2335 1389 2448 1440 orbi
2471 1389 2709 1440 universo
2735 1388 3027 1439 doctrinam
3060 1388 3296 1456 spiravit,
3345 1385 3655 1439 uoluntatem
3701 1384 3887 1438 animi}.

2333 1496 2430 1548 que
2475 1481 2806 1533 sententiam.
2837 1478 3090 1543 Quamvis
3140 1481 3243 1533 huc
3290 1481 3510 1532 accedat
3542 1475 3886 1544 Theophanis

2332 1570 2662 1632 auctoritas,
2698 1585 2888 1622 vereor
2924 1576 3099 1621 tamen
3130 1570 3338 1621 ntsatis
3376 1570 3583 1621 firmum
3622 1567 3694 1619 sit
3729 1582 3888 1634 arguo

2334 1673 2603 1728 mentum,
2625 1666 2849 1732 quodex
2881 1660 3121 1729 Gregorii
3156 1660 3333 1713 verbis
3356 1660 3567 1713 deducit
3594 1658 3886 1712 Tilletnon-

2336 1756 2459 1808 tius.
2508 1752 2628 1805 Non
2660 1755 2799 1805 enim
2837 1766 2894 1805 se
2926 1750 3102 1803 Basilii
3134 1748 3354 1801 consilio
3390 1750 3486 1802 hac
3524 1750 3574 1802 in
3629 1763 3685 1801 re
3738 1761 3889 1799 usum

2333 1860 2449 1901 esse
2500 1844 2629 1897 dicit
2684 1843 3017 1909 Gregorius,
3070 1841 3162 1894 sed
3211 1841 3573 1909 conjecturam
3634 1839 3761 1892 facit
3826 1851 3887 1890 ex

2333 1954 2542 1991 summo
2575 1936 2719 1990 illius
2746 1936 3024 1989 Catholicte
3060 1935 3315 1987 doctrina:
3339 1948 3541 1992 amore,
3579 1949 3675 1985 cur
3705 1935 3751 1986 ei
3789 1945 3891 1984 nou

2332 2030 2705 2096 displicuerint
2747 2030 2980 2094 suscepti
3034 2026 3097 2078 ad
3137 2026 3464 2079 liberandam
3506 2022 3890 2077 Constantino-

2332 2122 2493 2187 polim
2530 2121 2760 2173 labores.

2402 2209 2662 2277 Opinatns
2687 2220 2767 2263 est
2792 2208 3050 2262 Baronins
3085 2206 3340 2260 Basiliam
3371 2206 3456 2259 die
3486 2206 3549 2257 lii
3573 2204 3714 2258 Junii
3743 2206 3893 2259 ordi-

2335 2312 2517 2354 natum
2565 2301 2750 2365 fuisse,
2792 2309 2847 2357 et
2896 2317 3015 2356 cum
3066 2301 3204 2354 inter
3245 2299 3387 2354 illius
3414 2299 3814 2352 ordinationem
3842 2307 3895 2351 et

2332 2392 2546 2448 Eusebii
2589 2393 2892 2447 decessoris
2944 2404 3172 2448 mortem
3219 2393 3419 2463 aliquid
3454 2388 3719 2446 etﬂuxerit
3757 2399 3891 2443 tem~

2334 2486 2500 2555 poris,
2538 2495 2764 2539 mortem
2799 2485 3011 2539 Eusebii
3044 2486 3217 2553 rejieit
3258 2487 3307 2539 in
3354 2501 3548 2537 annum
3581 2482 3894 2552 prmceden-

2334 2588 2460 2633 tem.
2487 2579 2614 2641 Sed,
2645 2579 2687 2631 si
2718 2578 2937 2631 obiisset
2965 2578 3229 2631 Eusebius
3260 2592 3398 2629 anno
3436 2576 3780 2643 praecedenti,
3809 2575 3891 2623 vix

2334 2671 2507 2723 serius
2563 2670 2864 2738 Septembri
2942 2670 3199 2731 obiisset;
3268 2669 3533 2734 siquidem
3600 2665 3895 2733 Gregorius

2333 2759 2705 2814 Nazianzenus
2735 2761 3019 2815 Eusebium
3071 2760 3510 2812 Samosatensem
3546 2757 3784 2809 inritans
3832 2756 3893 2804 ad

2332 2850 2672 2913 eleCtionetn,
2710 2853 2955 2906 hortatur
3010 2861 3069 2905 ut
3122 2850 3313 2905 hiemis
3363 2848 3697 2902 incommoda
3742 2858 3897 2899 antc-

2339 2950 2534 2993 vertat.
2592 2941 2661 2994 At
2721 2944 2941 2995 nimium
3008 2953 3150 2997 esset
3215 2940 3553 2995 intervallum
3626 2954 3654 2992 a
3712 2954 3897 2992 mense

2337 3030 2638 3099 Septembri
2668 3048 2835 3100 usque
2877 3034 2940 3086 ad
2972 3035 3107 3086 diem
3144 3034 3206 3085 li
3248 3032 3411 3085 Junii.
3456 3031 3652 3085 Eadem
3689 3031 3897 3081 ratione

2338 3122 2598 3189 probatur
2652 3122 3044 3175 ordinationem
3096 3122 3182 3175 die
3243 3122 3303 3175 t4
3350 3122 3492 3176 Junii
3533 3123 3727 3173 factam
3793 3135 3894 3170 non

2336 3210 2521 3264 fuisse.
2558 3212 2833 3278 Quomodo
2876 3212 3018 3263 enim
3056 3228 3160 3265 uno
3191 3213 3378 3265 saltem
3416 3225 3597 3265 mense
3629 3219 3754 3261 ante
3797 3209 3897 3261 hoc

2338 3312 2549 3369 tempus
2602 3304 2792 3357 hiemis
2845 3304 3181 3357 incommoda
3232 3304 3508 3357 metuisset
3556 3296 3899 3367 Gregorius?

2336 3396 2594 3457 Quamvis
2624 3408 2800 3447 autem
2837 3396 2890 3448 in
2930 3396 3324 3465 Martyrologiis
3360 3393 3585 3445 Usuardi
3619 3401 3673 3443 et
3697 3391 3899 3445 Adonis

2336 3485 2455 3537 dies
2490 3486 2661 3538 festus
2690 3486 2875 3540 Basilii
2909 3490 2972 3541 ad
3005 3487 3145 3541 Junii
3179 3487 3445 3539 decimum
3476 3494 3722 3553 quartum
3759 3485 3899 3538 diem

2338 3587 2603 3641 ponatur;
2635 3590 2740 3628 non
2774 3585 2953 3629 tamen
2985 3593 3105 3628 eum
3127 3577 3234 3629 duo
3266 3576 3337 3628 illi
3366 3578 3655 3645 scriptores
3688 3575 3791 3628 hac
3818 3575 3903 3627 die

2337 3664 2642 3717 ordinatum
2694 3665 2900 3729 dicunt,
2938 3666 3197 3734 longeque
3248 3666 3576 3732 probabilius
3621 3674 3705 3716 est
3763 3665 3903 3716 hunc

2340 3758 2477 3810 diem
2530 3756 2746 3820 festum,
2799 3757 2887 3825 qui
2924 3755 3175 3811 Calendis
3219 3755 3456 3808 Januarii
3500 3755 3766 3809 celebrari
3800 3770 3900 3807 non

2341 3858 2571 3915 poterat,
2593 3850 2797 3902 idcirco
2824 3850 2873 3902 in
2928 3848 3142 3902 Juniutn
3175 3865 3406 3902 mensem
3436 3848 3690 3916 reiectum
3718 3846 3901 3900 fuisse.

2343 3939 2525 4003 Quare
2570 3941 2738 3995 multo
2790 3942 3126 3995 commodius
3157 3942 3442 3994 Eusebium
3481 3941 3624 3993 circa
3660 3954 3901 3992 mensem

2341 4030 2553 4086 .luninm
2618 4034 2821 4086 obiisse
2879 4034 3152 4085 existimat
3191 4033 3583 4095 Tillemonlius,
3639 4031 3897 4085 Basiliam

2341 4133 2517 4175 autem
2578 4137 2762 4175 mense
2814 4121 3119 4189 Septembri
3153 4123 3457 4175 ordinatum
3497 4123 3680 4176 fuisse.
3731 4126 3905 4188 Atque

2348 4214 2486 4268 haud
2522 4214 2631 4266 scio
2667 4228 2732 4266 an
2765 4214 2926 4265 etiam
2954 4214 3129 4281 aptius
3149 4211 3427 4265 diﬂ‘eratnr
3458 4228 3625 4280 usque
3659 4214 3726 4268 ad
3758 4229 3907 4267 men-

2344 4322 2455 4361 sem
2525 4306 2808 4361 Octobrem
2874 4306 3166 4364 ordinatio.
3217 4306 3281 4357 ad
3319 4320 3475 4370 quant
3523 4306 3762 4358 inritans
3799 4305 3905 4358 Eu-

2347 4398 2552 4450 sebium
2598 4396 2890 4465 Gregorius
2955 4394 3265 4454 metuebat,
3314 4411 3379 4448 ne
3430 4396 3505 4447 illi
3562 4394 3904 4457 incommoda

678 4482 863 4534 renda.
900 4480 1003 4533 Sed
1035 4482 1085 4533 in
1123 4482 1224 4534 hac
1249 4482 1493 4533 oralioue
1536 4488 1678 4530 lania
1712 4486 1795 4531 εει
1828 4476 1886 4529 S-
1918 4477 2145 4544 Ephrem
2176 4479 2239 4530 de
2274 4506 2318 4559 υ
2346 4489 2536 4542 hiemis
2568 4488 3055 4551 subeundaesscut,
3090 4487 3188 4539 nisi
3221 4496 3427 4541 mature
3452 4488 3905 4555 proficisceretur.

678 4574 905 4627 Valente
932 4574 1181 4642 loquendi
1220 4573 1464 4634 libertas,
1515 4582 1571 4622 ut
1603 4586 1725 4622 eum
1755 4569 1879 4622 huic
1911 4569 2239 4636 superfuisse

680 4665 991 4733 imperatori
1028 4667 1218 4720 merito
1250 4667 1521 4720 exiStiutet
1555 4664 1953 4717 Tillemontius.
1987 4661 2241 4716 Testatur

682 4759 1051 4813 Theodoretus
1111 4758 1191 4830 (ἀ)
1234 4758 1566 4811 Arintlneum
1627 4753 1935 4809 interfuisse
1989 4755 2072 4807 his
2122 4770 2240 4822 qua:

681 4851 1247 4920 Trajanusliberrime
1283 4850 1414 4903 dixit
1447 4847 1675 4910 Valenti,
1713 4863 1834 4900 cum
1886 4848 1929 4898 is
1974 4846 2239 4901 Constan-

680 4943 899 5012 tinopoli
956 4953 1266 4995 versaretur
1314 4956 1453 4992 anno
1482 4941 1605 4993 37a.
1643 4939 1791 4992 Tunc
1820 4954 1947 5006 ergo
2002 4944 2233 4993 nondum

681 5034 888 5086 obicrat
935 5031 1164 5085 Basilius
1214 5029 1304 5101 (ε),
1355 5033 1444 5099 qui
1480 5033 1674 5084 mortui
1705 5033 1963 5086 Aritttltwi
2020 5049 2236 5087 uxorem

680 5124 875 5178 litteris
903 5125 1013 5178 suis
1047 5124 1355 5177 consolatus
1390 5133 1489 5176 est.

754 5217 810 5268 lu
846 5215 1159 5282 Gregorium
1186 5216 1483 5285 Nysseuum
1522 5220 1790 5286 praecipue
1820 5222 2019 5273 exarsit
2060 5235 2239 5286 perse-

682 5309 847 5373 cutio,
881 5309 971 5375 qui
1012 5310 1308 5361 etnanibus
1328 5307 1553 5359 militum
1587 5309 1822 5376 elapsus,
1862 5311 2097 5363 latebras
2123 5326 2242 5378 per-

682 5400 834 5469 sequi
870 5410 1090 5453 coactus
1144 5410 1246 5453 est.
1297 5402 1437 5455 Idem
1492 5411 1668 5453 tamen
1728 5404 2001 5471 exsequiis
2061 5402 2239 5456 Basilii

752 5576 828 5639 la)
864 5575 1000 5628 "ist.
1036 5576 1123 5627 lib.
1156 5591 1226 5638 tv,
1255 5592 1301 5627 e.
1340 5575 1423 5629 18.

753 5648 825 5713 tbi
868 5648 963 5713 Ep.
999 5647 1084 5697 (53.

1115 5716 1308 5839 lgbLGV,
1345 5731 1392 5769 c.
1438 5715 1541 5780 li;
1589 5716 1805 5771 Sozam.
1845 5716 1936 5773 lib.
1974 5730 2044 5783 vr,
2080 5729 2129 5769 c.
2162 5715 2245 5768 15.

916 5804 924 5837 ι
972 5827 983 5839 .
1075 5827 1085 5849 ,
1156 5806 1222 5837 .o
1267 5822 1279 5839 .

2343 4580 2499 4632 Aliud
2553 4596 2728 4633 causa:
2758 4595 3006 4633 essenon
3044 4588 3172 4646 puto
3219 4593 3315 4630 cur
3351 4576 3641 4646 Gregorius
3671 4578 3906 4632 Nazian-

2344 4686 2511 4726 zenus
2540 4683 2662 4723 octo
2688 4680 2891 4723 tantum
2923 4686 3095 4724 annos
3127 4670 3303 4722 Basilii
3334 4670 3673 4738 episcopatus
3720 4685 3911 4723 nume-

2352 4772 2454 4828 ret,
2493 4762 2593 4816 nisi
2622 4763 2773 4829 quia,
2808 4778 2927 4815 cum
2962 4777 3083 4815 sero
3109 4762 3385 4815 ordinatus
3429 4761 3752 4814 fueritanno
3783 4760 3906 4825 570,

2346 4869 2637 4923 paucorum
2690 4854 2954 4906 mensium
2993 4854 3175 4905 habita
3229 4854 3368 4906 ratio
3419 4870 3525 4906 non
3577 4850 3704 4905 fuit.
3774 4852 3910 4906 liinc

2347 4947 2507 4998 etiam
2538 4945 2792 5007 Basilius,
2825 4944 3066 5012 quamvis
3098 4944 3279 4995 multm
3304 4958 3600 5011 gravesque
3621 4943 3911 4999 subessent

2347 5053 2523 5090 causce
2582 5035 2813 5090 Eusebio
2858 5044 2978 5103 post
3022 5035 3419 5089 ordinationem
3447 5036 3745 5101 scribendi,
3787 5051 3908 5090 sero

2353 5137 2529 5177 tamen
2582 5126 2631 5177 id
2678 5125 2824 5186 iecit,
2866 5139 2929 5177 eo
2972 5124 3111 5192 quod
3163 5124 3508 5192 Cappadoces
3538 5124 3603 5176 ad
3640 5124 3909 5193 ejusmodi

2350 5217 2539 5269 itinera
2596 5216 2771 5268 hieme
2826 5216 3099 5268 subeunda
3153 5217 3420 5268 tardiores
3476 5224 3682 5268 essent.
3740 5216 3908 5282 Objici

2351 5322 2530 5373 possm
2554 5308 2847 5361 Eudoxium
2877 5307 3020 5360 circa
3050 5322 3285 5360 mensem
3320 5307 3510 5359 Maium
3541 5307 3745 5362 obiisse
3773 5322 3911 5361 anno

2352 5404 2474 5466 570,
2505 5418 2601 5455 nec
2635 5411 2809 5455 tamen
2842 5402 2904 5454 de
2940 5401 3080 5454 illius
3110 5414 3417 5454 successore
3449 5401 3746 5472 quidquam
3782 5402 3909 5453 alla-

2431 5576 2498 5644 (ε)
2537 5576 2630 5640 Ep.
2660 5574 2782 5627 269.

2428 5647 2490 5712 (Γ)
2518 5644 2641 5697 Nu.
2680 5665 2764 5708 ep.
2799 5646 2883 5699 57.

2431 5722 2499 5788 ig)
2542 5714 2631 5768 Or.
2668 5715 2755 5771 ΞΟ.
