4094 6308
1531 340 1686 397 νιΤΑ
1720 348 1780 397 5.
1814 343 2086 397 υλδιιμιι.

3332 360 3425 407 ιιι

194 457 300 506 tum
347 464 472 506 esse
528 452 584 506 in
638 454 1033 527 Cappadociam
1074 468 1199 516 ante
1253 459 1484 515 reditum
1520 459 1762 523 Eusebii,
1793 468 1839 519 Α
1865 460 1941 530 pit
1969 460 2056 533 (j).
2094 459 2421 531 Supererant
2452 463 2615 518 etiam
2652 464 2705 518 ln
2734 464 3061 535 Cappadocia
3090 466 3289 521 ethnici
3320 483 3423 523 non

195 556 344 609 quem
378 543 615 598 Basilius
664 546 742 618 (ιι)
782 551 1067 606 certiorem
1121 551 1280 621 hujus
1329 553 1405 608 rei
1440 552 1590 605 facit.
1625 554 1753 616 Sed,

199 645 248 684 ιιι
276 636 535 689 observat
573 637 972 703 Tillemontius.
1014 645 1261 712 quamvis
1287 643 1555 697 Eudoxius
1576 658 1760 697 mense

198 722 332 777 Maio
363 725 617 779 videatur
645 728 867 796 obiisse,
902 732 1013 785 fieri
1042 735 1223 803 potuit
1250 743 1307 788 ut
1345 734 1584 788 Ecclesia
1615 733 1759 787 Con-

198 816 684 887 StantinOpolitana
719 839 825 876 non
874 826 1053 877 statim
1093 826 1408 895 DemOpbilo
1437 826 1755 887 traderetur,

200 921 341 961 nera
374 909 557 979 aliqua
596 914 892 967 ambitiosis
922 915 1063 971 illius
1093 918 1334 971 consiliis
1363 918 1633 972 obstante.

786 1004 1012 1062 CAPUT
1052 1006 1189 1063 XIV.

264 1088 671 1164 Ca'sariensium
703 1112 893 1162 magna
913 1100 1035 1164 fidei
1063 1102 1256 1155 studia.
1288 1101 1352 1155 11.
1384 1101 1483 1155 Jus
1512 1101 1755 1155 exerciti-

269 1178 383 1236 curn
409 1160 755 1236 Ca'sorieitsis
788 1160 1036 1222 Ecclesi'e
1064 1170 1330 1236 probatur.
1378 1172 1467 1225 ΙΙΙ.
1498 1171 1626 1224 Post
1676 1172 1759 1221 di-

265 1232 518 1307 uisionem
540 1232 1037 1307 Cam;o_d_ociq{idem
1060 1232 1151 1307 jus
1182 1243 1504 1294 retinuerunt
1534 1241 1757 1307 episcopi

264 1298 658 1355 Ca'sariensesa
689 1304 775 1357 IV.
830 1298 1353 1373 Objerta'solvnntur
1398 1323 1444 1365 et
1495 1298 1765 1364 decreta-ui

260 1374 502 1423 secunda:
533 1375 721 1438 synodi
743 1378 995 1443 generalis
1017 1379 1326 1445 explicatur.

265 1459 303 1511 Ι.
337 1456 536 1513 Paucis
569 1461 954 1519 describendas
988 1479 1067 1519 est
1120 1466 1469 1526 Ctesariensis
1506 1473 1756 1528 Ecclesiae

199 1559 411 1611 status,
471 1562 528 1604 ut
584 1555 943 1623 perspiciatur
999 1571 1158 1624 quam
1219 1560 1504 1616 molestum
1560 1564 1756 1618 Basilio

204 1638 381 1704 fuerit,
429 1643 521 1710 qui
563 1654 791 1700 secreta:
834 1648 957 1701 vitae
990 1649 1237 1704 semitam
1268 1653 1318 1705 in
1351 1654 1757 1709 deliciiS'habe-

194 1730 302 1796 bat,
337 1732 391 1785 in
436 1743 586 1789 tanta
628 1737 747 1789 luce
777 1738 1026 1792 collocari
1065 1740 1158 1809 (b).
1188 1742 1396 1797 Clarior
1426 1755 1545 1799 erat
1574 1746 1754 1801 Caesa—

1871 552 2052 619 pauci.
2083 550 2219 605 Nam
2253 567 2349 621 per
2375 568 2560 607 omnes
2590 551 2704 607 fere
2735 569 2893 623 agros
2921 554 3090 624 sparsi
3135 564 3292 610 erant
3318 555 3426 609 Ma-

1862 644 2053 713 gusaai,
2092 659 2226 712 gens
2259 644 2632 713 superstitiosa
2677 644 2803 698 olim
2861 645 2927 699 ad
2977 646 3114 700 hanc
3149 648 3426 717 regionem

1860 735 2195 789 incolcudam
2218 734 2494 803 Babylone
2524 736 2768 789 adducta.

1934 825 1992 881 S.
2036 826 2333 896 Gregorius
2366 826 2646 898 Nyssenus
2674 826 2748 898 (it)
2778 826 2844 878 ab
2876 827 3068 879 itinere
3117 826 3421 895 Hierosoly-

1862 919 2069 973 mita'uo
2101 918 2450 988 Cappadoces
2506 920 2605 973 hac
2645 918 2877 973 maxime
2928 918 3134 971 ratione
3169 919 3423 972 dehorta-

1863 1021 1968 1072 tur,
2011 1013 2173 1078 quod,
2215 1012 2258 1065 si
2301 1011 2392 1065 Dei
2430 1013 2770 1079 praesentiam
2802 1027 2866 1065 ex
2925 1012 2988 1065 iis
3042 1025 3165 1078 quze
3217 1009 3423 1077 conspi-

1868 1104 2079 1157 ciuntur
2100 1102 2368 1170 coniicere
2396 1103 2577 1164 liceat,
2610 1104 2777 1158 multo
2803 1105 2976 1172 magis
3006 1104 3056 1156 in
3087 1102 3423 1171 Cappadocia

1861 1190 2019 1255 Deus,
2071 1206 2228 1257 quam
2287 1192 2409 1244 aliis
2463 1190 2514 1244 in
2551 1191 2687 1245 locis
2738 1190 2985 1244 videatur
3035 1189 3297 1244 habitare.
3348 1189 3423 1243 lbi

1859 1280 1999 1333 enim
2031 1280 2255 1349 plurima
2276 1296 2395 1334 esse
2423 1280 2632 1345 altaria,
2671 1296 2764 1348 per
2795 1296 2914 1351 qua:
2934 1295 3127 1335 nomen
3160 1279 3249 1333 Dei
3279 1278 3423 1333 cele-

1859 1372 2069 1437 bratur,
2109 1388 2171 1426 ac
2200 1388 2335 1441 pene
2372 1373 2521 1441 plura
2552 1388 2713 1442 quam
2747 1375 2798 1426 in
2828 1374 3101 1427 totooorbe
3134 1382 3421 1428 terrarum.

1862 1463 2005 1518 Inest
2032 1478 2164 1517 sane
2193 1465 2274 1519 his
2297 1467 2475 1519 verbis
2502 1480 2692 1533 magna
2715 1466 3095 1533 exaggeratio;
3128 1464 3221 1519 sed
3246 1473 3421 1517 tamen

1858 1558 2089 1623 perspici
2129 1573 2193 1611 ex
2226 1558 2330 1613 illis
2375 1568 2554 1626 potest
2610 1573 2730 1627 quae
2771 1557 2836 1611 ad
2876 1557 2970 1612 Dei
3023 1558 3225 1612 cultum
3256 1556 3424 1624 perti-

1861 1658 2009 1711 nent,
2040 1648 2329 1716 plurimum
2356 1650 2407 1703 in
2432 1650 2772 1720 Cappadocia
2804 1648 3108 1718 splendoris
3149 1647 3422 1701 habuisse.

1858 1738 2169 1793 Necessaria
2204 1754 2335 1794 sane
2387 1750 2505 1795 erat
2554 1740 2743 1811 religio
2784 1739 3087 1796 Christiana
3139 1738 3204 1793 ad
3240 1752 3424 1791 emen-

197 1836 284 1877 rea
330 1827 622 1881 catholicae
671 1828 791 1881 ﬁdei
840 1831 1038 1895 studio,
1088 1848 1247 1901 quam
1302 1835 1497 1889 erectis
1528 1835 1657 1889 olim
1685 1838 1753 1891 ob
1793 1813 2067 1886 Bdandos
2119 1830 2499 1901 Cappadocum
2561 1846 2761 1899 mores,
2814 1832 2906 1901 qui
2968 1832 3108 1885 inter
3158 1830 3423 1900 pessimos

196 1910 337 1967 lusos
366 1915 558 1970 hostes
590 1917 822 1982 tropaeis,
844 1930 935 1972 aut
958 1934 1261 1990 opportuno
1292 1933 1400 1977 tum
1420 1925 1484 1978 ad
1519 1927 1749 1983 hiemem

198 2014 305 2057 tum
345 2008 412 2060 ad
433 2018 676 2061 aestatem
708 2009 835 2074 situ,
863 2023 955 2065 ant
981 2015 1121 2082 quod
1153 2015 1391 2069 virorum
1421 2017 1571 2071 ferax
1588 2029 1751 2083 esset,

195 2107 245 2150 et
288 2097 497 2151 alendis
544 2100 831 2166 pecoribus
884 2104 1097 2170 idonea,
1149 2121 1212 2160 ac
1250 2121 1438 2162 omnes
1492 2111 1591 2163 sub
1643 2111 1755 2165 sole

194 2188 349 2244 urbes
380 2205 646 2255 equorum
675 2193 927 2262 gregibus
966 2210 1270 2264 superaret.
1299 2198 1455 2253 Nulla
1487 2200 1590 2254 alia
1620 2201 1754 2255 civi-

201 2289 279 2334 tas
314 2282 417 2333 sub
440 2280 657 2338 Juliano
692 2285 1005 2356 religionem
1033 2290 1214 2343 acrius
1238 2290 1492 2346 defendit.
1511 2293 1597 2351 Ait
1621 2291 1754 2346 Gre-

194 2372 368 2439 gorius
401 2372 661 2445 Thcologi
713 2385 867 2447 pater
896 2380 967 2448 (c)
1014 2380 1149 2434 hanc
1178 2378 1474 2435 Ecclesium
1514 2384 1752 2437 omnium

194 2479 321 2532 pene
360 2464 731 2523 Ecclesiarum
765 2480 996 2525 matrem
1032 2480 1087 2526 et
1127 2473 1426 2541 antiquitus
1456 2472 1643 2538 fuisse,
1695 2490 1755 2529 ac

194 2571 326 2611 nunc
356 2558 524 2613 etiam
555 2576 677 2615 esse
698 2570 752 2615 et
786 2563 1017 2629 censeri,
1066 2578 1128 2616 ac
1165 2563 1217 2617 in
1250 2579 1368 2618 eam
1400 2566 1533 2621 alias
1574 2567 1759 2622 Eccle-

194 2649 313 2712 sias,
342 2652 513 2705 veluti
542 2652 801 2707 circulum
831 2664 1020 2709 centro
1042 2656 1537 2726 circumscriptum,
1569 2659 1757 2715 oculos

197 2744 491 2810 conjicere,
522 2760 628 2800 non
658 2746 1076 2815 solumpropmr
1103 2749 1224 2802 fidei
1262 2752 1753 2825 integritatemjam

197 2833 313 2886 olim
349 2838 592 2890 omnium
627 2835 768 2889 fama
814 2839 1183 2906 prmdicatam,
1212 2841 1309 2893 sed
1344 2843 1504 2895 etiam
1534 2844 1601 2897 ob
1638 2860 1760 2898 con-

199 2928 436 2981 cordiam
470 2927 758 2983 manifesto
789 2928 881 2983 Dei
923 2930 1185 2984 beneficio
1218 2946 1551 2988 concessam.
1589 2933 1758 3001 Hujus

200 3019 313 3073 fidei
353 3030 408 3073 et
443 3021 747 3075 concordia:
793 3022 1271 3090 praeclarissimum
1321 3027 1589 3094 specimen
1623 3028 1759 3082 vidi-

203 3124 330 3172 mus,
371 3125 496 3163 cum
525 3112 742 3178 Valens,
770 3114 993 3184 ejusque
1031 3118 1342 3180 comitatus,
1376 3120 1567 3173 nefarii
1594 3122 1759 3176 haere-

203 3201 303 3265 tici,
346 3201 566 3255 inanem
619 3203 672 3257 in
736 3209 1092 3276 oppugnanda
1147 3208 1391 3262 Caesarea
1454 3222 1748 3267 conatuum

208 3308 418 3345 suorum
448 3294 652 3349 exitum
688 3297 989 3366 plorarunt.
1030 3299 1178 3353 Fidei
1215 3299 1420 3366 fervor,
1456 3313 1591 3358 teste
1630 3305 1760 3361 Gre-

208 3386 349 3449 gorio
381 3383 730 3444 Nazianzeno
774 3393 875 3460 (d),
927 3407 1068 3461 smpe
1096 3393 1349 3463 populum
1374 3396 1756 3453 Ctesariensem

204 3477 249 3528 in
276 3476 633 3536 electionibus
666 3484 1038 3553 episcopOrum
1065 3488 1129 3539 ad
1176 3489 1546 3542 contentiones
1584 3500 1637 3543 et
1676 3492 1759 3543 di-

203 3569 513 3626 micationes
568 3576 883 3641 arripicbat.
934 3576 1220 3645 Nunquam
1260 3578 1399 3645 apud
1444 3594 1539 3633 eos
1592 3581 1759 3634 inter-

202 3658 354 3711 missa
384 3662 510 3713 tidei
538 3661 767 3716 Nicaeum
800 3666 1136 3732 praedicatio,
1163 3676 1220 3721 ut
1247 3668 1504 3724 discimus
1552 3687 1616 3725 ex
1641 3674 1760 3741 ipso

198 3745 388 3803 Basilio
425 3750 519 3818 (e).
583 3749 700 3805 Non
745 3754 914 3807 solum
970 3755 1233 3821 Caesarea,
1298 3760 1392 3814 sed
1447 3770 1555 3812 tota
1597 3764 1757 3815 etiam

196 3839 535 3909 Cappadocia
587 3845 890 3901 incendium
933 3849 1080 3913 illud,
1114 3852 1255 3919 quod
1290 3861 1457 3905 totum
1484 3853 1758 3908 Orientem

194 3944 519 4003 vastaverat,
568 3938 755 3993 saltem
789 3956 956 4008 usque
986 3944 1051 3995 ad
1082 3958 1279 3995 annum
1314 3942 1418 3996 575
1466 3946 1670 4015 effugit,
1704 3957 1761 3999 ut

192 4032 548 4097 perspicimus
599 4046 664 4085 ex
694 4032 932 4100 pluribus
994 4033 1172 4085 Basilii
1202 4034 1441 4102 epistolis
1490 4040 1576 4108 (Ι).
1621 4039 1756 4106 Quin

191 4125 346 4178 etiam
385 4125 463 4192 (g)
488 4124 839 4193 Cappadocim
869 4126 1104 4194 episc0pi
1147 4139 1302 4181 erant
1344 4130 1509 4185 veluti
1555 4133 1759 4202 scopuli

192 4217 405 4284 quidam
452 4217 508 4267 in
539 4220 672 4271 mari
704 4223 1087 4288 prominentes,
1116 4234 1180 4273 ac
1208 4220 1443 4275 furorem
1476 4224 1750 4279 haeretico-

194 4323 306 4361 rum
337 4307 601 4361 ﬂuctuum
631 4311 983 4378 excipientes,
1046 4312 1136 4379 qni
1191 4314 1318 4368 dum
1382 4313 1761 4381 frangerentur

195 4400 331 4454 circa
381 4399 800 4468 Cappadociam,
852 4418 915 4456 ea
975 4419 1092 4472 qua:
1136 4414 1278 4458 retro
1304 4416 1429 4460 sunt
1458 4421 1560 4460 non
1595 4408 1760 4461 allue-

1864 1924 2109 1978 homines
2143 1924 2417 1978 numerari
2448 1923 2717 1978 solebant.
2760 1921 2887 1975 lude
2919 1920 3082 1975 ﬂebat
3127 1928 3187 1974 ut
3216 1918 3307 1988 qui
3332 1927 3427 1971 aut

1861 2014 2152 2069 Christiani
2178 2030 2282 2070 non
2310 2022 2489 2080 erant,
2520 2024 2611 2068 aut
2633 2014 2684 2067 in
2713 2012 3016 2067 Christiana
3056 2010 3313 2079 religione
3335 2023 3428 2062 ve-

1864 2117 2035 2161 terem
2084 2108 2355 2162 hominem
2411 2108 2701 2162 servabant
2735 2106 2825 2175 (Ι),
2870 2100 3120 2157 omnibus
3169 2101 3423 2153 vitiorum

1863 2198 2090 2252 maculis
2119 2208 2456 2264 notarentur,
2505 2213 2571 2253 ex
2616 2212 2724 2266 quo
2762 2195 3033 2250 interdum
3058 2201 3200 2246 natae
3234 2191 3293 2246 S.
3330 2189 3429 2244 Ba-

1861 2290 1981 2344 silio
2010 2290 2391 2359 ingemiscendi
2423 2306 2617 2346 causae.

1933 2378 1997 2435 ll.
2062 2378 2218 2433 Nulla
2274 2380 2500 2435 deerant
2532 2380 2792 2435 Caesarem
2842 2392 3157 2449 magnarum
3213 2373 3424 2427 urbium

1863 2483 2178 2527 ornamenta
2220 2473 2349 2544 (m);
2377 2474 2468 2528 sed
2497 2487 2749 2541 magnum
2790 2472 3034 2539 inprimis
3062 2470 3225 2524 decus
3253 2465 3429 2521 Eccle-

1864 2565 1958 2619 siae
1979 2564 2298 2619 Caesariensi
2324 2564 2584 2619 ati‘erebat
2621 2563 2884 2617 latissime
2912 2563 3185 2629 pertinens
3208 2559 3429 2630 iurisdi-

1863 2657 1991 2712 ctio.
2024 2657 2167 2722 Quot
2200 2658 2341 2710 enim
2372 2656 2660 2725 provinciae
2692 2655 2919 2709 ducibus
2945 2661 2998 2707 et
3030 2652 3246 2705 vicariis
3284 2650 3424 2703 Pon-

1865 2750 1984 2803 tica:
2015 2749 2301 2817 parebant,
2334 2748 2557 2803 totidem
2603 2744 2955 2802 Cmsariensis
2992 2741 3225 2813 episcopi
3278 2740 3426 2794 curis

1868 2842 2169 2895 commissae
2216 2841 2452 2893 fuerunt.
2490 2840 2647 2894 Certe
2687 2839 2964 2900 Armenia,
3017 2850 3138 2905 qua:
3171 2851 3273 2887 una
3311 2842 3429 2886 erat

1865 2942 1929 2979 ex
1964 2916 2070 2980 illis
2106 2927 2419 2996 provinciis,
2477 2926 2697 2992 Basilio,
2745 2926 2910 2980 veluti
2944 2925 3157 2979 cuidam
3191 2924 3430 2977 exarcho

1866 3023 2106 3089 parebat.
2161 3022 2291 3076 Nam
2347 3038 2489 3075 anno
2521 3021 2626 3077 572
2667 3022 2979 3075 mandatum
3027 3020 3234 3088 accepit
3277 3016 3430 3071 Basi-

1869 3114 1968 3168 lius
1998 3114 2075 3185 (η)
2104 3116 2170 3169 ab
2202 3117 2543 3184 imperatore,
2572 3122 2631 3168 ut
2667 3114 2950 3183 episcopos
2983 3113 3108 3166 huic
3139 3110 3430 3178 provinciae

1864 3208 2037 3261 daret.
2088 3205 2387 3273 Adjunctns
2412 3217 2495 3259 est
2516 3208 2564 3259 ei
2597 3208 2777 3260 socius
2806 3206 3113 3259 Theodotus
3141 3203 3429 3267 provincia:

1865 3299 2329 3365 metropolitanus.
2360 3298 2409 3351 ls
2448 3297 2646 3353 Basilio
2693 3298 2762 3353 ob
2808 3298 2951 3352 illius
2992 3312 3113 3352 cum
3146 3295 3428 3350 Eusmthio

1863 3389 2297 3457 coniunctionem
2352 3393 2729 3453 succensebat,
2779 3405 2876 3443 nec
2938 3390 2984 3442 ei
3020 3404 3235 3455 operam
3272 3402 3425 3441 suam

1866 3481 2080 3534 tradere
2116 3481 2303 3534 voluit.
2331 3481 2443 3534 Non
2476 3482 2680 3534 idcirco
2709 3481 2946 3533 animum
2974 3479 3257 3547 despondit
3280 3476 3429 3531 Basi-

1868 3571 1993 3635 lius,
2036 3573 2130 3626 sed
2166 3573 2428 3641 quidquid
2487 3573 2539 3626 in
2590 3573 2704 3642 ipso
2755 3573 2920 3627 situm
2969 3572 3089 3635 fuit,
3139 3570 3429 3639 diligenter

1863 3673 2155 3719 exsecutus
2200 3673 2285 3718 est
2326 3682 2339 3715 :
2397 3679 2583 3734 pacem
2620 3662 2925 3729 composuit
2972 3664 3113 3716 inter
3144 3662 3430 3729 episcopos

1864 3758 2148 3820 Armeniae,
2185 3772 2371 3811 eorum
2426 3757 2478 3809 in
2516 3756 2785 3810 nonnullis
2825 3756 2985 3811 rebus
3036 3753 3424 3823 negligentiam

1866 3851 2231 3918 reprehendit,
2281 3860 2335 3903 et
2380 3849 2446 3904 de
2481 3849 2547 3903 iis
2585 3850 2864 3914 sanandis,
2903 3863 3023 3918 qua
3052 3845 3422 3901 indifferenter

1866 3944 1917 3995 in
1952 3942 2210 3997 Armenia
2263 3942 2649 4011 peccabantnr,
2706 3942 2921 4009 regulas
2955 3938 3302 4007 prazscripsit.
3325 3936 3429 3990 Co-

1863 4036 2050 4105 gnovit
2079 4033 2243 4085 etiam
2276 4032 2340 4084 de
2377 4031 2538 4083 illatis
2571 4028 2772 4098 Cyr'llu
2803 4028 3054 4097 episcopo
3084 4026 3424 4089 criminibus,

1866 4141 1926 4179 ac
1962 4124 2225 4179 Sataleusi
2262 4120 2514 4174 Ecclesia!
2554 4120 2871 4187 episcopum
2926 4119 3090 4171 dedlt.
3152 4116 3429 4170 Immerito

1863 4234 1992 4272 sane
2034 4215 2294 4284 ejusmodi
2359 4228 2551 4267 munus
2599 4211 2795 4265 Basilio
2839 4210 3190 4263 commissum
3221 4208 3430 4263 dicere-

1868 4322 1973 4375 tur,
2008 4325 2115 4364 non
2166 4316 2224 4360 ut
2264 4306 2542 4376 dignitatis
2591 4304 2734 4358 illius
2763 4312 2816 4357 et
2854 4300 3247 4371 iurisdictionis
3288 4301 3425 4353 ratio

1865 4402 2156 4456 haberetur
2180 4440 2194 4464 ,
2252 4399 2343 4453 sed
2380 4406 2599 4466 propter
2630 4395 2938 4450 sanctitatis
2970 4403 3025 4447 et
3056 4392 3317 4446 doctrina:
3346 4390 3428 4443 fa-

196 4491 339 4545 baut.
412 4492 470 4546 Si
526 4492 615 4560 qui
654 4492 921 4545 interdum
958 4496 1193 4564 episcopi
1256 4512 1421 4562 prave
1473 4502 1754 4563 sentirent,
1795 4506 1838 4562 ι)
1868 4510 2026 4548 mam.
2056 4491 2236 4560 Neque
2270 4493 2410 4543 enim
2434 4487 2693 4554 ejusmodi
2718 4488 3022 4543 nominibus
3046 4483 3307 4538 devinciri
3339 4497 3431 4535 so-

198 4585 514 4650 populorum
576 4594 722 4637 metu
788 4599 1030 4639 errorem
1090 4603 1341 4658 premere
1402 4595 1751 4657 cogebantur.

200 4674 448 4729 Testatur
476 4678 620 4730 enim
654 4674 945 4745 Gregorius
972 4678 1339 4734 Nazianzenus
1368 4680 1444 4751 (It)
1476 4684 1759 4739 nonnullos

202 4767 481 4838 episcopos
514 4782 636 4821 cum
665 4767 859 4821 Basilio
889 4768 940 4821 in
979 4768 1097 4821 lidei
1130 4772 1343 4838 negotio
1378 4774 1597 4826 minimc
1628 4788 1755 4825 con-

206 4860 456 4921 sensisse,
490 4860 591 4911 nisi
622 4870 877 4927 quantutn
905 4873 997 4913 eos
1046 4862 1226 4927 populi
1262 4864 1567 4916 consentire
1598 4879 1758 4933 coge~

201 4952 338 5005 bant.
391 4950 521 5013 Sed,
554 4951 599 5002 si
646 4950 863 5006 Arianis
893 4953 1071 5005 aditus
1114 4953 1168 5003 in
1220 4953 1617 5024 Cappadociam
1651 4971 1754 5009 non

205 5044 390 5106 patuit,
426 5043 663 5108 antiquae
714 5046 945 5099 Increses
996 5044 1227 5098 nondqu
1281 5047 1330 5100 in
1384 5048 1484 5101 hac
1536 5047 1753 5113 regione

206 5142 351 5185 erant
378 5134 658 5187 exstinctae
691 5133 771 5200 (ἑ).
810 5133 942 5186 Nam
961 5150 1021 5188 ex
1043 5136 1434 5190 Encratitarum
1453 5146 1595 5191 secta
1616 5138 1751 5191 duos

210 5224 478 5291 episcopos
506 5222 733 5278 Basilius
771 5225 821 5277 in
884 5224 1171 5279 Ecclesiam
1221 5228 1504 5280 redeuntes
1564 5242 1749 5281 susce-

278 5338 347 5401 (η)
377 5338 474 5405 Ep.
499 5338 585 5393 48.

279 5410 347 5476 (ὁ)
375 5409 534 5482 Basil.
564 5410 709 5482 hom.
742 5426 798 5461 tu
830 5406 989 5463 ϐου-ά.
1018 5420 1147 5468 tom.
1176 5412 1239 5477 ιι,
1265 5430 1314 5482 p.
1357 5413 1479 5474 H2,
1514 5428 1565 5467 ιι.
1595 5415 1646 5465 2.

281 5484 346 5545 (c)
375 5478 503 5534 Νη.
530 5495 615 5547 ep.
647 5480 738 5532 22.

284 5550 355 5615 id)
381 5548 469 5603 Or.
504 5550 567 5604 t9

286 5626 349 5677 (ei
381 5618 471 5686 Ep.
508 5620 631 5679 140,
662 5636 715 5672 n.
747 5654 798 5672 ο.

285 5687 347 5754 (ft
374 5688 465 5755 Ep.
502 5690 571 5742 ὃὸ
586 5700 641 5741 et
667 5689 792 5741 222.

287 5758 353 5826 ty)
378 5758 470 5826 Ep.
495 5759 624 5821 205,
648 5775 702 5810 n.
733 5760 784 5810 1.

1873 4586 2017 4640 lebat
2041 4584 2215 4652 gratia
2245 4580 2509 4645 Valentis;
2539 4594 2601 4633 ac
2628 4593 2886 4648 praeterea
2919 4580 3319 4633 detraxissetea
3346 4591 3432 4629 res

1863 4680 2070 4747 dejure
2114 4675 2405 4740 Theodoti,
2438 4676 2526 4744 qui
2554 4674 2867 4743 praeclaram
2902 4672 3175 4725 habuisset
3210 4683 3430 4722 causam

1865 4769 2014 4824 missi
2040 4768 2267 4821 faciendi
2291 4767 2493 4830 Basilii,
2522 4781 2621 4819 nec
2656 4778 2828 4818 tamen
2861 4762 3019 4815 aliam
3046 4760 3266 4829 protulit
3295 4774 3431 4826 prae-

1869 4873 1950 4915 ter
2005 4860 2165 4913 illius
2221 4875 2341 4913 cum
2400 4858 2681 4911 Enstathio
2738 4857 3195 4923 conjunctionetu.
3244 4850 3430 4918 Neque

1866 4954 2029 5008 etiam
2071 4951 2395 5005 crediderim
2424 4948 2703 5011 Basilintn,
2734 4964 2839 5017 qua
2865 4957 2979 5002 erat
2998 4948 3046 4999 in
3069 4943 3425 4999 observandis

1868 5044 2174 5099 canonibus
2210 5042 2488 5112 religione,
2539 5042 2767 5095 libenter
2795 5038 3052 5109 ejusmodi
3102 5036 3284 5089 munia
3325 5033 3423 5087 ob-

1860 5134 2058 5186 iturum
2109 5130 2277 5184 fuisse
2314 5131 2368 5184 in
2411 5131 2583 5183 aliena
2636 5131 2932 5198 provincia,
2987 5133 3317 5197 repugnante
3359 5139 3423 5177 ac

1860 5239 2083 5293 operam
2118 5240 2273 5279 suam
2306 5224 2603 5294 denegante
2631 5223 2917 5293 provincia:
2952 5216 3387 5287 metropolitano.

1933 5342 2004 5410 (Ii)
2037 5342 2129 5396 Or.
2154 5341 2244 5395 9.0.

1936 5418 1997 5478 ti)
2036 5414 2131 5479 Ep.
2171 5413 2433 5477 188,crm.
2467 5416 2514 5465 i.

1936 5483 2004 5566 (DA
2028 5484 2123 5566 12p.
2317 5500 2369 5537 u.
2392 5483 2443 5536 4.

1938 5553 2009 5618 ιίε)
2040 5552 2190 5603 ἰὀιιι.
2225 5553 2306 5606 tn.

1940 5626 2001 5685 (ι)
2040 5622 2136 5687 Ep.
2172 5622 2289 5674 H9.

1944 5694 2038 5759 (HI)
2078 5692 2171 5755 Ep.
2209 5691 2290 5742 70'.

1938 5768 2015 5828 (η)
2046 5761 2141 5826 Ep.
2165 5761 2253 5811 99.
