4068 6320
653 364 721 406 LX
1987 341 2510 397 PIlOLEGUMENA.

726 465 881 522 Anno
904 463 1027 528 573,
1061 461 1293 516 Faustus
1315 461 1530 531 quidam
1569 475 1634 515 ex
1681 458 1931 513 Armenia
1979 460 2127 513 venit
2149 459 2215 513 ad
2245 471 2294 529 Α
2321 464 2384 514 ad
2415 476 2473 517 se
2510 461 2759 532 querelas
2780 477 2839 517 ea
2866 462 2930 518 de
2960 477 3017 517 re
3048 462 3348 518 detulisset.
3392 463 3698 533 Respondet
3729 466 3886 523 Basi-

655 558 910 611 Basiliunt
938 570 1060 613 cum
1098 554 1295 609 litteris
1324 555 1422 608 viri
1472 552 1726 624 potentis,
1759 566 1878 620 qute
1916 561 1974 605 ut
2000 552 2101 605 iste
2134 565 2222 604 or-

656 647 937 701 dinaretur
990 645 1272 714 episcopus
1302 646 1572 713 petebant.
1608 642 1814 709 Reiecit
1847 657 1969 695 eum
1996 641 2221 695 Basilius

657 741 783 808 quia
835 737 1034 791 litteris
1059 748 1112 790 et
1143 736 1468 791 testimoniis
1522 735 1895 803 episcoporum
1952 732 2221 786 Armenia:

655 832 891 884 munitus
937 844 1040 884 non
1073 839 1207 883 erat.
1243 829 1349 883 Sed
1395 830 1495 882 iste
1537 827 1775 895 confugit
1812 825 1875 879 ad
1905 824 2219 878 Anthimum

657 921 1015 990 Tyanensem,
1050 919 1300 973 secundae
1336 916 1690 988 Cappadociae
1726 915 2218 982 metropolitanum,

657 1010 771 1077 qui,
804 1010 1034 1064 libenter
1059 1008 1397 1063 occasionem
1436 1008 1706 1076 arripiens
1738 1006 2072 1059 vindicandas
2119 1003 2218 1058 sibi

652 1101 1063 1169 iurisdictionis,
1120 1100 1372 1155 Faustum
1440 1099 1734 1152 ordinavit.
1798 1095 2125 1149 Permoleste
2169 1096 2218 1148 id

658 1195 781 1248 tulit
834 1192 1065 1246 Basilius
1096 1192 1192 1262 (α),
1219 1207 1283 1246 ac
1320 1191 1565 1261 pluribus
1600 1191 1651 1245 in
1681 1190 1925 1260 epistolis
1983 1197 2221 1243 contem-

658 1296 808 1355 ptum
844 1298 902 1340 se
933 1300 960 1338 a
987 1283 1207 1345 Fausto,
1242 1292 1298 1337 et
1328 1283 1524 1337 factam
1573 1283 1674 1337 sibi
1728 1280 1978 1350 iniuriam
2010 1282 2077 1333 ah
2109 1280 2222 1333 An-

658 1378 827 1431 thimo
851 1377 1115 1446 queritur.
1144 1372 1357 1440 Iniustze
1384 1390 1604 1444 prorsus
1623 1384 1676 1428 et
1704 1374 1947 1427 absurda:
1965 1372 2220 1442 querelae,

658 1468 705 1520 si
742 1468 885 1520 nulla
950 1476 1069 1520 erat
1122 1466 1175 1518 in
1223 1467 1530 1519 Armeniam
1576 1466 1811 1533 episcopi
1864 1462 2215 1517 Casariensis

654 1556 973 1623 iurisdictio.
1012 1554 1313 1621 Quinetiam
1371 1554 1494 1608 huic
1534 1554 1630 1619 rei,
1670 1568 1788 1620 quae
1826 1562 1993 1606 totam
2031 1552 2221 1605 Arme-

660 1649 805 1700 niam
841 1648 1271 1715 perturbaverat,
1303 1646 1598 1698 remedium
1634 1644 1848 1713 aliquod
1870 1642 2216 1711 Basiliuspro

661 1754 870 1792 summa
898 1753 991 1792 sua
1016 1738 1283 1792 charitate
1314 1735 1509 1791 all‘et're
1543 1736 1727 1797 voluit,
1778 1745 1832 1789 et
1884 1734 1949 1789 ad
2004 1733 2218 1789 Poeme-

661 1831 811 1885 nium
860 1828 1099 1896 scripsit,
1131 1839 1187 1881 ut
1218 1827 1504 1882 certiorem
1549 1840 1608 1880 se
1662 1826 1866 1881 laceret
1926 1835 2107 1878 utrum
2139 1838 2225 1876 res
2260 1826 2300 1878 Β

661 1922 840 1975 sanari
870 1934 1037 1975 necne
1064 1930 1247 1987 posset
1284 1938 1297 1972 :
1329 1918 1471 1989 quod
1495 1918 1707 1986 quidem
1759 1916 1898 1969 illius
1932 1915 2221 1969 auctorita-

664 2020 768 2064 tem
794 2020 848 2064 et
871 2008 994 2076 iura
1026 2008 1162 2063 conli
1176 2017 1335 2061 rtnat.

730 2106 887 2157 Anno
921 2102 1044 2166 575,
1082 2113 1295 2157 mortuo
1325 2102 1621 2165 Theodoto,
1654 2118 1775 2154 cum
1806 2102 2100 2171 periculum
2142 2117 2225 2157 es-

661 2206 763 2256 set,
798 2208 863 2245 ne
893 2192 1079 2246 Ariani
1130 2191 1267 2245 hanc
1294 2191 1591 2249 Ecclesiam
1641 2202 1989 2259 occuparent,
2020 2192 2227 2247 Pmtne-

660 2285 785 2339 nius
817 2282 1109 2337 Satalensis
1147 2284 1448 2353 episcopus,
1488 2283 1736 2338 celeriter
1771 2286 2219 2339 antevenieudum

661 2383 835 2440 ratus,
860 2376 989 2428 inito
1026 2390 1146 2428 cum
1194 2374 1412 2443 collegis
1444 2374 1689 2439 consilio,
1726 2375 2091 2442 Euphronium
2122 2374 2225 2429 Co-

661 2468 956 2523 Ioniensem
993 2468 1041 2519 in
1082 2468 1219 2519 hanc
1277 2464 1457 2519 sedem
1518 2465 1811 2518 transtulit.
1873 2466 2120 2520 Accessit
2163 2470 2228 2519 ad

663 2562 769 2616 hoc
800 2560 1084 2615 consilium
1110 2559 1410 2612 auctoritas
1440 2554 1651 2621 Basilii,
1686 2566 1740 2609 ut
1770 2573 1831 2609 ex
1865 2556 2106 2625 pluribus
2139 2556 2227 2609 lit-

663 2652 796 2705 teris
834 2650 906 2721 (ὁ)
938 2666 999 2704 ea
1026 2650 1092 2704 de
1139 2664 1195 2702 re
1239 2648 1460 2715 scriptis
1494 2646 1824 2715 perspicitur
1859 2666 1871 2701 :
1904 2662 2031 2700 suas
2060 2647 2127 2699 ad
2164 2647 2229 2699 il-

663 2744 773 2798 lum
806 2742 1055 2809 querelas
1101 2739 1408 2794 detulerunt
1460 2739 1829 2802 Colonienses,
1871 2753 2005 2807 quos
2042 2738 2232 2791 huma-

663 2835 907 2889 nissimis
950 2832 1147 2889 litteris
1183 2830 1492 2886 consolatus
1522 2844 1624 2893 est,
1662 2846 1919 2900 spemque
1962 2830 2139 2883 attulit
2174 2842 2234 2884 se

664 2929 731 2983 ad
765 2945 858 2983 eos
885 2936 1195 2991 venturum,
1220 2940 1281 2980 ac
1315 2926 1562 2980 daturum
1599 2939 1819 2993 operam
1853 2935 1911 2977 ut
1942 2923 2043 2981 illis
2067 2923 2231 2978 satis-

664 3019 839 3074 ﬂeret.

738 3110 923 3167 Basilii
987 3110 1041 3165 in
1091 3110 1262 3180 ipsum
1315 3110 1544 3163 Pontum
1591 3108 1885 3162 exarchica
1938 3108 2236 3163 auctoritas

2330 549 2432 606 lius
2458 567 2515 607 se
2544 562 2821 621 acceptam
2857 552 3107 620 iniuriam
3149 552 3361 607 silentio
3414 555 3721 622 pertulisse,
3756 571 3885 625 pro-

2328 650 2510 708 pterea
2552 642 2693 710 quod
2723 641 2984 710 eiusmodi
3040 642 3299 698 molestiis
3329 655 3547 699 assueto
3580 645 3713 699 nihil
3763 649 3885 701 novi

2331 740 2421 783 aut
2454 733 2805 802 inexspectati
2856 732 3099 786 accidere
3128 733 3413 789 videatur:
3446 744 3699 788 czeterum
3733 751 3884 804 spem

2338 826 2440 879 sibi
2468 826 2742 895 aﬂ‘ulgere,
2780 824 3150 878 Marcellianos
3181 841 3209 878 a
3242 841 3297 879 se
3331 825 3380 877 in
3407 826 3890 896 Ecclesiamagquis

2328 919 2720 972 conditionibus
2753 918 3036 971 adductum
3068 917 3152 970 iri.
3187 916 3311 973 [hec
3334 918 3588 973 discimus
3617 934 3682 973 ex
3724 922 3885 988 epist.

2326 1005 2451 1060 266.
2480 1006 2571 1061 llis
2600 1008 2799 1061 addere
2822 1020 3107 1073 possumus
3139 1008 3277 1073 quod
3311 1008 3638 1062 Sozomenus
3665 1009 3731 1077 (Ῑ)
3767 1025 3890 1062 nar-

2326 1106 2430 1159 rat,
2452 1094 2765 1149 Gerontium
2793 1094 3255 1149 Nicomediensem
3312 1098 3621 1165 episcopum
3657 1101 3724 1154 ab
3756 1099 3886 1154 Hel-

2326 1185 2468 1240 Iadio
2498 1185 2813 1240 Caesariensi
2863 1187 3173 1241 ordinatum
3216 1188 3397 1243 fuisse.
3438 1189 3587 1243 Adde
3614 1190 3773 1244 etiam
3808 1200 3889 1245 te-

2326 1276 2631 1330 stimonium
2696 1276 2939 1345 Gregorii
3007 1274 3327 1330 Nazianzeni
3362 1278 3461 1347 (g),
3488 1280 3576 1347 qui
3621 1280 3892 1348 quinqua-

2326 1366 2471 1433 ginta
2504 1366 2601 1418 sub
2650 1365 2845 1419 Basilio
2894 1367 3308 1432 cliorepiscopos
3366 1378 3629 1433 numerat,
3684 1370 3735 1421 id
3783 1382 3887 1431 est.

2326 1460 2629 1528 cpi-scapos,
2663 1470 2719 1511 ut
2751 1459 3094 1527 probavimus
3129 1460 3177 1511 in
3202 1458 3353 1513 Notis
3386 1462 3450 1512 ad
3480 1462 3762 1530 epistolam
3797 1464 3888 1518 53.

2328 1550 2615 1621 Conceptis
2655 1552 2835 1605 verbis
2871 1551 3201 1606 Sonmenus
3252 1549 3328 1618 (It)
3375 1550 3610 1606 Pantica:
3664 1555 3889 1609 dioecesi

2331 1642 2577 1696 attribuit
2638 1642 2896 1711 quidquid
2954 1661 2982 1695 a
3030 1639 3276 1711 Bithynis
3308 1641 3375 1695 ad
3422 1641 3709 1699 Armenios
3761 1660 3890 1714 per-

2333 1734 2485 1791 tinet.

2402 1847 2483 1901 Ill.
2541 1849 2843 1915 Quinetiam
2916 1858 3197 1917 postquam
3258 1848 3593 1919 Cappadocia
3646 1847 3699 1901 In
3758 1850 3896 1905 duas

2328 1937 2630 2004 provincias
2666 1939 2834 1991 divisa
2886 1938 3008 1998 fuit,
3044 1938 3327 2006 episcopus
3373 1938 3722 1992 Casariensis
3752 1940 3892 1990 ami-

2326 2031 2398 2082 sit
2428 2029 2638 2093 quidem
2690 2032 3100 2097 metropolitaua
3130 2029 3247 2098 iura
3273 2030 3324 2082 in
3358 2030 3644 2083 secundant
3686 2028 3899 2097 Cappa-

2328 2119 2556 2182 dociam,
2595 2119 2687 2171 sed
2722 2120 3005 2174 exarchica
3052 2122 3292 2174 retinuit.
3325 2118 3456 2172 Nam
3505 2118 3745 2173 Ecclesia
3795 2118 3898 2171 Na-

2328 2208 2607 2268 zianzena,
2661 2221 2780 2275 quae
2815 2208 3090 2276 metropoli
3148 2208 3417 2277 Tyanensi
3477 2210 3739 2263 attributa
3769 2207 3893 2271 luit,

2329 2296 2657 2349 nonidcirco
2686 2295 2842 2350 desiit
2885 2298 3225 2351 exarchicam
3270 2301 3646 2354 auctoritatem
3699 2302 3751 2355 in
3789 2304 3902 2369 epi-

2329 2385 2507 2453 scopis
2524 2384 2947 2439 Cmsariensibus
2975 2386 3228 2438 revereri.
3255 2386 3307 2439 Id
3330 2388 3628 2457 colligimus
3651 2406 3717 2444 ex
3739 2392 3899 2459 epist.

2333 2472 2402 2528 54
2431 2476 2672 2544 Gregorii
2705 2474 3051 2538 Nazianzeni,
3101 2476 3190 2544 qui
3227 2490 3349 2529 cum
3405 2480 3735 2533 sustinendis
3787 2481 3902 2549 epi-

2332 2568 2641 2637 scopalibus
2669 2569 2868 2622 muniis
2927 2569 3187 2637 imparem
3212 2584 3269 2623 se
3306 2568 3509 2622 videret
3538 2570 3604 2621 ob
3636 2586 3900 2626 summam

2332 2660 2576 2729 corporis
2603 2661 2955 2724 debilitatem,
2989 2661 3288 2715 Helladium
3322 2663 3707 2716 Caesariensem
3759 2675 3899 2727 orat,

2332 2760 2393 2806 ut
2425 2751 2630 2804 senium
2682 2767 2859 2816 suum,
2912 2753 3086 2807 dando
3120 2752 3378 2809 Ecclesiae
3406 2752 3762 2806 Nazianzena:
3790 2757 3903 2823 epi-

2333 2858 2517 2913 scopo,
2545 2844 2870 2897 consoletur.
2904 2842 3136 2898 Baronio
3159 2846 3375 2899 dubium
3415 2846 3634 2897 minime
3666 2843 3901 2907 videtur,

2332 2938 2462 3008 quin
2488 2937 2598 2991 haec
2620 2935 2840 3005 epistola
2870 2940 2937 2990 ad
2961 2936 3260 2991 Hell-adium
3286 2938 3667 2993 Caesariensem
3690 2938 3893 3004 scripta

2333 3030 2405 3082 sit
2434 3047 2446 3082 :
2481 3029 2574 3082 sed
2596 3029 2718 3081 inde
2742 3027 3011 3081 concludit
3045 3029 3280 3081 nondum
3309 3028 3615 3095 episcopum
3648 3026 3902 3094 Tyaneu-

2337 3131 2450 3170 sem
2479 3117 2888 3186 metropolitano
2914 3117 3036 3187 iure
3074 3117 3127 3171 itt
3157 3116 3395 3171 secunda
3436 3117 3777 3185 Cappadocia
3809 3128 3905 3182 po-

668 3204 1083 3273 praeclarissimo
1123 3209 1441 3267 argumento
1490 3201 1821 3263 lirmaretur,
1854 3198 1895 3252 si
1934 3214 2118 3253 verum
2149 3214 2235 3252 es-
2265 3192 2311 3254 C
2344 3208 2496 3259 titunt
2525 3220 2666 3268 esse,
2709 3221 2829 3257 cum
2874 3207 2987 3259 haec
3042 3208 3303 3261 scriberet
3346 3205 3661 3277 Gregorius.
3712 3204 3905 3259 Merito

670 3302 754 3346 set
787 3290 929 3359 quod
986 3294 1061 3345 ait
1102 3290 1463 3346 Gothofredus
1507 3290 1604 3359 (c),
1662 3288 1817 3343 Ponti
1859 3289 2140 3357 episcopos
2166 3288 2233 3341 ab

670 3401 736 3440 eo
768 3392 1095 3439 convocatos
1121 3382 1197 3453 (ά)
1233 3383 1297 3435 de
1330 3396 1476 3435 more
1511 3381 1575 3433 ad
1602 3382 1863 3451 synodum
1901 3382 2085 3435 fuisse.
2126 3379 2231 3436 Sed

670 3489 765 3529 eos
788 3476 850 3527 ad
869 3473 1129 3544 synodum
1152 3471 1370 3525 minime
1392 3484 1549 3523 vocat
1583 3492 1594 3525 :
1631 3472 1877 3523 hortatur
1912 3480 2143 3535 tantum,
2175 3481 2233 3525 ut

670 3565 1033 3619 intermissam
1068 3562 1325 3615 obeundae
1352 3561 1683 3615 celebritatis
1718 3558 1773 3613 S.
1795 3560 2074 3627 Enpsychii
2109 3577 2234 3614 con-

670 3656 1008 3723 suetudinem
1030 3652 1241 3708 tandem
1276 3653 1566 3721 aliquando
1586 3663 1883 3706 resumant.
1918 3652 2233 3721 Quanquam

670 3746 789 3802 haec
821 3747 934 3815 ipsa
957 3746 1291 3801 consuetudo
1325 3746 1535 3799 videtur
1554 3744 1987 3798 observationem
2005 3753 2060 3799 et
2082 3757 2235 3797 reve-

672 3839 902 3893 rentiam
939 3837 990 3890 in
1027 3836 1323 3890 Ecclesiam
1364 3836 1777 3901 Czcsariensem,
1820 3837 1952 3891 utin
1993 3852 2233 3891 commu-

673 3945 794 3983 nem
825 3938 1073 3995 matrem,
1107 3927 1380 3983 habuisse.
1433 3926 1538 3979 Sed
1572 3928 1774 3981 certius
1804 3927 1956 3980 nobis
2013 3928 2235 3982 rationis

674 4030 1005 4076 momentum
1055 4020 1358 4088 suppeditat
1407 4019 1682 4082 Atarbius,
1730 4018 2086 4074 Neoczesarea:
2115 4059 2128 4082 ,
2180 4031 2236 4073 ut

674 4112 859 4166 multis
912 4110 1226 4177 coniicimus
1268 4110 1500 4173 indiciis,
1539 4112 1841 4177 cpiscopus.
1884 4109 1933 4163 Is
1962 4125 2081 4164 cum
2137 4108 2237 4161 Ba-

676 4201 858 4255 silium
881 4202 1058 4254 media
1092 4201 1142 4252 iu
1179 4200 1422 4255 Ecclesia
1452 4200 1733 4255 acerrimis
1762 4198 2059 4254 maledictis
2092 4199 2237 4254 lace-

676 4299 874 4353 rasset,
909 4303 973 4345 ac
1004 4298 1259 4357 praeterea
1289 4288 1578 4341 Sahelliani
1604 4288 1805 4342 erroris
1851 4299 2235 4352 accusaretur;

679 4381 873 4434 scribit
896 4379 961 4433 ad
994 4392 1115 4432 eun:
1155 4377 1385 4431 Basilius
1416 4377 1507 4446 (e),
1542 4388 1598 4431 ut
1620 4376 1921 4431 Caesaream
1956 4378 2154 4442 veniat,
2188 4391 2239 4431 et

680 4471 746 4523 de
775 4469 937 4523 illatis
976 4469 1295 4523 criminibus
1334 4469 1675 4535 respondeat.

2340 3295 2583 3364 displicet
2612 3297 2722 3348 lucc
2757 3295 2935 3363 opinio
2976 3293 3317 3349 Tillemontio
3356 3313 3369 3360 ;
3407 3313 3469 3350 ac
3500 3299 3663 3349 alium
3723 3296 3903 3349 Caesa-

2342 3386 2503 3440 riensi
2543 3385 2837 3440 llelladium
2874 3385 3143 3455 intelligit,
3176 3395 3337 3438 unum
3391 3386 3621 3453 aliquem
3651 3387 3906 3441 videlicet

2340 3493 2402 3530 ex
2432 3478 2693 3547 episcopis
2718 3477 2969 3532 secundae
2998 3476 3369 3545 Cappadociae.
3414 3476 3516 3530 Sed
3551 3488 3772 3545 uterque
3803 3480 3906 3532 mi-

2341 3585 2442 3621 nus
2472 3569 2874 3633 animadvertit,
2904 3570 3254 3623 cxarchicum
3303 3567 3392 3637 ius
3422 3567 3674 3635 episcopo
3714 3564 3903 3621 Caesa-

2344 3658 2504 3710 riensi
2539 3659 2767 3711 ablatum
2802 3676 2907 3714 non
2936 3659 3100 3714 fuisse
3146 3661 3196 3713 in
3234 3660 3467 3714 secunda
3498 3657 3839 3727 Cappadocia
3874 3676 3891 3725 ;

2344 3761 2445 3805 nec
2495 3760 2714 3800 necesse
2751 3756 2835 3801 est
2861 3757 2954 3801 aut
2994 3749 3155 3801 alium
3203 3748 3523 3803 Caesariensi
3589 3747 3895 3803 Helladium

2342 3852 2462 3895 Cum
2492 3836 2831 3893 Tillcmoutio
2862 3838 3146 3907 suspicari,
3184 3851 3274 3891 aut
3307 3839 3631 3894 Nazianznm
3668 3840 3905 3894 nondum

2342 3931 2544 4000 'l‘yanis
2594 3930 2911 3984 attributum
2969 3944 3089 3982 cum
3149 3928 3377 3981 Baronio
3406 3928 3693 3999 coniicere.
3727 3927 3907 3981 Facile

2343 4024 2485 4075 cnim
2516 4022 2831 4090 intelligitur
2850 4037 3035 4076 curam
3069 4019 3329 4077 Ecclesiae
3353 4019 3669 4088 iamdudum
3705 4020 3908 4085 episco-

2344 4123 2411 4175 po
2445 4111 2613 4162 viduze
2636 4122 2690 4163 et
2724 4110 2789 4163 ab
2814 4112 3081 4165 haereticis
3132 4112 3375 4171 turhatze,
3406 4106 3580 4177 qualis
3614 4115 3740 4159 tunc
3782 4116 3904 4159 erat

2346 4196 2583 4251 Ecclesia
2617 4198 2981 4263 Nazianzena,
3016 4200 3284 4269 praecipue
3319 4199 3536 4266 quidem
3565 4204 3618 4249 et
3662 4194 3907 4263 proximo

2345 4291 2410 4344 ad
2440 4289 2908 4354 metropolitanum
2966 4303 3268 4360 spectasse,
3308 4292 3404 4346 sed
3440 4301 3615 4343 tamen
3670 4286 3904 4351 aliquam

2344 4380 2504 4448 huius
2547 4378 2923 4432 sollicitudinis
2983 4394 3188 4448 partem
3217 4382 3282 4435 ad
3311 4381 3604 4434 exarcbum
3657 4373 3900 4427 rediisse.

2347 4471 2503 4525 Certe
2536 4468 2753 4528 dubium
2796 4483 2915 4523 esse
2966 4487 3070 4524 non
3120 4481 3313 4538 potest,
3364 4473 3490 4539 quin
3526 4485 3585 4524 se
3634 4464 3906 4520 Ilelladius

748 4558 865 4628 Ipsa
902 4562 1063 4613 etiam
1095 4558 1305 4613 Galatia
1358 4557 1733 4613 auctoritatem
1787 4558 2041 4616 Ecclesiae
2068 4558 2244 4613 Ctesa-
2278 4551 2317 4604 D
2347 4557 2693 4612 Caesariensis
2747 4559 2799 4612 in
2847 4558 2948 4611 hoc
2991 4560 3259 4625 negotium
3320 4560 3719 4631 interposuerit.
3768 4563 3903 4618 Eum

680 4652 875 4705 riensis
908 4650 1157 4704 reverita.
1184 4650 1419 4703 Marcelli
1464 4649 1717 4718 discipuli
1753 4664 1873 4702 cum
1914 4652 2239 4721 petiissenta

678 4744 903 4809 Basilio,
931 4753 991 4796 ut
1034 4742 1087 4795 in
1144 4742 1436 4795 Ecclesiam
1489 4742 1875 4810 reciperentur,
1921 4757 2017 4795 nec
2061 4743 2241 4796 statim

681 4834 1059 4900 impetrassent
1096 4832 1237 4900 quod
1274 4829 1547 4893 volebant,
1580 4833 1702 4897 quia
1761 4848 1846 4885 res
1902 4832 2080 4901 magni
2128 4846 2243 4883 mn-

682 4926 847 4977 menti
884 4932 1021 4986 erat,
1053 4938 1116 4976 ac
1155 4936 1360 4989 magna:
1408 4920 1846 4984 deliberationis;
1879 4920 2242 4988 confugerunt

683 5012 751 5067 ad
788 5013 1123 5066 confessores
1140 5009 1422 5080 Aigyptios
1449 5011 1500 5063 in
1531 5008 1811 5061 Palaestina
1840 5008 2073 5071 casules,
2101 5010 2242 5063 etab

682 5106 761 5161 eis
790 5104 843 5156 in
872 5103 1304 5156 communionem
1364 5102 1562 5168 recepti
1599 5112 1742 5153 sunt.
1777 5099 1969 5153 Petrus
2001 5100 2241 5153 Alexan-

684 5198 893 5261 drinus,
925 5195 1014 5265 qui
1046 5194 1229 5248 Romze
1257 5194 1597 5256 versabatur,
1630 5191 1823 5245 factam
1858 5192 2054 5247 Basilio
2072 5194 2243 5247 doluit

686 5287 958 5357 iniuriam,
988 5300 1152 5353 seque
1183 5285 1367 5340 mirari
1391 5283 1584 5340 Basilio
1603 5282 1944 5353 signiﬁcavit,
1967 5286 2106 5354 quod
2135 5302 2238 5339 non

760 5470 837 5531 (α)
873 5468 1039 5532 Epist.
1079 5467 1201 5530 120,
1236 5465 1359 5527 121,
1388 5465 1509 5518 122.

761 5537 835 5609 (b)
875 5536 1123 5609 esset,
1148 5537 1272 5601 228,
1310 5536 1589 5609 229.350.

787 5616 833 5673 ε)
876 5608 1245 5677 βοάεΤΙιευιΙ.
1282 5620 1410 5662 tom.
1438 5606 1523 5672 Vl,
1550 5625 1602 5677 p.
1636 5608 1717 5667 12,

787 5681 841 5741 d)
881 5676 973 5745 Ep.
1009 5676 1133 5728 ι252.

765 5745 831 5815 (θ’)
871 5748 963 5800 En.
1007 5745 1127 5801 1⁸26.

2348 4652 2487 4704 enim
2550 4652 2860 4709 nominatim
2906 4652 3110 4704 incusat
3147 4652 3437 4722 Gregorius
3485 4654 3536 4705 in
3591 4653 3746 4721 epist.
3778 4656 3903 4721 29.5,

2348 4740 2487 4807 quod
2504 4741 2679 4796 obstet
2696 4742 3025 4795 ordinationi
3042 4744 3269 4813 episc0pi
3292 4746 3341 4796 in
3361 4743 3595 4796 Ecclesia
3614 4744 3903 4807 Naaianze~

2348 4843 2413 4880 na
2449 4847 2462 4894 ;
2522 4832 2679 4899 idque
2714 4846 2819 4884 non
2848 4832 3076 4896 spiritali
3121 4832 3363 4896 consilio,
3398 4832 3491 4885 sed
3536 4836 3903 4890 contentionis

2348 4925 2548 4984 studio,
2582 4938 2680 4977 nec
2710 4924 2775 4975 ad
2805 4937 3068 4977 canonum
3105 4924 3493 4991 defensionem,
3528 4927 3621 4980 sed
3668 4928 3736 4981 ad
3768 4928 3901 4980 iram

2346 5014 2687 5081 explendam.
2728 5013 2912 5081 Neque
2967 5018 3127 5070 etiam
3187 5015 3413 5070 Basilius
3467 5016 3691 5071 llelladti
3723 5018 3903 5073 doces-

2351 5120 2439 5155 sor
2471 5119 2657 5156 curam
2717 5104 2917 5171 abiecit
2953 5106 3207 5162 Ecclesiae
3236 5104 3608 5161 Nazianzenat.
3641 5105 3775 5160 Cum
3810 5123 3901 5159 ve-

2351 5193 2892 5260 nissetNazianzum,
2927 5210 2984 5252 ut
3032 5208 3244 5253 mortuo
3287 5197 3540 5267 Theologi
3583 5202 3718 5267 patri
3756 5200 3900 5267 iusta

2348 5288 2707 5356 persolveret,
2740 5300 2892 5359 rogat
2942 5307 3061 5347 eum
3108 5292 3399 5363 Gregorius
3445 5290 3541 5361 (ἱ),
3596 5302 3652 5345 ut
3686 5305 3899 5362 gregem

2425 5470 2491 5537 (Γ)
2534 5471 2647 5524 Lib.
2686 5486 2803 5531 vni,
2834 5486 2881 5523 c.
2916 5472 2966 5525 (ἶ.

2428 5544 2500 5607 (g)
2541 5544 2719 5593 Carm.
2757 5542 2803 5591 1.

2425 5610 2501 5677 (Ii)
2544 5609 2659 5663 Lib.
2690 5625 2783 5675 vtt,
2811 5628 2855 5664 c.
2890 5612 2939 5664 9.

2427 5680 2487 5750 (ἱ)
2526 5681 2611 5733 Ur.
2647 5678 2728 5734 19.
