4068 6320
1459 380 1612 437 VITA
1652 382 1708 436 Β.
1744 381 2009 439 BASlLu.
3260 406 3349 448 ut

146 484 519 539 Nazianzenum
576 486 906 557 consoletur,
953 505 1135 545 curam
1179 491 1228 546 el
1277 506 1428 547 suam
1482 506 1547 548 ac
1593 494 1689 548 du-
1718 498 1766 558 Α
1791 493 2095 560 obtinuisse,
2124 502 2173 549 et
2200 510 2303 549 una
2326 510 2447 549 cum
2477 493 2571 550 illo
2595 493 2784 550 Basilii
2807 497 3023 567 fratrem
3047 496 3353 571 Gregorium

147 589 270 632 ctum
312 580 717 647 promittendo:
753 581 929 651 Ἦμᾶς
965 583 1062 653 μὲν
1091 581 1233 638 οὕτω
1288 582 1693 657 παραμυθήσῃ·

152 668 232 737 τὴν
254 666 483 738 ποίμνην
506 668 565 722 δὲ
596 668 745 738 πῶςς
778 671 991 743 πρῶτον
1034 671 1153 745 μὲν,
1192 672 1288 745 τὴν
1329 672 1426 744 σὴν
1464 674 1697 745 ὑποσχό-

155 777 290 831 μενος
320 761 647 816 ἐπιστασίαν
680 764 770 817 καὶ
799 765 1110 835 ἠγεμονίαν,
1144 757 1204 818 οὗ
1235 768 1367 821 πᾶσι
1396 766 1556 822 καλὸν
1591 766 1696 820 ὑπὸ

150 854 232 915 τὰς
257 854 531 922 πτέρυγας
583 856 979 919 ἀναπαύεσθαι.
1028 858 1123 911 καὶ
1170 851 1230 911 οὗ
1290 858 1533 929 διψῶμεν
1595 862 1696 929 τῆς

148 947 311 1016 φωνῆς
341 948 563 1018 μᾶλλον,
593 950 627 1022 ἢ
660 950 839 1020 πηγῆς
869 950 968 1021 τῆς
1012 951 1422 1023 καθαρωτάτης,
1475 952 1523 1004 οἱ
1550 951 1693 1023 δίψει

146 1042 451 1111 κάμνοντες.
480 1043 553 1097 Ac
585 1061 678 1099 nos
714 1045 923 1113 quidem
966 1047 1034 1099 ad
1058 1046 1195 1099 hunc
1218 1046 1429 1099 modum
1448 1044 1694 1099 consola-

144 1134 265 1186 beris
289 1148 309 1187 :
352 1150 583 1204 quonam
621 1143 797 1189 autem
854 1144 1009 1203 pacto
1064 1137 1315 1206 gregem?
1368 1134 1609 1189 Primum
1649 1137 1694 1191 si

140 1238 310 1275 curam
349 1236 497 1278 tuam
546 1234 593 1277 et
634 1225 846 1277 ductum
888 1227 1179 1295 tuum'tltoc
1211 1236 1289 1279 est
1314 1225 1425 1295 ejus
1448 1228 1567 1295 uiri,
1598 1228 1691 1281 sub

142 1314 279 1380 cujus
306 1317 491 1381 pennis
523 1315 841 1384 requiescere
881 1318 1115 1369 omnibus
1148 1316 1425 1385 pulchrum
1466 1334 1527 1370 ac
1557 1334 1693 1387 pra!-

143 1406 331 1457 clarum
367 1416 463 1469 est,
493 1417 539 1459 et
563 1407 716 1474 cujus
753 1424 921 1461 vocem
952 1411 1118 1477 magis
1145 1409 1375 1480 sitimus,
1414 1427 1571 1479 quam
1593 1427 1692 1480 pu-

144 1496 367 1548 rissimos
408 1494 596 1563 fontes,
617 1497 677 1560 ii,
710 1498 800 1565 qui
839 1499 925 1551 siti
950 1496 1215 1568 laborant)
1248 1514 1351 1551 non
1389 1499 1693 1566 defuturum

142 1585 451 1654 pollicearis.
502 1586 761 1642 Redeunti
800 1603 832 1641 e
878 1587 1044 1642 Ponto
1080 1603 1221 1642 anno
1250 1588 1375 1655 375,
1406 1604 1527 1644 cum
1556 1604 1693 1642 nun-

143 1676 261 1727 tiata
301 1685 447 1730 esset
477 1678 753 1746 repentina
778 1677 1023 1745 Gregorii
1072 1678 1335 1734 discessio
1357 1720 1372 1745 ,
1400 1680 1611 1733 videtur
1639 1680 1690 1733 id

148 1767 361 1821 moleste
390 1768 574 1824 tulisse
597 1809 611 1834 ,
639 1784 801 1837 seque
822 1808 837 1832 ,
865 1768 933 1821 ob
972 1768 1116 1823 hunc
1166 1770 1495 1839 inopinatum
1527 1783 1688 1824 even-

1795 583 2093 653 episcopuns
2141 582 2367 656 Νεμεαν,
2407 594 2457 641 et
2500 584 2739 640 Otreium
2766 589 3061 657 episcoPum
3103 588 3354 648 Helitinc

1795 676 1850 729 in
1874 676 2144 742 Armenia,
2181 689 2288 731 etc.

1866 763 1971 821 Sed
2012 766 2129 821 haec
2160 767 2291 821 tanti
2325 781 2447 823 esse
2488 782 2594 822 non
2633 768 2864 836 debent,
2899 778 2958 824 ut
2989 768 3057 825 de
3086 773 3354 826 rationum

1799 856 2106 920 momentis,
2140 871 2274 925 quas
2305 858 2372 912 ad
2411 856 2841 927 jurisdictionem
2876 859 3131 916 Ecclesia:
3171 860 3354 917 Casa-

1795 947 1989 1001 riensis
2027 946 2323 1012 attulimus,
2372 948 2663 1017 quidquam
2706 949 3006 1005 detrahant.
3043 950 3097 1003 1·
3138 950 3356 1008 Minime

1795 1038 2011 1103 mirum,
2070 1039 2114 1093 si
2165 1041 2402 1109 synodus
2445 1040 3041 1111 Constantinopolitana
3089 1045 3260 1098 sancit
3296 1052 3355 1098 ut

1794 1129 2083 1201 Egyptum
2115 1136 2400 1200 episcopus
2421 1132 2817 1188 Alexandrinus
2845 1145 3017 1203 regat,
3053 1135 3357 1204 dexpisco-

1794 1223 1876 1290 pis
1906 1232 2082 1275 autem
2136 1223 2420 1293 Ephesinis
2459 1235 2515 1279 et
2556 1224 2979 1281 Cazsariensibus
3012 1227 3151 1281 idem
3181 1229 3354 1283 nomi-

1795 1312 1964 1364 natim
2008 1327 2113 1365 non
2163 1315 2371 1368 statuit.
2418 1314 2575 1369 Ratio
2611 1314 2937 1370 discriminis
2982 1315 3033 1370 in
3082 1329 3351 1387 promptu.

1793 1398 1957 1453 Multo
2008 1402 2179 1468 major
2232 1412 2351 1457 erat
2398 1404 2698 1459 auctoritas
2739 1405 2974 1475 episcopi
3007 1406 3352 1462 Alexandrini

1796 1492 1849 1545 in
1893 1491 2148 1563 Egypto,
2198 1509 2359 1563 quam
2417 1497 2791 1563 episcoporum
2853 1496 3239 1566 Ephesinorum
3299 1510 3355 1555 et

1792 1581 2201 1637 Caesariensium
2262 1585 2313 1637 in
2371 1585 2696 1639 dioecesibus
2736 1587 2881 1641 Asia:
2914 1598 2969 1641 et
3015 1587 3264 1653 Ponticae,
3299 1588 3351 1642 in

1793 1673 1985 1740 quibus
2028 1676 2566 1745 metropolitanorum
2604 1679 2893 1731 auctoritas
2922 1677 3350 1744 jurisdictionent

1792 1765 2009 1818 exarchi
2041 1767 2241 1820 arctius
2268 1770 2550 1823 coercebat
2594 1790 2606 1826 :
2638 1770 2780 1839 quod
2810 1770 2860 1823 in
2889 1768 3123 1840 Egypto
3151 1772 3351 1827 factum

145 1860 362 1929 tum(a),
387 1876 610 1916 necesse
645 1835 947 1914 habiturum
976 1835 1535 1929 putabaanzianzum
1562 1877 1685 1928 pro-
1718 1835 1762 1893 Β
1793 1852 1954 1907 luisse
2008 1871 2111 1909 non
2149 1856 2382 1912 videtur.
2417 1858 2492 1911 lbi
2520 1835 2674 1912 enimﬁ
2699 1860 2789 1914 vix
2828 1859 2920 1914 ulli
2964 1835 3211 1915 ridentur
3256 1876 3355 1917 ex-

146 1949 322 2002 ficisci.
368 1950 536 2004 Porro
578 1965 681 2003 non
727 1948 828 2001 alia
872 1964 991 2004 esse
1047 1955 1221 2020 potuit
1269 1952 1426 2019 hujus
1479 1952 1688 2009 itineris

147 2040 464 2108 suscipiendi
516 2052 717 2103 causa,
773 2040 874 2093 nisi
929 2048 987 2094 ut
1037 2039 1291 2097 Ecclesia:
1342 2042 1690 2100 Nazianzenas

148 2133 461 2199 provideret.

211 2218 293 2274 IV.
335 2218 559 2272 Frustra
614 2219 870 2288 objicitur
927 2221 1323 2282 Caesariensem
1382 2228 1687 2297 episcopum

148 2311 247 2362 sedi
296 2307 901 2379 Constantinopolitanze
930 2314 1225 2381 subjectum
1266 2315 1477 2371 luissea
1514 2316 1691 2371 conci-

153 2398 213 2451 lio
256 2396 697 2454 Chalcedonensi.
744 2400 1044 2468 Quinetiam
1090 2414 1214 2458 ante
1263 2406 1364 2460 hoc
1407 2406 1688 2460 concilium

147 2488 367 2555 episcopi
422 2489 999 2560 Constantinopolitani
1039 2494 1466 2562 jurisdictionem
1534 2513 1686 2551 suam

148 2577 191 2629 in
227 2578 362 2633 Asia:
391 2591 448 2634 et
494 2579 731 2636 Ponticae
784 2583 1044 2637 dioeceses
1083 2586 1441 2640 extenderunt
1480 2606 1493 2641 :
1538 2588 1689 2656 cujus

150 2670 345 2737 quidem
376 2674 454 2725 rei
485 2674 651 2726 multa
686 2684 897 2727 exstant
922 2676 1164 2744 exempla
1190 2679 1241 2730 in
1259 2679 1399 2733 Asia:
1433 2680 1689 2750 dimcesi;

146 2762 253 2813 illud
269 2772 443 2816 autem
463 2764 514 2815 in
534 2762 752 2817 Pontica
770 2764 995 2834 insigne,
1010 2769 1147 2835 quod
1164 2769 1261 2840 (ὁ),
1281 2784 1489 2825 mortuo
1508 2772 1692 2829 Firmo

147 2853 442 2908 Caesariensi
468 2856 723 2924 episcOpo
743 2896 759 2921 ,
788 2858 1152 2916 Cassarienses
1187 2879 1215 2915 a
1248 2862 1305 2917 S.
1337 2863 1525 2918 Proclo
1553 2863 1692 2919 Con-

144 2942 605 3012 stantinopolitano
622 2946 931 3017 episcopum
967 2950 1252 3019 petierunt,
1291 2951 1440 3019 isque
1465 2952 1688 3007 Thalas-

147 3033 263 3087 sium
294 3036 455 3105 elegit
474 3048 531 3094 et
559 3039 848 3095 ordinavit.
884 3039 1130 3106 Frustra,
1166 3040 1405 3109 inquam,
1428 3041 1541 3098 haec
1557 3043 1690 3113 obji-

146 3122 354 3179 ciantur.
378 3126 513 3180 Nam
546 3144 611 3182 ex
632 3129 718 3183 his
741 3130 955 3197 quidem
990 3140 1133 3183 recte
1168 3131 1436 3203 colligitur
1475 3136 1684 3205 episco-

146 3226 228 3277 pos
273 3213 631 3273 Caesarienscs
654 3233 707 3272 et
734 3218 1024 3287 Ephesinos
1047 3236 1150 3275 non
1175 3232 1335 3280 tanta:
1356 3230 1685 3285 auctoritatis

150 3302 334 3372 luisse,
390 3319 607 3377 quanta:
644 3308 1007 3367 Antiochenos
1062 3324 1117 3368 et
1158 3315 1584 3386 Alexandrinos,
1632 3331 1689 3374 ut

146 3410 309 3452 eorum
338 3398 461 3467 jura
528 3402 844 3457 immensam
896 3406 1263 3474 episcoporum
1308 3406 1683 3463 Constantino—

152 3490 490 3555 politanorum
546 3506 863 3564 potestatem
926 3496 1240 3567 etlngerent.
1303 3501 1373 3554 At
1413 3500 1524 3557 haec
1565 3500 1685 3566 jura

148 3596 396 3652 nunquam
456 3602 551 3643 eos
590 3589 860 3653 habuisse,
908 3591 1177 3645 immerito
1205 3605 1434 3659 prorsus
1475 3591 1688 3661 colliga-

151 3681 245 3723 lUI'.

208 3759 303 3815 Sed
354 3764 444 3833 qui
499 3765 841 3820 exarchicnm
908 3766 994 3836 jus
1060 3768 1380 3827 Caesariensi
1440 3775 1687 3843 episcopo

149 3851 407 3923 deuega’nt,
441 3856 659 3911 decreto
707 3861 895 3931 synodi
934 3865 1291 3919 mcumenicas’
1330 3868 1576 3917 secunda:
1608 3868 1689 3918 ni-

150 3950 332 4012 tuntur,
362 3962 484 4016 qua
520 3965 729 4005 canone
762 3954 797 4003 ‘2
844 3950 1120 4009 Ponticam
1147 3954 1421 4009 dioecesim
1457 3971 1560 4008 non
1598 3958 1686 4009 uni

152 4039 365 4095 exarcho
411 4042 695 4105 attribuit,
744 4052 800 4094 ut
832 4042 1121 4114 Egyptum
1167 4047 1418 4116 episc0po
1456 4048 1687 4102 Alexan-

148 4124 280 4190 ἀπίω,
306 4131 392 4183 sed
424 4134 603 4186 sancit
640 4143 693 4183 ut
721 4132 931 4186 Asiana:
974 4135 1245 4189 diceceseos
1284 4137 1505 4205 episcopi
1537 4139 1689 4192 Asia-

150 4236 257 4273 aam
282 4232 484 4278 tantum
512 4227 816 4297 gubernent,
850 4244 938 4281 nec
960 4243 1060 4281 non
1089 4238 1138 4281 et
1162 4226 1394 4284 Ponticae
1416 4231 1688 4286 dimceseos

148 4330 200 4364 ea
229 4323 419 4367 tantum
452 4334 569 4385 qua:
608 4321 676 4371 ad
711 4317 988 4373 Ponticam
1020 4320 1285 4373 dioecesim
1319 4326 1611 4392 pertinent:
1641 4334 1687 4376 et

150 4402 368 4460 Thracia
396 4424 458 4459 ea
500 4418 701 4459 tantum
734 4427 850 4478 qua:
874 4410 1109 4466 Thracia:
1133 4420 1275 4473 sunt,
1302 4416 1684 4469 administrent.

150 4492 299 4552 Favet
332 4500 452 4552 huic
480 4501 760 4552 sentcntia-
792 4501 1078 4567 Socrates,
1112 4504 1201 4574 qui
1249 4504 1521 4572 Helladio,
1550 4505 1683 4561 Gre-
1719 4540 1765 4598 ο

148 4587 284 4649 gorio
321 4589 559 4660 Nysseno
596 4600 650 4651 et
690 4589 869 4646 Otreio
904 4609 1008 4647 non
1044 4594 1531 4650 extraordinarium
1583 4598 1682 4649 ali-

148 4678 275 4745 quod
307 4697 493 4737 munus
526 4698 554 4735 a
581 4680 787 4752 synodo
813 4686 1158 4740 commissum
1183 4687 1367 4747 fuisse,
1400 4690 1492 4741 sed
1520 4689 1684 4756 juris—

149 4768 416 4825 dictionem
444 4776 496 4828 in
529 4773 748 4828 Pontica
790 4775 1010 4831 dioecesi
1041 4776 1387 4848 gubernanda
1433 4781 1681 4835 traditam

148 4860 424 4916 existimat.
455 4866 547 4919 Ait
580 4866 720 4920 eititn
764 4865 839 4936 (ε)
881 4868 1019 4923 hanc
1067 4872 1329 4939 synodum
1357 4870 1681 4936 patriarchas

149 4956 456 5008 constituisse
485 4960 869 5023 provinciarum
900 4959 1039 5025 facta
1062 4961 1317 5015 divisione
1336 5003 1349 5027 ,
1379 4964 1451 5014 ita
1480 4972 1537 5015 ut
1565 4965 1683 5016 nul-

148 5046 218 5099 lus
244 5048 505 5113 episcopus
536 5050 681 5103 ultra
705 5051 971 5118 prapriam
1000 5052 1258 5106 ditecesim
1289 5054 1483 5107 alienas
1508 5054 1690 5109 Eccle—

148 5136 241 5184 sias
269 5135 551 5189 invaderet.
588 5134 654 5188 Id
686 5156 821 5191 enim
860 5149 1011 5192 antea
1041 5152 1241 5211 propter
1288 5143 1691 5211 persecutionem

147 5227 421 5289 promiscue
450 5229 647 5297 factum
691 5231 882 5297 fuerat.
914 5231 985 5283 Ac
1018 5230 1320 5286 Nectarium
1360 5238 1565 5304 quidem
1607 5254 1689 5291 re-

147 5318 272 5379 giam
329 5320 499 5371 urbem
544 5331 590 5373 et
644 5317 880 5374 Thracia:
934 5322 1222 5390 provincias
1271 5325 1509 5375 sortitum
1541 5342 1689 5381 esse:

152 5397 446 5453 lit-[ladium
474 5419 611 5468 vero,
638 5404 729 5471 qui
763 5403 1010 5457 Cmarew
1032 5407 1375 5473 Cappadociae
1397 5420 1507 5477 post
1536 5409 1683 5463 Basi-

148 5488 265 5541 lum
296 5502 406 5543 erat
437 5492 729 5560 episwpus,
762 5492 993 5547 Pontira:
1014 5495 1244 5551 diu'cesis
1270 5498 1682 5565 patrium/ratum

211 5714 284 5781 (α)
328 5713 420 5783 Ep.
448 5718 567 5769 ‘2”.

212 5786 281 5855 (θ’)
321 5785 523 5844 Socrat.
559 5788 646 5843 lib.
687 5803 783 5852 vn,
815 5804 859 5841 (ε.
888 5788 969 5841 $3.

1793 1946 2000 1999 stitisse
2035 1947 2454 2017 metropolitani.
2474 1947 2532 2001 2ο
2553 1947 2888 2018 Pr0positum
2924 1965 3027 2005 non
3053 1959 3171 2005 erat
3198 1965 3357 2020 syno-

1791 2037 1859 2090 do
1907 2038 1957 2090 iu
2011 2036 2111 2091 hoc
2155 2039 2390 2093 secundo
2428 2053 2634 2094 canone
2685 2041 2752 2094 de
2807 2042 2971 2095 variis
3015 2043 3066 2097 in
3115 2059 3356 2112 unaqua—

1790 2144 1897 2199 qnc
1938 2130 2158 2184 dioecesi
2186 2132 2507 2200 dignitatum
2538 2134 2789 2200 gradibus
2816 2143 3084 2190 statuere:
3113 2136 3205 2191 sed
3235 2152 3357 2207 pro-

1794 2220 1976 2272 hibere
2005 2234 2073 2273 ne
2112 2220 2165 2273 in
2221 2222 2424 2275 alienas
2474 2222 2739 2279 dimeeses
2778 2224 3057 2293 quisquam
3096 2242 3217 2281 sese
3253 2228 3353 2281 ob-

1794 2313 2046 2365 trnderet.
2092 2310 2187 2366 Cui
2219 2314 2434 2381 quidem
2468 2318 2660 2369 canoni
2701 2332 2803 2370 non
2842 2318 3084 2372 videntur
3107 2317 3352 2374 occasio-

1792 2410 1909 2448 nem
1942 2395 2156 2451 dedisse
2195 2396 2564 2454 ordinationes
2609 2402 3000 2468 persecutionis
3047 2411 3282 2471 tenipore
3321 2417 3352 2457 ι

1792 2485 1849 2540 S.
1903 2486 2130 2540 Eusebio
2175 2497 2229 2542 et
2276 2489 2394 2542 aliis
2442 2492 2702 2558 ejusmodi
2733 2495 3193 2560 prmstantissimis
3225 2496 3356 2550 viris

1790 2576 1979 2646 factae;
2017 2580 2111 2634 scd
2156 2582 2329 2649 potius
2360 2581 2632 2651 illegitima
2674 2582 2889 2637 Maximi
2931 2600 3028 2655 per
3067 2586 3348 2657 episcopos

1794 2686 1822 2725 a
1857 2670 2013 2725 Petro
2038 2671 2408 2727 Alexandrino
2441 2673 2635 2728 missos
2658 2675 2945 2729 ordinatio.

1869 2761 2017 2827 Quod
2047 2769 2255 2829 spectat
2286 2762 2349 2815 ad
2379 2761 2691 2828 Socratem;
2723 2775 2865 2819 totus
2892 2774 3039 2820 errat
3068 2766 3170 2821 hoc
3200 2765 3318 2823 loco
3338 2810 3354 2834 ,

1792 2859 1990 2906 etcum
2038 2852 2272 2907 secundo
2323 2868 2531 2907 canone
2582 2854 2863 2909 confundit
2918 2857 3061 2910 aliud
3114 2856 3353 2924 ejusdem

1792 2944 1977 3013 synodi
2020 2943 2319 3011 decretum,
2350 2959 2499 3014 quae,
2534 2955 2593 2999 ut
2628 2948 2840 3001 tandem
2868 2947 3157 3017 aliquando
3183 2947 3354 3001 here-

1795 3036 1881 3089 tici
1910 3046 2322 3090 secernerentur
2347 3052 2375 3089 a
2410 3037 2710 3100 catholicis,
2736 3048 2918 3093 centra
2943 3040 3185 3113 quietiam
3208 3053 3356 3092 com-

1794 3125 2061 3179 munionis
2108 3125 2341 3179 instituit
2366 3126 2417 3180 in
2454 3127 2680 3197 singulis
2731 3129 3093 3193 dioecesibus,
3143 3137 3197 3182 et
3234 3142 3358 3198 spe-

1788 3219 2116 3273 certissimos
2141 3219 2417 3289 episcopos
2442 3220 2621 3289 elegit,
2651 3220 2966 3290 quibuscum
2988 3225 3078 3291 qui
3104 3235 3350 3276 commu-

1789 3313 2070 3379 nit-arent,
2117 3327 2209 3367 eos
2249 3327 2344 3381 pro
2398 3312 2677 3366 catholicis
2722 3313 2908 3367 haberi
2954 3314 3143 3377 voluit,
3197 3328 3356 3369 secus

1791 3418 1936 3466 vero,
1970 3404 2013 3455 si
2048 3416 2233 3455 eorum
2268 3412 2516 3456 carerent
2540 3404 2939 3459 communione.
2971 3404 3050 3459 Ad
3077 3405 3349 3460 decretum

1787 3491 1977 3558 synodi
2019 3492 2245 3547 accessit
2285 3492 2367 3546 lex
2403 3490 2706 3557 Theodosii,
2741 3508 2858 3561 quae
2896 3500 3074 3547 exstat
3108 3492 3200 3547 lib.
3261 3508 3353 3551 xvt

1789 3579 1922 3634 Cod.
1967 3579 2193 3645 Theod.,
2243 3583 2323 3635 tit.
2356 3582 2407 3634 l.
2460 3581 2566 3635 Sed
2615 3596 2787 3651 neque
2840 3581 2941 3636 hac
2989 3582 3149 3651 lege,
3183 3596 3358 3653 neque

1787 3671 1974 3723 svnodi
2008 3670 2229 3723 decreto
2259 3670 2468 3725 videtur
2494 3670 2601 3725 ulla
2630 3673 2894 3741 episcopis
2920 3673 3174 3727 attributa
3194 3674 3356 3741 juris-

1789 3759 1972 3813 dictio.
2010 3758 2143 3815 Nam
2174 3761 2467 3832 Gregorius
2504 3762 2796 3834 Nyssenus,
2828 3764 2917 3833 qui
2949 3778 3130 3830 parem
3154 3765 3256 3819 sibi
3288 3780 3352 3825 ac

1789 3848 2033 3905 llclladio
2058 3850 2377 3907 Caesariensi
2406 3853 2629 3908 honoris
2651 3854 3064 3924 praerogativam
3094 3870 3122 3907 a
3151 3858 3354 3927 synodo

1789 3940 2015 3995 delatam
2062 3952 2311 4009 testatur,
2363 3943 2553 4013 inquo
2610 3948 2816 4014 positus
2852 3945 3016 4001 fuerit
3060 3946 3147 4000 ille
3179 3949 3355 4001 honor

1787 4033 1966 4098 statim
2010 4034 2259 4103 exponit,
2291 4036 2415 4089 dum
2454 4039 2528 4091 ait
2572 4036 2649 4109 (d)
2689 4057 2702 4091 :
2748 4038 2944 4108 μᾶλλον
2983 4037 3041 4091 δὲ
3077 4039 3357 4111 ἡφροντὶς

1787 4124 1885 4193 τῆς
1934 4125 2044 4179 τῶν
2096 4128 2289 4179 κοινῶν
2334 4129 2670 4200 διορθώσεως
2725 4130 2783 4183 ὲν
2825 4130 2902 4201 τῷ
2935 4130 2996 4183 τὸ
3045 4132 3156 4184 ἴσον
3191 4131 3354 4201 ἔχειν.

1800 4214 1887 4270 γει
1921 4220 2089 4285 potius
2130 4222 2404 4274 commissa
2440 4222 2583 4273 nobis
2622 4238 2749 4275 cura
2788 4224 3138 4276 communium
3177 4240 3352 4277 reruns

1788 4312 2257 4378 emendandm'ttm,
2292 4316 2361 4365 ita
2398 4324 2452 4365 ut
2494 4313 2771 4381 inferiores
2811 4315 3060 4370 Helladio
3085 4334 3187 4371 non
3212 4335 3353 4373 esse-

1788 4417 1925 4454 mus.
1996 4401 2143 4456 Nihil
2188 4418 2315 4471 ergo
2365 4406 2591 4458 mutavit
2636 4408 2867 4478 synodus
2904 4406 3356 4476 injurisdictione

1790 4494 2110 4547 ordinaria:
2175 4496 2265 4548 sed
2321 4500 2698 4552 auctoritatem
2750 4502 3234 4555 extraordinariam
3286 4505 3354 4557 ad

1796 4586 2099 4640 communia
2156 4587 2413 4645 Ecclesiae
2477 4592 2688 4659 negotia
2758 4594 3025 4649 nonnullis
3090 4595 3357 4666 episcopis

1789 4679 2054 4732 attribuit.

2384 4790 2608 4845 CAPUT
2648 4793 2764 4849 XV.

1795 4880 1833 4932 Ι.
1865 4877 2062 4954 _I_3asi_lii
2092 4900 2217 4935 cura
2259 4894 2305 4935 et
2348 4883 2650 4954 sollicitudo
2696 4888 2751 4938 in
2804 4888 3041 4941 Ecclesia
3097 4888 3346 4954 regenda.

1865 4948 1927 5023 ll,
1976 4950 2065 5023 Ei_
2094 4969 2237 5004 eceus
2263 4952 2508 5023 ordinato
2533 4956 2816 5023 Gregorius
2840 4959 3017 5011 adesse
3040 4948 3348 5022 tionpotest.

1866 5019 1948 5075 Ill.
2032 5020 2218 5076 Scribit
2290 5021 2518 5075 Basilius
2587 5019 2658 5077 ml
2722 5038 2962 5078 sanctum
3042 5019 3348 5080 Eusebium.

1866 5090 1963 5172 IV:
2002 5092 2464 5172 Ejustlenrlitte‘ra':
2491 5095 2558 5146 ad
2597 5110 2690 5172 eos
2729 5097 2817 5172 qui
2848 5094 3152 5172 gratulandi
3191 5112 3352 5150 causa

1863 5166 2194 5228 scripserunt.
2252 5164 2311 5216 V.
2361 5161 2653 5215 Culumuiw
2705 5161 2749 5215 ei
2804 5161 2862 5215 ut
2906 5166 3122 5217 nimium
3176 5182 3351 5219 seuera

1862 5242 2071 5303 structu}
2099 5233 2410 5299 refelluntur
2452 5234 2503 5283 in
2540 5234 2767 5303 epistolis
2797 5233 2858 5287 5|
2884 5276 2898 5299 ,
2941 5234 3029 5289 52.
3072 5234 3152 5288 Vl.
3191 5234 3352 5303 Leges

1860 5302 1922 5352 ab
1950 5319 2009 5354 eu
2043 5301 2163 5353 lutw
2201 5304 2253 5353 in
2282 5304 2433 5368 epist.
2465 5303 2551 5365 55,
2575 5302 2665 5365 54,
2700 5304 2788 5357 55.

1861 5409 1898 5464 Ι.
1944 5412 2171 5466 Evectus
2210 5415 2274 5465 ad
2305 5424 2505 5466 tantum
2545 5414 2725 5466 seilcm
2760 5413 2991 5470 Basilius
3015 5452 3031 5480 ,
3060 5426 3347 5482 antequam

1788 5516 1845 5554 sc
1875 5503 1922 5555 in
1961 5505 2387 5571 pacificationem
2427 5504 2789 5561 licclesiarum
2829 5509 3211 5576 interponeret,
3249 5510 3345 5561 do-

1874 5729 1943 5791 te)
1986 5725 2080 5777 Lib
2138 5742 2187 5785 V,
2215 5744 2262 5779 (ι.
2293 5729 2343 5779 8.

1870 5796 1946 5861 (Α)
1994 5797 2065 5864 [ζμ
2122 5800 2184 5849 .t'J
2221 5797 2367 5858 HW-
