4068 6320
680 380 789 420 LXII

2026 362 2559 419 PROLEGOMENA.

684 479 922 535 inesticis
945 494 1003 533 se
1031 478 1229 534 ﬁnibus
1260 482 1553 545 contraxit,
1586 495 1649 537 ac
1684 482 1888 551 primas
1916 482 2255 551 episcopatus
2285 489 2324 540 Α
2357 482 2445 549 qui
2471 482 2523 533 in
2541 481 2734 533 clerum
2755 478 3031 532 sacerdotii
3053 478 3466 547 presbyterorum
3490 479 3710 546 fratrem
3731 482 3919 548 eoelu't,

682 572 763 627 sui
791 586 952 627 curas
981 571 1032 625 in
1066 573 1452 643 componendis
1483 572 1740 628 Ecclesia:
1775 588 1885 629 sua
1920 577 2158 629 moribus
2191 591 2254 629 ac

684 663 1043 732 recolligenda
1068 664 1443 733 episcoporum
1482 664 1834 734 Cappadocum
1856 678 2026 735 grana
2060 668 2259 721 insum-

684 756 809 825 psit.
852 755 1100 811 Testatur
1124 754 1419 827 Gregorius
1446 760 1523 827 (a)
1562 758 1927 827 episcopatum
1963 761 2015 813 in
2053 759 2254 813 Basilio

684 865 785 901 non
839 849 1098 903 habuisse
1150 850 1480 903 incrementa
1532 852 1813 911 virtutum.
1841 853 1934 906 sed
1984 856 2255 918 operatio-

680 955 803 995 nem
837 940 997 994 latius
1030 952 1337 1009 patentem;
1371 943 1568 1011 quippe
1603 958 1721 996 cum
1758 944 2060 999 uberiorem
2089 954 2254 998 mate-

682 1032 816 1083 riam
851 1042 1088 1099 pctestas
1124 1033 1514 1100 suppeditaret.
1551 1033 1725 1099 Quare
1759 1049 1822 1088 ex
1860 1035 1924 1087 iis
1953 1050 2070 1103 quas.
2099 1036 2165 1089 ab
2190 1053 2253 1089 eo

681 1123 1002 1189 presbytero
1034 1134 1181 1186 gesta
1214 1125 1587 1189 narravimus,
1637 1125 1866 1192 spectari
1914 1136 2085 1192 potest
2126 1128 2251 1191 quid

680 1215 969 1281 episcOpns
1003 1216 1256 1283 gesserit.
1287 1216 1575 1270 Enumerat
1613 1217 1905 1287 Gregorius
1941 1218 2012 1287 (b)
2043 1234 2251 1286 precum

681 1307 1056 1375 descriptiones
1139 1308 1278 1361 inter
1366 1307 1622 1376 praeclara
1684 1309 1861 1362 Basilii
1952 1312 2251 1378 presbyteri

683 1399 954 1461 instituta,
1016 1401 1214 1470 quibus
1252 1400 1432 1453 verbis
1462 1403 1712 1455 videnlur
1760 1401 2024 1469 designari
2070 1417 2252 1469 pret-cs

683 1491 735 1542 in
773 1492 1045 1545 sacrificio
1100 1492 1210 1546 licri
1241 1494 1433 1548 solitae.
1476 1496 1579 1548 Sed
1616 1504 1874 1562 praeterea
1911 1497 2071 1546 ritum
2109 1493 2251 1560 psal—

682 1578 821 1631 lendi
850 1582 901 1632 in
934 1581 1231 1635 Ecclesium
1278 1582 1668 1636 Ca‘sariensem
1696 1583 1901 1636 induxit
1927 1623 1940 1645 ,
1982 1598 2137 1651 quem
2177 1584 2253 1637 sic

682 1672 795 1739 ipse
828 1674 1086 1727 describit
1117 1673 1187 1744 (ε)
1227 1693 1239 1728 :
1276 1675 1350 1728 De
1386 1686 1535 1729 nocte
1560 1677 1849 1742 siquidem,
1883 1677 2077 1743 inquit,
2126 1694 2252 1730 con-

679 1762 845 1828 surgit
875 1764 1014 1824 apud
1053 1782 1144 1816 nos
1168 1766 1391 1831 populus
1420 1768 1488 1818 ad
1520 1770 1729 1820 domum
1757 1770 2073 1836 precationis
2094 1810 2105 1831 ,
2132 1771 2253 1822 etin

676 1851 881 1917 labore,
910 1854 963 1905 in
985 1856 1317 1924 amictatione
1349 1876 1409 1910 ac
1431 1861 1647 1928 jugibus
1677 1859 1925 1926 lacrymis
1948 1870 2252 1929 cott,tz’entes

678 1942 813 2010 Deo,
849 1947 1057 1999 tandem
1082 1966 1113 2000 a
1150 1952 1447 2016 precatione
1482 1964 1770 2021 surgentes,
1806 1955 1873 2005 ad
1907 1955 2250 2021 psalmodiam

679 2044 968 2090 transeunt.
1002 2041 1067 2090 Et
1094 2054 1229 2090 nunc
1256 2041 1461 2107 quidem
1492 2042 1544 2095 in
1573 2044 1705 2095 duas
1742 2054 1915 2109 partes
1948 2042 2101 2095 divisi
2124 2083 2138 2107 ,
2174 2042 2253 2094 al-

678 2127 838 2178 ternis
870 2130 1189 2183 succinentes
1226 2133 1477 2198 psallunt,
1511 2151 1571 2186 ac
1596 2135 1752 2186 simul
1784 2143 1831 2186 et
1863 2135 2252 2187 meditationem

680 2217 1080 2286 Scripturarum
1108 2224 1224 2276 inde
1253 2227 1627 2289 corroborant,
1657 2238 1702 2277 et
1739 2226 1971 2278 animum
2000 2237 2249 2279 attentum

678 2322 724 2363 et
760 2329 851 2364 cor
873 2318 1195 2383 evagationis
1232 2335 1415 2383 expers
1449 2319 1545 2371 sibi
1573 2321 1669 2386 ipsi
1700 2331 2023 2383 comparant.
2063 2319 2253 2372 Postea

680 2420 863 2458 rursus
902 2409 991 2458 uni
1020 2410 1419 2475 committentes,
1463 2424 1518 2464 ut
1545 2413 1690 2480 prior
1718 2425 1893 2477 canat,
1928 2414 2112 2481 reliqui
2139 2430 2253 2466 suc-

677 2495 879 2551 cinunt.
942 2496 1008 2551 Et
1057 2500 1133 2552 sic
1167 2506 1501 2571 posteaquam
1560 2506 1611 2556 in
1662 2505 1970 2570 psalmodiis
2008 2506 2252 2557 varietate

678 2600 878 2644 noctem
921 2594 1199 2645 traduxere
1238 2595 1543 2647 inlet‘ntistis
1573 2597 1810 2658 precibus
1834 2638 1846 2659 ,
1876 2596 1958 2648 die
1980 2597 2092 2665 jam
2128 2599 2245 2649 illn-

676 2692 924 2743 cescente,
961 2700 1136 2736 omnes
1171 2684 1328 2735 simul
1357 2685 1490 2736 velut
1517 2700 1582 2738 ea:
1614 2703 1715 2738 uno
1742 2703 1828 2739 ore
1868 2698 1913 2740 et
1956 2703 2057 2740 uno
2099 2689 2254 2740 corde

675 2771 936 2837 psalmum
983 2773 1333 2842 confessionis
1382 2775 1601 2829 Domino
1646 2779 1927 2831 concinnat
1956 2820 1968 2839 .
2035 2782 2251 2847 propria

676 2861 773 2914 sibi
810 2865 1161 2933 unusquisque
1203 2867 1351 2919 rerba
1403 2869 1717 2934 ptmtiteatiw
1753 2869 2023 2935 facientes.
2059 2870 2248 2925 Utrum

679 2952 794 3005 lucc
833 2952 1116 3020 presbyter
1161 2955 1453 3007 instituerit
1498 2971 1561 3007 an
1595 2959 1895 3025 episcopus.
1940 2975 2043 3013 uno
2098 2959 2252 3013 facile

679 3043 963 3096 statuerim
1004 3062 1016 3097 :
1051 3044 1143 3097 sed
1177 3055 1324 3098 certe
1371 3048 1435 3099 ab
1478 3062 1541 3100 co
1588 3048 1831 3099 instituta
1866 3064 1983 3101 esse
2028 3051 2252 3116 probant

681 3134 936 3188 exhibita:
988 3134 1036 3187 ei
1091 3150 1122 3187 a
1156 3134 1683 3190 Neocresariensibus
1735 3137 1991 3191 molestiae
2035 3149 2318 3215 proptch

678 3225 846 3290 illam,
885 3238 942 3279 ut
968 3227 1065 3295 ipsi
1103 3228 1512 3294 existimabant,
1545 3231 1874 3293 novitatem,
1909 3246 2067 3299 quam
2101 3230 2249 3285 Basi-

677 3316 780 3370 lius
813 3320 1049 3373 omnium
1084 3321 1449 3374 Ecclesiarum
1493 3324 1753 3377 institutis
1804 3339 2094 3377 consonam
2130 3339 2249 3379 esse

675 3411 1027 3465 demonstrat.
1063 3413 1192 3466 Illud
1219 3414 1381 3467 etiam
1421 3413 1607 3465 sedulo
1632 3416 1862 3480 providit
1893 3416 2119 3470 Basilius
2145 3417 2247 3484 (d),

676 3513 737 3555 ut
765 3502 904 3557 Deus
931 3521 1033 3556 non
1080 3506 1323 3557 humanis
1369 3506 1533 3557 verbis
1560 3546 1575 3566 ,
1623 3505 1714 3557 sed
1746 3507 1973 3558 oraculis
2020 3507 2247 3575 Spiritus

676 3596 849 3649 sancti
884 3596 934 3649 in
972 3596 1207 3649 Ecclesia
1238 3596 1553 3651 Ctesariensi
1579 3598 1901 3665 placaretur.

748 3688 816 3759 (e)
848 3688 1144 3742 Primordia
1187 3688 1331 3743 illius
1362 3690 1706 3757 episcopatus
1734 3688 1953 3757 optimis
1982 3689 2046 3740 ad
2084 3689 2247 3745 disci-

676 3778 877 3847 plinam
916 3778 1127 3848 legibus
1170 3780 1403 3847 insiguia
1444 3780 1686 3835 fuerunt.
1721 3780 1932 3847 Quanta
1968 3780 2114 3834 illius
2146 3783 2250 3835 sol-

676 3870 897 3925 licitudo
923 3870 1088 3927 fuerit
1125 3871 1177 3926 in
1220 3872 1485 3941 eligendis
1511 3872 1765 3927 altarium
1800 3876 2088 3941 ministris,
2129 3891 2247 3928 cum

677 3977 743 4015 ex
781 3962 974 4016 litteris
1004 3966 1069 4015 ad
1104 3964 1397 4029 provincia:
1419 3979 1527 4015 sure
1554 3964 1862 4031 episcopos,
1897 3965 1962 4018 ad
2002 3964 2251 4033 cborepi-

678 4068 871 4119 scopos
898 4064 952 4106 et
983 4056 1046 4106 ad
1075 4054 1385 4109 Nectarinm
1416 4058 1645 4123 perspici
1677 4067 1873 4124 potest,
1903 4068 2013 4111 tum
2042 4072 2106 4111 ex
2137 4057 2252 4126 epi-

677 4144 853 4211 scopis
900 4159 1035 4204 quos
1084 4160 1115 4198 e
1164 4144 1310 4198 clero
1356 4161 1454 4199 suo
1499 4145 1617 4200 aliis
1661 4146 1917 4200 Ecclesiis
1958 4148 2246 4201 concessit.

677 4236 830 4290 Nulla
864 4237 1007 4291 illum
1045 4238 1127 4292 Itis
1160 4239 1212 4293 in
1247 4239 1406 4293 rebus
1434 4239 1665 4292 humana
1692 4240 1947 4309 cogitatio
1980 4242 2245 4294 movebat.

680 4330 775 4383 Vir
800 4340 993 4384 ca-tera
1026 4332 1077 4384 in
1111 4330 1307 4385 fratres
1336 4342 1388 4385 et
1408 4334 1613 4387 amicos
1641 4334 1969 4399 lenissimus,
1996 4332 2249 4387 inexora-

678 4419 799 4473 bilis
835 4430 972 4483 erat,
1009 4421 1052 4474 si
1089 4422 1214 4490 quid
1247 4422 1327 4475 eis
1353 4423 1537 4476 oneris
1569 4423 1634 4477 ad
1666 4422 1925 4478 Ecclesia:
1964 4423 2248 4476 utilitatem

2358 576 2466 626 suis
2500 590 2617 626 eum
2646 572 2879 641 mysticis
2903 570 3239 625 sacramentis
3274 584 3601 622 consecratis.
3640 567 3801 623 Parvi
3833 588 3917 625 re-

2359 666 2480 732 fert,
2533 667 2676 735 quod
2706 664 2933 719 Basilius
2982 664 3034 717 in
3082 664 3323 733 epistolis
3349 662 3418 718 79
3464 672 3519 717 et
3550 662 3654 717 216
3686 679 3916 732 quarum

2359 759 2525 827 prima
2562 756 2627 811 ad
2673 756 3012 809 Eustathium
3046 770 3187 808 anno
3236 754 3335 808 571
3372 765 3620 818 exeunte,
3656 755 3827 808 altera
3857 758 3922 809 ad

2360 852 2417 905 S.
2460 849 2731 904 Meletium
2768 864 2909 903 anno
2934 848 3040 902 375
3071 848 3268 911 scripta
3312 856 3418 912 est,
3447 844 3659 900 Petrum
3697 844 3923 899 fratrem

2360 958 2460 994 non
2507 945 2741 1010 appellat
2784 942 3180 1011 presbyterum.
3214 939 3342 993 lude
3393 940 3564 1008 colligi
3607 955 3710 994 non
3747 948 3925 1009 potest

2360 1030 2591 1083 nondum
2648 1042 2776 1085 tunc
2824 1030 3041 1083 Petrum
3088 1030 3139 1083 in
3194 1029 3489 1100 presbyteri
3540 1031 3706 1095 gradu
3759 1028 3926 1082 mini--

2357 1131 2575 1173 strasse.
2620 1121 2729 1173 Etsi
2781 1121 2925 1174 enim
2955 1130 3236 1172 accuratus
3280 1128 3397 1174 erat
3434 1118 3660 1173 Basilius
3698 1120 3748 1172 in
3777 1121 3927 1187 ejus-

2360 1212 2501 1264 modi
2540 1212 2708 1265 titulis
2752 1227 2850 1281 pro
2898 1211 3161 1278 cujusque
3200 1212 3459 1281 dignitate
3488 1212 3819 1277 deferendis,
3873 1213 3926 1266 id

2360 1314 2539 1356 tamen
2572 1302 2704 1373 legis
2735 1305 2907 1357 instar
2931 1305 3253 1357 servandum
3297 1318 3417 1358 esse
3447 1320 3556 1358 non
3594 1304 3826 1359 ducebat
3872 1306 3926 1357 itt

2355 1396 2568 1455 litteris.
2592 1410 2728 1465 quas
2749 1396 3002 1464 privatim
3035 1396 3099 1447 ad
3141 1395 3360 1448 intimos
3386 1399 3585 1450 amicos
3622 1398 3925 1451 scribebat.

2356 1484 2490 1537 llinc
2518 1484 2780 1551 Gregorio
2808 1484 3049 1555 Nysseno
3090 1498 3194 1535 non
3223 1483 3386 1536 alium
3420 1499 3575 1551 quam
3606 1485 3790 1545 fratris
3824 1488 3927 1541 ad—

2356 1584 2569 1628 modum
2612 1575 2891 1629 reverendi
2919 1575 3134 1628 titulum
3176 1575 3365 1627 tribuit
3401 1576 3451 1626 in
3493 1577 3717 1642 epistola
3755 1579 3827 1631 60
3858 1578 3928 1631 ad

2355 1679 2693 1718 communem
2728 1676 3000 1734 patruum.
3038 1666 3355 1718 Antbimnm
3399 1664 3735 1733 Tyancnsem
3771 1684 3929 1725 reve-

2356 1757 2733 1811 rendissimum
2757 1756 2979 1809 fratrem
3013 1756 3242 1826 appellat
3268 1758 3318 1810 in
3339 1757 3493 1825 epist.
3522 1756 3588 1811 58
3610 1759 3673 1811 ad
3702 1759 3927 1814 fratrem

2287 1825 2325 1877 Β
2354 1847 2693 1917 Gregorium,
2738 1864 2842 1903 non
2877 1825 3058 1901 addito
3107 1848 3343 1916 episc0pi
3394 1848 3576 1913 titulo;
3629 1865 3724 1901 nec
3767 1853 3929 1905 aliter

2354 1941 2420 1991 de
2441 1939 2702 2008 Gregorio
2735 1940 3077 1993 Naziauzcno
3110 1940 3347 2006 loquitur
3384 1940 3435 1991 in
3471 1940 3628 2007 epist.
3666 1942 3734 1994 98
3761 1943 3828 1994 ad
3864 1942 3924 1995 S.

2356 2029 2665 2085 Eusebium.
2695 2032 2822 2097 Sed,
2849 2050 2972 2086 cum
3006 2033 3219 2085 Petrum
3258 2032 3483 2085 Basilius
3508 2034 3578 2102 (g)
3621 2035 3830 2103 magnis
3860 2035 3931 2089 de

2356 2124 2519 2176 rebus
2551 2138 2648 2176 suo
2676 2132 2726 2177 et
2762 2125 2987 2177 aliorum
3019 2125 3369 2193 Cappadociae
3400 2126 3775 2195 episcOpornnt
3825 2142 3927 2179 no-

2355 2216 2497 2269 mine
2532 2215 2597 2266 ad
2629 2215 2906 2282 cpiscopos
2935 2215 3083 2267 Ponti
3116 2216 3513 2279 tnittcret,tunc
3547 2233 3667 2271 eum
3703 2218 3809 2283 (It),
3870 2228 3928 2271 ut

2353 2309 2599 2372 decebat,
2630 2310 3129 2377 contpresbyterutn
3163 2309 3415 2375 appellat.
3460 2309 3573 2365 Non
3612 2313 3818 2364 ascitus
3848 2320 3931 2363 est

2356 2401 2407 2453 in
2449 2400 2741 2453 Ecclesiam
2777 2398 3165 2453 Caesariensem
3214 2399 3421 2465 Petrus,
3467 2406 3558 2454 sed
3595 2407 3931 2459 monasterio

2356 2491 2589 2560 prrcfuit,
2639 2491 2780 2560 quod
2836 2490 3073 2544 Basilius
3129 2488 3194 2542 ad
3241 2487 3435 2542 Iridem
3476 2489 3693 2544 fluvium
3734 2494 3931 2548 funda-

2355 2592 2526 2635 verat.

2424 2672 2690 2727 Narratur
2720 2672 2782 2742 (ἱ)
2809 2673 2970 2726 etiam
3022 2673 3283 2743 Evagrius
3331 2672 3583 2727 Ponticus
3621 2688 3650 2725 a
3688 2673 3747 2728 S.
3774 2674 3933 2729 Basi-

2356 2766 2425 2821 lio
2454 2765 2623 2820 lector
2650 2766 2931 2820 ordinatus
2958 2764 3141 2820 fuisse.
3184 2766 3290 2820 Sed
3322 2783 3482 2836 quam
3513 2765 3741 2820 libenter
3770 2765 3931 2819 Basi—

2355 2856 2456 2911 lius
2496 2870 2687 2927 magna
2755 2855 3012 2907 virtutum
3072 2856 3271 2911 lumina
3326 2859 3573 2912 altarium
3626 2858 3934 2912 ministerio

2355 2952 2689 3016 admoveret,
2733 2949 3072 3003 demonstrat
3122 2950 3364 3018 inprimis
3412 2954 3679 3006 ordinatio
3713 2954 3763 3006 in
3814 2967 3934 3005 mo-

2357 3043 2591 3095 nasterio
2623 3051 2863 3110 peracta,
2906 3056 3024 3109 quae
3057 3043 3195 3110 apud
3226 3050 3473 3095 sanctum
3501 3044 3830 3097 Dorotbeum
3868 3045 3935 3113 Ο)

2355 3136 2431 3187 sic
2474 3133 2703 3187 refertur
2759 3152 2774 3187 :
2850 3133 3043 3203 Ἔλεγέ
3095 3152 3180 3197 τις
3237 3134 3344 3188 τῶν
3402 3136 3691 3206 γερόντων,
3756 3138 3841 3190 ὅτι
3906 3137 3935 3188 ὁ

2356 3223 2507 3292 ἅγιος
2562 3222 2840 3285 Βασίλειος
2869 3225 2925 3276 ὲν
2950 3225 3198 3295 κοινοϐίῳ
3231 3224 3582 3296 παραϐαλὼν,
3647 3227 3786 3296 μετὰ
3834 3227 3935 3299 τὴν

2352 3318 2666 3390 πρέπουσαν
2704 3316 3049 3367 διδασκαλίαν
3089 3316 3339 3385 λέγειτῷ
3383 3317 3685 3386 ἡγουμένῳ·
3746 3320 3936 3388 Ἔχεις

2350 3410 2575 3479 ἀδελφὸν
2606 3401 2707 3461 ὦδε
2730 3407 2919 3477 ἔχοντα
2942 3408 3183 3476 ὑπακοήν
3207 3424 3220 3471 ;
3247 3408 3303 3459 Ὀ
3329 3408 3383 3458 δὲ
3412 3407 3558 3475 λέγει
3588 3410 3733 3479 αὐτῷ
3752 3427 3765 3440 °
3789 3411 3935 3463 Πάν-

2350 3522 2439 3566 τες
2465 3502 2637 3556 δοῦλοί
2692 3518 2782 3554 σου
2823 3501 2953 3564 εἰσὶ,
2996 3499 3093 3552 καὶ
3131 3498 3489 3562 σπουδάζουσι
3539 3500 3797 3569 σωθῆναι,
3846 3503 3937 3557 5t-

2354 3610 2543 3647 σποτα.
2578 3592 2745 3645 Πάλιν
2787 3591 2934 3659 λέγει
2988 3589 3154 3660 αὐτῷ’
3202 3591 3388 3662 Ἔχεις
3432 3592 3489 3644 ὲν
3535 3591 3759 3664 ἀληθείᾳ
3805 3593 3935 3648 τινὰ

2353 3685 2539 3755 ἔχοντα
2567 3687 2844 3755 ὑπακοήν;
2892 3686 2949 3738 '0
2984 3686 3039 3739 δὲ
3083 3688 3311 3757 ἤνεγκεν
3344 3684 3491 3756 αὐτῷ
3534 3687 3628 3739 ἕνα
3675 3687 3931 3757 ἀδελφόν·

2353 3778 2445 3831 καὶ
2478 3777 2752 3848 ἐχρήσατο
2783 3775 2941 3828 αὐτὸν
2967 3778 3046 3838 εἰς
3072 3778 3130 3828 τ’)
3160 3780 3378 3847 ἄριστον
3407 3780 3683 3851 ὑπηρέτην
3718 3784 3746 3834 ὁ
3774 3782 3934 3849 ἅγιος

2355 3871 2656 3933 Βασίλειος.
2690 3866 2845 3922 Μετὰ
2886 3867 2941 3919 δὲ
2974 3867 3035 3919 τὸ
3063 3866 3382 3933 γεύσασθαι,
3428 3869 3624 3921 ἔδωκεν
3670 3871 3821 3941 αὐτῴ
3849 3872 3932 3924 νί-

2349 3963 2571 4030 ψασθαι·
2625 3962 2718 4016 καί
2756 3961 2907 4029 λέγει
2953 3959 3100 4031 αὐτῷ
3138 3962 3167 4013 ὁ
3215 3960 3368 4027 ἅγιος
3402 3959 3700 4023 Βασίλειος’
3737 3964 3932 4035 Δεῦρο,

2352 4053 2505 4121 κάγὼ
2549 4054 2703 4107 δώσω
2760 4072 2840 4107 σοι
2880 4054 3156 4123 νίψασθαι.
3205 4056 3261 4108 Ὀ
3296 4054 3350 4107 δὲ
3392 4052 3715 4117 κατεδέξατο
3764 4057 3934 4111 αὑτοῦ

2351 4146 2655 4217 ὲπιχέοντος
2679 4146 2738 4198 τὸ
2756 4147 2918 4219 ὕδωρ.
2948 4150 3056 4202 Καὶ
3078 4149 3225 4217 λέγει
3262 4146 3410 4216 αὑτῷ
3435 4148 3538 4210 ὅτι,
3564 4148 3731 4203 Ὅταν
3760 4151 3936 4222 εἰσέρ-

2351 4257 2528 4316 χωμαι
2568 4240 2647 4303 εἰς
2692 4241 2752 4293 τὸ
2809 4242 3091 4311 ἱερατεῖον,
3121 4241 3277 4311 δεῦρο
3327 4241 3411 4292 ἵνα
3457 4243 3663 4313 ποιήσω
3705 4261 3763 4295 σε
3808 4244 3931 4297 διά-

2352 4350 2525 4388 κονον.
2554 4332 2664 4385 Καὶ
2696 4335 2884 4387 τούτου
2914 4334 3230 4402 γενομένου,
3276 4334 3530 4405 ἐποίησεν
3575 4336 3739 4388 αὑτὸν
3789 4351 3929 4406 πρε-

2354 4427 2629 4498 σϐύτερον·
2681 4429 2775 4481 καὶ
2809 4429 2997 4480 ἐλαϐεν
3034 4425 3195 4478 αὐτὸν
3238 4427 3355 4496 μεθ’
3384 4428 3572 4483 ἑαυτοῦ
3620 4429 3698 4491 εἰς
3726 4428 3786 4479 τὸ
3812 4430 3933 4481 ἐςτι-

680 4511 1060 4580 imponendum
1091 4522 1251 4565 esset.
1287 4512 1424 4566 Hinc
1457 4521 1684 4581 uterque
1706 4513 1996 4583 Gregorius
2014 4515 2247 4584 episcopi

2355 4522 2626 4583 σκοπεῖον,
2652 4519 2739 4573 διὰ
2765 4520 2862 4589 τὴν
2894 4517 3142 4588 ὑπακοὴν
3170 4518 3353 4573 αὑτοῦ.
3388 4518 3821 4573 Commemoravit
3850 4538 3932 4576 se-

677 4600 747 4653 el)
778 4617 841 4654 c0
883 4601 1029 4654 inviti
1060 4614 1113 4654 et
1156 4602 1479 4656 reluctantes
1497 4604 1751 4657 ordinati.
1787 4605 1899 4671 Qua
1931 4616 2049 4659 erat
2076 4606 2256 4660 humi-

678 4692 829 4749 litate
863 4706 1083 4748 sanctns
1142 4693 1333 4749 Petrus
1370 4695 1549 4750 Basilii
1600 4696 1792 4759 frater,
1841 4698 1885 4749 is
1932 4699 2021 4764 qui
2067 4709 2251 4767 postea

677 4787 960 4855 cpiscopus
1013 4788 1112 4840 fuit
1165 4788 1516 4855 Sebastenus,
1555 4805 1659 4843 non
1708 4789 1930 4843 dubium
1984 4801 2067 4843 est
2123 4791 2250 4856 quin

676 4878 864 4931 cadem
896 4879 967 4933 illi
1000 4881 1079 4932 vis
1122 4879 1263 4935 facta
1312 4880 1495 4942 fuerit,
1551 4896 1669 4936 cum
1722 4898 1843 4937 eum
1874 4883 2248 4951 presbyterum

677 4969 905 5024 Basilius
928 4972 1193 5025 ordinavit
1222 4988 1234 5023 :
1266 4974 1409 5041 quod
1436 4973 1742 5041 quidem.in
1787 4975 2104 5041 primordiis
2132 4976 2248 5043 epi-

675 5070 928 5129 scopatus
978 5064 1176 5118 factum
1226 5064 1389 5121 fuisse
1448 5064 1739 5134 conjicitur
1777 5083 1841 5122 ex
1888 5068 1973 5121 bis
2022 5064 2246 5129 Nysseui

677 5155 857 5207 verbis
891 5153 959 5221 (Γ)
990 5174 1001 5207 :
1034 5154 1164 5208 Tum
1197 5157 1416 5225 insignis
1452 5158 1587 5211 inter
1610 5146 1819 5211 s'anctos
1849 5158 2085 5211 Basilius
2130 5175 2245 5211 ma-

676 5260 792 5315 gna
824 5243 1226 5301 Caesariensium
1281 5246 1529 5303 Ecciesite
1569 5247 1866 5304 declaratus
1892 5262 1966 5304 est
2009 5250 2243 5314 antistes,

751 5484 827 5551 (η’)
869 5485 1017 5538 Orat.
1049 5486 1139 5539 20.

746 5556 819 5623 (υ)
860 5557 991 5610 uno.

749 5632 819 5694 (cl
865 5626 958 5694 l‘lp.
987 5628 1115 5687 907,
1152 5646 1201 5679 ll.
1232 5629 1283 5680 5.

748 5698 823 5763 td)
869 5699 1023 5763 una,
1062 5716 1090 5748 n
1142 5698 1206 5751 t.‘

748 5766 819 5907 te;
848 5768 1012 5833 Epist.
1046 5769 1167 5831 160,
1204 5787 1253 5823 n.
1288 5772 1333 5823 Ι.

752 5841 793 5907 υ
822 5898 825 5901 λ
853 5836 961 5891 Vit.
997 5840 1163 5892 Macr.

752 5836 825 5907 (Γ)
853 5836 961 5891 Vit.
997 5840 1163 5892 lacr.

2358 4626 2479 4663 num
2508 4610 2811 4671 nonnullus,
2841 4609 2979 4679 quod
3019 4618 3229 4661 sanctus
3258 4608 3491 4661 Basilius
3520 4624 3633 4661 cum
3659 4607 3725 4659 ad
3754 4624 3928 4663 caeno-

2356 4703 2494 4754 bium
2523 4701 2764 4761 venisset,
2807 4712 2918 4767 post
2960 4701 3341 4753 convenientem
3391 4700 3702 4764 doctrinam,
3737 4702 3929 4755 dixerit

2355 4794 2633 4862 proposito
2662 4810 2678 4847 :
2721 4790 2959 4847 Habesne
2992 4793 3075 4845 hic
3122 4793 3340 4861 fratrem
3370 4794 3457 4861 qui
3486 4791 3791 4847 obedientia:
3825 4795 3931 4848 vir-

2354 4896 2463 4939 tute
2494 4896 2709 4938 ornatus
2757 4887 2868 4942 sit?
2914 4885 3198 4952 Respondit
3242 4884 3552 4951 hegumenus
3612 4904 3629 4941 :
3678 4886 3927 4947 Domine,

2354 4994 2526 5031 omnes
2565 4978 2699 5031 servi
2746 4977 2823 5029 tui
2853 4990 2993 5040 sunt,
3044 4989 3089 5031 et
3136 4978 3203 5030 ad
3246 4977 3464 5031 salutem
3512 4978 3928 5049 consequendam

2350 5072 2608 5137 aspirant.
2650 5068 2852 5122 Iterum
2892 5072 3027 5123 dixit
3083 5073 3173 5125 ei:
3232 5069 3297 5121 In
3353 5072 3589 5133 ueritate,
3635 5082 3781 5123 estne
3833 5068 3927 5120 tibi

2348 5162 2539 5231 aliquis
2570 5162 2859 5215 obedientia
2890 5164 3184 5227 prwtlitus?
3213 5162 3391 5215 Atille
3416 5162 3636 5214 adduxit
3674 5162 3723 5213 ei
3764 5175 3925 5215 unum

2345 5267 2410 5306 ea:
2438 5252 2728 5322 fratribus;
2767 5269 2991 5318 ususque
3020 5266 3090 5307 est
3122 5271 3181 5307 eo
3205 5267 3412 5308 sanctus
3431 5252 3663 5306 Basilius
3685 5253 3926 5305 ministro

2428 5500 2502 5561 (η)
2532 5498 2628 5559 Et).
2661 5498 2785 5553 905.
2815 5498 2941 5549 nJ.

2432 5572 2504 5629 (ti)
2544 5570 2694 5636 Nyss.
2740 5567 2844 5619 Vit.
2881 5567 3046 5619 Macr.

2430 5641 2488 5701 (ἱ)
2527 5639 2664 5690 Hist.
2714 5638 2872 5689 Laus.
2907 5654 2954 5691 c.
2985 5637 3071 5691 86.

2432 5699 2494 5777 ti)
2546 5709 2763 5761 liorotlt.
2815 5726 2862 5761 c.
2911 5709 2959 5773 l,
3007 5706 3175 5761 (Lotel.
3236 5704 3471 5759 Monum.
3504 5704 3703 5758 Eccles.
3746 5699 3919 5757 Grec.

2362 5792 2489 5833 lout.
2528 5780 2565 5841 l,
2600 5795 2649 5847 ιι.
2684 5778 2802 5831 402.
