4068 6320
1471 381 1630 439 γιτΑ
1674 384 1731 439 S.
1774 382 2035 439 BASILII.

3214 399 3348 439 LXIII

147 502 266 555 inter
289 494 671 567 prandendum.
703 496 984 564 Postquam
1013 508 1181 552 autent
1201 496 1522 563 comedisset,
1547 499 1684 552 dedit
1715 502 1760 559 Α
1792 500 1833 553 si
1864 498 2179 568 Gregorium
2213 510 2364 551 suum
2402 514 2466 552 ao
2496 512 2553 554 se
2582 504 2840 566 potutsset
2873 496 3085 549 allicere
3119 494 3210 565 (e).
3242 495 3348 551 Ne-

144 594 180 646 ei
219 591 378 657 frater
420 604 614 654 aquam
677 591 745 642 ad
797 588 1094 642 lavandum.
1135 588 1266 643 Tum
1304 590 1433 645 dixit
1473 603 1680 647 sanctus

145 677 400 735 Basilius:
439 674 589 741 Veni,
623 692 714 744 ego
755 691 955 745 quoque
979 676 1113 731 dabo
1154 679 1246 730 tibi
1272 693 1456 745 aquam
1478 679 1682 733 ablueuo

144 771 208 821 dis
237 770 491 826 manibus.
552 771 608 824 Is
638 785 753 821 vero
776 784 958 837 passus
996 784 1067 826 est
1108 770 1211 826 sibi
1242 770 1305 823 ab
1334 771 1445 840 ipso
1474 771 1682 840 infundi

143 876 333 927 aquam.
371 865 454 917 Ait
485 863 562 914 illi
592 878 609 915 :
634 861 764 915 Cum
803 866 1064 933 ingressus
1089 864 1235 932 fuero
1273 864 1328 916 in
1369 864 1678 924 sacrarium,

142 954 325 1021 accede,
350 966 404 1009 ut
428 967 475 1007 te
510 953 701 1021 {ariam
734 956 1030 1010 dinrommt.
1074 956 1187 1020 Quo
1215 966 1446 1023 peracto,
1469 958 1521 1009 in
1560 970 1650 1022 pro

143 1046 383 1114 sbgterum
440 1046 595 1097 etiam
645 1051 940 1111 ordinauit;
972 1040 1352 1118 assumpsitque
1400 1064 1572 1102 secum
1623 1048 1678 1101 iu

142 1141 400 1206 episcopio,
426 1152 635 1206 propter
660 1142 970 1207 singularem
995 1140 1151 1205 ipsius
1175 1142 1537 1195 obedientiam.

196 1228 306 1281 Non
346 1230 558 1292 modici,
586 1242 641 1283 ut
677 1232 777 1283 illis
809 1230 1154 1297 temporibus,
1193 1242 1345 1285 erant
1384 1232 1679 1285 Caesarien-

145 1317 479 1374 sisEcclesite
527 1322 748 1374 reditus.
808 1320 911 1373 Sed
946 1320 1176 1377 Basilius
1227 1323 1365 1375 inter
1413 1321 1507 1374 has
1550 1337 1679 1388 opes

144 1411 515 1477 pauperrimus.
551 1428 645 1465 sua
698 1413 875 1467 omnia
931 1431 1225 1485 pauperum
1268 1427 1388 1467 esse
1427 1413 1672 1468 ducebat.

144 1500 216 1555 Sic
246 1502 387 1559 illius
417 1512 785 1575 paupertatem
814 1515 868 1559 et
917 1515 1191 1560 austerum
1247 1504 1458 1556 vivendi
1514 1519 1677 1573 genus

142 1596 375 1659 przedicat
413 1595 706 1661 Gregorius
735 1596 835 1668 (η),
883 1613 1072 1665 nempe
1097 1597 1327 1651 tunicam
1361 1612 1538 1663 uuazr,
1566 1599 1676 1667 pal—

140 1683 246 1738 lium
272 1701 459 1750 unum,
496 1687 723 1755 vigilias,
753 1690 1052 1755 obsonium,
1091 1705 1278 1757 panem
1322 1700 1375 1743 et
1404 1692 1587 1753 saleni,
1620 1703 1676 1743 ut

141 1777 233 1833 hac
250 1780 302 1831 in
321 1778 627 1847 episcopatu
646 1798 748 1834 non
766 1783 1090 1843 intermissa,
1113 1780 1190 1833 vel
1214 1781 1395 1836 saltem
1418 1800 1521 1837 non
1543 1782 1677 1837 mul-

1791 606 1875 644 iuo
1904 605 2032 645 sane
2059 588 2355 652 dubitabat,
2394 593 2518 657 quin
2554 588 2739 645 statim
2780 587 3072 657 Gregorius
3107 587 3168 640 ad
3208 589 3347 641 ami-

1787 695 1906 733 emn
1940 681 2092 735 laetus
2126 689 2452 741 occurreret,
2488 691 2539 734 et
2574 695 2695 735 cum
2734 693 2798 733 eo
2820 678 3071 733 honorem
3100 694 3163 732 ac
3195 687 3347 746 pote-

1788 780 1981 823 statem
2016 770 2326 840 partiretur.
2378 768 2481 823 Sed
2523 771 2811 842 Gregorius
2857 775 3099 837 protinus
3130 769 3347 838 quidem

1787 864 1852 915 ad
1888 862 2134 917 Basilium
2164 861 2398 929 scripsit,
2452 871 2510 914 ut
2561 878 2710 917 suum
2740 881 2803 918 ev
2852 862 2965 930 ejus
3012 863 3348 915 ordinatione

1786 954 2034 1024 gaudium
2078 956 2456 1023 signiﬁcaret:
2501 962 2554 1005 at
2599 955 2917 1008 desiderium
2951 951 3093 1006 illius
3135 951 3345 1006 videndi

1785 1044 2039 1103 cohibuit,
2086 1054 2194 1095 tum
2231 1056 2280 1097 ut
2306 1046 2462 1097 amici
2515 1044 2670 1097 fama:
2713 1045 3032 1108 consuleret,
3071 1055 3169 1094 nec
3199 1044 3347 1108 quis.

1784 1150 1943 1205 quam
1976 1136 2301 1190 obtrectator
2338 1154 2455 1192 eum
2494 1138 2763 1191 studiosos
2795 1137 2875 1188 sui
2911 1138 3162 1206 colligere
3188 1134 3346 1186 dicti-

1785 1236 1921 1280 taret
1968 1225 2142 1294 (erant
2175 1228 2317 1280 enim
2363 1230 2652 1283 multorum
2705 1227 2871 1278 animi
2916 1228 3087 1281 adhuc
3129 1223 3345 1279 exulce-

1784 1316 1929 1385 rati),
1952 1317 2238 1370 lumetiam
2268 1332 2331 1371 ne
2362 1333 2417 1371 se
2444 1319 2554 1387 ipse
2584 1320 2634 1371 in
2670 1318 2919 1369 invidiam
2948 1326 3002 1368 et
3025 1314 3347 1386 arrogantia)

1781 1409 2113 1475 suspiciones
2164 1410 2458 1478 conjiceret
2495 1410 2586 1479 (Ῑ).
2633 1411 2730 1463 His
2778 1408 3074 1462 rationibus
3122 1421 3346 1476 persua-

1783 1498 1910 1551 dere
1942 1495 2137 1551 Basilio
2164 1510 2391 1552 c0natur
2435 1514 2503 1553 ne
2535 1515 2591 1553 se
2619 1502 2798 1553 statim
2831 1507 3075 1553 accersat
3111 1516 3124 1551 :
3174 1514 3344 1569 neque

1781 1591 1920 1645 enim
1946 1605 2005 1644 se
2047 1605 2267 1657 prorsus
2310 1600 2614 1653 venturum,
2651 1593 2749 1645 nisi
2782 1606 2904 1645 cum
2936 1591 3072 1643 Deus
3099 1588 3342 1656 jusserit,

1781 1692 1833 1735 et
1878 1696 2088 1745 eorum,
2137 1682 2226 1748 qui
2261 1680 2457 1736 Basilio
2512 1682 2901 1735 insidiabantur
2927 1690 2980 1734 et
3008 1680 3337 1745 invidebant,

1783 1774 1983 1827 umbra!
2016 1773 2371 1843 prmterieriut

141 1880 230 1921 tum
261 1869 570 1939 demitigata
593 1871 757 1925 fuisse
784 1872 1089 1925 videantur.
1126 1872 1284 1927 Certe
1320 1872 1547 1927 Basilius
1580 1888 1668 1926 co-
1709 1859 1748 1913 Β
1848 1863 2092 1918 Nondum
2138 1868 2315 1919 victus
2342 1866 2424 1917 his
2456 1863 2753 1917 rationibus
2792 1861 3040 1928 Basilius,
3068 1860 3339 1917 contemni

141 1976 230 2011 ram
265 1959 520 2026 praelecto
549 1962 758 2015 dicebat
785 1963 913 2016 nihil
943 1966 1284 2030 prorsuslsibi
1310 1981 1447 2026 esse,
1483 1973 1675 2031 praeter

138 2051 319 2105 laceros
349 2064 400 2105 et
430 2054 656 2107 detritos
686 2071 911 2123 pannos,
946 2067 999 2110 et
1041 2073 1238 2126 paucos
1261 2055 1423 2109 libros
1456 2056 1549 2125 (li).
1583 2056 1675 2110 Sic

138 2145 307 2197 viventi
342 2145 601 2211 perfacile
630 2158 748 2202 erat
778 2149 829 2201 in
874 2164 1133 2217 pauperes
1163 2150 1428 2215 prolixum
1458 2166 1575 2203 esse
1610 2165 1673 2204 ac

139 2235 405 2289 liberalem.
444 2236 560 2304 Quo
590 2238 640 2292 in
692 2257 889 2307 genere
921 2241 997 2293 sic
1028 2241 1419 2309 magniﬁcentia
1446 2252 1497 2295 et
1528 2258 1674 2296 sum-

140 2328 416 2393 ptuprodiit
446 2330 693 2392 Basilius,
723 2339 780 2381 ut
816 2332 1279 2400 ptoehotrophium
1319 2336 1385 2389 ah
1411 2350 1474 2388 eo
1504 2335 1669 2388 aedili-

139 2429 290 2471 tatum
307 2438 487 2473 uocant
504 2422 763 2474 ciuitatem
780 2424 1005 2492 appellet
1021 2424 1311 2494 Gregorius
1326 2428 1399 2493 (p.
1420 2426 1564 2493 560).
1582 2427 1669 2493 qui

138 2509 361 2564 Basdium
380 2530 487 2565 non
521 2514 572 2565 in
604 2515 714 2568 sola
735 2516 947 2570 civitate
968 2518 1280 2571 charitatem
1309 2534 1456 2570 suam
1478 2518 1670 2571 nobili-

141 2611 521 2668 tassetestatur,
554 2608 645 2660 sill
675 2607 836 2660 etiam
875 2624 996 2661 rure
1032 2620 1082 2660 et
1116 2609 1166 2660 in
1205 2610 1347 2677 agris
1376 2610 1671 2662 humanita-

140 2698 223 2741 tem
247 2706 303 2745 ac
336 2694 758 2749 muniﬁcentiam
789 2698 840 2751 in
883 2713 1141 2768 pauperes
1193 2699 1256 2750 iis
1286 2700 1553 2762 omnibus,
1581 2698 1670 2766 qui

137 2783 304 2850 pepqu
335 2799 626 2854 praeerant,
654 2800 712 2843 ut
745 2807 1028 2846 commune
1059 2802 1330 2845 certamen
1363 2793 1669 2860 proposuis-

138 2888 200 2926 se.
224 2876 418 2931 Revera
456 2882 650 2951 singuli
692 2883 1059 2951 eborepiscopi
1090 2886 1340 2937 videntur
1385 2900 1545 2938 unum
1572 2884 1669 2937 ali-

136 2963 251 3027 quod
304 2969 774 3037 ptochotrophiuzn
824 2973 925 3023 sibi
982 2973 1328 3024 commissum
1393 2974 1666 3027 habuisse.

136 3052 305 3107 Omnes
329 3056 471 3107 enim
503 3058 911 3128 chorepiscopos
957 3061 1184 3115 Basilius
1234 3061 1302 3131 (ε)
1359 3064 1423 3115 ad
1472 3063 1668 3116 festum

138 3144 182 3196 ὃ.
203 3143 478 3217 Eupsychii
504 3156 974 3208 eonvocavitauno
1000 3154 1122 3243 571’)J
1159 3164 1215 3207 ut
1243 3170 1425 3209 eorum
1454 3156 1669 3224 ptocho-

136 3240 316 3306 trephia
349 3245 663 3297 numerario
699 3240 1117 3303 coauuendaret.
1160 3248 1381 3302 Summa
1426 3250 1510 3302 illa
1541 3250 1670 3303 cha-

136 3327 261 3397 ritas,
300 3347 415 3401 qua:
470 3333 725 3388 Basiliuin
777 3338 1103 3406 pauperibus
1144 3348 1313 3392 totum
1363 3340 1668 3405 addicebat,

134 3419 306 3474 aditum
334 3426 587 3478 clunibus
619 3429 685 3479 ad
722 3428 863 3480 illius
910 3430 1262 3497 patrocinium
1298 3439 1350 3483 et
1397 3447 1672 3484 commen-

136 3512 377 3569 dationem
424 3518 605 3582 dabat,
659 3529 715 3573 ut
754 3535 821 3576 es
866 3522 1109 3591 plurimis
1159 3522 1401 3593 epistolis
1463 3525 1670 3595 perspi-

133 3613 267 3661 utar.

191 3700 430 3763 Quamvis
481 3701 748 3771 pleraeque
787 3706 1058 3761 orationes
1088 3706 1293 3772 Basilii,
1324 3724 1439 3775 qure
1475 3709 1541 3762 ad
1574 3725 1671 3763 nos

133 3800 487 3855 pervenerunt,
520 3802 647 3845 ante
668 3794 1035 3861 episcopatum
1073 3800 1425 3860 pronuntiata:
1454 3798 1669 3851 videan-

136 3888 223 3941 tur,
252 3897 349 3935 non
375 3892 559 3935 tamen
584 3884 841 3938 credibile
863 3896 944 3938 est
970 3886 1225 3940 Basilium
1250 3889 1313 3942 de
1347 3889 1667 3958 prtedicandi

133 3973 261 4025 verbi
289 3974 467 4028 studio
500 3976 789 4044 quidquam
817 3978 869 4030 in
900 3980 1206 4047 episc0patu
1234 3982 1519 4045 remisisse,
1547 3995 1665 4034 cum

136 4067 406 4130 praesertim
438 4068 745 4135 graviorem
788 4067 946 4136 lmjus
982 4070 1053 4124 rei
1089 4075 1462 4125 necessitatem
1497 4073 1665 4141 impo-

134 4168 298 4210 nerent
325 4169 378 4213 et
417 4160 696 4228 dignitatis
726 4164 968 4215 accessio
990 4172 1043 4214 et
1074 4163 1447 4216 luereticorum
1478 4164 1668 4232 impro-

134 4245 251 4300 bitas
292 4260 341 4304 et
385 4252 780 4321 persecutionis
830 4252 1101 4306 violentia.
1130 4254 1245 4307 Non
1282 4254 1392 4308 sola
1424 4254 1665 4310 Εευεειτεει

133 4338 316 4407 eloquio
346 4342 530 4396 Basilii
576 4343 949 4410 perfruebatur
1006 4344 1125 4415 (il):
1166 4347 1412 4400 assiduus
1445 4357 1562 4400 erat
1613 4347 1663 4399 in

134 4431 259 4498 pagis
286 4434 584 4500 visitandis,
617 4451 713 4489 nec
739 4450 857 4488 eum
881 4438 1123 4502 morbus,
1151 4439 1251 4491 nisi
1283 4454 1503 4506 prorsus
1528 4440 1662 4493 lecto

1774 1967 1885 2007 sea
1934 1952 2193 2018 Gregorio
2242 1963 2466 2024 questus
2520 1962 2621 2004 est.
2675 1951 2919 2017 Querelis
2958 1961 3211 2018 peracute
3256 1964 3344 2002 re-

1773 2045 1987 2111 spondit
2012 2043 2087 2112 (ῃ)
2111 2043 2422 2115 Gregorius.
2459 2041 2685 2097 Fatetur
2723 2043 2822 2096 sibi
2861 2042 2990 2095 vitio
3013 2041 3127 2096 dari
3161 2054 3338 2109 posse,

1773 2135 1914 2204 quod
1965 2134 2219 2187 Basilium
2270 2153 2372 2190 non
2422 2136 2555 2188 satis
2610 2144 2706 2203 pro
2759 2132 2965 2185 meritis
3020 2131 3338 2192 admiretur,

1771 2229 1967 2298 quippe
2001 2242 2120 2280 cum
2150 2226 2331 2279 Basilii
2360 2228 2663 2292 eloquentia
2684 2225 2748 2278 ad
2773 2239 2893 2279 eum
2929 2222 3088 2291 digne
3119 2221 3341 2273 laudau—

1772 2325 1894 2375 dum
1929 2335 2063 2391 opus
2095 2320 2196 2382 sit;
2239 2328 2293 2372 at
2327 2318 2586 2371 insaniam
2620 2319 2795 2386 potius
2840 2332 2998 2384 quam
3030 2313 3172 2367 illius
3200 2324 3332 2365 con-

1776 2421 2028 2483 temptum
2072 2412 2229 2480 ohjici
2285 2410 2497 2466 debere.
2532 2408 2816 2470 Cieterum',
2855 2410 2899 2461 si
2952 2406 3149 2458 idcirco
3190 2403 3340 2456 iucu-

1774 2515 1939 2569 setur,
1990 2505 2129 2572 quod
2182 2502 2545 2571 philosophari
2577 2499 2722 2563 velit,
2774 2498 2907 2565 petit
2951 2504 3008 2548 ut
3054 2496 3154 2555 sibi
3199 2495 3339 2547 hanc

1775 2610 1933 2647 unam
1970 2610 2080 2646 rem
2106 2594 2613 2661 Basiliieloqui-ntia:
2636 2588 2889 2659 praeferre
2918 2588 3073 2641 liceat
3096 2585 3194 2655 (li).
3218 2584 3343 2637 Ces-

1772 2690 1837 2741 sit
1867 2686 2078 2740 tandem
2114 2685 2341 2739 Basilius
2368 2695 2420 2739 et
2452 2687 2606 2739 amici
2658 2682 2991 2752 prudentiam
3016 2678 3220 2748 judicio
3241 2692 3339 2731 suo

1772 2778 2157 2845 comprobavit.

1838 2887 2087 2958 Gregorii
2111 2886 2408 2941 absentiam
2441 2885 2705 2939 lenierunt
2748 2882 3012 2937 simulatis
3040 2881 3243 2933 amoris
3263 2879 3339 2933 si-

1770 2978 2200 3047 gnillcatiouihus
2234 2978 2495 3031 Eustathii
2538 2974 2806 3045 discipuli,
2860 2991 2991 3043 quos
3019 2974 3242 3029 Basilius
3271 2973 3339 3026 ad

1770 3072 2131 3138 episcopatum
2166 3078 2403 3131 evectus,
2450 3086 2543 3138 per
2592 3084 2810 3122 causam
2844 3068 3026 3121 auxilii
3055 3078 3110 3121 et
3153 3067 3341 3119 amica

1774 3160 2162 3215 communionis
2200 3160 2431 3229 perﬁdos
2462 3160 2825 3227 speculatores
2850 3159 2916 3211 ab
2949 3157 3226 3211 Eustathio
3248 3171 3340 3211 ac-

1773 3252 1932 3321 cepit,
1961 3261 2018 3304 ut
2043 3251 2300 3304 discimus
2337 3265 2402 3303 ex
2455 3252 2611 3320 epist.
2641 3251 2764 3314 223,
2800 3266 2851 3303 η.
2894 3249 2928 3303 3
2959 3259 3013 3302 et
3049 3249 3101 3303 5.
3138 3249 3337 3301 llorum

1769 3346 1871 3399 duo
1889 3342 2231 3398 nominantur
2258 3344 2309 3396 in
2341 3344 2566 3411 epistola
2598 3342 2728 3407 109,
2754 3342 2980 3393 Basilius
3006 3349 3060 3392 et
3095 3338 3336 3405 Sophro-

1770 3436 1907 3489 nius.
1942 3435 2104 3489 Primi
2136 3435 2349 3502 opinata
2399 3433 2657 3485 sanctitas
2691 3432 2763 3484 ita
2792 3428 3047 3483 Basiliqu
3096 3436 3333 3496 ceperat,

1770 3539 1825 3581 ut
1857 3542 1977 3580 eum
2031 3527 2154 3578 vitae
2188 3540 2295 3576 sua:
2327 3523 2632 3591 prmsidium
2667 3536 2788 3576 esse
2830 3523 3077 3585 duceret;
3107 3518 3334 3571 alterum

1768 3619 1822 3672 in
1867 3618 2089 3687 epistola
2148 3616 2251 3671 105
2283 3616 2447 3669 (ilium
2492 3630 2646 3667 suum
2692 3612 2943 3681 appellat.
2989 3610 3224 3677 Uterque
3278 3607 3333 3660 in

1769 3709 2157 3763 dissimulando
2198 3710 2269 3760 ita
2323 3708 2527 3774 peritus
2559 3705 2775 3766 artifex,
2821 3714 2878 3757 ut
2910 3719 3030 3756 cum
3071 3716 3165 3757 eos
3188 3700 3331 3753 domi

1769 3815 1878 3855 sua:
1935 3800 2156 3854 haberet
2191 3800 2445 3861 Basilius,
2490 3798 2693 3852 nefaria
2750 3811 2933 3849 eorum
2993 3794 3217 3849 consilia
3266 3804 3333 3846 ne

1767 3891 2120 3945 subodoratus
2148 3889 2365 3960 quidem
2406 3890 2495 3954 sit,
2541 3899 2826 3956 antequam
2866 3886 2931 3939 ad
2956 3883 3328 3953 gravissimam

1768 3980 1930 4051 ipsius
1952 3980 2327 4034 contumeliam
2352 3989 2695 4047 erumperent
2718 3980 2805 4047 (i).

1836 4092 1918 4147 ιιι.
1955 4092 2051 4147 Vix
2087 4093 2342 4146 Basilium
2371 4092 2616 4146 Caesarea
2649 4092 2961 4159 episcopqu
2991 4088 3183 4157 adepta
3212 4085 3330 4139 iue-

1768 4193 1871 4246 rat,
1900 4197 2018 4235 cum
2046 4181 2099 4233 S.
2132 4181 2326 4233 Melctii
2371 4181 2585 4233 tertium
2613 4178 2863 4233 exsilium
2900 4177 3185 4232 Antiochia
3211 4176 3327 4243 plo-

1768 4273 1925 4335 ravit,
1960 4283 2017 4325 ut
2046 4274 2200 4325 docet
2251 4271 2622 4326 Tillemontius
2664 4271 2751 4343 (j).
2798 4271 3033 4325 Litteras
3062 4283 3125 4322 ea
3169 4268 3235 4321 de
3269 4280 3330 4320 ro

1766 4365 1932 4419 lector
1960 4366 2137 4418 attulit
2162 4364 2377 4428 Basilio,
2409 4380 2543 4433 quas
2582 4366 2670 4418 ille
2698 4379 2800 4417 non
2828 4363 2993 4416 multo
3034 4367 3154 4430 post
3183 4360 3331 4414 misit

1766 4456 1831 4509 ad
1880 4454 2167 4510 Eusebium
2222 4452 2676 4516 Samosateuscm,
2711 4454 2958 4523 quamvis
2984 4468 3105 4506 eum
3134 4454 3199 4506 de
3240 4452 3326 4510 iis.

132 4522 376 4592 emisset,
418 4531 487 4583 ab
527 4531 628 4584 hoc
673 4530 845 4585 oﬂicio
874 4532 1195 4585 deterrebat.
1242 4533 1473 4587 Nimium
1501 4536 1661 4587 multa

1774 4561 1882 4613 quae
1909 4547 2209 4599 Antiochia:
2246 4548 2619 4615 contigerant,
2661 4546 2945 4599 certiorem
2978 4544 3177 4596 factum
3207 4557 3327 4598 esse

133 4618 396 4689 colligenda
436 4632 639 4687 essent,
678 4624 721 4677 si
773 4624 1113 4692 episcopatus
1146 4623 1325 4679 Basilii
1358 4636 1661 4680 accuratam

135 4708 392 4779 imaginem
430 4714 713 4782 depingere
744 4716 1080 4785 aggrederer.
1118 4715 1219 4770 Sed
1241 4719 1364 4785 quid
1389 4720 1454 4771 de
1484 4718 1665 4772 Eccle-

134 4802 199 4854 sia
227 4802 563 4870 Caesariensi,
592 4806 717 4873 quid
750 4807 813 4859 de
844 4807 964 4861 aliis
1004 4806 1259 4863 Ecclesiis
1295 4811 1341 4862 ei
1375 4820 1429 4862 ut
1468 4820 1665 4864 metro-

131 4894 360 4960 politano,
388 4898 472 4952 vel
517 4898 834 4951 ulexarcho
873 4898 1149 4965 subjectis,
1182 4900 1306 4967 quid
1332 4903 1556 4969 denique
1602 4902 1667 4955 de

130 4987 354 5041 universa
402 4988 643 5042 Ecclesia
689 4991 909 5043 meritus
942 4990 1032 5055 sit,
1064 4991 1195 5045 satis
1222 4993 1456 5046 exsxabit
1480 5007 1541 5047 ex
1596 4992 1660 5047 iis

128 5090 228 5144 qua
262 5077 513 5147 deinceps
543 5079 901 5134 narrabimus.

186 5167 240 5221 ΙΙ.
270 5170 516 5240 Magnum
566 5170 793 5226 Basilius
832 5171 1126 5241 adjutorem
1176 5172 1471 5239 habuisset,
1502 5186 1556 5229 et
1592 5175 1658 5229 ad

128 5263 367 5315 secundas
398 5262 451 5315 in
484 5262 628 5316 omni
676 5262 974 5319 ministerio
1019 5261 1267 5320 ferendas
1299 5264 1658 5333 aptissimum,

185 5432 250 5499 (α)
278 5434 374 5487 Or.
396 5435 479 5490 ΞΟ.

187 5504 249 5571 (ὁ)
280 5505 427 5558 Ibid.
452 5525 479 5560 ιι
522 5506 647 5560 519.

187 5573 247 5636 (c)
274 5575 365 5638 Ep.
399 5576 516 5629 llr).

186 5642 254 5713 (ά)
283 5643 375 5710 Ep.
397 5646 519 5697 9.06.

1768 4652 1869 4691 non
1919 4640 2205 4694 dubitaret.
2261 4640 2513 4694 Scribere
2555 4638 2787 4691 Eusebio
2832 4636 3083 4705 cupiebat
3142 4636 3324 4689 statim

1768 4738 1884 4796 post
1902 4728 2015 4796 ejus
2045 4730 2294 4791 reditum,
2328 4732 2418 4784 sed
2448 4745 2652 4786 moram
2684 4728 2861 4781 attulit
2884 4726 3044 4804 hajuli
3073 4729 3320 4795 penuria,

1766 4833 1831 4872 eo
1848 4820 1989 4886 quod
2018 4819 2363 4889 Cappadoces
2405 4821 2478 4873 ita
2503 4819 2734 4874 hiemem
2764 4820 3232 4881 exhorrescerent,
3261 4828 3321 4871 ut

1770 4925 1834 4961 ne
1858 4910 2164 4979 prospicere
2186 4911 2398 4977 quidem
2423 4924 2486 4962 ex
2518 4910 2718 4964 aedibus
2740 4911 3012 4963 auderent.
3040 4908 3157 4963 Jam
3187 4909 3325 4963 duos

1768 5010 1980 5050 menses
2037 4998 2252 5050 nivibus
2286 4999 2522 5066 cooperti
2583 4997 2879 5063 latitabant,
2930 5014 3052 5051 cum
3107 4997 3322 5053 tandem

1772 5097 1961 5141 nactus
1988 5097 2071 5141 est
2104 5088 2351 5152 Basilius,
2392 5090 2481 5157 qui
2519 5090 2795 5144 Samosata
2848 5088 3119 5159 proﬁcisci
3162 5089 3323 5141 aude-

1769 5187 1850 5232 ret
1882 5178 1973 5250 (lr).
2027 5179 2206 5246 Mittit,
2257 5182 2445 5250 utjatn
2480 5182 2607 5243 dixi,
2644 5180 2872 5235 Eusebio
2907 5179 3093 5234 allatas
3136 5180 3321 5231 Antio-

1769 5270 1888 5321 chia
1911 5268 2145 5333 litteras;
2184 5270 2392 5323 nuntiat
2428 5269 2795 5339 Demolihilum
2820 5268 3137 5336 jamdudum
3158 5281 3316 5322 occu-

1834 5444 1905 5511 (g)
1943 5445 2109 5513 Epist.
2148 5447 2232 5499 10.

1827 5517 1901 5577 (lt)
1934 5514 2057 5567 Nam.
2092 5532 2171 5569 or.
2205 5517 2273 5570 20

1833 5586 1894 5652 (ἰ)
1928 5584 2019 5652 Ep.
2054 5586 2171 5638 109.

1833 5658 1894 5725 (λ)
1930 5652 2094 5725 Totus
2116 5655 2221 5725 VII,
2250 5672 2369 5725 pug.
2400 5654 2521 5712 360.

1836 5723 1912 5791 (Β)
1946 5724 2039 5790 Ep.
2071 5724 2138 5779 48
