4068 6320
691 388 817 433 LXIV

2039 372 2571 431 PROLECUMENA.

694 508 824 563 pare
846 493 1028 550 sedem
1049 494 1801 565 Constantinopolitanam,ac
1832 494 2121 551 simulacro
2139 512 2263 565 quo-
2293 501 2338 555 Α
2369 496 2531 550 invidi
2560 511 2621 548 m
2648 495 2865 558 Basilio,
2891 508 2948 549 ut
2984 495 3185 550 homini
3215 494 3589 563 immoderato,
3612 496 3924 555 creandam.

697 588 820 639 dam
852 588 1066 656 pietatis
1090 598 1144 643 et
1170 598 1330 643 recta:
1362 587 1481 643 fidei
1507 587 1819 658 perfecisse,
1838 595 1896 641 ut
1924 596 1977 639 et
1999 588 2264 643 dissiden-

699 686 782 729 tas
820 677 1052 732 civitatis
1073 688 1251 748 partes
1280 678 1328 730 in
1354 693 1519 731 unum
1544 680 1930 735 coalescerent,
1959 686 2013 729 et
2034 694 2096 731 ex
2132 677 2262 732 vici-

702 770 786 826 nis
815 772 1080 841 episcopis
1116 770 1350 825 nonnulli
1397 771 1640 825 eamdem
1694 769 2123 837 conjunctionem
2155 784 2265 823 am»

702 862 1087 931 plecterentur.
1106 860 1296 914 Narrat
1325 862 1390 913 de
1412 861 1706 916 schismate
1734 863 2109 929 episcoporum
2140 862 2269 927 Cap-

704 954 964 1019 padociae,
1010 964 1069 1007 ut
1102 968 1262 1022 supra
1314 954 1572 1018 vidimus;
1624 955 1814 1007 invitat
1854 952 2167 1015 Eusebium,
2212 960 2270 1003 ut

706 1058 832 1099 vere
865 1044 1249 1099 Caesariensem
1292 1044 1588 1099 Ecclesiam
1610 1044 1844 1109 invisat;
1878 1035 1953 1097 'ait
1988 1060 2046 1100 se
2082 1042 2270 1097 melius

707 1137 867 1193 solito
904 1154 1004 1191 nou
1034 1138 1225 1191 valere.

780 1226 990 1296 Scripta
1028 1240 1107 1282 est
1155 1230 1267 1282 ha-c
1304 1229 1535 1297 epistola
1580 1242 1721 1281 anno
1769 1227 1874 1283 570
1898 1235 2145 1288 exeunte,
2192 1226 2271 1279 vel

713 1321 928 1374 ineunte
975 1317 1100 1371 371.
1151 1318 1386 1373 Credere
1438 1318 1617 1372 malim
1667 1333 1808 1375 anno
1866 1319 1969 1373 570
2019 1317 2272 1385 scriptam

710 1411 896 1463 fuisse.
927 1410 1077 1473 Quod
1107 1424 1251 1463 enim
1280 1412 1411 1463 duos
1431 1406 1541 1475 jam
1570 1423 1781 1463 menses
1799 1408 2008 1461 nivibus
2038 1404 2276 1472 cooperti

710 1499 1052 1568 Cappadoces
1081 1499 1351 1562 dicuntur,
1383 1498 1432 1549 id
1458 1498 1523 1552 de
1557 1498 1828 1551 mensibus
1862 1512 1967 1548 non
2030 1495 2200 1563 plenis
2226 1502 2278 1545 ct

709 1592 917 1647 exactis
948 1592 1117 1660 accipi
1149 1599 1343 1661 potest.
1378 1588 1644 1643 Praeterea
1674 1590 1846 1641 hiems
1866 1589 1974 1641 cito
1993 1587 2277 1641 admodmn

713 1683 768 1736 in
798 1682 1134 1751 Cappadocia
1180 1682 1494 1749 incipiebat.
1538 1680 1650 1733 Non
1690 1679 1912 1733 dubium
1945 1689 2123 1733 autem
2148 1679 2277 1745 quin

714 1774 1038 1828 clericorum
1075 1772 1272 1841 aliquis
1334 1775 1470 1825 hanc
1529 1770 1811 1840 epistolam
1866 1771 2138 1825 detulerit.
2190 1769 2279 1822 Sic

2372 590 2441 641 lle
2492 588 2574 641 bis
2617 590 3123 656 rumoribus,rquos
3149 588 3393 643 malevoli
3436 590 3683 647 homines
3713 605 3929 660 sparge-

2369 680 2517 744 bant,
2546 681 2835 735 certiorem
2883 680 3135 735 Basiliam
3156 682 3288 736 fecit
3309 680 3595 750 BospOrius
3629 684 3852 739 colenia’.
3876 684 3928 737 in

2368 771 2702 838 Cappadocia
2733 774 3035 841 episcopus.

2446 862 2730 917 Perculsus
2761 865 2861 918 hoc
2886 862 3074 917 nuntio
3108 860 3338 919 Basilius
3368 873 3529 918 totam
3557 872 3770 917 noctem
3807 878 3921 920 tra-

2372 956 2528 1009 duxit
2560 955 2861 1008 insomnem
2902 955 3351 1025 quemadmodum
3380 957 3493 1025 ipse
3516 962 3701 1009 narrat
3727 955 3781 1007 in
3818 958 3931 1024 epi-

2373 1038 2599 1099 stola'5l
2624 1084 2637 1109 ,
2669 1043 2719 1097 in
2766 1059 2868 1111 qua
2901 1044 3119 1114 exponit
3164 1043 3291 1111 quid
3318 1045 3381 1097 de
3430 1045 3619 1098 Dianio
3653 1055 3681 1096 a
3728 1046 3935 1098 teneris

2377 1138 2630 1201 senserit,
2664 1151 2725 1189 ac
2770 1136 3002 1201 ingenue
3044 1138 3243 1191 fatetur
3268 1150 3325 1189 se
3353 1150 3475 1188 cum
3510 1136 3690 1190 nmltis
3729 1134 3850 1188 aliis
3884 1138 3934 1188 in

2364 1226 2547 1291 patria
2585 1226 2747 1279 Deum
2782 1225 3097 1282 timentibus
3133 1224 3488 1280 insolabiliter
3513 1226 3765 1286 doluisse,
3794 1227 3934 1291 quod

2378 1316 2604 1371 Dianius
2658 1317 2901 1371 formulae
2932 1317 3392 1387 Constantinopoli
3423 1333 3451 1369 a
3480 1318 3713 1385 Georgio
3762 1316 3939 1370 allatae

2376 1404 2799 1473 subscripsisset,
2847 1405 2938 1459 sed
2997 1417 3169 1459 tamen
3218 1410 3282 1460 ad
3326 1406 3441 1475 ejus
3488 1409 3929 1461 communionem

2378 1499 2689 1561 accessisse,
2742 1508 3023 1568 postquam
3067 1499 3285 1552 Dianius
3332 1502 3383 1553 in
3426 1500 3689 1560 morbum,
3730 1514 3796 1552 ex
3835 1513 3946 1567 quo

2380 1599 2631 1643 mortuus
2664 1600 2765 1652 est,
2802 1591 3004 1659 lapsus,
3036 1589 3236 1643 Basilio
3275 1594 3539 1647 accersito
3574 1591 3779 1662 juravit
3810 1594 3944 1645 nihil

2381 1682 2481 1735 sibi
2507 1694 2698 1737 contra
2726 1685 2996 1739 Nicarnam
3020 1685 3174 1739 fidem
3204 1685 3535 1753 propositum
3569 1685 3757 1745 fuisse,
3782 1696 3947 1750 seque

2384 1773 2519 1827 nihil
2549 1774 2692 1827 aliud
2728 1778 2947 1841 sentire,
2980 1791 3138 1843 quam
3172 1777 3313 1845 quod
3343 1777 3408 1829 ab
3445 1776 3599 1830 initio
3633 1783 3943 1844 acceperat,

714 1866 857 1921 enim
888 1864 1101 1921 solitum
1123 1865 1357 1919 scribere
1382 1862 1658 1926 Basiliam,
1692 1864 1879 1917 saltem
1897 1876 2016 1915 cum
2048 1862 2280 1929 aliquem
2314 1856 2358 1916 Β
2390 1880 2451 1919 ac
2483 1866 2713 1933 precari,
2755 1876 2811 1919 ut
2839 1883 2865 1919 a
2891 1878 3251 1923 trecentorum
3284 1868 3465 1923 decem
3497 1878 3549 1922 et
3578 1878 3699 1924 octo
3726 1868 3948 1923 Patrum

715 1959 842 2012 data
864 1971 1025 2026 opera
1066 1955 1333 2017 mittebat,
1368 1968 1433 2007 ex
1456 1968 1542 2023 ep.
1580 1953 1678 2007 I98
1707 1950 2286 2021 perspicimus.Quam-

716 2052 801 2105 vis
855 2060 1030 2103 autem
1082 2063 1218 2100 unus
1263 2055 1470 2099 tanturn
1505 2046 1658 2098 initio
1702 2043 1944 2112 epistolae
1978 2044 2287 2114 designetur

717 2139 953 2209 bajulus,
985 2138 1190 2196 socium
1231 2148 1406 2190 tamen
1459 2136 1506 2189 ei
1546 2135 1783 2187 additmn
1837 2133 2004 2190 fuisse
2044 2146 2189 2203 patet
2221 2151 2284 2189 ex

720 2232 807 2291 bis
842 2232 1037 2297 verbis,
1068 2245 1119 2283 ut
1150 2233 1246 2296 ipsi
1279 2230 1355 2281 illi
1393 2228 1705 2281 narrabant.
1750 2226 1903 2294 Saepe
1941 2228 1991 2279 in
2024 2228 2285 2296 ejusmodi

722 2325 933 2387 litteris,
955 2325 1053 2376 etsi
1095 2324 1198 2376 duo
1222 2322 1592 2384 mittebantur,
1618 2335 1755 2373 unus
1799 2320 2196 2379 nominabatur,
2229 2330 2287 2371 ut

722 2415 1003 2472 observavi
1035 2414 1099 2467 ad
1131 2416 1291 2483 epist.
1327 2414 1453 2467 245.

794 2505 885 2561 IV.
917 2506 993 2561 Ex
1026 2507 1092 2560 iis
1142 2506 1230 2575 qui
1263 2505 1459 2561 Basilio
1491 2504 1542 2556 in
1602 2503 1910 2570 primordiis
1948 2512 2289 2571 episcopatus

724 2599 1024 2667 gratulandi
1059 2607 1111 2652 et
1145 2596 1463 2650 adhortandi
1493 2610 1655 2649 causa
1687 2596 2039 2664 scripserunt,
2064 2597 2288 2649 duorum

725 2694 793 2751 ad
832 2708 931 2747 nos
956 2692 1332 2760 episcoporum
1370 2692 1587 2746 nomina
1636 2705 1951 2759 pervenere,
1992 2690 2203 2743 Arcadii
2238 2700 2290 2743 et

726 2785 1044 2840 Innocentii.
1074 2783 1288 2839 Primus
1324 2799 1472 2853 spem
1504 2799 1531 2836 a
1568 2798 1625 2837 se
1655 2784 1720 2836 de
1754 2782 1953 2836 Basilio
1979 2794 2292 2852 conceptam

727 2880 1123 2949 significaverat
1148 2876 1245 2947 (a),
1263 2888 1314 2930 et
1340 2877 1591 2943 reliquias
1614 2884 1903 2941 martyrum
1938 2874 2000 2924 ad
2017 2875 2293 2926 ecclesiam

728 2985 920 3026 recens
974 2985 1002 3022 a
1053 2983 1111 3022 se
1168 2977 1533 3021 cottstructam
1584 2965 1834 3033 petierat.
1901 2966 2295 3017 l’erhonorilice

730 3061 1017 3135 respondet
1047 3054 1277 3116 Basilius
1306 3060 1403 3131 (ὁ).
1435 3073 1599 3129 seque
1634 3058 1773 3112 illius
1802 3058 1960 3111 studii
2000 3058 2293 3127 adjutorem

733 3158 972 3213 futurum
992 3158 1281 3225 promittit,
1302 3158 1345 3210 si
1369 3156 1623 3225 reliquias
1658 3163 1952 3224 martyrum
1979 3154 2297 3222 investigare

730 3250 920 3319 possit.
950 3249 1315 3310 Innocentius,
1342 3265 1498 3315 quem
1526 3248 1851 3314 perabsurde
1883 3246 2087 3298 librarii
2121 3245 2302 3299 Batnae

732 3344 1039 3411 episcopum
1080 3339 1344 3401 fecerunt,
1386 3354 1591 3405 magnae
1622 3339 1770 3388 urbis
1802 3350 1855 3390 et
1889 3339 2133 3389 (laesi-area
2198 3354 2300 3391 non

734 3446 924 3499 parum
966 3429 1217 3483 distantis
1271 3428 1554 3495 episcopus
1605 3436 1719 3479 erat
1770 3437 1824 3479 et
1870 3424 2101 3493 Spiritus
2135 3430 2301 3479 sancti

738 3520 1089 3592 gloriﬁcator,
1126 3518 1177 3573 id
1209 3526 1312 3579 est,
1349 3516 1647 3571 divinitatis
1687 3514 1805 3585 ejus
1848 3514 2116 3569 defensor.
2149 3513 2302 3568 Basi-

739 3614 845 3673 lius
880 3611 946 3684 (ε)
981 3612 1179 3683 gratias
1207 3613 1254 3664 ei
1298 3610 1429 3680 agit,
1456 3609 1595 3677 quod
1626 3624 1685 3663 se
1723 3608 2017 3669 adhortari,
2056 3621 2119 3660 ac
2165 3608 2303 3660 litte—

742 3705 817 3756 ris
850 3717 1092 3756 rccreare
1127 3701 1375 3769 dignatus
1401 3710 1565 3763 esset,
1586 3709 1633 3753 et
1662 3700 1794 3753 velut
1820 3714 2097 3766 puerorum
2131 3698 2306 3769 infan-

740 3797 867 3852 tiam
888 3794 1024 3845 ulnis
1051 3809 1159 3845 sua:
1200 3793 1577 3859 magnitudinis
1606 3792 1862 3859 amplecti.

813 3883 1128 3953 Pergamius
1167 3884 1381 3950 quidam
1410 3882 1607 3935 Basilio
1648 3883 1712 3933 ad
1734 3882 2096 3953 episcopatum
2125 3892 2309 3935 evecto

744 3976 1043 4043 gratulatus
1082 3974 1275 4039 fuerat,
1307 3975 1397 4027 sed
1433 3988 1552 4025 cum
1586 3985 1897 4039 responsum
1934 3985 2038 4021 non
2075 3971 2311 4036 accepis-

747 4078 851 4132 set,
880 4066 1075 4121 iterum
1108 4067 1344 4136 scripsit,
1374 4081 1477 4119 non
1500 4064 1614 4118 sine
1639 4063 1890 4133 gravibus
1914 4062 2145 4131 querelis
2170 4062 2309 4132 quod

747 4173 885 4212 nova
938 4159 1174 4228 dignitas
1231 4159 1427 4213 Basilio
1479 4158 1802 4211 oblivionem
1853 4167 1907 4209 et
1949 4164 2309 4226 contemptum

749 4250 1044 4304 amicorum
1096 4250 1323 4303 amaret.
1355 4248 1557 4301 Scribit
1591 4250 1771 4316 itaque
1808 4246 1882 4299 illi
1909 4245 2140 4298 Basilius
2197 4246 2307 4311 epi-

750 4340 944 4396 stolam
976 4338 1064 4405 56,
1090 4340 1144 4393 in
1174 4355 1274 4407 qua
1309 4354 1366 4393 se
1393 4350 1585 4391 natura
1619 4338 1909 4407 proclivem
1942 4352 2059 4390 esse
2088 4337 2151 4388 ad
2182 4335 2315 4390 obli-

750 4435 1066 4489 viscendutn
1097 4431 1313 4495 fatetur,
1342 4433 1434 4485 sed
1467 4445 1607 4483 nunc
1637 4430 1865 4498 negotiis
1888 4429 2187 4482 districtum
2239 4426 2315 4479 fa-

748 4528 907 4581 cilius
935 4527 1201 4581 oblivisci.
1232 4526 1286 4580 Id
1313 4540 1486 4579 causae
1514 4537 1631 4578 esse
1660 4537 1757 4577 cur
1788 4532 2019 4588 acceptae
2055 4536 2083 4573 a
2119 4518 2314 4587 Perga-

750 4619 860 4672 mio
912 4619 1153 4687 epistolae
1210 4636 1313 4672 non
1371 4617 1689 4671 meminerit.
1749 4613 2014 4669 Caeterum
2068 4613 2315 4666 hortatur

751 4708 1095 4778 Pergamium
1130 4720 1187 4763 ut
1210 4710 1395 4779 paucis
1420 4708 1593 4761 verbis
1624 4720 1811 4776 magna
1838 4705 2066 4759 crimina
2112 4701 2312 4756 inferre

752 4799 965 4853 desinat
993 4816 1006 4853 :
1040 4799 1237 4868 quippe
1272 4815 1391 4853 cum
1437 4800 1733 4853 amicorum
1767 4797 1963 4851 oblivio
1989 4806 2042 4848 et
2073 4803 2311 4847 conteru-

750 4897 874 4957 ptns
898 4905 963 4944 ex
995 4901 1258 4959 potestate
1278 4902 1428 4947 ortus
1462 4891 1589 4945 nihil
1618 4891 1740 4945 mali
1776 4905 1880 4944 non
1907 4888 2311 4957 complectatur.

752 4981 1024 5039 Promittit
1059 4999 1119 5038 se
1166 4999 1273 5038 non
1332 4985 1482 5053 prius
1515 4982 1798 5053 Pergamii,
1844 4996 2007 5051 quam
2032 4981 2112 5034 sui
2148 4979 2312 5047 ipsius

750 5072 1059 5127 obliturutu.

826 5161 892 5217 ν·
922 5163 1050 5231 Qua
1074 5180 1233 5235 supra
1263 5166 1497 5223 diximus
1519 5168 1771 5222 Basiliam
1814 5166 1953 5220 inter
1979 5173 2033 5217 et
2065 5162 2312 5216 Dianium

753 5256 1151 5325 intercessisse,
1170 5273 1233 5315 ea
1265 5260 1367 5315 hoc
1398 5270 1640 5329 tempore
1670 5258 1868 5312 inimici
1900 5256 2041 5308 illius
2064 5270 2129 5308 ex
2156 5253 2313 5306 silen-

758 5352 833 5403 tio
864 5361 919 5405 et
943 5353 1211 5407 oblivione
1243 5358 1665 5419 exsuscitarunt,
1705 5369 1767 5408 ac
1802 5356 1941 5406 malo
1969 5352 2149 5404 animo
2205 5364 2319 5400 ain-

756 5442 1059 5513 pliaverunt
1077 5443 1175 5515 (ὀ),
1196 5446 1605 5500 Dixeruntcnim
1625 5444 2134 5498 anathematizatum
2158 5440 2319 5491 fuisse

759 5537 829 5590 ab
857 5550 922 5590 eo
955 5536 1201 5593 Dianium
1235 5557 1248 5593 :
1279 5555 1382 5613 qua
1416 5540 1677 5595 calumnia
1706 5537 1838 5592 nihil
1874 5537 2052 5607 aptius
2090 5542 2204 5588 erat
2255 5532 2317 5584 ad

832 5678 907 5815 ἓηζ
940 5677 1036 5744 Ep.
1070 5680 1156 5733 49.

858 5748 884 5797 b
944 5750 1143 5813 le.50.

858 5748 907 5811 ὁ)
944 5750 1034 5813 le.
1055 5751 1143 5801 50.

831 5822 899 5893 (ς)
929 5822 1023 5891 Ep.
1055 5821 1141 5877 ει.

2390 1968 2537 2010 sorte
2569 1971 2672 2010 non
2702 1968 3003 2025 separetur.

2459 2049 2631 2119 Iniqui
2662 2052 2726 2105 de
2758 2048 2957 2105 Basilio
2991 2068 3234 2107 rumores
3262 2055 3326 2107 ad
3356 2058 3641 2111 canonicas
3664 2061 3947 2126 quasdam,

2390 2139 2507 2193 sive
2528 2158 2712 2197 sacras
2743 2143 2979 2213 virgines
3010 2143 3199 2212 perlati
3239 2145 3467 2200 fuerant.
3507 2148 3620 2216 Ipse
3657 2149 3821 2202 etiam
3845 2148 3952 2202 Ba-

2390 2228 2542 2281 silius
2577 2229 2722 2285 falsis
2770 2232 3077 2286 rumoribus
3104 2232 3392 2303 deceptus,
3428 2237 3603 2290 minus
3647 2254 3859 2307 aequam
3891 2238 3955 2291 de

2391 2319 2668 2374 canonicis
2718 2323 3027 2390 opinionem
3072 2335 3374 2393 acceperat.
3421 2325 3677 2378 Dedocuit
3720 2329 3957 2395 virgines

2391 2408 2703 2476 Bosporius,
2741 2422 2795 2463 et
2828 2413 2896 2465 ad
2950 2416 3240 2481 aequiorem
3268 2418 3333 2469 de
3386 2415 3585 2470 Basilio
3625 2417 3954 2470 sententiam

2394 2502 2632 2564 adduxit,
2662 2517 2723 2557 ac
2758 2519 2942 2557 rursus
2986 2504 3241 2559 Basiliam
3274 2508 3338 2560 de
3379 2509 3538 2563 rebus
3566 2509 3958 2563 canonicarum

2395 2596 2699 2649 accuratius
2722 2596 2977 2649 erudivit.
3003 2592 3302 2663 Utrumque
3326 2597 3522 2652 Basilio
3540 2607 3843 2678 pergratum
3874 2614 3960 2652 ac-

2395 2685 2547 2751 cidit,
2575 2702 2638 2742 ac
2665 2688 2933 2755 duplicem
2960 2703 3111 2743 suam
3133 2687 3371 2741 laetitiam
3386 2690 3660 2743 canonicis
3690 2689 3963 2757 significat

2396 2778 2449 2830 in
2483 2779 2704 2846 epistola
2739 2779 2825 2843 52,
2856 2791 2910 2834 et
2958 2780 3212 2834 nonnulla
3237 2780 3303 2834 de
3331 2778 3585 2850 dogmate
3627 2782 3869 2847 disserit,
3905 2792 3961 2834 ut

2400 2870 2556 2922 modo
2587 2870 2903 2925 videbimus.

2468 2960 2577 3015 Nec
2611 2962 2769 3017 rebus
2795 2979 2895 3017 nec
2936 2974 3178 3034 tempore
3220 2966 3317 3021 bas
3362 2966 3616 3036 epistolas
3652 2968 3725 3038 (e)
3756 2965 3964 3035 disjun-

2398 3055 2597 3122 gendas
2633 3054 2899 3109 duximus.
2935 3056 2989 3109 ln
3038 3067 3267 3128 utraque
3296 3059 3341 3113 is
3376 3061 3465 3128 qui
3491 3059 3745 3113 Basiliam
3782 3065 3965 3110 monet

2401 3147 2527 3216 qttid
2551 3147 2614 3201 de
2648 3148 2739 3202 illo
2771 3148 3003 3210 dicatur,
3026 3149 3315 3217 Bosporius
3337 3164 3438 3205 est.
3472 3150 3701 3204 Basilius
3734 3148 3789 3203 in
3818 3158 3967 3202 utra-

2410 3255 2512 3309 que
2547 3249 2779 3295 structas
2802 3240 2901 3295 sibi
2936 3241 3235 3295 calumnias
3262 3242 3527 3311 ejusmodi
3564 3256 3684 3296 esse
3704 3242 3966 3305 declarat,

2408 3346 2463 3389 ut
2501 3351 2685 3389 earum
2746 3349 2997 3390 auctores
3052 3337 3275 3391 credere
3309 3353 3413 3390 non
3461 3336 3747 3391 videantur
3790 3351 3847 3390 se
3886 3336 3969 3388 vel

2405 3430 2561 3481 otiosi
2589 3430 2734 3483 verbi
2782 3430 3041 3483 rationem
3071 3432 3121 3483 in
3179 3431 3265 3485 dic
3300 3430 3487 3501 judicii
3549 3430 3877 3484 reddituros.
3916 3428 3970 3479 In

2407 3529 2637 3585 utraque
2682 3520 2943 3574 refellitur
2985 3521 3257 3574 calidioris
3309 3537 3371 3575 ac
3413 3520 3753 3574 immoderati
3806 3517 3971 3571 animi

2409 3610 2744 3663 criminatio.
2788 3609 2921 3662 Nam
2965 3612 3016 3663 in
3055 3612 3279 3679 epistola
3313 3614 3377 3664 ad
3408 3612 3721 3680 Bosporium
3744 3610 3973 3679 legimus

2413 3710 2721 3753 accusatum
2774 3698 2941 3755 fuisse
2974 3700 3227 3753 Basiliam
3251 3740 3264 3763 ,
3290 3702 3429 3767 quod
3463 3701 3710 3753 Dianium
3742 3700 3970 3753 anathe-

2414 3792 2747 3855 matizasset,
2785 3793 2977 3863 synodi
3025 3792 3250 3846 Nicaeum
3282 3791 3648 3846 defensionem
3680 3792 3822 3844 ultra
3856 3806 3970 3845 mo-

2414 3883 2537 3937 dum
2568 3897 2621 3937 et
2671 3885 2843 3953 legem
2876 3886 3193 3955 perducens.
3228 3886 3281 3938 ln
3330 3884 3550 3953 epistola
3584 3883 3649 3936 ad
3668 3882 3964 3936 canonicas

2415 3991 2518 4026 non
2570 3975 2762 4029 refellit
2795 3978 3110 4031 nominatim
3164 3980 3265 4033 hoc
3315 3979 3487 4031 Dianii
3530 3976 3974 4030 anathematizati

2414 4076 2775 4117 commentum
2805 4081 2818 4128 ;
2849 4068 2939 4118 sed
2960 4069 3202 4121 eamdem
3235 4068 3468 4121 hominis
3500 4065 3843 4120 immoderati
3863 4065 3976 4133 Opi-

2417 4158 2628 4207 nionem
2660 4170 2686 4206 a
2719 4170 2777 4209 se
2824 4168 3085 4219 removet,
3123 4160 3246 4210 dum
3288 4176 3472 4211 carum
3526 4168 3717 4227 rogatu
3750 4159 3976 4226 exponit

2416 4248 2544 4318 quid
2575 4252 2638 4301 de
2670 4250 3116 4303 consubstantiali
3145 4251 3361 4313 sentiat,
3393 4266 3453 4304 ac
3480 4266 3589 4310 eos,
3620 4252 3709 4318 qui
3741 4250 3973 4304 nondum

2418 4342 2559 4403 hanc
2618 4356 2803 4395 vocem
2862 4354 3195 4409 receperant,
3232 4341 3459 4410 benigne
3505 4350 3749 4404 excusat,
3789 4342 3916 4410 quia
3948 4356 3975 4392 a

2422 4432 2677 4487 l’atribus
2714 4433 3094 4494 Autioehenis,
3133 4442 3188 4485 ut
3248 4432 3360 4501 ipse
3394 4432 3739 4501 epinabatur,
3778 4433 3973 4500 rejects

2422 4523 2617 4578 fuerat.
2643 4524 2775 4579 Illud
2806 4525 2967 4577 etiam
2991 4528 3247 4593 optabant
3281 4524 3572 4588 canonicae,
3610 4534 3667 4576 ut
3693 4538 3849 4577 suam
3884 4523 3976 4575 Ba-

2424 4618 2581 4670 silius
2614 4617 2936 4671 sententiam
2969 4620 3204 4687 aperiret
3227 4619 3291 4670 de
3319 4616 3383 4669 iis
3412 4617 3501 4686 qui
3539 4617 3800 4683 Spiritum
3842 4615 3978 4669 Filio

2423 4718 2785 4776 praeponam,
2815 4720 2904 4761 aut
2938 4708 3096 4766 Patre
3135 4710 3488 4777 antiquiorem
3528 4718 3735 4772 putant.
3775 4707 3974 4760 Morem

2419 4800 2499 4852 eis
2552 4798 2787 4852 libenter
2822 4801 3008 4866 gessit.
3042 4799 3144 4853 Sed
3176 4815 3272 4851 cur
3302 4801 3401 4851 hoc
3442 4798 3507 4852 ab
3551 4814 3612 4850 eo
3650 4795 3973 4865 postulatum

2423 4900 2525 4950 est,
2562 4891 2662 4943 nisi
2701 4890 2828 4960 quia
2858 4893 2969 4958 ipse
2992 4892 3043 4943 in
3080 4891 3233 4955 hujus
3258 4891 3462 4944 erroris
3492 4888 3851 4956 suspicionem
3884 4903 3973 4939 voc

2421 4981 2675 5046 cabatur,
2732 4986 2953 5050 ejusque
2999 4982 3160 5035 animi
3213 4982 3506 5035 moderatio
3540 4981 3589 5032 in
3641 4977 3973 5033 defendenda

2422 5076 2593 5129 sancti
2630 5074 2867 5143 Spiritus
2891 5074 3174 5127 divinitate
3212 5074 3279 5125 ab
3310 5072 3541 5127 inimicis
3564 5070 3977 5139 requirebatur?

2425 5165 2575 5221 Ilune
2598 5166 2741 5220 enim
2769 5179 3007 5219 errorem
3040 5164 3339 5219 acrioribus
3367 5161 3691 5215 adversariis
3718 5174 3974 5229 pneuma-

2422 5259 2655 5311 tomacbi
2699 5272 2761 5311 ac
2814 5256 3137 5310 nominatim
3170 5256 3267 5324 ipsi
3310 5253 3507 5307 Basilio
3539 5250 3880 5313 aﬂinxerunt,
3923 5262 3975 5300 ut

2424 5349 2777 5418 perspicimus
2802 5363 2866 5400 ex
2895 5348 3119 5415 epistola
3145 5348 3270 5401 25L
3312 5344 3532 5397 Videtur
3552 5358 3679 5411 ergo
3720 5344 3837 5395 ltzrc
3872 5360 3975 5407 t‘jtl-

2425 5437 2559 5491 stola
2591 5453 2709 5491 cum
2756 5437 3073 5505 praecedenti
3105 5446 3159 5489 et
3196 5439 3356 5489 rebus
3397 5445 3451 5487 et
3486 5443 3725 5499 tempere
3755 5431 3972 5500 cenjuu-

2429 5529 2618 5598 gelida.
2658 5526 2842 5595 Neque
2873 5529 3101 5581 obscura
3130 5536 3212 5581 est
3254 5526 3412 5589 ratio,
3446 5538 3542 5578 cur
3570 5520 3705 5577 nihil
3750 5520 3974 5575 Basilius

2498 5666 2571 5735 (d)
2608 5668 2774 5733 Epist.
2798 5665 2881 5732 51,
2902 5665 2985 5719 5‘2.

2498 5749 2565 5806 te)
2599 5736 2728 5791 Ibid.
