4094 6308
1489 312 1651 366 V'lTA
1692 313 1748 369 S.
1791 313 2053 369 BASlLll.

3287 339 3391 381 ιιν

149 436 213 489 de
236 448 328 487 sua
363 432 467 486 fide
500 443 738 501 exponat
772 432 1053 507 Bosporio,
1092 433 1225 486 nihil
1265 432 1331 485 de
1367 432 1559 486 Dianio
1582 432 1725 487 dicat
1756 441 1801 494 Λ
1833 450 1954 488 eum
1987 439 2053 492 ab
2089 438 2351 494 altaribus
2398 454 2769 503 secessurum,
2815 451 2868 496 et
2899 441 3245 513 quaesiturum
3299 442 3390 498 ubi

146 525 424 577 canonicis
446 522 546 592 (α).
580 522 715 575 Nota
762 524 902 576 enim
962 532 1077 575 erat
1119 524 1249 575 fides
1299 520 1478 575 Basilii
1514 521 1719 589 Bospo-

146 616 229 669 rio
254 615 347 683 (ὁ).
378 614 688 668 Canonicas
720 615 785 668 de
814 615 877 668 iis
901 630 1017 681 quze
1059 622 1307 680 spectant
1356 618 1419 666 ad
1467 612 1716 666 Dianium

145 707 417 760 erudierat
470 705 789 774 Bosporius,
833 719 890 759 re
920 704 1075 769 paulo
1124 698 1245 758 ante
1272 719 1337 759 ex
1378 705 1489 772 ipso
1525 705 1719 760 Basilio

143 798 381 866 cognita.

214 890 369 957 Quod
402 898 583 943 autem
625 898 838 959 spectat
864 889 927 943 ad
970 905 1185 959 sparsos
1215 892 1283 945 de
1318 892 1594 946 canonicis
1625 908 1717 946 ru-

143 997 345 1048 mores,
382 983 633 1051 equidem
696 998 755 1035 ea
807 982 873 1036 de
929 998 986 1035 re
1035 999 1139 1037 non
1206 983 1359 1037 facile
1412 986 1713 1038 statuerim.

144 1072 304 1127 Forte
344 1087 537 1127 eorum
570 1088 747 1126 mores
781 1071 832 1128 iu
861 1073 1218 1142 suspicionem
1250 1076 1460 1138 vocati;
1512 1076 1605 1129 sed
1637 1078 1718 1130 vi-

144 1165 303 1218 detur
340 1165 460 1234 ipsa
509 1163 685 1233 potius
728 1163 858 1218 fides
910 1165 1047 1217 malo
1084 1180 1298 1219 rumore
1330 1164 1604 1234 flagrasse.
1632 1168 1716 1221 lu-

144 1265 360 1327 sumpta
392 1257 539 1310 enim
570 1271 599 1309 a
623 1256 818 1310 Basilio
848 1272 1028 1326 Opera,
1058 1268 1113 1309 ut
1143 1273 1333 1327 pravas
1357 1262 1713 1316 consubstan-

145 1349 283 1404 tialis
326 1349 814 1416 interpretationes
854 1349 1063 1404 refellat
1094 1359 1147 1402 et
1173 1364 1201 1402 a
1238 1351 1415 1418 seipso
1442 1352 1592 1420 pravi
1624 1368 1712 1406 er-

147 1440 280 1495 roris
314 1436 661 1506 suspiciones
710 1447 1001 1503 removeat,
1037 1448 1349 1509 argumento
1387 1451 1461 1495 est
1490 1444 1711 1497 canoni-

144 1544 321 1586 camm
352 1529 580 1582 auribus
603 1529 806 1597 aliquid
833 1531 898 1584 ab
921 1529 1137 1583 Arianis
1162 1530 1492 1586 inculcatum
1522 1532 1709 1596 fuisse,

142 1634 335 1689 easque
364 1634 471 1675 non
511 1621 645 1674 satis
674 1620 777 1675 sibi
828 1620 1031 1674 cavisse
1064 1620 1130 1674 ab
1172 1620 1433 1689 ejusmodi
1476 1623 1708 1677 homini-

142 1715 254 1779 bus,
286 1728 354 1767 ac
382 1712 526 1768 forte
558 1714 759 1768 idcirco
789 1712 928 1765 male
959 1713 1251 1769 audivisse.

1829 527 2023 579 donum
2091 529 2184 583 Dei
2248 546 2453 593 emens.
2489 533 2665 587 denuo
2714 533 2984 587 divendat.
3016 532 3167 586 Multi
3209 547 3275 587 ex
3307 532 3389 587 his

1826 618 2089 687 episcopis
2118 620 2352 675 nondum
2375 622 2609 690 iniquam
2645 628 2709 678 de
2740 623 2934 679 Basilio
2955 624 3279 679 sententiam
3300 624 3388 676 de-

1826 718 2111 774 posuerant
2146 728 2157 762 :
2189 711 2281 763 sed
2315 724 2408 765 eos
2443 711 2692 775 Basilius,
2727 722 2861 768 teste
2887 712 3143 783 Gregorio
3174 712 3277 780 (In),
3314 712 3391 765 sic

1826 798 2037 852 lenitate
2085 797 2298 853 flectere
2340 800 2659 864 conabatur,
2693 812 2750 853 ut
2803 800 3100 855 constantia
3131 807 3184 853 et
3223 798 3389 852 animi

1826 889 2080 944 fortitudo
2115 905 2217 943 non
2251 892 2521 946 deessent.
2557 892 2729 960 Atque
2763 892 2816 945 id
2850 893 3282 947 animadvertere
3308 900 3392 947 est

1822 980 1874 1033 in
1914 981 2013 1034 hac
2040 980 2282 1049 epistola,
2310 997 2429 1051 qua:
2452 982 2777 1038 lenissimam
2797 997 2858 1037 ac
2877 982 3156 1037 cbaritatis
3177 983 3386 1053 plenam

1821 1073 2038 1127 adhibet
2066 1073 2457 1143 prrefationem.
2486 1090 2585 1131 nec
2623 1085 2798 1129 tamen
2834 1091 2861 1129 a
2893 1078 3180 1130 severitate
3206 1076 3379 1132 disce-

1820 1162 1917 1224 dit,
1940 1178 2097 1231 quam
2129 1173 2328 1217 tantum
2366 1165 2516 1220 nefas
2546 1167 2867 1235 postulabat.

1892 1250 1952 1304 lli
1989 1253 2243 1321 episcopi,
2268 1253 2333 1307 de
2366 1256 2562 1322 quibus
2596 1258 2749 1309 modo
2777 1259 3002 1327 egimus,
3033 1265 3296 1311 vocantur
3321 1257 3377 1312 in

1820 1342 2207 1412 antiquissimis
2278 1346 2554 1400 codicibus
2648 1362 2781 1403 mss.
2848 1349 3235 1418 clmrepiscopi.
3298 1348 3391 1405 Sic

1818 1434 1981 1489 etiam
2032 1444 2289 1488 vocantur
2345 1439 2482 1504 apud
2530 1436 2847 1504 Gregorium
2891 1439 3291 1494 Nazianzenum
3332 1443 3385 1495 in

1817 1528 2059 1580 carmine
2099 1528 2161 1579 de
2192 1527 2297 1579 vita
2330 1544 2423 1578 sua
2457 1530 2531 1596 (p.
2553 1528 2628 1598 8).
2650 1530 2752 1582 Sed
2782 1531 2881 1583 hoc
2909 1546 3100 1584 nomen
3133 1547 3260 1587 usus
3289 1532 3355 1585 ad
3376 1559 3389 1571 -

1819 1617 1952 1671 dixit
2000 1619 2357 1687 presbyteris,
2390 1620 2480 1686 qui
2543 1630 2746 1674 certum
2798 1622 3084 1687 quemdam
3122 1638 3379 1692 pagorum

1820 1721 2106 1760 numerum
2160 1707 2259 1760 sub
2321 1709 2555 1777 episcopi
2613 1708 2941 1763 auctoritate
2992 1709 3385 1777 gubernabant.

205 1805 279 1860 De
311 1815 561 1875 tempore
593 1805 874 1873 utriusque
913 1804 1172 1874 epistolre,
1209 1820 1311 1859 non
1347 1805 1501 1861 valde
1523 1807 1710 1863 dil'ﬁci-
1740 1801 1783 1856 Β
1815 1799 1949 1855 Olim
1984 1800 2044 1870 (ἱ)
2094 1815 2210 1853 mos
2241 1809 2379 1862 erat,
2413 1811 2471 1853 ut
2504 1802 2759 1865 ministri,
2814 1802 2865 1856 id
2908 1811 3011 1869 est,
3048 1801 3382 1865 subdiaconi.

142 1899 202 1954 lis
246 1897 592 1967 conjectura.
630 1897 744 1951 Jam
797 1907 906 1949 tum
951 1898 1240 1965 episcopus
1284 1906 1403 1951 erat
1462 1899 1711 1968 Basilius,

142 1994 402 2063 siquidem
450 2002 504 2047 et
546 2007 603 2046 se
650 2000 704 2043 et
761 1989 1073 2060 Bosporium
1117 1990 1454 2045 Nicaenorum
1496 1992 1713 2047 Patrum

144 2086 377 2141 baeredes
432 2100 553 2141 esse
591 2084 720 2137 dicit
748 2083 817 2153 (c)
860 2092 957 2137 :et
1006 2083 1324 2153 Bosporium
1386 2086 1595 2139 duobus
1642 2086 1714 2138 lo-

143 2180 211 2234 cis
254 2178 485 2232 fratrem
519 2174 773 2245 appellat.
813 2176 1038 2229 Videtur
1088 2185 1266 2229 autem
1320 2192 1505 2229 recens
1552 2177 1716 2231 fuisse

144 2270 203 2325 ab
230 2267 585 2324 ordinatione
608 2266 711 2335 (d).
742 2266 873 2320 Nam
912 2268 1078 2320 multo
1124 2268 1400 2336 graviores
1435 2268 1713 2321 calumnia:

144 2372 189 2415 et
220 2359 463 2429 querelae
496 2362 831 2415 exstiterunt
864 2376 1006 2413 anno
1059 2360 1185 2424 ³575,
1223 2371 1273 2413 ει
1307 2360 1596 2426 Bosporius
1636 2359 1711 2412 si-

144 2452 385 2506 multates
410 2450 607 2505 habuit
631 2464 754 2505 cum
806 2449 1003 2503 Basilio
1035 2464 1177 2502 anno
1206 2448 1311 2501 5⁵ῑὲ
1342 2450 1580 2513 ineunte,
1614 2463 1713 2504 nec

144 2542 405 2596 unanimis
424 2541 475 2595 ei
500 2540 676 2595 factus
705 2548 787 2594 est
813 2541 911 2592 nisi
939 2554 1079 2593 anno
1100 2538 1223 2593 575.
1243 2537 1535 2593 ΟτιΙιιιιιηίεε
1562 2541 1710 2608 ipsae,

143 2651 249 2705 qua:
300 2632 511 2688 Basilio
566 2632 976 2686 immoderatum
1050 2630 1285 2684 animum
1344 2631 1709 2702 aliingcbant,

143 2727 301 2780 initiis
338 2726 692 2794 episcopatus
740 2721 941 2789 optime
989 2730 1315 2793 congruunt.
1359 2722 1508 2776 Tunc
1568 2724 1710 2778 enim

142 2818 311 2887 plures
360 2815 649 2884 episcopi,
688 2828 824 2883 quos
874 2813 1055 2869 Basilii
1105 2817 1400 2876 sanctitas,
1438 2815 1621 2868 itidem
1655 2825 1711 2869 ut

143 2899 489 2981 magistratus
516 2918 574 2963 et
603 2908 1001 2977 perditissimus
1030 2908 1193 2969 cives,
1246 2915 1542 2971 terruerat,
1591 2923 1709 2963 sus~

142 3014 337 3073 ceptam
378 3020 503 3059 cum
541 3018 607 3058 eo
642 3002 968 3057 simultatem
996 2999 1079 3053 vel
1111 2999 1289 3069 potius
1314 2999 1549 3054 scliisma
1577 3016 1706 3054 non-

126 3099 257 3151 dum
289 3096 683 3164 deposuerant.
715 3093 978 3145 Praeterea
1011 3099 1158 3160 patet
1200 3091 1378 3145 adhuc
1406 3093 1702 3156 exstitisse,

144 3190 223 3257 qni
256 3186 511 3256 quamvis
568 3182 834 3238 catholice
881 3184 1169 3248 sentirent,
1208 3199 1316 3238 non
1362 3193 1541 3238 tamen
1575 3200 1706 3237 cou-

144 3278 494 3335 substantiale
540 3275 884 3344 reciperent:
926 3290 1061 3344 quos
1092 3275 1310 3345 quidem
1348 3284 1531 3344 postea
1564 3289 1706 3330 anno

144 3370 239 3425 372
269 3378 507 3424 exeunte
536 3367 716 3422 nullos
752 3367 864 3422 fere
889 3368 1189 3423 videbimus
1218 3377 1456 3423 exstare.

209 3461 265 3517 V.
293 3462 560 3518 Testatur
601 3460 838 3514 Basilius
870 3459 936 3531 (c)
968 3474 1024 3514 se
1052 3459 1118 3512 ab
1161 3460 1313 3513 initio
1362 3459 1704 3527 episcopatus

144 3554 496 3622 prohibuisse,
537 3566 604 3606 ne
656 3552 778 3620 quis
832 3552 1014 3603 uxoris
1064 3560 1289 3604 mortuae
1355 3563 1592 3605 sororem
1650 3550 1702 3602 in

144 3645 543 3697 matrimonium
571 3643 815 3694 duceret.
852 3639 968 3692 lloc
1001 3649 1179 3691 autem
1210 3638 1399 3691 vitium
1442 3654 1547 3691 non
1586 3638 1704 3691 ideo

143 3729 426 3797 prohibuit,
474 3728 617 3795 quod
670 3727 775 3780 late
833 3727 885 3779 in
913 3724 1256 3796 Cappadocia
1297 3737 1525 3797 pateret.
1569 3727 1701 3780 Nam

144 3824 241 3886 ipse
270 3821 476 3875 fatetur
509 3819 578 3887 ff)
625 3820 676 3872 in
713 3819 854 3873 hanc
887 3820 1162 3891 regionem
1207 3836 1310 3876 non
1342 3831 1656 3889 penetrasse
1685 3838 1696 3872 :

143 3912 223 3966 sed
241 3912 458 3965 videtur
487 3910 539 3964 id
571 3909 788 3975 fecisse,
832 3910 956 3963 dum
988 3909 1278 3965 Ecclesiam
1316 3910 1417 3963 sibi
1448 3908 1702 3963 commis-

144 4018 242 4056 sam
273 4004 498 4072 Optimis
534 4000 741 4070 legibus
769 4001 1107 4053 communire
1145 4008 1198 4052 et
1228 4013 1423 4052 ornare
1454 4000 1703 4069 aggredi-

144 4105 235 4147 tnr.
256 4094 433 4147 Antea
469 4093 617 4147 enim
664 4090 1067 4146 matrimonium
1114 4090 1379 4159 ejusmodi
1430 4092 1482 4145 in
1516 4092 1703 4147 Eccle-

142 4188 206 4240 sia
233 4185 560 4240 Caesariensi
592 4200 694 4238 non
737 4198 799 4237 ex
851 4182 965 4252 lege
1014 4181 1341 4250 prohibitum
1377 4190 1494 4236 erat
1520 4182 1597 4253 (η.
1622 4182 1700 4247 ‘2),

142 4280 222 4333 sed
250 4293 313 4331 ex
341 4290 498 4330 more
526 4289 555 4326 a
586 4275 883 4344 majoribus
923 4273 1139 4327 tradito.
1174 4270 1327 4338 Quod
1362 4274 1405 4325 si
1443 4282 1585 4327 tanta
1606 4272 1704 4326 fuit

142 4369 307 4423 Basilii
328 4370 397 4422 ab
422 4366 579 4420 initio
608 4367 951 4435 episcopatus
992 4364 1270 4436 diligentia
1299 4364 1351 4417 in
1404 4364 1469 4419 iis
1520 4365 1703 4434 prohi-

1818 1895 1870 1949 in
1898 1897 2046 1965 pagis
2092 1911 2198 1951 non
2256 1896 2371 1951 sine
2403 1896 2647 1966 diligenti
2690 1897 2938 1952 examine
2978 1898 3382 1967 reciperentur;

1817 1988 2001 2041 sedulo
2048 1987 2393 2056 inquirebant
2443 1989 2497 2043 in
2551 2003 2738 2044 eorum
2790 2004 2966 2045 mores
3006 1990 3305 2060 presbyteri
3330 2001 3385 2045 et

1815 2079 2025 2134 diaconi
2050 2087 2102 2132 et
2120 2087 2183 2132 ad
2212 2079 2656 2150 chorepiscopum
2683 2081 3012 2147 referebant,
3033 2083 3124 2150 qui
3165 2083 3383 2136 testium

1816 2171 2086 2225 veracium
2124 2181 2347 2240 accepto
2395 2171 2674 2241 suffragio,
2704 2183 2755 2227 et
2788 2174 3042 2242 episcopo
3080 2173 3380 2238 admonito,

1817 2263 2122 2316 ministrum
2168 2262 2313 2317 clero
2350 2264 2668 2318 asciscebat.
2724 2262 2831 2318 Sed
2876 2265 2941 2317 de
2986 2265 3089 2319 hoc
3116 2280 3264 2320 more
3286 2267 3382 2319 de-

1814 2350 2076 2405 ﬂexerant
2104 2355 2475 2423 cliorepiscopi
2531 2355 2583 2408 in
2621 2354 2859 2410 Ecclesia
2889 2353 3228 2420 Cassariensi,
3259 2370 3381 2410 cum

1820 2443 2049 2498 Basilius
2096 2445 2159 2498 ad
2199 2445 2338 2499 hanc
2365 2446 2547 2500 sedem
2577 2456 2796 2500 evectus
2834 2454 2935 2501 est.
2972 2445 3211 2500 Primum
3259 2448 3351 2517 qui

1814 2538 1931 2592 dem
1965 2539 2064 2591 sibi
2101 2547 2266 2592 totam
2296 2541 2672 2593 auctoritatem
2709 2541 3087 2603 attribuerant,
3122 2541 3376 2609 episcopo

1815 2625 2056 2695 neglecto
2086 2644 2099 2680 :
2130 2629 2320 2681 deinde
2352 2628 2513 2681 etiam
2556 2626 2713 2694 hujus
2750 2630 2826 2683 rei
2860 2638 3047 2682 curam
3090 2628 3190 2697 ipsi
3221 2628 3370 2695 abje-

1814 2729 2017 2784 cerant,
2052 2728 2107 2773 et
2135 2719 2185 2772 in
2215 2720 2557 2789 presbyteros
2580 2735 2641 2775 ac
2676 2721 2931 2777 diaconos
2966 2721 3376 2776 transtulerant.

1811 2807 1937 2861 lude
1971 2818 2245 2873 evenerat,
2279 2821 2334 2862 ut
2362 2811 2514 2865 multi
2546 2821 2728 2866 essent
2757 2814 2809 2865 in
2844 2813 3072 2884 singulis
3104 2814 3253 2884 pagis
3276 2814 3380 2867 tui-

1812 2899 1992 2963 nistri,
2019 2902 2113 2954 sed
2146 2900 2324 2953 nullus
2368 2900 2621 2954 altarium
2669 2902 2971 2955 ministerio
3000 2904 3193 2973 dignus
3225 2918 3382 2973 repe-

1812 2992 2043 3058 riretur,
2106 3007 2168 3048 ac
2222 3008 2490 3049 summam
2545 3008 2661 3048 esse
2727 2994 3004 3063 penuriam
3060 2995 3158 3065 ipsi
3217 2995 3379 3049 chor-

1812 3085 2047 3155 episcopi
2073 3085 2389 3151 faterentur,
2420 3086 2508 3141 ubi
2533 3086 2746 3140 diaconi
2774 3095 2868 3139 aut
2890 3085 3186 3155 presbyteri
3222 3095 3381 3140 erant

1810 3177 2065 3244 engendh

1878 3266 2106 3321 Basilius
2146 3267 2329 3335 itaque
2364 3280 2487 3319 eum
2518 3265 2725 3319 videret
2755 3279 2867 3318 rem
2906 3264 2956 3316 in
2993 3264 3194 3317 malum
3224 3264 3376 3319 insa-

1808 3358 1984 3411 nabile
2008 3359 2285 3427 progredi,
2326 3356 2413 3410 illo
2440 3356 2736 3426 praesertim
2772 3365 3032 3423 tempore,
3068 3370 3177 3425 quo
3210 3356 3375 3412 multi

1805 3449 2007 3503 militia:
2033 3458 2175 3503 metu
2232 3448 2594 3503 ministerium
2639 3448 2983 3516 appetebant,
3021 3445 3377 3501 renovatPa-

1806 3548 1949 3594 trum
1980 3555 2238 3605 canones,
2266 3555 2329 3594 ac
2354 3538 2757 3607 cliorepisc0pis
2789 3538 3047 3607 praecipit,
3081 3546 3138 3592 ut
3166 3537 3375 3593 catalo-

1806 3641 1929 3694 gum
1983 3627 2348 3680 ministrorum
2380 3625 2643 3695 cujusque
2675 3627 2793 3695 pagi
2826 3628 2892 3680 ad
2921 3640 2978 3681 se
3006 3628 3239 3690 mittant,
3268 3636 3318 3681 et
3345 3642 3376 3681 ε

1805 3734 1911 3788 quo
1953 3719 2182 3788 quisque
2233 3720 2573 3773 introductus
2623 3720 2724 3781 sit,
2766 3728 2820 3771 et
2853 3735 2973 3788 qua;
3008 3723 3079 3773 sit
3116 3723 3260 3775 illius
3296 3720 3378 3773 vi-

1804 3809 1960 3864 vendi
1998 3809 2133 3862 ratio
2167 3826 2179 3861 :
2212 3808 2569 3872 eumdemque
2630 3809 2933 3878 catalogum
2974 3811 3113 3879 apu.l
3157 3826 3215 3866 se
3249 3812 3378 3865 reti-

1804 3911 1985 3964 neant,
2014 3911 2068 3955 et
2093 3901 2136 3955 si
2171 3902 2260 3969 qui
2296 3910 2416 3971 post
2452 3902 2681 3971 primam
2708 3903 3057 3957 indictionem
3093 3920 3121 3957 a
3154 3908 3378 3975 presby-

1802 3992 1934 4046 teris
1986 3995 2219 4063 suscepti
2255 3992 2488 4056 fuerint,
2526 3994 2665 4048 iuter
2706 3994 2873 4048 laicos
2914 3995 3264 4061 rejiciantur;
3313 4010 3375 4049 ac

1806 4098 1992 4139 rursus
2031 4086 2429 4145 exaniineutur,
2460 4095 2514 4139 et
2565 4085 2609 4140 si
2653 4087 2796 4156 digni
2837 4086 3061 4151 fuerint,
3090 4088 3377 4142 admittan-

1806 4187 1913 4229 tur.
1951 4175 2099 4229 llauc
2142 4176 2383 4243 regulam
2438 4176 2691 4247 deinceps
2744 4186 3000 4231 accurate
3051 4180 3375 4248 servariju-

1805 4271 1916 4334 bet,
1951 4281 2007 4321 ut
2049 4268 2424 4338 chorepiscopi
2474 4270 2759 4336 diligenter
2806 4272 3119 4324 examinent
3152 4272 3372 4340 quinam

1804 4362 1946 4429 digni
1990 4360 2118 4422 sint,
2149 4369 2203 4413 et
2248 4362 2313 4413 ad
2342 4374 2400 4414 se
2449 4359 2685 4413 referant
2718 4377 2731 4413 :
2767 4361 2965 4431 alioqui
3006 4363 3203 4416 laicum
3236 4364 3376 4416 futu-

141 4462 340 4527 hendis,
368 4474 493 4530 qua:
534 4459 797 4513 committi
831 4474 933 4513 non
962 4459 1246 4524 solebant;
1275 4468 1478 4525 quanto
1525 4459 1699 4527 major
1734 4476 1774 4528 ι)
1807 4468 1945 4515 rum,
1980 4453 2022 4505 si
2059 4454 2180 4522 quis
2230 4468 2288 4509 se
2322 4467 2426 4507 non
2480 4452 2759 4510 admonito
2790 4454 2843 4508 iu
2877 4455 3236 4509 ministerium
3278 4457 3373 4509 ob-

142 4553 404 4609 etstitisse
439 4550 676 4621 putanda
700 4560 781 4603 est
812 4551 862 4603 in
894 4552 959 4604 iis
992 4549 1320 4612 resecandis,
1358 4564 1475 4617 quae
1507 4561 1697 4604 contra

140 4641 505 4695 sanctissimas
555 4638 810 4693 Ecclesia:
869 4640 1015 4709 leges
1066 4639 1304 4694 fiebant?
1362 4638 1532 4705 Quale
1595 4640 1697 4693 fuit

143 4730 513 4783 nonnullorum
548 4728 901 4797 Cappadocia:
938 4731 1314 4799 episcoporum
1343 4730 1572 4793 facinus,
1603 4732 1695 4798 qui

144 4822 296 4888 pretio
334 4822 592 4876 ordinare
622 4820 952 4885 ferebantur;
988 4831 1148 4891 atque
1176 4821 1277 4876 hoc
1309 4820 1455 4875 nefas
1481 4822 1696 4891 pietatis

145 4914 341 4967 nomine
379 4912 790 4973 inumbrabant.
834 4925 932 4964 nec
961 4926 1185 4980 peccare
1219 4912 1320 4966 sibi
1356 4913 1695 4977 videbantur,

143 5004 251 5073 quia
276 5021 383 5059 non
424 5013 569 5065 ante,
605 5005 696 5057 sed
732 5013 852 5071 post
878 5003 1266 5057 ordinationem
1295 5005 1577 5073 pecuniam
1603 5019 1694 5058 ae-

145 5094 415 5162 cipiebant.
473 5092 672 5147 Scribit
719 5095 797 5148 eis
852 5094 1077 5150 Basilius
1117 5095 1191 5166 (g)
1227 5110 1292 5148 ac
1357 5096 1694 5151 demonstrat

146 5194 382 5252 quantum
430 5187 501 5241 sit
555 5186 656 5239 hoc
695 5185 867 5250 nefas,
913 5200 974 5239 ac.
1018 5189 1281 5250 declarat,
1319 5188 1362 5242 si
1416 5188 1537 5257 quis
1572 5197 1701 5257 post

150 5275 264 5331 hanc
306 5286 583 5346 acceptam
635 5278 915 5345 epistolam
961 5277 1066 5333 tale
1128 5280 1328 5349 aliquid
1389 5278 1687 5344 admiserit,

209 5454 273 5519 (rt)
298 5456 390 5521 Ep.
416 5456 507 5519 52,
542 5472 598 5508 η.
629 5454 681 5507 1.

207 5524 267 5589 (b)
297 5526 423 5582 Ibid.

207 5600 265 5660 (c)
295 5596 385 5665 Ep.
414 5598 506 5662 3|,
535 5613 593 5651 η.
628 5597 678 5650 1.

207 5665 271 5730 (d)
308 5664 432 5724 Vide
459 5669 625 5729 infra,
651 5682 705 5719 c.
728 5664 821 5725 28,
850 5682 902 5719 η.
934 5666 985 5722 5.

206 5740 260 5805 (c)
288 5737 377 5809 Ep.
410 5741 533 5808 160,
566 5754 623 5793 ιι.
663 5737 713 5792 1.

1807 4555 2052 4609 repsertt.

1877 4631 2174 4688 lteferenda
2237 4634 2353 4689 haec
2399 4636 2627 4704 epistola
2674 4635 2740 4689 ad
2785 4635 2987 4704 primas
3030 4634 3373 4706 episcopatus

1803 4738 1984 4792 curas,
2017 4743 2150 4795 quas
2172 4727 2400 4783 Basilius
2433 4731 2482 4782 in
2519 4728 2811 4783 sancienda
2843 4729 3128 4799 disciplina
3160 4732 3368 4785 insum~

1805 4818 1912 4887 psit
1946 4839 1957 4871 :
1993 4819 2153 4889 idque
2200 4822 2333 4875 satis
2372 4824 2697 4875 confirmant
2731 4836 2850 4890 quae.
2895 4823 2960 4874 de
3017 4822 3306 4888 repetendo
3341 4836 3370 4874 a

1805 4911 1978 4977 prima
2008 4912 2320 4979 indictione,
2359 4915 2410 4967 id
2445 4922 2549 4975 est,
2579 4912 2645 4967 ab
2669 4928 2810 4968 anno
2842 4911 2967 4976 558,
3002 4912 3371 4967 ministrorum

1803 5004 2053 5057 examine
2083 5004 2326 5073 praecipit
2352 5004 2604 5059 Basilius.
2639 5004 2750 5059 Hoc
2786 5003 2930 5057 enim
2963 5006 3215 5072 spatium,
3250 5021 3369 5059 cum

1802 5108 1897 5148 sua
1920 5107 2111 5164 sponte
2160 5097 2316 5151 valde
2365 5096 2580 5164 longum
2616 5097 2719 5159 sit,
2752 5110 2855 5149 non
2895 5096 3052 5150 debet
3103 5096 3366 5165 ampliari.

1804 5186 1898 5240 bac
1919 5187 2147 5256 epistola
2182 5190 2249 5243 ab
2272 5190 2610 5258 episcopatus
2642 5187 2810 5242 initiis
2844 5188 3189 5243 removenda.

1870 5279 2151 5336 Probibuit
2177 5284 2336 5337 etiam
2370 5282 2598 5337 Basilius
2619 5280 2683 5351 (j)
2714 5280 2868 5337 initio
2891 5282 3231 5352 episcopatus
3252 5293 3383 5333 mtto.
