4094 6308
738 340 863 384 LXVI

2068 322 2597 380 PROLEGOMENA.

743 443 900 495 lieres
920 447 1231 505 extraneas,
1268 435 1317 492 id
1350 446 1457 501 est,
1493 436 1731 507 virgines
1758 435 1895 500 illas,
1933 452 2066 505 quas
2094 436 2311 507 presby-
2340 444 2381 498 Α
2414 454 2569 505 aviam
2606 436 3001 506 Cappadociam
3048 437 3375 504 paciﬁcavit,
3406 448 3559 493 antes
3586 447 3761 492 tamen
3788 438 3948 495 inten-

741 530 842 585 teri
871 540 925 583 et
953 529 1041 583 alii
1076 529 1427 584 continentia:
1475 527 1590 598 lege
1638 527 1884 581 obstricti
1940 526 2203 592 homines,
2241 542 2307 580 eo

739 622 999 675 libentius
1030 620 1175 674 domi
1207 636 1315 674 sua:
1346 619 1633 681 habebant,
1675 618 1815 686 quod
1842 617 2161 688 virginitatis
2185 632 2309 684 pro-

744 711 909 765 fessio
936 711 1107 764 locum
1140 710 1431 777 suspicioni
1472 710 1801 777 praecludere
1829 709 2121 764 videretur.
2150 706 2302 761 Basi-

740 802 796 856 lii
828 804 1044 857 decreto
1072 802 1351 871 presbyter
1381 802 1600 871 quidam
1652 801 2115 869 septuagenarius,
2148 799 2308 854 Pate-

744 894 926 963 gorius
958 894 1195 955 nomine,
1234 894 1455 947 minime
1502 892 1699 960 paruit,
1735 892 1827 945 sed
1862 894 2072 962 longam
2110 892 2308 960 episto-

744 986 851 1039 lam
880 986 1098 1053 scripsit
1127 983 1347 1050 Basilio,
1386 994 1441 1038 et
1492 984 1936 1053 chorepiscopnm
1974 999 2127 1037 suum
2167 984 2311 1036 incu-

746 1089 893 1136 sans,
931 1075 1069 1142 quod
1116 1074 1214 1127 sibi
1263 1074 1363 1127 hac
1399 1074 1451 1127 in
1488 1088 1544 1127 re
1579 1074 1775 1126 veteris
1812 1073 2108 1127 llllllllCllliP
2145 1075 2308 1141 signi-

742 1166 1024 1219 licationes
1041 1167 1299 1227 dedisset,
1316 1175 1370 1218 et
1387 1166 1553 1232 ipsum
1573 1162 1849 1225 Basilium,
1867 1166 2008 1233 quod
2026 1164 2310 1218 calumniis

742 1272 906 1310 aures
943 1254 1101 1308 facile
1136 1257 1416 1323 prmberet.
1444 1254 1690 1308 Declarat
1720 1254 1946 1308 Basilius
1978 1270 2037 1306 se
2072 1269 2168 1308 nec
2195 1256 2307 1321 pii-

742 1363 889 1402 mum
914 1361 1015 1401 nec
1033 1346 1203 1399 solum
1239 1346 1377 1399 hanc
1411 1345 1582 1413 legem
1612 1347 1676 1399 de
1701 1344 2015 1398 mulieribus
2037 1345 2312 1398 extraneis

743 1439 1032 1503 sanxisse;
1077 1452 1168 1490 eas
1213 1438 1354 1489 enim
1399 1455 1424 1487 a
1475 1436 1680 1505 synodo
1738 1435 1955 1489 Nicaena
2010 1437 2311 1503 prohibitus

740 1529 931 1583 fuisse.
954 1528 1153 1593 Quare,
1187 1529 1286 1581 etsi
1323 1539 1453 1581 aetas
1496 1527 1769 1598 Parcgorii
1813 1527 2172 1594 suspicionem
2218 1526 2311 1580 lla-

742 1622 858 1691 gitii
885 1628 1148 1683 removet,
1173 1619 1296 1688 quia
1332 1628 1511 1671 tamen
1535 1620 1801 1687 ejusmodi
1829 1617 2017 1671 mulier
2038 1620 2155 1672 sine
2179 1620 2312 1672 alio-

740 1728 862 1768 rum
898 1708 1196 1765 ollensionc
1228 1710 1414 1763 haberi
1453 1726 1557 1762 non
1588 1720 1797 1777 potest,
1821 1710 1973 1776 jubet
1998 1721 2055 1763 ut
2084 1726 2199 1764 eam
2230 1713 2310 1763 di-

2407 531 2536 584 dere
2558 541 2610 583 et
2647 530 2892 583 meditari
2924 532 3114 597 potuit.

2477 618 2540 675 ll.
2576 620 2907 675 Consecutus
2931 628 3015 675 est
3058 622 3271 674 tandem
3310 620 3560 685 Basilius,
3592 628 3650 673 ut
3703 622 3949 691 episc0pi,

2410 711 2499 779 qui
2532 711 2598 764 de
2652 711 2743 764 illo
2774 720 2878 763 tam
2932 713 3113 781 inique
3161 713 3483 779 sentiebant,
3514 727 3759 767 errorem
3809 727 3950 765 suum

2411 810 2761 872 agnoscerent
2783 801 2881 871 (tl).
2905 804 3162 857 Adhibuit
3191 805 3255 856 ad
3286 818 3378 856 eos
3403 802 3691 858 ﬂectendos
3716 815 3953 859 coiistan-

2410 895 2537 947 tiam
2560 903 2612 947 et
2644 895 2806 947 animi
2866 894 3232 948 fortitudinem
3262 911 3467 949 summa
3502 895 3720 950 lenitate
3770 907 3955 965 tempe-

2413 994 2583 1036 ratam
2617 999 2631 1036 :
2667 998 2766 1036 nec
2789 985 3018 1036 artilicio
3050 997 3102 1038 et
3134 985 3498 1038 assentatione
3527 1000 3618 1039 eos
3648 988 3745 1039 sibi
3776 988 3953 1039 dven-

2410 1075 2581 1139 ciens,
2612 1088 2709 1126 nec
2740 1082 3004 1141 potestate
3046 1077 3381 1140 terrens,sed
3421 1075 3770 1143 indulgentia,
3806 1095 3952 1146 quam

2413 1166 2464 1218 in
2520 1174 2780 1234 potestate
2833 1166 3140 1230 adhibebat,
3202 1181 3293 1221 eos
3342 1169 3600 1223 alliciens.
3645 1169 3957 1226 Consulebai

2411 1255 2557 1310 enim
2586 1258 2635 1308 in
2672 1258 3077 1325 longitudinem,
3119 1272 3183 1311 ac
3212 1257 3417 1313 ﬁrmam
3448 1273 3500 1314 et
3539 1262 3787 1316 stabilem
3839 1280 3955 1317 con-

2412 1349 2647 1401 cordiam
2681 1350 2975 1416 qumrebat.
3010 1350 3113 1403 Sed
3150 1351 3416 1418 praecipue
3444 1355 3595 1407 ,illius
3630 1355 3845 1406 virtutis
3872 1358 3948 1409 ad-

2416 1439 2698 1492 miratione
2732 1440 2856 1493 victi
2892 1451 3036 1504 sunt,
3070 1451 3232 1507 atque
3258 1459 3413 1494 unam
3444 1446 3580 1499 hanc
3613 1443 3829 1500 demum
3868 1448 3955 1498 sibi

2412 1531 2635 1585 salutem
2670 1547 2785 1585 esse
2822 1533 3196 1586 intellexerunt
3226 1552 3238 1587 :
3267 1532 3327 1588 Si
3355 1552 3469 1587 cum
3497 1537 3629 1601 ipso,
3664 1548 3713 1590 et
3741 1540 3833 1590 sub
3859 1540 3955 1604 ipso

2412 1640 2519 1677 sese
2549 1625 2880 1685 collocarent,
2916 1641 3073 1678 unum
3104 1636 3275 1678 (intem
3306 1637 3349 1678 et
3374 1629 3718 1679 certissimum
3760 1645 3955 1695 pericu-

2412 1714 2540 1779 lum,
2571 1716 2617 1768 si
2647 1715 2697 1766 in
2722 1701 2888 1774 ipsius
2921 1716 3256 1783 olfensioncm
3318 1717 3679 1769 incurrerent:
3705 1719 3769 1769 ab
3813 1734 3959 1785 eoque

742 1804 1058 1858 mittatetin
1083 1805 1410 1855 monasterio
1440 1801 1684 1856 collocet.
1704 1801 1856 1869 Quod
1888 1803 1931 1857 si
1964 1819 2067 1857 non
2100 1814 2304 1872 pareat,
2343 1783 2382 1835 Β
2412 1805 2661 1875 disjungi,
2695 1807 2824 1859 nihil
2855 1807 3001 1890 aliud
3054 1826 3162 1864 esse
3214 1810 3552 1878 judicabant,
3592 1825 3745 1875 quam
3788 1829 3817 1861 a
3864 1783 3958 1862 Deo

744 1897 934 1966 longas
958 1894 1009 1949 ei
1033 1894 1289 1961 wistolas
1315 1893 1444 1946 nihil
1474 1891 1807 1961 profuturas,
1837 1894 1929 1947 sed
1958 1910 2078 1948 eum
2111 1895 2163 1948 in
2197 1895 2308 1949 otio

738 1990 1100 2043 moriturum:
1136 1998 1190 2040 et
1228 1987 1271 2040 si
1308 1987 1586 2053 depositus
1613 1985 1971 2039 sacerdotium
2001 1986 2101 2040 sibi
2151 2002 2306 2039 arro-

739 2090 849 2152 get,
902 2095 1025 2133 cum
1087 2079 1260 2145 ipsum
1317 2078 1836 2133 excommunicatum
1902 2078 1988 2145 iri,
2053 2087 2161 2133 tum
2214 2094 2309 2133 eos

738 2183 926 2224 omnes
958 2167 1048 2236 qui
1074 2166 1218 2220 illutn
1250 2168 1567 2234 receperint.

1318 2280 1545 2335 CAPUT
1587 2278 1727 2334 XVI.

737 2376 779 2429 Ι.
818 2375 879 2432 S.
912 2375 1145 2428 Basilius
1175 2373 1354 2426 scribit
1398 2372 1455 2426 S.
1486 2372 1714 2425 Meletio.
1758 2370 1817 2424 ll.
1864 2370 1910 2423 E
1944 2372 2142 2439 iscopos
2167 2370 2305 2441 Cap-

807 2446 1043 2513 padocia:
1079 2445 1278 2513 placat,
1317 2443 1599 2510 adjttrante
1644 2442 2159 2511 Tlicologiliregorii
2213 2462 2306 2508 pa-

810 2527 904 2565 tre.
952 2514 1038 2565 Ill.
1083 2512 1309 2581 Νεμεεηί
1332 2514 1558 2579 arti/tria
1590 2516 1654 2563 ad
1687 2530 1861 2578 pacem
1892 2518 2301 2565 conriltanucm.

809 2583 897 2636 ιν.
923 2582 1158 2636 Basilius
1195 2586 1335 2647 prior
1380 2584 1561 2633 scribit
1594 2595 1781 2647 patruo
1822 2581 2070 2648 Gregorio
2089 2600 2304 2648 eumque

805 2652 999 2722 placat.
1034 2652 1261 2705 Tandem
1308 2652 1587 2718 Gregorius
1621 2651 1756 2702 Ναί.
1793 2650 2052 2703 [insiliunt
2105 2653 2302 2704 inrisit.

816 2725 875 2777 ν.
908 2722 985 2775 De
1005 2724 1238 2788 epistolis
1273 2726 1333 2775 6!
1362 2722 1452 2776 65.

809 2816 848 2870 Ι.
905 2815 1161 2882 Quamvis
1210 2815 1449 2869 Ecclesia
1499 2812 1848 2867 Cicsarieiisis
1902 2815 2156 2885 episcopo
2207 2831 2304 2869 suo

738 2910 895 2964 allisa
924 2911 1006 2980 (ιι)
1038 2910 1295 2979 praeclare
1346 2919 1538 2974 staret,
1570 2924 1667 2964 nec
1702 2910 1901 2979 iniquis
1928 2913 2300 2981 episcoporum

739 3004 806 3055 de
837 3002 927 3053 illo
964 3001 1185 3067 jndiciis
1212 3011 1549 3063 moveretur;
1590 3012 1707 3054 erat
1741 3010 1917 3054 tamen
1951 3004 2064 3056 hinc
2093 3005 2300 3056 dissen-

737 3092 821 3143 sio
847 3104 967 3142 cum
1011 3104 1105 3142 sua
1149 3096 1339 3154 spente
1388 3089 1586 3142 Basilio
1639 3089 2017 3143 molestissima
2061 3092 2159 3160 (ὁ),
2192 3104 2300 3144 tum

738 3184 865 3253 quia
900 3181 1040 3236 illius
1072 3182 1361 3250 participes
1402 3190 1557 3233 erant
1587 3190 1709 3235 tota:
1740 3184 1993 3235 ciritates
2018 3194 2068 3235 et
2104 3186 2299 3251 populi.

739 3275 985 3328 Mindum
1015 3274 1196 3327 Basilii
1228 3275 1464 3327 dolorem
1495 3288 1595 3340 pax
1630 3276 1961 3327 :tbsterserat
1982 3312 1996 3336 ,
2025 3288 2144 3327 cum
2175 3276 2309 3327 scri-

736 3368 845 3434 psit
868 3366 932 3417 ad
972 3376 1216 3417 sanctum
1246 3364 1515 3415 Meletium
1538 3364 1817 3431 epistolam
1841 3364 1928 3417 57.
1958 3364 2011 3417 id
2034 3365 2173 3418 enim
2197 3367 2307 3419 col-

739 3457 830 3528 ligi
883 3464 1062 3526 potest
1107 3471 1171 3509 ex
1228 3454 1314 3509 his
1346 3455 1547 3517 verbis,
1578 3451 1770 3505 Omnia
1808 3456 1946 3505 enim
1991 3457 2073 3506 hic
2109 3457 2303 3510 doloris

739 3552 894 3619 plena
926 3558 1066 3600 sunt.
1100 3548 1381 3614 Significat
1434 3545 1666 3599 Basilius
1708 3554 1971 3612 quantum
2018 3544 2159 3596 inter
2212 3547 2304 3599 bas

742 3641 1020 3695 molestias
1048 3638 1246 3692 Meletii
1280 3638 1477 3691 litteris
1514 3638 1854 3691 delectetur:
1888 3635 2303 3705 praetermissam

736 3733 805 3787 ab
841 3748 907 3788 eo
956 3733 1227 3787 scribendi
1265 3732 1608 3786 occasionem
1640 3730 1789 3783 dolet
1820 3747 1835 3783 :
1880 3730 2172 3783 maximum
2212 3729 2307 3782 bo-

737 3840 863 3879 num
908 3825 1010 3877 sibi
1058 3835 1379 3877 eventurum
1444 3832 1619 3890 putat,
1653 3824 1695 3875 si
1732 3836 1916 3874 coram
1968 3819 2225 3886 congredi
2252 3829 2305 3872 et

738 3917 880 3969 illius
908 3930 1091 3968 vocent
1120 3917 1307 3968 audire
1343 3913 1631 3982 aliquando
1672 3911 1964 3980 contingat.
2001 3908 2303 3976 Quinetiam

735 4010 804 4063 ad
834 4005 1107 4059 Meletium
1160 4020 1219 4058 se
1253 4006 1595 4068 contulisset,
1645 4003 1747 4057 nisi
1797 4016 1919 4055 eum
1954 4003 2304 4055 retinuissent

736 4095 1097 4151 amantissimi
1140 4093 1357 4156 fratres,
1390 4110 1620 4163 quorum
1650 4092 1984 4160 propositum
2021 4105 2086 4143 tte
2112 4090 2305 4145 litteris

735 4189 1034 4256 cutlgaret,
1069 4186 1442 4255 Theophrasto
1476 4186 1628 4238 fratri
1672 4184 2048 4255 perferendum
2075 4185 2297 4237 commi-

735 4284 825 4336 sit.
856 4280 1260 4348 Theophrastus
1284 4280 1373 4334 ille
1402 4278 1539 4334 idem
1560 4280 1768 4332 videtur
1790 4276 1861 4350 (c)
1896 4294 2014 4332 esse
2037 4292 2099 4331 ac
2126 4273 2168 4329 Τ
2178 4279 2303 4329 beo-

735 4377 987 4443 phrastus
1007 4373 1280 4435 diaconus,
1314 4374 1402 4440 qui
1438 4386 1580 4424 aiino
1613 4370 1715 4423 572
1749 4372 1905 4439 paulo
1941 4382 2061 4440 post
2094 4367 2299 4423 Pascha

2413 1896 2724 1952 abalienari.
2758 1897 2848 1953 Sic
2893 1898 3031 1954 ultro
3066 1912 3348 1961 cesserunt,
3383 1918 3443 1953 ac
3482 1916 3665 1953 manus
3693 1900 3956 1961 dei/erant,

2413 1996 2462 2041 et
2488 1990 2633 2056 quasi
2681 1991 2747 2040 ad
2796 1992 3016 2044 tonitrui
3054 2009 3239 2047 sonam
3275 2009 3384 2045 sese
3427 1992 3802 2053 submiserunt,
3832 1992 3956 2043 alius

2413 2080 2576 2133 alium
2622 2082 2687 2131 ad
2722 2081 2817 2145 ipsi
2872 2084 3297 2151 satisfaciendum
3349 2093 3750 2145 anteeertentes,
3791 2098 3959 2134 conce-

2411 2184 2654 2241 ptamque
2688 2174 2831 2237 prius
2862 2173 3104 2225 adversus
3138 2176 3301 2241 ipsum
3328 2176 3435 2227 odii
3465 2178 3562 2227 vim
3594 2174 3648 2226 in
3677 2188 3781 2226 non
3806 2173 3962 2225 mino-

2413 2279 2518 2316 rem
2547 2262 2908 2315 benevolentia:
2934 2264 3053 2327 vim,
3073 2280 3132 2314 ac
3162 2266 3362 2317 virtutis
3394 2265 3769 2316 incrementum
3792 2263 3959 2328 (quam

2410 2356 2619 2424 quidem
2638 2370 2797 2407 unam
2820 2354 3180 2422 ﬁrmissimam
3204 2355 3299 2421 ipsi
3334 2357 3689 2423 satisfaciendi
3718 2356 3960 2409 rationem

2411 2446 2759 2518 inveniebant)
2810 2456 3189 2499 commutantes
3217 2463 3235 2499 :
3262 2460 3608 2514 prteterqnum
3650 2452 3696 2502 si
3738 2455 3855 2518 quis
3906 2450 3960 2502 ob

2409 2540 2733 2607 deploratam
2769 2538 3159 2607 improbitatem
3201 2538 3457 2607 neglectus
3483 2555 3542 2589 ac
3572 2540 3837 2606 projectus
3869 2551 3960 2598 est.

2411 2643 2463 2683 ut
2486 2633 2594 2698 ipse
2618 2632 2671 2681 in
2688 2632 2853 2693 seipso
2882 2641 3237 2683 contereretur
3259 2639 3414 2699 atque
3437 2643 3850 2694 consumeretur,
3869 2650 3960 2684 non

2408 2739 2556 2776 secus
2587 2739 2647 2774 ac
2677 2722 2854 2789 rubigo
2884 2722 3038 2773 simul
3062 2738 3178 2775 cum
3209 2721 3348 2791 ferro
3372 2722 3604 2773 conmmi
3628 2723 3785 2775 solet.

2478 2810 2591 2866 Non
2619 2814 2886 2867 mediocre
2910 2814 2974 2865 ad
3018 2828 3135 2866 eam
3170 2829 3280 2866 rem
3310 2815 3612 2883 praisidium
3657 2812 3848 2867 habuit
3870 2809 3963 2866 Ba-

2407 2906 2559 2960 silius
2598 2906 2653 2959 in
2694 2904 2936 2975 Gregorii
2972 2906 3205 2975 episcopi
3238 2903 3559 2961 Nazianzeni
3597 2906 3887 2974 sapientia,
3911 2904 3961 2958 in

2408 3015 2586 3067 quem,
2627 3008 2685 3052 ut
2731 3010 3003 3053 auctorem
3054 3000 3408 3054 ordinationis
3455 3002 3660 3066 Basilii,
3699 3001 3961 3071 pracipes

2408 3091 2779 3159 episcoporum
2813 3094 3085 3147 iracundia
3108 3102 3363 3162 eruperat
3386 3092 3480 3163 (ε).
3507 3093 3608 3147 Sed
3639 3096 3874 3162 Optimus
3893 3110 3961 3149 se

2410 3200 2511 3238 nes
2547 3185 2632 3237 die
2663 3194 2718 3238 et
2761 3185 3013 3253 patientia
3040 3186 3118 3239 sie
3145 3201 3239 3240 eos
3268 3187 3415 3247 vicit,
3446 3187 3888 3254 utimlignatiOne
3914 3188 3961 3241 in

2406 3276 2810 3329 admirationem
2837 3290 3119 3339 conversa,
3152 3277 3215 3327 ad
3250 3277 3421 3345 ipsius
3450 3279 3613 3346 pedes
3655 3279 3800 3332 ultro
3824 3282 3959 3333 acci-

2406 3367 2615 3429 derent,
2651 3367 2855 3435 pudore
2901 3365 2970 3419 ob
2999 3381 3058 3419 ea
3102 3380 3221 3434 qua:
3260 3378 3543 3435 gesserant
3572 3366 3787 3433 suffusi,
3825 3370 3938 3435 abje

2404 3460 2614 3528 ctisque
2642 3458 2801 3521 odiis,
2826 3473 2891 3512 eo
2940 3458 3245 3525 patriarcha
3279 3466 3328 3510 et
3360 3457 3666 3526 legislatore
3699 3470 3756 3513 et
3787 3462 3976 3528 judiie.

2405 3562 2706 3606 uterentur.
2730 3550 2824 3605 Vix
2856 3550 3077 3604 dubium
3102 3560 3185 3603 est
3210 3550 3337 3619 quin
3359 3549 3547 3603 eodem
3586 3558 3833 3617 tempore
3849 3566 3961 3601 cum

2406 3644 2600 3698 Basilio
2628 3654 2681 3698 et
2734 3643 2996 3715 Gregorio
3040 3641 3275 3712 episcopi
3313 3641 3362 3694 in
3415 3642 3640 3711 gratiam
3687 3640 3959 3694 redierint.

2407 3734 2664 3787 Neutrum
2708 3738 2848 3788 enim
2882 3736 3205 3803 placassent,
3243 3736 3287 3790 si
3319 3734 3372 3789 in
3435 3735 3764 3789 alterutrum
3796 3732 3957 3801 iniqui

2404 3841 2522 3881 esse
2547 3827 2930 3895 perstitissent.

2481 3918 2565 3973 Ill.
2600 3918 2784 3988 Neque
2814 3916 2977 3971 etiam
3009 3914 3249 3984 Gregorii
3288 3914 3509 3986 Nysseni
3541 3914 3593 3967 in
3628 3916 3734 3970 hoc
3763 3915 3951 3984 insigni

2406 4022 2601 4063 eventu
2656 4011 2823 4064 deluit
2878 4022 3426 4077 opera,quanquani
3485 4006 3530 4059 is
3580 4006 3961 4061 immoderatus

2404 4102 2691 4154 abundavit
2721 4142 2737 4162 ,
2783 4104 3056 4169 nimioque
3104 4101 3279 4154 Studio
3337 4098 3811 4165 reprehensionem
3862 4114 3956 4151 non

2403 4194 2613 4257 cllugit.
2648 4193 2724 4245 Ad
2769 4194 2905 4247 hanc
2930 4195 3078 4246 enim
3113 4192 3543 4261 pacificationem
3574 4192 3804 4245 omnino
3828 4188 3958 4244 relc-

2407 4289 2585 4341 rendac
2617 4284 2801 4339 Basilii
2840 4284 3081 4353 epistolae
3114 4283 3203 4346 58,
3227 4282 3295 4335 59
3324 4292 3376 4333 et
3410 4279 3497 4335 60.
3536 4281 3613 4337 Ex
3650 4284 3739 4337 his
3775 4283 3958 4335 litteris

2403 4379 2665 4431 discimus
2707 4375 3026 4447 Gregoritun
3061 4374 3111 4424 in
3138 4368 3472 4439 Cappadocia
3500 4375 3841 4442 episcopum,
3866 4372 3959 4426 Ba-

736 4477 984 4521 mortuus
1015 4476 1119 4517 e~t.
1150 4461 1344 4531 Liquet
1379 4463 1657 4525 Basiliam,
1680 4463 1780 4515 etsi
1820 4463 2119 4515 litterarum
2152 4475 2301 4515 com-
2334 4482 2375 4536 ι)
2401 4470 2504 4523 sim
2546 4478 2813 4537 patruum,
2861 4480 2982 4519 cum
3008 4464 3273 4531 episcopis
3306 4464 3659 4532 Cappadocize
3701 4466 3958 4517 adversus

736 4558 941 4612 mercio
962 4549 1283 4624 conjnncius
1331 4560 1473 4606 esset
1512 4569 1631 4607 cum
1684 4552 1922 4618 Meletio,
1952 4554 2186 4606 nondum
2219 4561 2298 4605 ta-

735 4662 858 4702 nien
883 4647 1024 4700 illius
1054 4646 1254 4697 vultum
1280 4646 1499 4709 vidisse,
1536 4659 1655 4696 eum
1690 4644 1827 4697 hanc
1855 4641 2134 4714 epistolam
2158 4641 2296 4698 scri-

732 4738 909 4794 beret.
936 4737 991 4792 Id
1022 4736 1147 4791 boni
1182 4747 1507 4793 consecutus
1542 4744 1628 4790 est
1658 4735 1804 4789 circa
1831 4736 2064 4790 medium
2096 4749 2293 4789 annum

731 4830 858 4897 ωε,
891 4845 955 4886 ac
987 4829 1210 4901 proinde
1245 4831 1357 4882 haec
1394 4828 1619 4899 epistola
1645 4836 1772 4881 ante
1816 4829 1917 4881 hoc
1947 4838 2156 4898 tempus
2178 4826 2293 4883 col-

732 4922 979 4977 locanda.
1022 4918 1115 4975 His
1143 4919 1342 4981 verbis,
1383 4933 1501 4987 qua:
1524 4919 1821 4981 attulimus,
1855 4918 2069 4971 adducti
2111 4932 2294 4973 sumus

731 5026 793 5069 ut
818 5030 936 5069 eam
972 5016 1072 5067 hoc
1094 5027 1235 5066 anno
1272 5009 1373 5065 571
1415 5009 1827 5071 collocaremus,
1871 5018 2162 5077 antequam
2191 5007 2297 5062 Ba—

731 5105 890 5159 silius
918 5104 1249 5159 voluntatem
1265 5101 1641 5171 episcoporum
1674 5099 2059 5169 recollegisset.
2085 5100 2294 5153 Arcana

730 5206 912 5251 autem
934 5196 1338 5261 mandats,qna:
1352 5190 1728 5258 Theophrasto
1741 5193 1862 5243 data
1883 5200 2027 5249 sunt,
2049 5190 2298 5243 ridentur

731 5298 979 5358 spectare
996 5286 1311 5355 pncclarum
1332 5284 1585 5339 Ecclesia:
1606 5284 1961 5353 pacilicaiidie
1991 5286 2293 5347 consilium,

728 5381 872 5435 ouod
897 5377 1126 5434 Basilius
1180 5378 1281 5432 etsi
1311 5387 1422 5432 tum
1448 5379 1661 5432 demum
1689 5391 1979 5448 aggressus
2008 5385 2089 5431 est
2136 5385 2292 5445 post-

802 5600 880 5810 ξῗξ
905 5602 1003 5738 ἓῗζ
1018 5600 1127 5731 iiii.
1152 5686 1207 5724 ιι.
1227 5670 1281 5724 3.

829 5744 878 5806 c)
904 5739 1001 5809 sp.
1031 5736 1123 5791 es.

2406 4559 2661 4612 Basilium
2701 4555 2927 4612 c0nsilia
2963 4546 3323 4622 conjunxiSse.
3361 4554 3423 4608 Et
3456 4569 3539 4607 res
3561 4562 3615 4607 et
3652 4564 3865 4624 tempus
3887 4557 3957 4607 sic

2403 4656 2731 4719 congruunt,
2764 4655 2822 4697 tit
2857 4645 2970 4699 haec
2999 4645 3261 4698 dissensio
3289 4646 3356 4699 ab
3377 4660 3462 4708 ea,
3495 4660 3659 4713 quam
3684 4647 3753 4699 de
3781 4646 3953 4701 Basilii

2399 4742 2741 4796 ordinatione
2768 4748 2943 4793 ortam
2969 4736 3223 4799 diximus,
3256 4738 3465 4790 secerni
3496 4752 3598 4790 non
3630 4741 3826 4805 possit.
3845 4738 3958 4793 Fuit

2400 4832 2541 4886 enim
2574 4829 2858 4883 vehemens
2891 4833 3003 4880 haec
3029 4842 3151 4879 cum
3180 4838 3371 4895 patruo
3402 4826 3956 4896 discordia,illiusque

2398 4917 2691 4989 participes
2738 4917 2888 4970 luere
2920 4925 3042 4970 totte
3090 4916 3337 4970 civitates
3390 4925 3446 4969 et
3480 4919 3666 4987 populi
3707 4919 3800 4989 (ι’).
3844 4918 3949 4971 Non

2400 5010 2547 5065 solus
2602 5008 2800 5063 Basilio
2839 5017 3062 5077 patruus
3095 5008 3447 5063 succensebat
3472 5048 3488 5073 ,
3543 5010 3641 5063 sed
3680 5010 3956 5077 adjunctus

2397 5102 2629 5158 habebat
2657 5101 2842 5170 plures
2890 5100 3188 5170 episcOpos.
3242 5098 3409 5154 Nullae
3441 5101 3663 5155 interim
3705 5101 3953 5159 Basiliam

2396 5195 2538 5250 inter
2563 5205 2617 5248 et
2658 5204 2906 5263 patruum
2941 5194 3183 5249 aliosaue
3218 5193 3498 5263 episcopos
3527 5194 3752 5260 littera,
3787 5196 3952 5249 nullus

2392 5300 2711 5357 congressus
2745 5304 2758 5340 :
2791 5285 2883 5340 sed
2925 5286 3260 5354 suspiciones
3308 5294 3363 5339 et
3400 5285 3691 5342 calumnia
3718 5290 3770 5341 in
3818 5285 3955 5340 Basi-

2392 5377 2539 5432 lium.
2568 5360 2662 5430 llis
2700 5378 2842 5431 natis
2881 5373 3037 5431 facile
3076 5377 3409 5447 dignoscitur
3452 5376 3642 5435 Basilii
3675 5388 3950 5437 concerta-

2473 5594 2547 5663 (d)
2578 5593 2706 5663 ﬂat.
2732 5609 2813 5648 0r.
2844 5595 2933 5651 91).

2473 5661 2543 5726 (e)
2574 5661 2702 5714 Naz.
2742 5678 2824 5716 or.
2860 5671 2942 5716 t9.

2474 5728 2540 5800 (ι’)
2569 5728 2663 5796 Ep.
2694 5730 2780 5795 b9,
2817 5748 2871 5783 ιι.
2903 5733 2958 5787 '5.
