  <div class='ocr_page' id='page_1' title='image "/cluster/home/n/w/nwhite01/storage/ocr_20150623/29/pst.000005712274/074.png"; bbox 0 0 4068 6320; ppageno 0'>
   <div class='ocr_carea' id='block_1_1' title="bbox 1450 354 2017 413">
    <p class='ocr_par' dir='ltr' id='par_1_1' title="bbox 1450 354 2017 413">
     <span class='ocr_line' id='line_1_1' title="bbox 1450 354 2017 413; baseline -0.004 -4"><span class='ocrx_word' id='word_1_1' title='bbox 1450 358 1603 413; x_wconf 75' lang='grc' dir='ltr'><strong>ῊΤΛ</strong></span> <span class='ocrx_word' id='word_1_2' title='bbox 1650 359 1706 411; x_wconf 90' lang='lat' dir='ltr'><strong>S.</strong></span> <span class='ocrx_word' id='word_1_3' title='bbox 1753 354 2017 409; x_wconf 71' lang='lat' dir='ltr'><strong>BASILH.</strong></span> 
     </span>
    </p>
   </div>
   <div class='ocr_carea' id='block_1_2' title="bbox 3207 368 3352 408">
    <p class='ocr_par' dir='ltr' id='par_1_2' title="bbox 3207 368 3352 408">
     <span class='ocr_line' id='line_1_2' title="bbox 3207 368 3352 408; baseline -0.014 0"><span class='ocrx_word' id='word_1_4' title='bbox 3207 368 3352 408; x_wconf 65' lang='grc' dir='ltr'>ιιηι</span> 
     </span>
    </p>
   </div>
   <div class='ocr_carea' id='block_1_3' title="bbox 131 471 3350 552">
    <p class='ocr_par' dir='ltr' id='par_1_3' title="bbox 131 471 3350 552">
     <span class='ocr_line' id='line_1_3' title="bbox 131 471 3350 552; baseline -0.004 -9"><span class='ocrx_word' id='word_1_5' title='bbox 131 488 195 543; x_wconf 91' lang='lat' dir='ltr'><strong>tio</strong></span> <span class='ocrx_word' id='word_1_6' title='bbox 217 503 323 543; x_wconf 88' lang='lat' dir='ltr'><strong>cum</strong></span> <span class='ocrx_word' id='word_1_7' title='bbox 354 484 647 551; x_wconf 60' lang='lat' dir='ltr'><strong>cpiscoiiis.</strong></span> <span class='ocrx_word' id='word_1_8' title='bbox 687 484 775 552; x_wconf 99' lang='lat' dir='ltr'><strong>qui</strong></span> <span class='ocrx_word' id='word_1_9' title='bbox 824 484 892 538; x_wconf 86' lang='lat' dir='ltr'><strong>ab</strong></span> <span class='ocrx_word' id='word_1_10' title='bbox 922 482 1038 550; x_wconf 82' lang='lat' dir='ltr'><strong>ejus</strong></span> <span class='ocrx_word' id='word_1_11' title='bbox 1068 483 1410 535; x_wconf 75' lang='lat' dir='ltr'><strong>ordinatione</strong></span> <span class='ocrx_word' id='word_1_12' title='bbox 1452 492 1506 536; x_wconf 77' lang='lat' dir='ltr'><strong>et</strong></span> <span class='ocrx_word' id='word_1_13' title='bbox 1533 496 1681 536; x_wconf 79' lang='lat' dir='ltr'><strong>com-</strong></span> <span class='ocrx_word' id='word_1_14' title='bbox 1711 486 1754 538; x_wconf 80' lang='grc' dir='ltr'>Α</span> <span class='ocrx_word' id='word_1_15' title='bbox 1788 474 2146 547; x_wconf 86' lang='lat' dir='ltr'><strong>perspicimus</strong></span> <span class='ocrx_word' id='word_1_16' title='bbox 2177 488 2240 525; x_wconf 76' lang='lat' dir='ltr'><strong>ex</strong></span> <span class='ocrx_word' id='word_1_17' title='bbox 2273 474 2355 528; x_wconf 87' lang='lat' dir='ltr'><strong>his</strong></span> <span class='ocrx_word' id='word_1_18' title='bbox 2402 471 2590 527; x_wconf 76' lang='lat' dir='ltr'><strong>Basilii</strong></span> <span class='ocrx_word' id='word_1_19' title='bbox 2649 471 2714 523; x_wconf 84' lang='lat' dir='ltr'><strong>ad</strong></span> <span class='ocrx_word' id='word_1_20' title='bbox 2772 481 3019 541; x_wconf 81' lang='lat' dir='ltr'><strong>patruum</strong></span> <span class='ocrx_word' id='word_1_21' title='bbox 3052 475 3229 531; x_wconf 78' lang='lat' dir='ltr'><strong>verbis</strong></span> <span class='ocrx_word' id='word_1_22' title='bbox 3296 476 3350 530; x_wconf 92' lang='lat' dir='ltr'><strong>in</strong></span> 
     </span>
    </p>
   </div>
   <div class='ocr_carea' id='block_1_4' title="bbox 127 575 1679 645">
    <p class='ocr_par' dir='ltr' id='par_1_4' title="bbox 127 575 1679 645">
     <span class='ocr_line' id='line_1_4' title="bbox 127 575 1679 645; baseline -0.006 -9"><span class='ocrx_word' id='word_1_23' title='bbox 127 584 358 636; x_wconf 87' lang='lat' dir='ltr'><strong>munione</strong></span> <span class='ocrx_word' id='word_1_24' title='bbox 400 576 742 645; x_wconf 75' lang='lat' dir='ltr'><strong>refugerunt.</strong></span> <span class='ocrx_word' id='word_1_25' title='bbox 772 579 837 631; x_wconf 82' lang='lat' dir='ltr'><strong>At</strong></span> <span class='ocrx_word' id='word_1_26' title='bbox 877 576 1065 629; x_wconf 79' lang='lat' dir='ltr'><strong>referri</strong></span> <span class='ocrx_word' id='word_1_27' title='bbox 1100 595 1201 630; x_wconf 91' lang='lat' dir='ltr'><strong>non</strong></span> <span class='ocrx_word' id='word_1_28' title='bbox 1239 586 1465 643; x_wconf 89' lang='lat' dir='ltr'><strong>possunt</strong></span> <span class='ocrx_word' id='word_1_29' title='bbox 1518 576 1582 628; x_wconf 89' lang='lat' dir='ltr'><strong>ad</strong></span> <span class='ocrx_word' id='word_1_30' title='bbox 1616 575 1679 627; x_wconf 84' lang='lat' dir='ltr'><strong>li-</strong></span> 
     </span>
    </p>
   </div>
   <div class='ocr_carea' id='block_1_5' title="bbox 130 668 1680 738">
    <p class='ocr_par' dir='ltr' id='par_1_5' title="bbox 130 668 1680 738">
     <span class='ocr_line' id='line_1_5' title="bbox 130 668 1680 738; baseline -0.008 -9"><span class='ocrx_word' id='word_1_31' title='bbox 130 691 202 729; x_wconf 86' lang='lat' dir='ltr'><strong>les</strong></span> <span class='ocrx_word' id='word_1_32' title='bbox 236 675 292 725; x_wconf 89' lang='lat' dir='ltr'><strong>de</strong></span> <span class='ocrx_word' id='word_1_33' title='bbox 320 672 702 738; x_wconf 71' lang='lat' dir='ltr'><strong>iurisdictione</strong></span> <span class='ocrx_word' id='word_1_34' title='bbox 738 682 1016 737; x_wconf 86' lang='lat' dir='ltr'><strong>susceptas</strong></span> <span class='ocrx_word' id='word_1_35' title='bbox 1042 687 1162 722; x_wconf 88' lang='lat' dir='ltr'><strong>cttm</strong></span> <span class='ocrx_word' id='word_1_36' title='bbox 1189 668 1455 738; x_wconf 85' lang='lat' dir='ltr'><strong>episc0pis</strong></span> <span class='ocrx_word' id='word_1_37' title='bbox 1479 683 1680 721; x_wconf 84' lang='lat' dir='ltr'><strong>secun-</strong></span> 
     </span>
    </p>
   </div>
   <div class='ocr_carea' id='block_1_6' title="bbox 126 755 1679 830">
    <p class='ocr_par' dir='ltr' id='par_1_6' title="bbox 126 755 1679 830">
     <span class='ocr_line' id='line_1_6' title="bbox 126 755 1679 830; baseline -0.006 -10"><span class='ocrx_word' id='word_1_38' title='bbox 126 769 199 820; x_wconf 73' lang='lat' dir='ltr'><strong>da:</strong></span> <span class='ocrx_word' id='word_1_39' title='bbox 251 764 619 830; x_wconf 63' lang='lat' dir='ltr'><strong>Cappadociae.</strong></span> <span class='ocrx_word' id='word_1_40' title='bbox 686 761 973 815; x_wconf 74' lang='lat' dir='ltr'><strong>Anthimus</strong></span> <span class='ocrx_word' id='word_1_41' title='bbox 1021 763 1162 815; x_wconf 91' lang='lat' dir='ltr'><strong>enim</strong></span> <span class='ocrx_word' id='word_1_42' title='bbox 1189 801 1201 823; x_wconf 94' lang='lat'><strong>,</strong></span> <span class='ocrx_word' id='word_1_43' title='bbox 1233 759 1323 826; x_wconf 90' lang='lat' dir='ltr'><strong>qui</strong></span> <span class='ocrx_word' id='word_1_44' title='bbox 1361 755 1679 825; x_wconf 76' lang='lat' dir='ltr'><strong>posterioris</strong></span> 
     </span>
    </p>
   </div>
   <div class='ocr_carea' id='block_1_7' title="bbox 128 853 1680 923">
    <p class='ocr_par' dir='ltr' id='par_1_7' title="bbox 128 853 1680 923">
     <span class='ocr_line' id='line_1_7' title="bbox 128 853 1680 923; baseline -0.007 -11"><span class='ocrx_word' id='word_1_45' title='bbox 128 860 270 923; x_wconf 74' lang='lat' dir='ltr'><strong>hujus</strong></span> <span class='ocrx_word' id='word_1_46' title='bbox 302 858 656 913; x_wconf 70' lang='lat' dir='ltr'><strong>dissensionis</strong></span> <span class='ocrx_word' id='word_1_47' title='bbox 683 866 870 909; x_wconf 86' lang='lat' dir='ltr'><strong>auctor</strong></span> <span class='ocrx_word' id='word_1_48' title='bbox 903 856 1023 920; x_wconf 84' lang='lat' dir='ltr'><strong>fuit,</strong></span> <span class='ocrx_word' id='word_1_49' title='bbox 1049 857 1101 906; x_wconf 93' lang='lat' dir='ltr'><strong>in</strong></span> <span class='ocrx_word' id='word_1_50' title='bbox 1132 853 1310 921; x_wconf 85' lang='lat' dir='ltr'><strong>priore</strong></span> <span class='ocrx_word' id='word_1_51' title='bbox 1342 854 1545 906; x_wconf 84' lang='lat' dir='ltr'><strong>amicus</strong></span> <span class='ocrx_word' id='word_1_52' title='bbox 1564 858 1680 902; x_wconf 87' lang='lat' dir='ltr'><strong>erat</strong></span> 
     </span>
    </p>
   </div>
   <div class='ocr_carea' id='block_1_8' title="bbox 127 941 1672 1020">
    <p class='ocr_par' dir='ltr' id='par_1_8' title="bbox 127 941 1672 1020">
     <span class='ocr_line' id='line_1_8' title="bbox 127 941 1672 1020; baseline -0.006 -17"><span class='ocrx_word' id='word_1_53' title='bbox 127 949 327 1013; x_wconf 73' lang='lat' dir='ltr'><strong>Basilio,</strong></span> <span class='ocrx_word' id='word_1_54' title='bbox 360 952 520 1020; x_wconf 90' lang='lat' dir='ltr'><strong>eique</strong></span> <span class='ocrx_word' id='word_1_55' title='bbox 550 963 769 1014; x_wconf 86' lang='lat' dir='ltr'><strong>operam</strong></span> <span class='ocrx_word' id='word_1_56' title='bbox 797 950 1049 1009; x_wconf 87' lang='lat' dir='ltr'><strong>navabat,</strong></span> <span class='ocrx_word' id='word_1_57' title='bbox 1087 956 1144 997; x_wconf 92' lang='lat' dir='ltr'><strong>ut</strong></span> <span class='ocrx_word' id='word_1_58' title='bbox 1170 955 1315 1011; x_wconf 87' lang='lat' dir='ltr'><strong>patet</strong></span> <span class='ocrx_word' id='word_1_59' title='bbox 1345 962 1406 999; x_wconf 79' lang='lat' dir='ltr'><strong>ex</strong></span> <span class='ocrx_word' id='word_1_60' title='bbox 1444 962 1529 1011; x_wconf 88' lang='lat' dir='ltr'><strong>ep.</strong></span> <span class='ocrx_word' id='word_1_61' title='bbox 1584 941 1672 995; x_wconf 78' lang='grc'><strong>58.</strong></span> 
     </span>
    </p>
   </div>
   <div class='ocr_carea' id='block_1_9' title="bbox 126 1036 1673 1111">
    <p class='ocr_par' dir='ltr' id='par_1_9' title="bbox 126 1036 1673 1111">
     <span class='ocr_line' id='line_1_9' title="bbox 126 1036 1673 1111; baseline -0.005 -16"><span class='ocrx_word' id='word_1_62' title='bbox 126 1043 341 1111; x_wconf 85' lang='lat' dir='ltr'><strong>Tempus</strong></span> <span class='ocrx_word' id='word_1_63' title='bbox 400 1044 564 1096; x_wconf 85' lang='lat' dir='ltr'><strong>etiam</strong></span> <span class='ocrx_word' id='word_1_64' title='bbox 625 1044 826 1109; x_wconf 90' lang='lat' dir='ltr'><strong>optime</strong></span> <span class='ocrx_word' id='word_1_65' title='bbox 867 1040 1117 1108; x_wconf 88' lang='lat' dir='ltr'><strong>quadrat.</strong></span> <span class='ocrx_word' id='word_1_66' title='bbox 1154 1036 1285 1089; x_wconf 84' lang='lat' dir='ltr'><strong>Nam</strong></span> <span class='ocrx_word' id='word_1_67' title='bbox 1341 1038 1673 1091; x_wconf 89' lang='lat' dir='ltr'><strong>simultatem</strong></span> 
     </span>
    </p>
   </div>
   <div class='ocr_carea' id='block_1_10' title="bbox 126 1129 1675 1204">
    <p class='ocr_par' dir='ltr' id='par_1_10' title="bbox 126 1129 1675 1204">
     <span class='ocr_line' id='line_1_10' title="bbox 126 1129 1675 1204; baseline -0.003 -19"><span class='ocrx_word' id='word_1_68' title='bbox 126 1150 228 1189; x_wconf 86' lang='lat' dir='ltr'><strong>cum</strong></span> <span class='ocrx_word' id='word_1_69' title='bbox 263 1133 529 1204; x_wconf 77' lang='lat' dir='ltr'><strong>episcopis</strong></span> <span class='ocrx_word' id='word_1_70' title='bbox 562 1133 910 1203; x_wconf 74' lang='lat' dir='ltr'><strong>Cappadocia:</strong></span> <span class='ocrx_word' id='word_1_71' title='bbox 962 1130 1313 1197; x_wconf 82' lang='lat' dir='ltr'><strong>compositam</strong></span> <span class='ocrx_word' id='word_1_72' title='bbox 1368 1129 1535 1182; x_wconf 83' lang='lat' dir='ltr'><strong>fuisse</strong></span> <span class='ocrx_word' id='word_1_73' title='bbox 1597 1138 1675 1180; x_wconf 88' lang='lat' dir='ltr'><strong>te-</strong></span> 
     </span>
    </p>
   </div>
   <div class='ocr_carea' id='block_1_11' title="bbox 125 1216 1672 1291">
    <p class='ocr_par' dir='ltr' id='par_1_11' title="bbox 125 1216 1672 1291">
     <span class='ocr_line' id='line_1_11' title="bbox 125 1216 1672 1291; baseline -0.008 -12"><span class='ocrx_word' id='word_1_74' title='bbox 125 1237 279 1279; x_wconf 82' lang='lat' dir='ltr'><strong>statur</strong></span> <span class='ocrx_word' id='word_1_75' title='bbox 327 1225 622 1291; x_wconf 79' lang='lat' dir='ltr'><strong>Gregorius</strong></span> <span class='ocrx_word' id='word_1_76' title='bbox 663 1223 1031 1277; x_wconf 72' lang='lat' dir='ltr'><strong>Nazianzenus</strong></span> <span class='ocrx_word' id='word_1_77' title='bbox 1060 1218 1158 1289; x_wconf 81' lang='grc' dir='ltr'>(ιι),</span> <span class='ocrx_word' id='word_1_78' title='bbox 1200 1230 1482 1285; x_wconf 90' lang='lat' dir='ltr'><strong>antequam</strong></span> <span class='ocrx_word' id='word_1_79' title='bbox 1522 1216 1672 1270; x_wconf 76' lang='lat' dir='ltr'><strong>Basi-</strong></span> 
     </span>
    </p>
   </div>
   <div class='ocr_carea' id='block_1_12' title="bbox 127 1312 1669 1382">
    <p class='ocr_par' dir='ltr' id='par_1_12' title="bbox 127 1312 1669 1382">
     <span class='ocr_line' id='line_1_12' title="bbox 127 1312 1669 1382; baseline -0.006 -11"><span class='ocrx_word' id='word_1_80' title='bbox 127 1321 211 1372; x_wconf 87' lang='lat' dir='ltr'><strong>lius</strong></span> <span class='ocrx_word' id='word_1_81' title='bbox 240 1319 302 1370; x_wconf 90' lang='lat' dir='ltr'><strong>de</strong></span> <span class='ocrx_word' id='word_1_82' title='bbox 327 1316 677 1382; x_wconf 78' lang='lat' dir='ltr'><strong>paciﬁcandis</strong></span> <span class='ocrx_word' id='word_1_83' title='bbox 708 1312 1160 1381; x_wconf 57' lang='lat' dir='ltr'><strong>Ecclesiisagvret</strong></span> <span class='ocrx_word' id='word_1_84' title='bbox 1191 1329 1311 1366; x_wconf 88' lang='lat' dir='ltr'><strong>eum</strong></span> <span class='ocrx_word' id='word_1_85' title='bbox 1336 1312 1669 1377; x_wconf 80' lang='lat' dir='ltr'><strong>Athanasio;</strong></span> 
     </span>
    </p>
   </div>
   <div class='ocr_carea' id='block_1_13' title="bbox 126 1402 1673 1478">
    <p class='ocr_par' dir='ltr' id='par_1_13' title="bbox 126 1402 1673 1478">
     <span class='ocr_line' id='line_1_13' title="bbox 126 1402 1673 1478; baseline -0.002 -21"><span class='ocrx_word' id='word_1_86' title='bbox 126 1409 244 1478; x_wconf 83' lang='lat' dir='ltr'><strong>quod</strong></span> <span class='ocrx_word' id='word_1_87' title='bbox 297 1408 583 1461; x_wconf 76' lang='lat' dir='ltr'><strong>cousdium</strong></span> <span class='ocrx_word' id='word_1_88' title='bbox 618 1404 853 1471; x_wconf 74' lang='lat' dir='ltr'><strong>suscepit</strong></span> <span class='ocrx_word' id='word_1_89' title='bbox 908 1420 1052 1457; x_wconf 85' lang='lat' dir='ltr'><strong>anno</strong></span> <span class='ocrx_word' id='word_1_90' title='bbox 1100 1402 1223 1455; x_wconf 76' lang='lat' dir='ltr'><strong>57L</strong></span> <span class='ocrx_word' id='word_1_91' title='bbox 1276 1402 1415 1454; x_wconf 89' lang='lat' dir='ltr'><strong>Idem</strong></span> <span class='ocrx_word' id='word_1_92' title='bbox 1455 1417 1673 1468; x_wconf 76' lang='lat' dir='ltr'><strong>prorsus</strong></span> 
     </span>
    </p>
   </div>
   <div class='ocr_carea' id='block_1_14' title="bbox 128 1492 1670 1566">
    <p class='ocr_par' dir='ltr' id='par_1_14' title="bbox 128 1492 1670 1566">
     <span class='ocr_line' id='line_1_14' title="bbox 128 1492 1670 1566; baseline -0.004 -15"><span class='ocrx_word' id='word_1_93' title='bbox 128 1513 317 1566; x_wconf 85' lang='lat' dir='ltr'><strong>tempus</strong></span> <span class='ocrx_word' id='word_1_94' title='bbox 366 1499 749 1564; x_wconf 70' lang='lat' dir='ltr'><strong>assignandum</strong></span> <span class='ocrx_word' id='word_1_95' title='bbox 800 1496 864 1549; x_wconf 88' lang='lat' dir='ltr'><strong>iis</strong></span> <span class='ocrx_word' id='word_1_96' title='bbox 918 1510 1038 1561; x_wconf 69' lang='lat' dir='ltr'><strong>qua:</strong></span> <span class='ocrx_word' id='word_1_97' title='bbox 1096 1493 1349 1546; x_wconf 90' lang='lat' dir='ltr'><strong>Basilium</strong></span> <span class='ocrx_word' id='word_1_98' title='bbox 1411 1492 1550 1543; x_wconf 88' lang='lat' dir='ltr'><strong>inter</strong></span> <span class='ocrx_word' id='word_1_99' title='bbox 1610 1509 1670 1546; x_wconf 86' lang='lat' dir='ltr'><strong>ac</strong></span> 
     </span>
    </p>
   </div>
   <div class='ocr_carea' id='block_1_15' title="bbox 127 1585 1670 1663">
    <p class='ocr_par' dir='ltr' id='par_1_15' title="bbox 127 1585 1670 1663">
     <span class='ocr_line' id='line_1_15' title="bbox 127 1585 1670 1663; baseline -0.005 -17"><span class='ocrx_word' id='word_1_100' title='bbox 127 1593 425 1663; x_wconf 80' lang='lat' dir='ltr'><strong>Gregorium</strong></span> <span class='ocrx_word' id='word_1_101' title='bbox 457 1602 704 1659; x_wconf 81' lang='lat' dir='ltr'><strong>patruum</strong></span> <span class='ocrx_word' id='word_1_102' title='bbox 734 1590 979 1655; x_wconf 85' lang='lat' dir='ltr'><strong>aliosque</strong></span> <span class='ocrx_word' id='word_1_103' title='bbox 1009 1588 1291 1655; x_wconf 83' lang='lat' dir='ltr'><strong>episcopos</strong></span> <span class='ocrx_word' id='word_1_104' title='bbox 1316 1624 1331 1647; x_wconf 91' lang='lat'><strong>,</strong></span> <span class='ocrx_word' id='word_1_105' title='bbox 1374 1585 1670 1653; x_wconf 81' lang='lat' dir='ltr'><strong>interprete</strong></span> 
     </span>
    </p>
   </div>
   <div class='ocr_carea' id='block_1_16' title="bbox 124 1677 1668 1755">
    <p class='ocr_par' dir='ltr' id='par_1_16' title="bbox 124 1677 1668 1755">
     <span class='ocr_line' id='line_1_16' title="bbox 124 1677 1668 1755; baseline -0.007 -15"><span class='ocrx_word' id='word_1_106' title='bbox 124 1699 165 1740; x_wconf 79' lang='lat' dir='ltr'><strong>et</strong></span> <span class='ocrx_word' id='word_1_107' title='bbox 206 1696 485 1755; x_wconf 80' lang='lat' dir='ltr'><strong>sequestro</strong></span> <span class='ocrx_word' id='word_1_108' title='bbox 517 1680 782 1753; x_wconf 78' lang='lat' dir='ltr'><strong>Nysscno,</strong></span> <span class='ocrx_word' id='word_1_109' title='bbox 838 1691 985 1749; x_wconf 80' lang='lat' dir='ltr'><strong>gesta</strong></span> <span class='ocrx_word' id='word_1_110' title='bbox 1024 1688 1167 1731; x_wconf 91' lang='lat' dir='ltr'><strong>sunt.</strong></span> <span class='ocrx_word' id='word_1_111' title='bbox 1200 1677 1493 1744; x_wconf 73' lang='lat' dir='ltr'><strong>Gregorius</strong></span> <span class='ocrx_word' id='word_1_112' title='bbox 1523 1678 1668 1731; x_wconf 89' lang='lat' dir='ltr'><strong>enim</strong></span> 
     </span>
    </p>
   </div>
   <div class='ocr_carea' id='block_1_17' title="bbox 125 1770 1665 1849">
    <p class='ocr_par' dir='ltr' id='par_1_17' title="bbox 125 1770 1665 1849">
     <span class='ocr_line' id='line_1_17' title="bbox 125 1770 1665 1849; baseline -0.007 -17"><span class='ocrx_word' id='word_1_113' title='bbox 125 1778 394 1849; x_wconf 64' lang='lat' dir='ltr'><strong>Nyssenus,</strong></span> <span class='ocrx_word' id='word_1_114' title='bbox 430 1776 520 1845; x_wconf 89' lang='lat' dir='ltr'><strong>qui</strong></span> <span class='ocrx_word' id='word_1_115' title='bbox 551 1778 833 1843; x_wconf 86' lang='lat' dir='ltr'><strong>episcopus</strong></span> <span class='ocrx_word' id='word_1_116' title='bbox 884 1772 1057 1825; x_wconf 86' lang='lat' dir='ltr'><strong>factus</strong></span> <span class='ocrx_word' id='word_1_117' title='bbox 1085 1782 1167 1823; x_wconf 88' lang='lat' dir='ltr'><strong>est</strong></span> <span class='ocrx_word' id='word_1_118' title='bbox 1204 1787 1345 1823; x_wconf 90' lang='lat' dir='ltr'><strong>anno</strong></span> <span class='ocrx_word' id='word_1_119' title='bbox 1368 1770 1493 1832; x_wconf 78' lang='grc'><strong>571,</strong></span> <span class='ocrx_word' id='word_1_120' title='bbox 1528 1772 1665 1825; x_wconf 84' lang='lat' dir='ltr'><strong>rion-</strong></span> 
     </span>
    </p>
   </div>
   <div class='ocr_carea' id='block_1_18' title="bbox 126 1838 1743 1939">
    <p class='ocr_par' dir='ltr' id='par_1_18' title="bbox 126 1838 1743 1939">
     <span class='ocr_line' id='line_1_18' title="bbox 126 1838 1743 1939; baseline -0.007 -15"><span class='ocrx_word' id='word_1_121' title='bbox 126 1838 225 1924; x_wconf 73' lang='lat' dir='ltr'><strong>dtim</strong></span> <span class='ocrx_word' id='word_1_122' title='bbox 279 1871 419 1923; x_wconf 89' lang='lat' dir='ltr'><strong>hanc</strong></span> <span class='ocrx_word' id='word_1_123' title='bbox 452 1871 766 1939; x_wconf 79' lang='lat' dir='ltr'><strong>dignitatem</strong></span> <span class='ocrx_word' id='word_1_124' title='bbox 798 1867 1022 1933; x_wconf 88' lang='lat' dir='ltr'><strong>adeptus</strong></span> <span class='ocrx_word' id='word_1_125' title='bbox 1054 1872 1170 1916; x_wconf 89' lang='lat' dir='ltr'><strong>erat</strong></span> <span class='ocrx_word' id='word_1_126' title='bbox 1192 1904 1206 1925; x_wconf 94' lang='lat'><strong>,</strong></span> <span class='ocrx_word' id='word_1_127' title='bbox 1236 1873 1288 1916; x_wconf 89' lang='lat' dir='ltr'><strong>ct</strong></span> <span class='ocrx_word' id='word_1_128' title='bbox 1320 1880 1439 1917; x_wconf 91' lang='lat' dir='ltr'><strong>cum</strong></span> <span class='ocrx_word' id='word_1_129' title='bbox 1469 1878 1551 1925; x_wconf 90' lang='lat' dir='ltr'><strong>eo,</strong></span> <span class='ocrx_word' id='word_1_130' title='bbox 1612 1872 1669 1914; x_wconf 92' lang='lat' dir='ltr'><strong>ut</strong></span> <span class='ocrx_word' id='word_1_131' title='bbox 1703 1838 1743 1891; x_wconf 78' lang='grc' dir='ltr'>Β</span> 
     </span>
    </p>
   </div>
   <div class='ocr_carea' id='block_1_19' title="bbox 129 1956 1667 2029">
    <p class='ocr_par' dir='ltr' id='par_1_19' title="bbox 129 1956 1667 2029">
     <span class='ocr_line' id='line_1_19' title="bbox 129 1956 1667 2029; baseline -0.004 -16"><span class='ocrx_word' id='word_1_132' title='bbox 129 1962 331 2029; x_wconf 74' lang='lat' dir='ltr'><strong>negotiis</strong></span> <span class='ocrx_word' id='word_1_133' title='bbox 368 1962 625 2029; x_wconf 86' lang='lat' dir='ltr'><strong>curisque</strong></span> <span class='ocrx_word' id='word_1_134' title='bbox 658 1971 849 2023; x_wconf 87' lang='lat' dir='ltr'><strong>vacuo,</strong></span> <span class='ocrx_word' id='word_1_135' title='bbox 883 1956 1187 2025; x_wconf 79' lang='lat' dir='ltr'><strong>expostulat</strong></span> <span class='ocrx_word' id='word_1_136' title='bbox 1240 1956 1471 2010; x_wconf 78' lang='lat' dir='ltr'><strong>Basilius</strong></span> <span class='ocrx_word' id='word_1_137' title='bbox 1524 1957 1667 2023; x_wconf 90' lang='lat' dir='ltr'><strong>quod</strong></span> 
     </span>
    </p>
   </div>
   <div class='ocr_carea' id='block_1_20' title="bbox 126 2046 1671 2117">
    <p class='ocr_par' dir='ltr' id='par_1_20' title="bbox 126 2046 1671 2117">
     <span class='ocr_line' id='line_1_20' title="bbox 126 2046 1671 2117; baseline -0.004 -10"><span class='ocrx_word' id='word_1_138' title='bbox 126 2056 177 2108; x_wconf 85' lang='lat' dir='ltr'><strong>ad</strong></span> <span class='ocrx_word' id='word_1_139' title='bbox 201 2070 253 2109; x_wconf 86' lang='lat' dir='ltr'><strong>se</strong></span> <span class='ocrx_word' id='word_1_140' title='bbox 283 2054 554 2108; x_wconf 78' lang='lat' dir='ltr'><strong>diﬁlcilem</strong></span> <span class='ocrx_word' id='word_1_141' title='bbox 579 2062 631 2104; x_wconf 88' lang='lat' dir='ltr'><strong>et</strong></span> <span class='ocrx_word' id='word_1_142' title='bbox 655 2051 931 2103; x_wconf 83' lang='lat' dir='ltr'><strong>molestam</strong></span> <span class='ocrx_word' id='word_1_143' title='bbox 957 2051 1116 2103; x_wconf 91' lang='lat' dir='ltr'><strong>vitam</strong></span> <span class='ocrx_word' id='word_1_144' title='bbox 1147 2051 1444 2117; x_wconf 83' lang='lat' dir='ltr'><strong>ingressum</strong></span> <span class='ocrx_word' id='word_1_145' title='bbox 1470 2046 1671 2101; x_wconf 74' lang='lat' dir='ltr'><strong>auxilio</strong></span> 
     </span>
    </p>
   </div>
   <div class='ocr_carea' id='block_1_21' title="bbox 127 2139 1670 2207">
    <p class='ocr_par' dir='ltr' id='par_1_21' title="bbox 127 2139 1670 2207">
     <span class='ocr_line' id='line_1_21' title="bbox 127 2139 1670 2207; baseline -0.003 -11"><span class='ocrx_word' id='word_1_146' title='bbox 127 2161 209 2198; x_wconf 84' lang='lat' dir='ltr'><strong>non</strong></span> <span class='ocrx_word' id='word_1_147' title='bbox 240 2146 438 2196; x_wconf 84' lang='lat' dir='ltr'><strong>veniat.</strong></span> <span class='ocrx_word' id='word_1_148' title='bbox 472 2141 679 2207; x_wconf 86' lang='lat' dir='ltr'><strong>Quibus</strong></span> <span class='ocrx_word' id='word_1_149' title='bbox 699 2143 859 2195; x_wconf 90' lang='lat' dir='ltr'><strong>etiam</strong></span> <span class='ocrx_word' id='word_1_150' title='bbox 884 2141 1061 2195; x_wconf 80' lang='lat' dir='ltr'><strong>verbis</strong></span> <span class='ocrx_word' id='word_1_151' title='bbox 1090 2141 1299 2193; x_wconf 90' lang='lat' dir='ltr'><strong>initium</strong></span> <span class='ocrx_word' id='word_1_152' title='bbox 1322 2139 1670 2205; x_wconf 80' lang='lat' dir='ltr'><strong>episcopatus</strong></span> 
     </span>
    </p>
   </div>
   <div class='ocr_carea' id='block_1_22' title="bbox 124 2228 1671 2303">
    <p class='ocr_par' dir='ltr' id='par_1_22' title="bbox 124 2228 1671 2303">
     <span class='ocr_line' id='line_1_22' title="bbox 124 2228 1671 2303; baseline -0.003 -17"><span class='ocrx_word' id='word_1_153' title='bbox 124 2235 232 2286; x_wconf 81' lang='lat' dir='ltr'><strong>satis</strong></span> <span class='ocrx_word' id='word_1_154' title='bbox 267 2234 490 2286; x_wconf 82' lang='lat' dir='ltr'><strong>indicat.</strong></span> <span class='ocrx_word' id='word_1_155' title='bbox 526 2231 824 2303; x_wconf 76' lang='lat' dir='ltr'><strong>Nyssenum</strong></span> <span class='ocrx_word' id='word_1_156' title='bbox 874 2233 1091 2300; x_wconf 88' lang='lat' dir='ltr'><strong>quidetn</strong></span> <span class='ocrx_word' id='word_1_157' title='bbox 1125 2238 1278 2282; x_wconf 91' lang='lat' dir='ltr'><strong>vocat</strong></span> <span class='ocrx_word' id='word_1_158' title='bbox 1312 2228 1671 2298; x_wconf 80' lang='grc' dir='ltr'><strong>αἰδεσιμώτα-</strong></span> 
     </span>
    </p>
   </div>
   <div class='ocr_carea' id='block_1_23' title="bbox 122 2321 1672 2392">
    <p class='ocr_par' dir='ltr' id='par_1_23' title="bbox 122 2321 1672 2392">
     <span class='ocr_line' id='line_1_23' title="bbox 122 2321 1672 2392; baseline -0.001 -16"><span class='ocrx_word' id='word_1_159' title='bbox 122 2341 215 2389; x_wconf 79' lang='grc' dir='ltr'><strong>τον,</strong></span> <span class='ocrx_word' id='word_1_160' title='bbox 243 2326 742 2379; x_wconf 74' lang='lat' dir='ltr'><strong>recerendiuimum.</strong></span> <span class='ocrx_word' id='word_1_161' title='bbox 783 2324 887 2377; x_wconf 88' lang='lat' dir='ltr'><strong>Sed</strong></span> <span class='ocrx_word' id='word_1_162' title='bbox 938 2323 1077 2375; x_wconf 92' lang='lat' dir='ltr'><strong>hunc</strong></span> <span class='ocrx_word' id='word_1_163' title='bbox 1108 2321 1362 2375; x_wconf 84' lang='lat' dir='ltr'><strong>honorem</strong></span> <span class='ocrx_word' id='word_1_164' title='bbox 1393 2321 1672 2392; x_wconf 80' lang='lat' dir='ltr'><strong>presbyte-</strong></span> 
     </span>
    </p>
   </div>
   <div class='ocr_carea' id='block_1_24' title="bbox 126 2414 1669 2483">
    <p class='ocr_par' dir='ltr' id='par_1_24' title="bbox 126 2414 1669 2483">
     <span class='ocr_line' id='line_1_24' title="bbox 126 2414 1669 2483; baseline 0.001 -14"><span class='ocrx_word' id='word_1_165' title='bbox 126 2420 205 2483; x_wconf 87' lang='lat' dir='ltr'><strong>ris,</strong></span> <span class='ocrx_word' id='word_1_166' title='bbox 229 2430 281 2471; x_wconf 90' lang='lat' dir='ltr'><strong>ut</strong></span> <span class='ocrx_word' id='word_1_167' title='bbox 309 2420 568 2474; x_wconf 77' lang='lat' dir='ltr'><strong>observat</strong></span> <span class='ocrx_word' id='word_1_168' title='bbox 593 2416 993 2477; x_wconf 50' lang='lat' dir='ltr'><strong>TiIIi-montius,</strong></span> <span class='ocrx_word' id='word_1_169' title='bbox 1030 2416 1301 2470; x_wconf 85' lang='lat' dir='ltr'><strong>interdum</strong></span> <span class='ocrx_word' id='word_1_170' title='bbox 1329 2414 1525 2480; x_wconf 82' lang='lat' dir='ltr'><strong>defert,</strong></span> <span class='ocrx_word' id='word_1_171' title='bbox 1560 2417 1669 2471; x_wconf 88' lang='lat' dir='ltr'><strong>imo</strong></span> 
     </span>
    </p>
   </div>
   <div class='ocr_carea' id='block_1_25' title="bbox 125 2509 1667 2578">
    <p class='ocr_par' dir='ltr' id='par_1_25' title="bbox 125 2509 1667 2578">
     <span class='ocr_line' id='line_1_25' title="bbox 125 2509 1667 2578; baseline -0.001 -17"><span class='ocrx_word' id='word_1_172' title='bbox 125 2510 230 2576; x_wconf 89' lang='lat' dir='ltr'><strong>ipsis</strong></span> <span class='ocrx_word' id='word_1_173' title='bbox 266 2525 653 2576; x_wconf 89' lang='lat' dir='ltr'><strong>nonnunquam</strong></span> <span class='ocrx_word' id='word_1_174' title='bbox 686 2509 859 2574; x_wconf 89' lang='lat' dir='ltr'><strong>laicis,</strong></span> <span class='ocrx_word' id='word_1_175' title='bbox 888 2517 944 2561; x_wconf 90' lang='lat' dir='ltr'><strong>ut</strong></span> <span class='ocrx_word' id='word_1_176' title='bbox 974 2509 1128 2561; x_wconf 91' lang='lat' dir='ltr'><strong>initio</strong></span> <span class='ocrx_word' id='word_1_177' title='bbox 1154 2510 1395 2578; x_wconf 79' lang='lat' dir='ltr'><strong>epistola:</strong></span> <span class='ocrx_word' id='word_1_178' title='bbox 1441 2509 1529 2561; x_wconf 90' lang='lat'><strong>7|.</strong></span> <span class='ocrx_word' id='word_1_179' title='bbox 1560 2510 1667 2560; x_wconf 86' lang='lat' dir='ltr'><strong>Im-</strong></span> 
     </span>
    </p>
   </div>
   <div class='ocr_carea' id='block_1_26' title="bbox 125 2599 1662 2670">
    <p class='ocr_par' dir='ltr' id='par_1_26' title="bbox 125 2599 1662 2670">
     <span class='ocr_line' id='line_1_26' title="bbox 125 2599 1662 2670; baseline 0.001 -19"><span class='ocrx_word' id='word_1_180' title='bbox 125 2604 289 2653; x_wconf 82' lang='lat' dir='ltr'><strong>merito</strong></span> <span class='ocrx_word' id='word_1_181' title='bbox 314 2616 447 2670; x_wconf 87' lang='lat' dir='ltr'><strong>crgo</strong></span> <span class='ocrx_word' id='word_1_182' title='bbox 482 2600 596 2654; x_wconf 80' lang='lat' dir='ltr'><strong>inec</strong></span> <span class='ocrx_word' id='word_1_183' title='bbox 637 2599 1015 2655; x_wconf 85' lang='lat' dir='ltr'><strong>Tillemontius</strong></span> <span class='ocrx_word' id='word_1_184' title='bbox 1046 2599 1208 2654; x_wconf 80' lang='lat' dir='ltr'><strong>refert</strong></span> <span class='ocrx_word' id='word_1_185' title='bbox 1234 2600 1300 2652; x_wconf 89' lang='lat' dir='ltr'><strong>ad</strong></span> <span class='ocrx_word' id='word_1_186' title='bbox 1327 2614 1529 2653; x_wconf 90' lang='lat' dir='ltr'><strong>annum</strong></span> <span class='ocrx_word' id='word_1_187' title='bbox 1564 2600 1662 2653; x_wconf 78' lang='grc'><strong>571</strong></span> 
     </span>
    </p>
   </div>
   <div class='ocr_carea' id='block_1_27' title="bbox 124 2689 307 2741">
    <p class='ocr_par' dir='ltr' id='par_1_27' title="bbox 124 2689 307 2741">
     <span class='ocr_line' id='line_1_27' title="bbox 124 2689 307 2741; baseline 0.005 -1"><span class='ocrx_word' id='word_1_188' title='bbox 124 2700 166 2740; x_wconf 87' lang='lat' dir='ltr'><strong>et</strong></span> <span class='ocrx_word' id='word_1_189' title='bbox 195 2689 307 2741; x_wconf 72' lang='lat'><strong>572.</strong></span> 
     </span>
    </p>
   </div>
   <div class='ocr_carea' id='block_1_28' title="bbox 184 2778 1667 2837">
    <p class='ocr_par' dir='ltr' id='par_1_28' title="bbox 184 2778 1667 2837">
     <span class='ocr_line' id='line_1_28' title="bbox 184 2778 1667 2837; baseline 0.001 -6"><span class='ocrx_word' id='word_1_190' title='bbox 184 2778 301 2833; x_wconf 84' lang='lat' dir='ltr'><strong>Rem</strong></span> <span class='ocrx_word' id='word_1_191' title='bbox 354 2790 535 2833; x_wconf 89' lang='lat' dir='ltr'><strong>autem</strong></span> <span class='ocrx_word' id='word_1_192' title='bbox 572 2780 650 2835; x_wconf 81' lang='lat' dir='ltr'><strong>sic</strong></span> <span class='ocrx_word' id='word_1_193' title='bbox 687 2788 1020 2837; x_wconf 81' lang='lat' dir='ltr'><strong>transactam</strong></span> <span class='ocrx_word' id='word_1_194' title='bbox 1078 2779 1246 2835; x_wconf 86' lang='lat' dir='ltr'><strong>fuisse</strong></span> <span class='ocrx_word' id='word_1_195' title='bbox 1294 2780 1553 2835; x_wconf 80' lang='lat' dir='ltr'><strong>discimus</strong></span> <span class='ocrx_word' id='word_1_196' title='bbox 1602 2794 1667 2833; x_wconf 79' lang='lat' dir='ltr'><strong>ex</strong></span> 
     </span>
    </p>
   </div>
   <div class='ocr_carea' id='block_1_29' title="bbox 122 2870 1669 2943">
    <p class='ocr_par' dir='ltr' id='par_1_29' title="bbox 122 2870 1669 2943">
     <span class='ocr_line' id='line_1_29' title="bbox 122 2870 1669 2943; baseline 0.004 -23"><span class='ocrx_word' id='word_1_197' title='bbox 122 2870 319 2938; x_wconf 79' lang='lat' dir='ltr'><strong>epistola</strong></span> <span class='ocrx_word' id='word_1_198' title='bbox 346 2872 416 2926; x_wconf 81' lang='lat'>58</span> <span class='ocrx_word' id='word_1_199' title='bbox 476 2872 658 2927; x_wconf 83' lang='lat' dir='ltr'><strong>Basilii</strong></span> <span class='ocrx_word' id='word_1_200' title='bbox 687 2884 739 2929; x_wconf 89' lang='lat' dir='ltr'><strong>et</strong></span> <span class='ocrx_word' id='word_1_201' title='bbox 770 2876 976 2929; x_wconf 80' lang='lat' dir='ltr'><strong>duabus</strong></span> <span class='ocrx_word' id='word_1_202' title='bbox 1000 2873 1369 2943; x_wconf 89' lang='lat' dir='ltr'><strong>sequentibus.</strong></span> <span class='ocrx_word' id='word_1_203' title='bbox 1396 2872 1669 2943; x_wconf 77' lang='lat' dir='ltr'><strong>Nyssenus</strong></span> 
     </span>
    </p>
   </div>
   <div class='ocr_carea' id='block_1_30' title="bbox 122 2964 1669 3033">
    <p class='ocr_par' dir='ltr' id='par_1_30' title="bbox 122 2964 1669 3033">
     <span class='ocr_line' id='line_1_30' title="bbox 122 2964 1669 3033; baseline 0.001 -20"><span class='ocrx_word' id='word_1_204' title='bbox 122 2965 370 3027; x_wconf 78' lang='lat' dir='ltr'><strong>epistolam</strong></span> <span class='ocrx_word' id='word_1_205' title='bbox 403 2981 565 3017; x_wconf 87' lang='lat' dir='ltr'><strong>unam</strong></span> <span class='ocrx_word' id='word_1_206' title='bbox 595 2969 771 3019; x_wconf 90' lang='lat' dir='ltr'><strong>attulit</strong></span> <span class='ocrx_word' id='word_1_207' title='bbox 807 2968 1026 3030; x_wconf 81' lang='lat' dir='ltr'><strong>Basilio,</strong></span> <span class='ocrx_word' id='word_1_208' title='bbox 1082 2977 1139 3019; x_wconf 90' lang='lat' dir='ltr'><strong>ut</strong></span> <span class='ocrx_word' id='word_1_209' title='bbox 1186 2982 1216 3019; x_wconf 89' lang='lat' dir='ltr'><strong>a</strong></span> <span class='ocrx_word' id='word_1_210' title='bbox 1268 2964 1540 3019; x_wconf 88' lang='lat' dir='ltr'><strong>coummni</strong></span> <span class='ocrx_word' id='word_1_211' title='bbox 1578 2980 1669 3033; x_wconf 82' lang='lat' dir='ltr'><strong>pa—</strong></span> 
     </span>
    </p>
   </div>
   <div class='ocr_carea' id='block_1_31' title="bbox 125 3051 1664 3123">
    <p class='ocr_par' dir='ltr' id='par_1_31' title="bbox 125 3051 1664 3123">
     <span class='ocr_line' id='line_1_31' title="bbox 125 3051 1664 3123; baseline 0.001 -20"><span class='ocrx_word' id='word_1_212' title='bbox 125 3061 223 3105; x_wconf 83' lang='lat' dir='ltr'><strong>truo</strong></span> <span class='ocrx_word' id='word_1_213' title='bbox 246 3051 505 3123; x_wconf 84' lang='lat' dir='ltr'><strong>Gregorio</strong></span> <span class='ocrx_word' id='word_1_214' title='bbox 556 3056 829 3123; x_wconf 83' lang='lat' dir='ltr'><strong>scriptam.</strong></span> <span class='ocrx_word' id='word_1_215' title='bbox 878 3055 1262 3108; x_wconf 82' lang='lat' dir='ltr'><strong>Gratissimum</strong></span> <span class='ocrx_word' id='word_1_216' title='bbox 1314 3054 1365 3106; x_wconf 92' lang='lat' dir='ltr'><strong>id</strong></span> <span class='ocrx_word' id='word_1_217' title='bbox 1418 3051 1664 3117; x_wconf 85' lang='lat' dir='ltr'><strong>Basilio,</strong></span> 
     </span>
    </p>
   </div>
   <div class='ocr_carea' id='block_1_32' title="bbox 123 3144 1734 3235">
    <p class='ocr_par' dir='ltr' id='par_1_32' title="bbox 123 3144 1734 3235">
     <span class='ocr_line' id='line_1_32' title="bbox 123 3144 1734 3235; baseline 0.001 -40"><span class='ocrx_word' id='word_1_218' title='bbox 123 3145 373 3211; x_wconf 85' lang='lat' dir='ltr'><strong>epistolam</strong></span> <span class='ocrx_word' id='word_1_219' title='bbox 412 3148 649 3199; x_wconf 79' lang='lat' dir='ltr'><strong>OStendit</strong></span> <span class='ocrx_word' id='word_1_220' title='bbox 690 3147 931 3215; x_wconf 88' lang='lat' dir='ltr'><strong>pluribus</strong></span> <span class='ocrx_word' id='word_1_221' title='bbox 972 3147 1182 3209; x_wconf 87' lang='lat' dir='ltr'><strong>amicis,</strong></span> <span class='ocrx_word' id='word_1_222' title='bbox 1221 3161 1283 3199; x_wconf 87' lang='lat' dir='ltr'><strong>ac</strong></span> <span class='ocrx_word' id='word_1_223' title='bbox 1323 3144 1432 3199; x_wconf 82' lang='lat' dir='ltr'><strong>Deo</strong></span> <span class='ocrx_word' id='word_1_224' title='bbox 1462 3147 1665 3214; x_wconf 83' lang='lat' dir='ltr'><strong>gratias</strong></span> <span class='ocrx_word' id='word_1_225' title='bbox 1692 3180 1734 3235; x_wconf 63' lang='grc' dir='ltr'>ϐ</span> 
     </span>
    </p>
   </div>
   <div class='ocr_carea' id='block_1_33' title="bbox 123 3235 1663 3305">
    <p class='ocr_par' dir='ltr' id='par_1_33' title="bbox 123 3235 1663 3305">
     <span class='ocr_line' id='line_1_33' title="bbox 123 3235 1663 3305; baseline 0.002 -21"><span class='ocrx_word' id='word_1_226' title='bbox 123 3235 233 3302; x_wconf 84' lang='lat' dir='ltr'><strong>egit.</strong></span> <span class='ocrx_word' id='word_1_227' title='bbox 267 3237 329 3287; x_wconf 77' lang='lat' dir='ltr'><strong>At</strong></span> <span class='ocrx_word' id='word_1_228' title='bbox 358 3236 466 3290; x_wconf 89' lang='lat' dir='ltr'><strong>cito</strong></span> <span class='ocrx_word' id='word_1_229' title='bbox 501 3238 896 3305; x_wconf 83' lang='lat' dir='ltr'><strong>deprehensum</strong></span> <span class='ocrx_word' id='word_1_230' title='bbox 929 3247 1013 3291; x_wconf 89' lang='lat' dir='ltr'><strong>est</strong></span> <span class='ocrx_word' id='word_1_231' title='bbox 1055 3248 1462 3299; x_wconf 87' lang='lat' dir='ltr'><strong>commentum,</strong></span> <span class='ocrx_word' id='word_1_232' title='bbox 1498 3251 1663 3303; x_wconf 84' lang='lat' dir='ltr'><strong>seque</strong></span> 
     </span>
    </p>
   </div>
   <div class='ocr_carea' id='block_1_34' title="bbox 123 3323 1663 3397">
    <p class='ocr_par' dir='ltr' id='par_1_34' title="bbox 123 3323 1663 3397">
     <span class='ocr_line' id='line_1_34' title="bbox 123 3323 1663 3397; baseline 0.003 -22"><span class='ocrx_word' id='word_1_233' title='bbox 123 3323 243 3377; x_wconf 77' lang='lat' dir='ltr'><strong>lianc</strong></span> <span class='ocrx_word' id='word_1_234' title='bbox 279 3328 556 3393; x_wconf 86' lang='lat' dir='ltr'><strong>epistolam</strong></span> <span class='ocrx_word' id='word_1_235' title='bbox 600 3331 885 3397; x_wconf 81' lang='lat' dir='ltr'><strong>scripsisse</strong></span> <span class='ocrx_word' id='word_1_236' title='bbox 917 3328 1211 3397; x_wconf 86' lang='lat' dir='ltr'><strong>Gregorius</strong></span> <span class='ocrx_word' id='word_1_237' title='bbox 1240 3329 1527 3397; x_wconf 88' lang='lat' dir='ltr'><strong>episc0pus</strong></span> <span class='ocrx_word' id='word_1_238' title='bbox 1568 3342 1663 3380; x_wconf 78' lang='lat' dir='ltr'><strong>ne-</strong></span> 
     </span>
    </p>
   </div>
   <div class='ocr_carea' id='block_1_35' title="bbox 122 3418 1661 3490">
    <p class='ocr_par' dir='ltr' id='par_1_35' title="bbox 122 3418 1661 3490">
     <span class='ocr_line' id='line_1_35' title="bbox 122 3418 1661 3490; baseline 0.006 -26"><span class='ocrx_word' id='word_1_239' title='bbox 122 3418 265 3482; x_wconf 72' lang='lat' dir='ltr'><strong>gat-it.</strong></span> <span class='ocrx_word' id='word_1_240' title='bbox 293 3418 513 3472; x_wconf 85' lang='lat' dir='ltr'><strong>Terram</strong></span> <span class='ocrx_word' id='word_1_241' title='bbox 543 3422 643 3473; x_wconf 88' lang='lat' dir='ltr'><strong>sibi</strong></span> <span class='ocrx_word' id='word_1_242' title='bbox 678 3421 957 3474; x_wconf 90' lang='lat' dir='ltr'><strong>dehiscere</strong></span> <span class='ocrx_word' id='word_1_243' title='bbox 989 3422 1209 3490; x_wconf 87' lang='lat' dir='ltr'><strong>optabat</strong></span> <span class='ocrx_word' id='word_1_244' title='bbox 1232 3418 1498 3474; x_wconf 85' lang='lat' dir='ltr'><strong>Basilius:</strong></span> <span class='ocrx_word' id='word_1_245' title='bbox 1528 3421 1661 3473; x_wconf 75' lang='lat' dir='ltr'><strong>adeo</strong></span> 
     </span>
    </p>
   </div>
   <div class='ocr_carea' id='block_1_36' title="bbox 123 3510 1661 3581">
    <p class='ocr_par' dir='ltr' id='par_1_36' title="bbox 123 3510 1661 3581">
     <span class='ocr_line' id='line_1_36' title="bbox 123 3510 1661 3581; baseline 0.001 -20"><span class='ocrx_word' id='word_1_246' title='bbox 123 3510 185 3563; x_wconf 91' lang='lat' dir='ltr'><strong>illi</strong></span> <span class='ocrx_word' id='word_1_247' title='bbox 224 3514 315 3568; x_wconf 91' lang='lat' dir='ltr'><strong>hoc</strong></span> <span class='ocrx_word' id='word_1_248' title='bbox 350 3515 557 3568; x_wconf 81' lang='lat' dir='ltr'><strong>fraudis</strong></span> <span class='ocrx_word' id='word_1_249' title='bbox 605 3524 658 3567; x_wconf 88' lang='lat' dir='ltr'><strong>et</strong></span> <span class='ocrx_word' id='word_1_250' title='bbox 699 3510 961 3567; x_wconf 87' lang='lat' dir='ltr'><strong>mendacii</strong></span> <span class='ocrx_word' id='word_1_251' title='bbox 1012 3513 1269 3581; x_wconf 88' lang='lat' dir='ltr'><strong>probrum</strong></span> <span class='ocrx_word' id='word_1_252' title='bbox 1324 3512 1661 3580; x_wconf 67' lang='lat' dir='ltr'><strong>displicebat.</strong></span> 
     </span>
    </p>
   </div>
   <div class='ocr_carea' id='block_1_37' title="bbox 121 3600 1659 3671">
    <p class='ocr_par' dir='ltr' id='par_1_37' title="bbox 121 3600 1659 3671">
     <span class='ocr_line' id='line_1_37' title="bbox 121 3600 1659 3671; baseline 0.002 -21"><span class='ocrx_word' id='word_1_253' title='bbox 121 3600 218 3651; x_wconf 76' lang='lat' dir='ltr'><strong>Alia</strong></span> <span class='ocrx_word' id='word_1_254' title='bbox 269 3616 454 3656; x_wconf 84' lang='lat' dir='ltr'><strong>rursus</strong></span> <span class='ocrx_word' id='word_1_255' title='bbox 493 3604 651 3655; x_wconf 89' lang='lat' dir='ltr'><strong>allata</strong></span> <span class='ocrx_word' id='word_1_256' title='bbox 683 3602 901 3671; x_wconf 88' lang='lat' dir='ltr'><strong>epistola</strong></span> <span class='ocrx_word' id='word_1_257' title='bbox 930 3644 944 3668; x_wconf 88' lang='lat'><strong>,</strong></span> <span class='ocrx_word' id='word_1_258' title='bbox 975 3611 1032 3654; x_wconf 89' lang='lat' dir='ltr'><strong>ut</strong></span> <span class='ocrx_word' id='word_1_259' title='bbox 1066 3602 1132 3655; x_wconf 92' lang='lat' dir='ltr'><strong>ab</strong></span> <span class='ocrx_word' id='word_1_260' title='bbox 1170 3602 1423 3671; x_wconf 78' lang='lat' dir='ltr'><strong>episcOpo</strong></span> <span class='ocrx_word' id='word_1_261' title='bbox 1451 3613 1659 3670; x_wconf 87' lang='lat' dir='ltr'><strong>patruo,</strong></span> 
     </span>
    </p>
   </div>
   <div class='ocr_carea' id='block_1_38' title="bbox 122 3692 1660 3765">
    <p class='ocr_par' dir='ltr' id='par_1_38' title="bbox 122 3692 1660 3765">
     <span class='ocr_line' id='line_1_38' title="bbox 122 3692 1660 3765; baseline -0.001 -20"><span class='ocrx_word' id='word_1_262' title='bbox 122 3704 201 3756; x_wconf 80' lang='lat' dir='ltr'><strong>per</strong></span> <span class='ocrx_word' id='word_1_263' title='bbox 233 3694 495 3747; x_wconf 71' lang='lat' dir='ltr'><strong>Asterium</strong></span> <span class='ocrx_word' id='word_1_264' title='bbox 546 3692 770 3765; x_wconf 65' lang='lat' dir='ltr'><strong>Nysseui</strong></span> <span class='ocrx_word' id='word_1_265' title='bbox 821 3693 1099 3748; x_wconf 82' lang='lat' dir='ltr'><strong>famulum.</strong></span> <span class='ocrx_word' id='word_1_266' title='bbox 1152 3692 1227 3747; x_wconf 84' lang='lat' dir='ltr'><strong>Nc</strong></span> <span class='ocrx_word' id='word_1_267' title='bbox 1277 3695 1415 3745; x_wconf 81' lang='lat' dir='ltr'><strong>lianc</strong></span> <span class='ocrx_word' id='word_1_268' title='bbox 1448 3695 1660 3759; x_wconf 61' lang='lat' dir='ltr'><strong>quidem</strong></span> 
     </span>
    </p>
   </div>
   <div class='ocr_carea' id='block_1_39' title="bbox 119 3786 1663 3857">
    <p class='ocr_par' dir='ltr' id='par_1_39' title="bbox 119 3786 1663 3857">
     <span class='ocr_line' id='line_1_39' title="bbox 119 3786 1663 3857; baseline 0.002 -22"><span class='ocrx_word' id='word_1_269' title='bbox 119 3798 227 3837; x_wconf 78' lang='lat' dir='ltr'><strong>vere</strong></span> <span class='ocrx_word' id='word_1_270' title='bbox 260 3788 475 3841; x_wconf 76' lang='lat' dir='ltr'><strong>nziserat</strong></span> <span class='ocrx_word' id='word_1_271' title='bbox 522 3789 807 3857; x_wconf 89' lang='lat' dir='ltr'><strong>episcopus</strong></span> <span class='ocrx_word' id='word_1_272' title='bbox 845 3828 860 3850; x_wconf 88' lang='lat'><strong>,</strong></span> <span class='ocrx_word' id='word_1_273' title='bbox 907 3788 1070 3856; x_wconf 79' lang='lat' dir='ltr'><strong>idque</strong></span> <span class='ocrx_word' id='word_1_274' title='bbox 1129 3786 1329 3839; x_wconf 87' lang='lat' dir='ltr'><strong>Basilio</strong></span> <span class='ocrx_word' id='word_1_275' title='bbox 1377 3787 1663 3839; x_wconf 84' lang='lat' dir='ltr'><strong>Antliimus</strong></span> 
     </span>
    </p>
   </div>
   <div class='ocr_carea' id='block_1_40' title="bbox 121 3872 1662 3945">
    <p class='ocr_par' dir='ltr' id='par_1_40' title="bbox 121 3872 1662 3945">
     <span class='ocr_line' id='line_1_40' title="bbox 121 3872 1662 3945; baseline 0.002 -20"><span class='ocrx_word' id='word_1_276' title='bbox 121 3872 387 3945; x_wconf 77' lang='lat' dir='ltr'><strong>Tyauensis</strong></span> <span class='ocrx_word' id='word_1_277' title='bbox 443 3878 728 3944; x_wconf 80' lang='lat' dir='ltr'><strong>episcopus</strong></span> <span class='ocrx_word' id='word_1_278' title='bbox 786 3877 1134 3930; x_wconf 85' lang='lat' dir='ltr'><strong>renuntiavit.</strong></span> <span class='ocrx_word' id='word_1_279' title='bbox 1188 3874 1423 3929; x_wconf 78' lang='lat' dir='ltr'><strong>Tertiam</strong></span> <span class='ocrx_word' id='word_1_280' title='bbox 1484 3878 1662 3929; x_wconf 87' lang='lat' dir='ltr'><strong>attulit</strong></span> 
     </span>
    </p>
   </div>
   <div class='ocr_carea' id='block_1_41' title="bbox 120 3961 1663 4033">
    <p class='ocr_par' dir='ltr' id='par_1_41' title="bbox 120 3961 1663 4033">
     <span class='ocr_line' id='line_1_41' title="bbox 120 3961 1663 4033; baseline 0.005 -18"><span class='ocrx_word' id='word_1_281' title='bbox 120 3961 318 4033; x_wconf 72' lang='lat' dir='ltr'><strong>Nysseui</strong></span> <span class='ocrx_word' id='word_1_282' title='bbox 375 3968 612 4021; x_wconf 75' lang='lat' dir='ltr'><strong>famulus</strong></span> <span class='ocrx_word' id='word_1_283' title='bbox 666 3966 1039 4020; x_wconf 82' lang='lat' dir='ltr'><strong>Adamantius.</strong></span> <span class='ocrx_word' id='word_1_284' title='bbox 1072 3964 1207 4019; x_wconf 87' lang='lat' dir='ltr'><strong>Tum</strong></span> <span class='ocrx_word' id='word_1_285' title='bbox 1257 3982 1385 4022; x_wconf 77' lang='lat' dir='ltr'><strong>vero</strong></span> <span class='ocrx_word' id='word_1_286' title='bbox 1434 3966 1663 4022; x_wconf 86' lang='lat' dir='ltr'><strong>Basilius</strong></span> 
     </span>
    </p>
   </div>
   <div class='ocr_carea' id='block_1_42' title="bbox 120 4055 1662 4129">
    <p class='ocr_par' dir='ltr' id='par_1_42' title="bbox 120 4055 1662 4129">
     <span class='ocr_line' id='line_1_42' title="bbox 120 4055 1662 4129; baseline 0.005 -23"><span class='ocrx_word' id='word_1_287' title='bbox 120 4055 242 4109; x_wconf 87' lang='lat' dir='ltr'><strong>inter</strong></span> <span class='ocrx_word' id='word_1_288' title='bbox 268 4061 393 4112; x_wconf 88' lang='lat' dir='ltr'><strong>duas</strong></span> <span class='ocrx_word' id='word_1_289' title='bbox 427 4059 783 4129; x_wconf 82' lang='lat' dir='ltr'><strong>cogitationes</strong></span> <span class='ocrx_word' id='word_1_290' title='bbox 814 4058 1000 4125; x_wconf 65' lang='lat' dir='ltr'><strong>licesit;</strong></span> <span class='ocrx_word' id='word_1_291' title='bbox 1034 4058 1315 4113; x_wconf 77' lang='lat' dir='ltr'><strong>videbatur</strong></span> <span class='ocrx_word' id='word_1_292' title='bbox 1337 4059 1386 4113; x_wconf 91' lang='lat' dir='ltr'><strong>ei</strong></span> <span class='ocrx_word' id='word_1_293' title='bbox 1417 4060 1577 4113; x_wconf 81' lang='lat' dir='ltr'><strong>fidem</strong></span> <span class='ocrx_word' id='word_1_294' title='bbox 1608 4071 1662 4115; x_wconf 89' lang='lat' dir='ltr'><strong>et</strong></span> 
     </span>
    </p>
   </div>
   <div class='ocr_carea' id='block_1_43' title="bbox 121 4146 1659 4222">
    <p class='ocr_par' dir='ltr' id='par_1_43' title="bbox 121 4146 1659 4222">
     <span class='ocr_line' id='line_1_43' title="bbox 121 4146 1659 4222; baseline 0.006 -24"><span class='ocrx_word' id='word_1_295' title='bbox 121 4146 349 4204; x_wconf 80' lang='lat' dir='ltr'><strong>honorem</strong></span> <span class='ocrx_word' id='word_1_296' title='bbox 403 4152 604 4205; x_wconf 86' lang='lat' dir='ltr'><strong>mereri</strong></span> <span class='ocrx_word' id='word_1_297' title='bbox 656 4153 880 4222; x_wconf 90' lang='lat' dir='ltr'><strong>epistola</strong></span> <span class='ocrx_word' id='word_1_298' title='bbox 920 4168 1016 4222; x_wconf 91' lang='lat' dir='ltr'><strong>per</strong></span> <span class='ocrx_word' id='word_1_299' title='bbox 1061 4151 1383 4221; x_wconf 82' lang='lat' dir='ltr'><strong>Gregorium</strong></span> <span class='ocrx_word' id='word_1_300' title='bbox 1440 4152 1659 4207; x_wconf 85' lang='lat' dir='ltr'><strong>fratrem</strong></span> 
     </span>
    </p>
   </div>
   <div class='ocr_carea' id='block_1_44' title="bbox 121 4241 1660 4315">
    <p class='ocr_par' dir='ltr' id='par_1_44' title="bbox 121 4241 1660 4315">
     <span class='ocr_line' id='line_1_44' title="bbox 121 4241 1660 4315; baseline 0.005 -24"><span class='ocrx_word' id='word_1_301' title='bbox 121 4241 295 4308; x_wconf 73' lang='lat' dir='ltr'><strong>missa;</strong></span> <span class='ocrx_word' id='word_1_302' title='bbox 323 4246 413 4299; x_wconf 85' lang='lat' dir='ltr'><strong>sed</strong></span> <span class='ocrx_word' id='word_1_303' title='bbox 446 4246 527 4297; x_wconf 86' lang='lat' dir='ltr'><strong>bis</strong></span> <span class='ocrx_word' id='word_1_304' title='bbox 556 4245 667 4313; x_wconf 89' lang='lat' dir='ltr'><strong>jam</strong></span> <span class='ocrx_word' id='word_1_305' title='bbox 696 4248 947 4314; x_wconf 86' lang='lat' dir='ltr'><strong>deceptus</strong></span> <span class='ocrx_word' id='word_1_306' title='bbox 978 4263 1081 4299; x_wconf 90' lang='lat' dir='ltr'><strong>non</strong></span> <span class='ocrx_word' id='word_1_307' title='bbox 1113 4256 1325 4315; x_wconf 84' lang='lat' dir='ltr'><strong>poterat</strong></span> <span class='ocrx_word' id='word_1_308' title='bbox 1368 4262 1473 4302; x_wconf 91' lang='lat' dir='ltr'><strong>non</strong></span> <span class='ocrx_word' id='word_1_309' title='bbox 1526 4248 1660 4301; x_wconf 78' lang='lat' dir='ltr'><strong>ditii-</strong></span> 
     </span>
    </p>
   </div>
   <div class='ocr_carea' id='block_1_45' title="bbox 120 4332 1659 4410">
    <p class='ocr_par' dir='ltr' id='par_1_45' title="bbox 120 4332 1659 4410">
     <span class='ocr_line' id='line_1_45' title="bbox 120 4332 1659 4410; baseline 0.006 -27"><span class='ocrx_word' id='word_1_310' title='bbox 120 4332 248 4387; x_wconf 86' lang='lat' dir='ltr'><strong>dere.</strong></span> <span class='ocrx_word' id='word_1_311' title='bbox 284 4336 478 4391; x_wconf 84' lang='lat' dir='ltr'><strong>Scribit</strong></span> <span class='ocrx_word' id='word_1_312' title='bbox 505 4352 634 4405; x_wconf 75' lang='lat' dir='ltr'><strong>ergo</strong></span> <span class='ocrx_word' id='word_1_313' title='bbox 658 4338 723 4390; x_wconf 84' lang='lat' dir='ltr'><strong>ad</strong></span> <span class='ocrx_word' id='word_1_314' title='bbox 758 4337 979 4391; x_wconf 84' lang='lat' dir='ltr'><strong>fratrem</strong></span> <span class='ocrx_word' id='word_1_315' title='bbox 1010 4379 1024 4402; x_wconf 95' lang='lat'><strong>,</strong></span> <span class='ocrx_word' id='word_1_316' title='bbox 1056 4341 1279 4409; x_wconf 83' lang='lat' dir='ltr'><strong>ejusque</strong></span> <span class='ocrx_word' id='word_1_317' title='bbox 1334 4340 1659 4410; x_wconf 83' lang='lat' dir='ltr'><strong>simplicita-</strong></span> 
     </span>
    </p>
   </div>
   <div class='ocr_carea' id='block_1_46' title="bbox 122 4430 1655 4500">
    <p class='ocr_par' dir='ltr' id='par_1_46' title="bbox 122 4430 1655 4500">
     <span class='ocr_line' id='line_1_46' title="bbox 122 4430 1655 4500; baseline 0.008 -26"><span class='ocrx_word' id='word_1_318' title='bbox 122 4434 210 4475; x_wconf 85' lang='lat' dir='ltr'><strong>tem</strong></span> <span class='ocrx_word' id='word_1_319' title='bbox 261 4442 374 4480; x_wconf 87' lang='lat' dir='ltr'><strong>cum</strong></span> <span class='ocrx_word' id='word_1_320' title='bbox 410 4445 509 4483; x_wconf 88' lang='lat' dir='ltr'><strong>sua</strong></span> <span class='ocrx_word' id='word_1_321' title='bbox 554 4441 741 4497; x_wconf 87' lang='lat' dir='ltr'><strong>sponte</strong></span> <span class='ocrx_word' id='word_1_322' title='bbox 794 4430 1118 4484; x_wconf 82' lang='lat' dir='ltr'><strong>Christianis</strong></span> <span class='ocrx_word' id='word_1_323' title='bbox 1171 4448 1275 4485; x_wconf 89' lang='lat' dir='ltr'><strong>non</strong></span> <span class='ocrx_word' id='word_1_324' title='bbox 1332 4447 1655 4500; x_wconf 74' lang='lat' dir='ltr'><strong>congruere,</strong></span> 
     </span>
    </p>
   </div>
   <div class='ocr_carea' id='block_1_47' title="bbox 1782 563 3353 635">
    <p class='ocr_par' dir='ltr' id='par_1_47' title="bbox 1782 563 3353 635">
     <span class='ocr_line' id='line_1_47' title="bbox 1782 563 3353 635; baseline 0.001 -16"><span class='ocrx_word' id='word_1_325' title='bbox 1782 568 2007 635; x_wconf 84' lang='lat' dir='ltr'><strong>epistola</strong></span> <span class='ocrx_word' id='word_1_326' title='bbox 2040 565 2327 631; x_wconf 86' lang='lat' dir='ltr'><strong>sequenti:</strong></span> <span class='ocrx_word' id='word_1_327' title='bbox 2363 564 2645 617; x_wconf 78' lang='lat' dir='ltr'><strong>Continere</strong></span> <span class='ocrx_word' id='word_1_328' title='bbox 2687 579 2765 615; x_wconf 79' lang='lat' dir='ltr'><strong>nte</strong></span> <span class='ocrx_word' id='word_1_329' title='bbox 2814 563 3038 629; x_wconf 61' lang='lat' dir='ltr'><strong>timidius</strong></span> <span class='ocrx_word' id='word_1_330' title='bbox 3078 584 3195 619; x_wconf 83' lang='lat' dir='ltr'><strong>cum</strong></span> <span class='ocrx_word' id='word_1_331' title='bbox 3249 584 3353 620; x_wconf 81' lang='lat' dir='ltr'><strong>non</strong></span> 
     </span>
    </p>
   </div>
   <div class='ocr_carea' id='block_1_48' title="bbox 1780 656 3352 727">
    <p class='ocr_par' dir='ltr' id='par_1_48' title="bbox 1780 656 3352 727">
     <span class='ocr_line' id='line_1_48' title="bbox 1780 656 3352 727; baseline 0.003 -15"><span class='ocrx_word' id='word_1_332' title='bbox 1780 678 2001 727; x_wconf 66' lang='lat' dir='ltr'><strong>possem,</strong></span> <span class='ocrx_word' id='word_1_333' title='bbox 2058 656 2206 724; x_wconf 83' lang='lat' dir='ltr'><strong>prior</strong></span> <span class='ocrx_word' id='word_1_334' title='bbox 2258 658 2374 722; x_wconf 84' lang='lat' dir='ltr'><strong>rupi</strong></span> <span class='ocrx_word' id='word_1_335' title='bbox 2434 675 2626 711; x_wconf 65' lang='lat' dir='ltr'><strong>vocem.</strong></span> <span class='ocrx_word' id='word_1_336' title='bbox 2667 656 2803 709; x_wconf 75' lang='lat' dir='ltr'><strong>Nam</strong></span> <span class='ocrx_word' id='word_1_337' title='bbox 2837 672 2958 709; x_wconf 81' lang='lat' dir='ltr'><strong>cum</strong></span> <span class='ocrx_word' id='word_1_338' title='bbox 2991 673 3112 709; x_wconf 86' lang='lat' dir='ltr'><strong>eum</strong></span> <span class='ocrx_word' id='word_1_339' title='bbox 3146 661 3352 717; x_wconf 88' lang='lat' dir='ltr'><strong>intimis</strong></span> 
     </span>
    </p>
   </div>
   <div class='ocr_carea' id='block_1_49' title="bbox 1785 748 3353 819">
    <p class='ocr_par' dir='ltr' id='par_1_49' title="bbox 1785 748 3353 819">
     <span class='ocr_line' id='line_1_49' title="bbox 1785 748 3353 819; baseline 0.003 -16"><span class='ocrx_word' id='word_1_340' title='bbox 1785 753 2035 807; x_wconf 81' lang='lat' dir='ltr'><strong>sensibus</strong></span> <span class='ocrx_word' id='word_1_341' title='bbox 2078 758 2303 819; x_wconf 77' lang='lat' dir='ltr'><strong>angeret</strong></span> <span class='ocrx_word' id='word_1_342' title='bbox 2345 748 2465 802; x_wconf 72' lang='lat' dir='ltr'><strong>hate</strong></span> <span class='ocrx_word' id='word_1_343' title='bbox 2495 751 2781 817; x_wconf 78' lang='lat' dir='ltr'><strong>disSensio,</strong></span> <span class='ocrx_word' id='word_1_344' title='bbox 2820 749 3353 816; x_wconf 68' lang='lat' dir='ltr'><strong>nihiljamcunctm-</strong></span> 
     </span>
    </p>
   </div>
   <div class='ocr_carea' id='block_1_50' title="bbox 1781 844 3349 913">
    <p class='ocr_par' dir='ltr' id='par_1_50' title="bbox 1781 844 3349 913">
     <span class='ocr_line' id='line_1_50' title="bbox 1781 844 3349 913; baseline 0.001 -17"><span class='ocrx_word' id='word_1_345' title='bbox 1781 846 1902 898; x_wconf 90' lang='lat' dir='ltr'><strong>dum</strong></span> <span class='ocrx_word' id='word_1_346' title='bbox 1934 862 2053 899; x_wconf 83' lang='lat' dir='ltr'><strong>esse</strong></span> <span class='ocrx_word' id='word_1_347' title='bbox 2108 853 2255 896; x_wconf 89' lang='lat' dir='ltr'><strong>ratus</strong></span> <span class='ocrx_word' id='word_1_348' title='bbox 2287 844 2380 912; x_wconf 60' lang='lat' dir='ltr'><strong>(li),</strong></span> <span class='ocrx_word' id='word_1_349' title='bbox 2425 846 2613 897; x_wconf 83' lang='lat' dir='ltr'><strong>scribit</strong></span> <span class='ocrx_word' id='word_1_350' title='bbox 2653 847 2718 899; x_wconf 88' lang='lat' dir='ltr'><strong>ad</strong></span> <span class='ocrx_word' id='word_1_351' title='bbox 2770 854 3021 913; x_wconf 87' lang='lat' dir='ltr'><strong>patruum</strong></span> <span class='ocrx_word' id='word_1_352' title='bbox 3047 884 3061 906; x_wconf 90' lang='lat'><strong>,</strong></span> <span class='ocrx_word' id='word_1_353' title='bbox 3095 846 3254 912; x_wconf 85' lang='lat' dir='ltr'><strong>eique</strong></span> <span class='ocrx_word' id='word_1_354' title='bbox 3298 846 3349 898; x_wconf 91' lang='lat' dir='ltr'><strong>itt</strong></span> 
     </span>
    </p>
   </div>
   <div class='ocr_carea' id='block_1_51' title="bbox 1782 935 3351 1002">
    <p class='ocr_par' dir='ltr' id='par_1_51' title="bbox 1782 935 3351 1002">
     <span class='ocr_line' id='line_1_51' title="bbox 1782 935 3351 1002; baseline 0.001 -15"><span class='ocrx_word' id='word_1_355' title='bbox 1782 941 2092 990; x_wconf 89' lang='lat' dir='ltr'><strong>memoriam</strong></span> <span class='ocrx_word' id='word_1_356' title='bbox 2127 944 2347 989; x_wconf 78' lang='lat' dir='ltr'><strong>revocat</strong></span> <span class='ocrx_word' id='word_1_357' title='bbox 2394 945 2674 1002; x_wconf 87' lang='lat' dir='ltr'><strong>paternum</strong></span> <span class='ocrx_word' id='word_1_358' title='bbox 2706 937 2855 989; x_wconf 87' lang='lat' dir='ltr'><strong>ilium</strong></span> <span class='ocrx_word' id='word_1_359' title='bbox 2892 935 3156 996; x_wconf 86' lang='lat' dir='ltr'><strong>animum,</strong></span> <span class='ocrx_word' id='word_1_360' title='bbox 3192 950 3351 1002; x_wconf 84' lang='lat' dir='ltr'><strong>quem</strong></span> 
     </span>
    </p>
   </div>
   <div class='ocr_carea' id='block_1_52' title="bbox 1780 1030 3353 1102">
    <p class='ocr_par' dir='ltr' id='par_1_52' title="bbox 1780 1030 3353 1102">
     <span class='ocr_line' id='line_1_52' title="bbox 1780 1030 3353 1102; baseline -0.001 -18"><span class='ocrx_word' id='word_1_361' title='bbox 1780 1032 1879 1086; x_wconf 83' lang='lat' dir='ltr'><strong>sibi</strong></span> <span class='ocrx_word' id='word_1_362' title='bbox 1940 1049 2034 1102; x_wconf 89' lang='lat' dir='ltr'><strong>per</strong></span> <span class='ocrx_word' id='word_1_363' title='bbox 2090 1041 2255 1085; x_wconf 88' lang='lat' dir='ltr'><strong>lotam</strong></span> <span class='ocrx_word' id='word_1_364' title='bbox 2296 1031 2460 1082; x_wconf 88' lang='lat' dir='ltr'><strong>vitam</strong></span> <span class='ocrx_word' id='word_1_365' title='bbox 2513 1030 2848 1083; x_wconf 66' lang='lat' dir='ltr'><strong>exhibuerat.</strong></span> <span class='ocrx_word' id='word_1_366' title='bbox 2897 1033 3235 1096; x_wconf 82' lang='lat' dir='ltr'><strong>Obtestatur,</strong></span> <span class='ocrx_word' id='word_1_367' title='bbox 3296 1042 3353 1083; x_wconf 90' lang='lat' dir='ltr'><strong>ut</strong></span> 
     </span>
    </p>
   </div>
   <div class='ocr_carea' id='block_1_53' title="bbox 1778 1122 3351 1194">
    <p class='ocr_par' dir='ltr' id='par_1_53' title="bbox 1778 1122 3351 1194">
     <span class='ocr_line' id='line_1_53' title="bbox 1778 1122 3351 1194; baseline -0.001 -16"><span class='ocrx_word' id='word_1_368' title='bbox 1778 1140 1898 1178; x_wconf 89' lang='lat' dir='ltr'><strong>cum</strong></span> <span class='ocrx_word' id='word_1_369' title='bbox 1940 1144 2041 1194; x_wconf 82' lang='lat' dir='ltr'><strong>pax</strong></span> <span class='ocrx_word' id='word_1_370' title='bbox 2075 1137 2130 1179; x_wconf 90' lang='lat' dir='ltr'><strong>et</strong></span> <span class='ocrx_word' id='word_1_371' title='bbox 2177 1122 2538 1177; x_wconf 89' lang='lat' dir='ltr'><strong>mansuetudo</strong></span> <span class='ocrx_word' id='word_1_372' title='bbox 2574 1122 2803 1189; x_wconf 72' lang='lat' dir='ltr'><strong>propriae</strong></span> <span class='ocrx_word' id='word_1_373' title='bbox 2856 1125 2963 1175; x_wconf 89' lang='lat' dir='ltr'><strong>sint</strong></span> <span class='ocrx_word' id='word_1_374' title='bbox 3005 1123 3150 1176; x_wconf 89' lang='lat' dir='ltr'><strong>illius</strong></span> <span class='ocrx_word' id='word_1_375' title='bbox 3186 1124 3351 1176; x_wconf 87' lang='lat' dir='ltr'><strong>animi</strong></span> 
     </span>
    </p>
   </div>
   <div class='ocr_carea' id='block_1_54' title="bbox 1778 1215 3351 1286">
    <p class='ocr_par' dir='ltr' id='par_1_54' title="bbox 1778 1215 3351 1286">
     <span class='ocr_line' id='line_1_54' title="bbox 1778 1215 3351 1286; baseline 0.003 -20"><span class='ocrx_word' id='word_1_376' title='bbox 1778 1218 1954 1281; x_wconf 88' lang='lat' dir='ltr'><strong>doles,</strong></span> <span class='ocrx_word' id='word_1_377' title='bbox 1995 1220 2210 1273; x_wconf 90' lang='lat' dir='ltr'><strong>modum</strong></span> <span class='ocrx_word' id='word_1_378' title='bbox 2267 1218 2505 1286; x_wconf 88' lang='lat' dir='ltr'><strong>imponat</strong></span> <span class='ocrx_word' id='word_1_379' title='bbox 2536 1215 2781 1267; x_wconf 87' lang='lat' dir='ltr'><strong>tristibus</strong></span> <span class='ocrx_word' id='word_1_380' title='bbox 2831 1216 3009 1280; x_wconf 82' lang='lat' dir='ltr'><strong>rebus,</strong></span> <span class='ocrx_word' id='word_1_381' title='bbox 3046 1219 3235 1270; x_wconf 85' lang='lat' dir='ltr'><strong>ducem</strong></span> <span class='ocrx_word' id='word_1_382' title='bbox 3292 1231 3351 1271; x_wconf 87' lang='lat' dir='ltr'><strong>sc</strong></span> 
     </span>
    </p>
   </div>
   <div class='ocr_carea' id='block_1_55' title="bbox 1778 1311 3352 1379">
    <p class='ocr_par' dir='ltr' id='par_1_55' title="bbox 1778 1311 3352 1379">
     <span class='ocr_line' id='line_1_55' title="bbox 1778 1311 3352 1379; baseline 0.001 -18"><span class='ocrx_word' id='word_1_383' title='bbox 1778 1311 1901 1363; x_wconf 89' lang='lat' dir='ltr'><strong>aliis</strong></span> <span class='ocrx_word' id='word_1_384' title='bbox 1936 1314 2177 1379; x_wconf 83' lang='lat' dir='ltr'><strong>pra:bens</strong></span> <span class='ocrx_word' id='word_1_385' title='bbox 2210 1313 2273 1364; x_wconf 89' lang='lat' dir='ltr'><strong>ad</strong></span> <span class='ocrx_word' id='word_1_386' title='bbox 2308 1311 2537 1379; x_wconf 87' lang='lat' dir='ltr'><strong>optima,</strong></span> <span class='ocrx_word' id='word_1_387' title='bbox 2574 1311 2797 1363; x_wconf 84' lang='lat' dir='ltr'><strong>minime</strong></span> <span class='ocrx_word' id='word_1_388' title='bbox 2837 1326 2965 1362; x_wconf 86' lang='lat' dir='ltr'><strong>vero</strong></span> <span class='ocrx_word' id='word_1_389' title='bbox 2990 1314 3153 1364; x_wconf 89' lang='lat' dir='ltr'><strong>alium</strong></span> <span class='ocrx_word' id='word_1_390' title='bbox 3187 1312 3251 1364; x_wconf 86' lang='lat' dir='ltr'><strong>ad</strong></span> <span class='ocrx_word' id='word_1_391' title='bbox 3289 1311 3352 1363; x_wconf 93' lang='lat' dir='ltr'><strong>il-</strong></span> 
     </span>
    </p>
   </div>
   <div class='ocr_carea' id='block_1_56' title="bbox 1778 1399 3353 1468">
    <p class='ocr_par' dir='ltr' id='par_1_56' title="bbox 1778 1399 3353 1468">
     <span class='ocr_line' id='line_1_56' title="bbox 1778 1399 3353 1468; baseline -0.002 -15"><span class='ocrx_word' id='word_1_392' title='bbox 1778 1402 1918 1453; x_wconf 72' lang='lat' dir='ltr'><strong>licita</strong></span> <span class='ocrx_word' id='word_1_393' title='bbox 1947 1416 2199 1468; x_wconf 72' lang='lat' dir='ltr'><strong>sequens.</strong></span> <span class='ocrx_word' id='word_1_394' title='bbox 2234 1400 2366 1451; x_wconf 66' lang='lat' dir='ltr'><strong>Nam</strong></span> <span class='ocrx_word' id='word_1_395' title='bbox 2410 1415 2503 1452; x_wconf 76' lang='lat' dir='ltr'><strong>nec</strong></span> <span class='ocrx_word' id='word_1_396' title='bbox 2530 1399 2665 1451; x_wconf 84' lang='lat' dir='ltr'><strong>alios</strong></span> <span class='ocrx_word' id='word_1_397' title='bbox 2691 1400 2974 1465; x_wconf 70' lang='lat' dir='ltr'><strong>episcopos</strong></span> <span class='ocrx_word' id='word_1_398' title='bbox 2998 1400 3187 1454; x_wconf 75' lang='lat' dir='ltr'><strong>decere</strong></span> <span class='ocrx_word' id='word_1_399' title='bbox 3213 1401 3353 1453; x_wconf 78' lang='lat' dir='ltr'><strong>hanc</strong></span> 
     </span>
    </p>
   </div>
   <div class='ocr_carea' id='block_1_57' title="bbox 1776 1491 3347 1560">
    <p class='ocr_par' dir='ltr' id='par_1_57' title="bbox 1776 1491 3347 1560">
     <span class='ocr_line' id='line_1_57' title="bbox 1776 1491 3347 1560; baseline -0.001 -15"><span class='ocrx_word' id='word_1_400' title='bbox 1776 1494 2174 1546; x_wconf 78' lang='lat' dir='ltr'><strong>dissensionem</strong></span> <span class='ocrx_word' id='word_1_401' title='bbox 2204 1532 2218 1552; x_wconf 93' lang='lat'><strong>,</strong></span> <span class='ocrx_word' id='word_1_402' title='bbox 2246 1494 2337 1544; x_wconf 87' lang='lat' dir='ltr'><strong>sed</strong></span> <span class='ocrx_word' id='word_1_403' title='bbox 2374 1493 2545 1560; x_wconf 84' lang='lat' dir='ltr'><strong>ipsum</strong></span> <span class='ocrx_word' id='word_1_404' title='bbox 2602 1492 2835 1543; x_wconf 75' lang='lat' dir='ltr'><strong>maxime</strong></span> <span class='ocrx_word' id='word_1_405' title='bbox 2869 1491 3164 1553; x_wconf 74' lang='lat' dir='ltr'><strong>dedecere;</strong></span> <span class='ocrx_word' id='word_1_406' title='bbox 3226 1509 3347 1544; x_wconf 88' lang='lat' dir='ltr'><strong>cuiu</strong></span> 
     </span>
    </p>
   </div>
   <div class='ocr_carea' id='block_1_58' title="bbox 1774 1583 3343 1654">
    <p class='ocr_par' dir='ltr' id='par_1_58' title="bbox 1774 1583 3343 1654">
     <span class='ocr_line' id='line_1_58' title="bbox 1774 1583 3343 1654; baseline -0.001 -18"><span class='ocrx_word' id='word_1_407' title='bbox 1774 1586 2075 1654; x_wconf 75' lang='lat' dir='ltr'><strong>praesertim</strong></span> <span class='ocrx_word' id='word_1_408' title='bbox 2113 1583 2310 1636; x_wconf 88' lang='lat' dir='ltr'><strong>malum</strong></span> <span class='ocrx_word' id='word_1_409' title='bbox 2341 1599 2443 1635; x_wconf 91' lang='lat' dir='ltr'><strong>non</strong></span> <span class='ocrx_word' id='word_1_410' title='bbox 2488 1599 2595 1638; x_wconf 91' lang='lat' dir='ltr'><strong>uno</strong></span> <span class='ocrx_word' id='word_1_411' title='bbox 2633 1584 2812 1650; x_wconf 87' lang='lat' dir='ltr'><strong>aliquo</strong></span> <span class='ocrx_word' id='word_1_412' title='bbox 2840 1583 3343 1647; x_wconf 82' lang='lat' dir='ltr'><strong>circumscribatur,</strong></span> 
     </span>
    </p>
   </div>
   <div class='ocr_carea' id='block_1_59' title="bbox 1774 1675 3346 1743">
    <p class='ocr_par' dir='ltr' id='par_1_59' title="bbox 1774 1675 3346 1743">
     <span class='ocr_line' id='line_1_59' title="bbox 1774 1675 3346 1743; baseline -0.004 -12"><span class='ocrx_word' id='word_1_413' title='bbox 1774 1682 1867 1731; x_wconf 84' lang='lat' dir='ltr'><strong>sed</strong></span> <span class='ocrx_word' id='word_1_414' title='bbox 1904 1687 2043 1731; x_wconf 89' lang='lat' dir='ltr'><strong>totas</strong></span> <span class='ocrx_word' id='word_1_415' title='bbox 2068 1677 2318 1730; x_wconf 80' lang='lat' dir='ltr'><strong>civitates</strong></span> <span class='ocrx_word' id='word_1_416' title='bbox 2345 1685 2399 1729; x_wconf 89' lang='lat' dir='ltr'><strong>et</strong></span> <span class='ocrx_word' id='word_1_417' title='bbox 2434 1676 2659 1743; x_wconf 82' lang='lat' dir='ltr'><strong>pepnlos</strong></span> <span class='ocrx_word' id='word_1_418' title='bbox 2692 1677 2869 1731; x_wconf 86' lang='lat' dir='ltr'><strong>la-dat.</strong></span> <span class='ocrx_word' id='word_1_419' title='bbox 2922 1675 3094 1741; x_wconf 61' lang='lat' dir='ltr'><strong>liueat</strong></span> <span class='ocrx_word' id='word_1_420' title='bbox 3144 1676 3346 1737; x_wconf 80' lang='lat' dir='ltr'><strong>itaque,</strong></span> 
     </span>
    </p>
   </div>
   <div class='ocr_carea' id='block_1_60' title="bbox 1775 1766 3347 1828">
    <p class='ocr_par' dir='ltr' id='par_1_60' title="bbox 1775 1766 3347 1828">
     <span class='ocr_line' id='line_1_60' title="bbox 1775 1766 3347 1828; baseline -0.003 -5"><span class='ocrx_word' id='word_1_421' title='bbox 1775 1782 1829 1823; x_wconf 90' lang='lat' dir='ltr'><strong>ut</strong></span> <span class='ocrx_word' id='word_1_422' title='bbox 1854 1774 1965 1826; x_wconf 87' lang='lat' dir='ltr'><strong>sive</strong></span> <span class='ocrx_word' id='word_1_423' title='bbox 1990 1770 2291 1825; x_wconf 67' lang='lat' dir='ltr'><strong>Caesaream</strong></span> <span class='ocrx_word' id='word_1_424' title='bbox 2324 1766 2624 1827; x_wconf 89' lang='lat' dir='ltr'><strong>veniendo,</strong></span> <span class='ocrx_word' id='word_1_425' title='bbox 2654 1767 2767 1819; x_wconf 87' lang='lat' dir='ltr'><strong>sive</strong></span> <span class='ocrx_word' id='word_1_426' title='bbox 2791 1767 3098 1828; x_wconf 75' lang='lat' dir='ltr'><strong>sciihemlo,</strong></span> <span class='ocrx_word' id='word_1_427' title='bbox 3139 1770 3253 1820; x_wconf 84' lang='lat' dir='ltr'><strong>sive</strong></span> <span class='ocrx_word' id='word_1_428' title='bbox 3282 1770 3347 1819; x_wconf 86' lang='lat' dir='ltr'><strong>ad</strong></span> 
     </span>
    </p>
   </div>
   <div class='ocr_carea' id='block_1_61' title="bbox 1773 1860 3346 1931">
    <p class='ocr_par' dir='ltr' id='par_1_61' title="bbox 1773 1860 3346 1931">
     <span class='ocr_line' id='line_1_61' title="bbox 1773 1860 3346 1931; baseline 0.001 -18"><span class='ocrx_word' id='word_1_429' title='bbox 1773 1877 1831 1914; x_wconf 80' lang='lat' dir='ltr'><strong>se</strong></span> <span class='ocrx_word' id='word_1_430' title='bbox 1886 1864 2236 1923; x_wconf 81' lang='lat' dir='ltr'><strong>accersendo,</strong></span> <span class='ocrx_word' id='word_1_431' title='bbox 2273 1861 2387 1915; x_wconf 87' lang='lat' dir='ltr'><strong>sive</strong></span> <span class='ocrx_word' id='word_1_432' title='bbox 2420 1877 2750 1931; x_wconf 87' lang='lat' dir='ltr'><strong>quocunque</strong></span> <span class='ocrx_word' id='word_1_433' title='bbox 2794 1860 2900 1914; x_wconf 92' lang='lat' dir='ltr'><strong>alio</strong></span> <span class='ocrx_word' id='word_1_434' title='bbox 2939 1862 3093 1913; x_wconf 86' lang='lat' dir='ltr'><strong>modo</strong></span> <span class='ocrx_word' id='word_1_435' title='bbox 3117 1900 3131 1923; x_wconf 94' lang='lat'><strong>,</strong></span> <span class='ocrx_word' id='word_1_436' title='bbox 3169 1875 3346 1914; x_wconf 86' lang='lat' dir='ltr'><strong>reme-</strong></span> 
     </span>
    </p>
   </div>
   <div class='ocr_carea' id='block_1_62' title="bbox 1774 1953 2406 2024">
    <p class='ocr_par' dir='ltr' id='par_1_62' title="bbox 1774 1953 2406 2024">
     <span class='ocr_line' id='line_1_62' title="bbox 1774 1953 2406 2024; baseline -0.003 -18"><span class='ocrx_word' id='word_1_437' title='bbox 1774 1953 1919 2006; x_wconf 88' lang='lat' dir='ltr'><strong>dium</strong></span> <span class='ocrx_word' id='word_1_438' title='bbox 1958 1955 2171 2024; x_wconf 84' lang='lat' dir='ltr'><strong>aliquod</strong></span> <span class='ocrx_word' id='word_1_439' title='bbox 2197 1953 2406 2008; x_wconf 75' lang='lat' dir='ltr'><strong>alierat.</strong></span> 
     </span>
    </p>
   </div>
   <div class='ocr_carea' id='block_1_63' title="bbox 1842 2042 3342 2116">
    <p class='ocr_par' dir='ltr' id='par_1_63' title="bbox 1842 2042 3342 2116">
     <span class='ocr_line' id='line_1_63' title="bbox 1842 2042 3342 2116; baseline 0.002 -20"><span class='ocrx_word' id='word_1_440' title='bbox 1842 2042 1957 2096; x_wconf 79' lang='lat' dir='ltr'><strong>Non</strong></span> <span class='ocrx_word' id='word_1_441' title='bbox 2005 2048 2179 2101; x_wconf 91' lang='lat' dir='ltr'><strong>caruit</strong></span> <span class='ocrx_word' id='word_1_442' title='bbox 2217 2058 2405 2116; x_wconf 90' lang='lat' dir='ltr'><strong>optato</strong></span> <span class='ocrx_word' id='word_1_443' title='bbox 2455 2045 2607 2100; x_wconf 78' lang='lat' dir='ltr'><strong>exitu</strong></span> <span class='ocrx_word' id='word_1_444' title='bbox 2663 2054 2773 2098; x_wconf 87' lang='lat' dir='ltr'><strong>tam</strong></span> <span class='ocrx_word' id='word_1_445' title='bbox 2818 2046 3042 2114; x_wconf 81' lang='lat' dir='ltr'><strong>insignis</strong></span> <span class='ocrx_word' id='word_1_446' title='bbox 3089 2045 3342 2099; x_wconf 79' lang='lat' dir='ltr'><strong>omnibus</strong></span> 
     </span>
    </p>
   </div>
   <div class='ocr_carea' id='block_1_64' title="bbox 1772 2136 3349 2208">
    <p class='ocr_par' dir='ltr' id='par_1_64' title="bbox 1772 2136 3349 2208">
     <span class='ocr_line' id='line_1_64' title="bbox 1772 2136 3349 2208; baseline -0.002 -16"><span class='ocrx_word' id='word_1_447' title='bbox 1772 2136 2057 2190; x_wconf 82' lang='lat' dir='ltr'><strong>cbaritalis</strong></span> <span class='ocrx_word' id='word_1_448' title='bbox 2088 2140 2327 2192; x_wconf 84' lang='lat' dir='ltr'><strong>numeris</strong></span> <span class='ocrx_word' id='word_1_449' title='bbox 2371 2138 2618 2208; x_wconf 91' lang='lat' dir='ltr'><strong>epistola.</strong></span> <span class='ocrx_word' id='word_1_450' title='bbox 2653 2137 2931 2192; x_wconf 82' lang='lat' dir='ltr'><strong>Venerunt</strong></span> <span class='ocrx_word' id='word_1_451' title='bbox 2977 2153 3002 2189; x_wconf 89' lang='lat' dir='ltr'><strong>a</strong></span> <span class='ocrx_word' id='word_1_452' title='bbox 3043 2149 3234 2204; x_wconf 88' lang='lat' dir='ltr'><strong>patrno</strong></span> <span class='ocrx_word' id='word_1_453' title='bbox 3262 2138 3349 2189; x_wconf 89' lang='lat' dir='ltr'><strong>Iit-</strong></span> 
     </span>
    </p>
   </div>
   <div class='ocr_carea' id='block_1_65' title="bbox 1773 2228 3345 2299">
    <p class='ocr_par' dir='ltr' id='par_1_65' title="bbox 1773 2228 3345 2299">
     <span class='ocr_line' id='line_1_65' title="bbox 1773 2228 3345 2299; baseline 0 -18"><span class='ocrx_word' id='word_1_454' title='bbox 1773 2238 1921 2291; x_wconf 71' lang='lat' dir='ltr'><strong>tertc,</strong></span> <span class='ocrx_word' id='word_1_455' title='bbox 1954 2244 2049 2299; x_wconf 90' lang='lat' dir='ltr'><strong>per</strong></span> <span class='ocrx_word' id='word_1_456' title='bbox 2070 2228 2393 2297; x_wconf 83' lang='lat' dir='ltr'><strong>Gregorium</strong></span> <span class='ocrx_word' id='word_1_457' title='bbox 2422 2230 2643 2285; x_wconf 91' lang='lat' dir='ltr'><strong>fratrem</strong></span> <span class='ocrx_word' id='word_1_458' title='bbox 2672 2230 3004 2297; x_wconf 69' lang='lat' dir='ltr'><strong>allataz,qure</strong></span> <span class='ocrx_word' id='word_1_459' title='bbox 3023 2240 3075 2282; x_wconf 89' lang='lat' dir='ltr'><strong>et</strong></span> <span class='ocrx_word' id='word_1_460' title='bbox 3106 2229 3345 2281; x_wconf 88' lang='lat' dir='ltr'><strong>animum</strong></span> 
     </span>
    </p>
   </div>
   <div class='ocr_carea' id='block_1_66' title="bbox 1779 2320 3347 2392">
    <p class='ocr_par' dir='ltr' id='par_1_66' title="bbox 1779 2320 3347 2392">
     <span class='ocr_line' id='line_1_66' title="bbox 1779 2320 3347 2392; baseline -0.003 -17"><span class='ocrx_word' id='word_1_461' title='bbox 1779 2322 1844 2375; x_wconf 86' lang='lat' dir='ltr'><strong>ad</strong></span> <span class='ocrx_word' id='word_1_462' title='bbox 1896 2324 2323 2390; x_wconf 84' lang='lat' dir='ltr'><strong>componendam</strong></span> <span class='ocrx_word' id='word_1_463' title='bbox 2370 2323 2762 2375; x_wconf 85' lang='lat' dir='ltr'><strong>dissensionem</strong></span> <span class='ocrx_word' id='word_1_464' title='bbox 2811 2323 3213 2392; x_wconf 88' lang='lat' dir='ltr'><strong>paratissimum</strong></span> <span class='ocrx_word' id='word_1_465' title='bbox 3268 2320 3347 2372; x_wconf 84' lang='lat' dir='ltr'><strong>si-</strong></span> 
     </span>
    </p>
   </div>
   <div class='ocr_carea' id='block_1_67' title="bbox 1770 2413 3349 2483">
    <p class='ocr_par' dir='ltr' id='par_1_67' title="bbox 1770 2413 3349 2483">
     <span class='ocr_line' id='line_1_67' title="bbox 1770 2413 3349 2483; baseline 0 -15"><span class='ocrx_word' id='word_1_466' title='bbox 1770 2413 2124 2483; x_wconf 80' lang='lat' dir='ltr'><strong>gniﬁcabant,</strong></span> <span class='ocrx_word' id='word_1_467' title='bbox 2156 2424 2318 2482; x_wconf 91' lang='lat' dir='ltr'><strong>atque</strong></span> <span class='ocrx_word' id='word_1_468' title='bbox 2340 2413 2504 2467; x_wconf 89' lang='lat' dir='ltr'><strong>etiam</strong></span> <span class='ocrx_word' id='word_1_469' title='bbox 2551 2414 2808 2467; x_wconf 86' lang='lat' dir='ltr'><strong>Basilittm</strong></span> <span class='ocrx_word' id='word_1_470' title='bbox 2842 2416 3222 2479; x_wconf 87' lang='lat' dir='ltr'><strong>hortabamur,</strong></span> <span class='ocrx_word' id='word_1_471' title='bbox 3288 2424 3349 2468; x_wconf 85' lang='lat' dir='ltr'><strong>ut</strong></span> 
     </span>
    </p>
   </div>
   <div class='ocr_carea' id='block_1_68' title="bbox 1770 2506 3345 2570">
    <p class='ocr_par' dir='ltr' id='par_1_68' title="bbox 1770 2506 3345 2570">
     <span class='ocr_line' id='line_1_68' title="bbox 1770 2506 3345 2570; baseline 0 -13"><span class='ocrx_word' id='word_1_472' title='bbox 1770 2506 1962 2570; x_wconf 87' lang='lat' dir='ltr'><strong>fratri,</strong></span> <span class='ocrx_word' id='word_1_473' title='bbox 2020 2507 2104 2560; x_wconf 90' lang='lat' dir='ltr'><strong>cui</strong></span> <span class='ocrx_word' id='word_1_474' title='bbox 2139 2506 2415 2560; x_wconf 80' lang='lat' dir='ltr'><strong>subiratus</strong></span> <span class='ocrx_word' id='word_1_475' title='bbox 2445 2521 2567 2560; x_wconf 82' lang='lat' dir='ltr'><strong>esse</strong></span> <span class='ocrx_word' id='word_1_476' title='bbox 2599 2506 2881 2558; x_wconf 88' lang='lat' dir='ltr'><strong>videbatur</strong></span> <span class='ocrx_word' id='word_1_477' title='bbox 2910 2506 2978 2557; x_wconf 92' lang='lat' dir='ltr'><strong>ob</strong></span> <span class='ocrx_word' id='word_1_478' title='bbox 3018 2506 3345 2558; x_wconf 85' lang='lat' dir='ltr'><strong>commenti-</strong></span> 
     </span>
    </p>
   </div>
   <div class='ocr_carea' id='block_1_69' title="bbox 1772 2594 3346 2666">
    <p class='ocr_par' dir='ltr' id='par_1_69' title="bbox 1772 2594 3346 2666">
     <span class='ocr_line' id='line_1_69' title="bbox 1772 2594 3346 2666; baseline -0.001 -18"><span class='ocrx_word' id='word_1_479' title='bbox 1772 2598 1873 2649; x_wconf 87' lang='lat' dir='ltr'><strong>tias</strong></span> <span class='ocrx_word' id='word_1_480' title='bbox 1914 2596 2173 2663; x_wconf 90' lang='lat' dir='ltr'><strong>epistolas</strong></span> <span class='ocrx_word' id='word_1_481' title='bbox 2203 2638 2217 2659; x_wconf 95' lang='lat'><strong>,</strong></span> <span class='ocrx_word' id='word_1_482' title='bbox 2276 2598 2411 2650; x_wconf 92' lang='lat' dir='ltr'><strong>iram</strong></span> <span class='ocrx_word' id='word_1_483' title='bbox 2448 2600 2757 2651; x_wconf 88' lang='lat' dir='ltr'><strong>redonaret.</strong></span> <span class='ocrx_word' id='word_1_484' title='bbox 2807 2595 2955 2651; x_wconf 89' lang='lat' dir='ltr'><strong>Unde</strong></span> <span class='ocrx_word' id='word_1_485' title='bbox 2994 2594 3228 2649; x_wconf 85' lang='lat' dir='ltr'><strong>Basilius</strong></span> <span class='ocrx_word' id='word_1_486' title='bbox 3262 2594 3346 2666; x_wconf 87' lang='lat' dir='ltr'><strong>(c)</strong></span> 
     </span>
    </p>
   </div>
   <div class='ocr_carea' id='block_1_70' title="bbox 1770 2686 3348 2755">
    <p class='ocr_par' dir='ltr' id='par_1_70' title="bbox 1770 2686 3348 2755">
     <span class='ocr_line' id='line_1_70' title="bbox 1770 2686 3348 2755; baseline 0.005 -18"><span class='ocrx_word' id='word_1_487' title='bbox 1770 2686 2017 2752; x_wconf 89' lang='lat' dir='ltr'><strong>protinus</strong></span> <span class='ocrx_word' id='word_1_488' title='bbox 2046 2686 2112 2739; x_wconf 89' lang='lat' dir='ltr'><strong>ad</strong></span> <span class='ocrx_word' id='word_1_489' title='bbox 2147 2697 2397 2755; x_wconf 88' lang='lat' dir='ltr'><strong>patruum</strong></span> <span class='ocrx_word' id='word_1_490' title='bbox 2436 2691 2766 2753; x_wconf 86' lang='lat' dir='ltr'><strong>rescribens,</strong></span> <span class='ocrx_word' id='word_1_491' title='bbox 2806 2689 3046 2742; x_wconf 82' lang='lat' dir='ltr'><strong>declarat</strong></span> <span class='ocrx_word' id='word_1_492' title='bbox 3074 2706 3133 2741; x_wconf 87' lang='lat' dir='ltr'><strong>se</strong></span> <span class='ocrx_word' id='word_1_493' title='bbox 3164 2689 3348 2745; x_wconf 84' lang='lat' dir='ltr'><strong>fratris</strong></span> 
     </span>
    </p>
   </div>
   <div class='ocr_carea' id='block_1_71' title="bbox 1770 2780 3347 2852">
    <p class='ocr_par' dir='ltr' id='par_1_71' title="bbox 1770 2780 3347 2852">
     <span class='ocr_line' id='line_1_71' title="bbox 1770 2780 3347 2852; baseline 0.003 -21"><span class='ocrx_word' id='word_1_494' title='bbox 1770 2787 2063 2848; x_wconf 90' lang='lat' dir='ltr'><strong>conspectu</strong></span> <span class='ocrx_word' id='word_1_495' title='bbox 2107 2790 2156 2833; x_wconf 90' lang='lat' dir='ltr'><strong>et</strong></span> <span class='ocrx_word' id='word_1_496' title='bbox 2186 2787 2345 2833; x_wconf 87' lang='lat' dir='ltr'><strong>antea</strong></span> <span class='ocrx_word' id='word_1_497' title='bbox 2380 2780 2703 2834; x_wconf 87' lang='lat' dir='ltr'><strong>delectatum</strong></span> <span class='ocrx_word' id='word_1_498' title='bbox 2754 2781 2924 2835; x_wconf 84' lang='lat' dir='ltr'><strong>fuisse</strong></span> <span class='ocrx_word' id='word_1_499' title='bbox 2951 2821 2966 2845; x_wconf 95' lang='lat'><strong>,</strong></span> <span class='ocrx_word' id='word_1_500' title='bbox 3000 2792 3053 2836; x_wconf 90' lang='lat' dir='ltr'><strong>et</strong></span> <span class='ocrx_word' id='word_1_501' title='bbox 3096 2784 3347 2852; x_wconf 76' lang='lat' dir='ltr'><strong>proxime</strong></span> 
     </span>
    </p>
   </div>
   <div class='ocr_carea' id='block_1_72' title="bbox 1770 2869 3349 2941">
    <p class='ocr_par' dir='ltr' id='par_1_72' title="bbox 1770 2869 3349 2941">
     <span class='ocr_line' id='line_1_72' title="bbox 1770 2869 3349 2941; baseline 0.003 -19"><span class='ocrx_word' id='word_1_502' title='bbox 1770 2869 1911 2924; x_wconf 89' lang='lat' dir='ltr'><strong>illius</strong></span> <span class='ocrx_word' id='word_1_503' title='bbox 1932 2871 2165 2924; x_wconf 82' lang='lat' dir='ltr'><strong>adventu</strong></span> <span class='ocrx_word' id='word_1_504' title='bbox 2191 2886 2255 2925; x_wconf 80' lang='lat' dir='ltr'><strong>ex</strong></span> <span class='ocrx_word' id='word_1_505' title='bbox 2283 2872 2527 2941; x_wconf 87' lang='lat' dir='ltr'><strong>corporis</strong></span> <span class='ocrx_word' id='word_1_506' title='bbox 2556 2872 2874 2926; x_wconf 83' lang='lat' dir='ltr'><strong>infirmitate</strong></span> <span class='ocrx_word' id='word_1_507' title='bbox 2906 2884 2961 2927; x_wconf 89' lang='lat' dir='ltr'><strong>et</strong></span> <span class='ocrx_word' id='word_1_508' title='bbox 3000 2876 3166 2926; x_wconf 89' lang='lat' dir='ltr'><strong>animi</strong></span> <span class='ocrx_word' id='word_1_509' title='bbox 3194 2874 3349 2926; x_wconf 75' lang='lat' dir='ltr'><strong>dolo-</strong></span> 
     </span>
    </p>
   </div>
   <div class='ocr_carea' id='block_1_73' title="bbox 1770 2963 3345 3034">
    <p class='ocr_par' dir='ltr' id='par_1_73' title="bbox 1770 2963 3345 3034">
     <span class='ocr_line' id='line_1_73' title="bbox 1770 2963 3345 3034; baseline 0.001 -17"><span class='ocrx_word' id='word_1_510' title='bbox 1770 2963 1919 3019; x_wconf 91' lang='lat' dir='ltr'><strong>ribus</strong></span> <span class='ocrx_word' id='word_1_511' title='bbox 1944 2976 2273 3028; x_wconf 82' lang='lat' dir='ltr'><strong>recreatum,</strong></span> <span class='ocrx_word' id='word_1_512' title='bbox 2302 2979 2403 3018; x_wconf 90' lang='lat' dir='ltr'><strong>nec</strong></span> <span class='ocrx_word' id='word_1_513' title='bbox 2441 2965 2731 3034; x_wconf 88' lang='lat' dir='ltr'><strong>quidquam</strong></span> <span class='ocrx_word' id='word_1_514' title='bbox 2763 2982 2791 3017; x_wconf 90' lang='lat' dir='ltr'><strong>a</strong></span> <span class='ocrx_word' id='word_1_515' title='bbox 2826 2982 2885 3020; x_wconf 89' lang='lat' dir='ltr'><strong>se</strong></span> <span class='ocrx_word' id='word_1_516' title='bbox 2914 2966 3081 3034; x_wconf 84' lang='lat' dir='ltr'><strong>magis</strong></span> <span class='ocrx_word' id='word_1_517' title='bbox 3109 2965 3345 3020; x_wconf 85' lang='lat' dir='ltr'><strong>alienum</strong></span> 
     </span>
    </p>
   </div>
   <div class='ocr_carea' id='block_1_74' title="bbox 1768 3056 3345 3125">
    <p class='ocr_par' dir='ltr' id='par_1_74' title="bbox 1768 3056 3345 3125">
     <span class='ocr_line' id='line_1_74' title="bbox 1768 3056 3345 3125; baseline 0 -19"><span class='ocrx_word' id='word_1_518' title='bbox 1768 3070 1912 3119; x_wconf 87' lang='lat' dir='ltr'><strong>esse,</strong></span> <span class='ocrx_word' id='word_1_519' title='bbox 1954 3072 2129 3125; x_wconf 76' lang='lat' dir='ltr'><strong>quam</strong></span> <span class='ocrx_word' id='word_1_520' title='bbox 2151 3057 2464 3109; x_wconf 77' lang='lat' dir='ltr'><strong>inimicitias</strong></span> <span class='ocrx_word' id='word_1_521' title='bbox 2482 3070 2673 3122; x_wconf 84' lang='lat' dir='ltr'><strong>gerere</strong></span> <span class='ocrx_word' id='word_1_522' title='bbox 2700 3072 2821 3108; x_wconf 84' lang='lat' dir='ltr'><strong>cum</strong></span> <span class='ocrx_word' id='word_1_523' title='bbox 2850 3056 3189 3125; x_wconf 83' lang='lat' dir='ltr'><strong>propinquis.</strong></span> <span class='ocrx_word' id='word_1_524' title='bbox 3209 3057 3345 3111; x_wconf 79' lang='lat' dir='ltr'><strong>Cum</strong></span> 
     </span>
    </p>
   </div>
   <div class='ocr_carea' id='block_1_75' title="bbox 1767 3147 3348 3204">
    <p class='ocr_par' dir='ltr' id='par_1_75' title="bbox 1767 3147 3348 3204">
     <span class='ocr_line' id='line_1_75' title="bbox 1767 3147 3348 3204; baseline 0.003 -5"><span class='ocrx_word' id='word_1_525' title='bbox 1767 3156 1947 3200; x_wconf 89' lang='lat' dir='ltr'><strong>autem</strong></span> <span class='ocrx_word' id='word_1_526' title='bbox 1980 3148 2045 3200; x_wconf 89' lang='lat' dir='ltr'><strong>de</strong></span> <span class='ocrx_word' id='word_1_527' title='bbox 2088 3147 2451 3201; x_wconf 90' lang='lat' dir='ltr'><strong>dissensionis</strong></span> <span class='ocrx_word' id='word_1_528' title='bbox 2478 3163 2643 3202; x_wconf 89' lang='lat' dir='ltr'><strong>causa</strong></span> <span class='ocrx_word' id='word_1_529' title='bbox 2668 3149 2903 3202; x_wconf 80' lang='lat' dir='ltr'><strong>obscure</strong></span> <span class='ocrx_word' id='word_1_530' title='bbox 2936 3152 3145 3204; x_wconf 88' lang='lat' dir='ltr'><strong>locutus</strong></span> <span class='ocrx_word' id='word_1_531' title='bbox 3198 3162 3348 3204; x_wconf 75' lang='lat' dir='ltr'><strong>eSst-t</strong></span> 
     </span>
    </p>
   </div>
   <div class='ocr_carea' id='block_1_76' title="bbox 1767 3239 3346 3311">
    <p class='ocr_par' dir='ltr' id='par_1_76' title="bbox 1767 3239 3346 3311">
     <span class='ocr_line' id='line_1_76' title="bbox 1767 3239 3346 3311; baseline 0.005 -22"><span class='ocrx_word' id='word_1_532' title='bbox 1767 3248 2025 3305; x_wconf 90' lang='lat' dir='ltr'><strong>patruus,</strong></span> <span class='ocrx_word' id='word_1_533' title='bbox 2073 3244 2356 3307; x_wconf 81' lang='lat' dir='ltr'><strong>respondet</strong></span> <span class='ocrx_word' id='word_1_534' title='bbox 2392 3239 2622 3295; x_wconf 85' lang='lat' dir='ltr'><strong>Basilius</strong></span> <span class='ocrx_word' id='word_1_535' title='bbox 2674 3257 2733 3297; x_wconf 90' lang='lat' dir='ltr'><strong>se</strong></span> <span class='ocrx_word' id='word_1_536' title='bbox 2772 3256 2881 3311; x_wconf 79' lang='lat' dir='ltr'><strong>pra:</strong></span> <span class='ocrx_word' id='word_1_537' title='bbox 2926 3242 3133 3296; x_wconf 90' lang='lat' dir='ltr'><strong>inscitia</strong></span> <span class='ocrx_word' id='word_1_538' title='bbox 3170 3244 3346 3297; x_wconf 90' lang='lat' dir='ltr'><strong>minus</strong></span> 
     </span>
    </p>
   </div>
   <div class='ocr_carea' id='block_1_77' title="bbox 1768 3329 3343 3403">
    <p class='ocr_par' dir='ltr' id='par_1_77' title="bbox 1768 3329 3343 3403">
     <span class='ocr_line' id='line_1_77' title="bbox 1768 3329 3343 3403; baseline 0.005 -22"><span class='ocrx_word' id='word_1_539' title='bbox 1768 3329 2071 3401; x_wconf 82' lang='lat' dir='ltr'><strong>intelligere</strong></span> <span class='ocrx_word' id='word_1_540' title='bbox 2102 3334 2227 3400; x_wconf 92' lang='lat' dir='ltr'><strong>quid</strong></span> <span class='ocrx_word' id='word_1_541' title='bbox 2264 3334 2364 3387; x_wconf 89' lang='lat' dir='ltr'><strong>sibi</strong></span> <span class='ocrx_word' id='word_1_542' title='bbox 2399 3334 2565 3387; x_wconf 87' lang='lat' dir='ltr'><strong>velint</strong></span> <span class='ocrx_word' id='word_1_543' title='bbox 2599 3352 2717 3403; x_wconf 67' lang='lat' dir='ltr'><strong>qute</strong></span> <span class='ocrx_word' id='word_1_544' title='bbox 2747 3346 2865 3389; x_wconf 88' lang='lat' dir='ltr'><strong>acta</strong></span> <span class='ocrx_word' id='word_1_545' title='bbox 2892 3346 3017 3389; x_wconf 87' lang='lat' dir='ltr'><strong>sunt</strong></span> <span class='ocrx_word' id='word_1_546' title='bbox 3044 3351 3057 3387; x_wconf 92' lang='lat'>:</span> <span class='ocrx_word' id='word_1_547' title='bbox 3086 3346 3343 3390; x_wconf 86' lang='lat' dir='ltr'><strong>ca-tcrum</strong></span> 
     </span>
    </p>
   </div>
   <div class='ocr_carea' id='block_1_78' title="bbox 1766 3422 3346 3494">
    <p class='ocr_par' dir='ltr' id='par_1_78' title="bbox 1766 3422 3346 3494">
     <span class='ocr_line' id='line_1_78' title="bbox 1766 3422 3346 3494; baseline 0.004 -21"><span class='ocrx_word' id='word_1_548' title='bbox 1766 3422 1990 3477; x_wconf 85' lang='lat' dir='ltr'><strong>fratrem</strong></span> <span class='ocrx_word' id='word_1_549' title='bbox 2032 3440 2059 3477; x_wconf 88' lang='lat' dir='ltr'><strong>a</strong></span> <span class='ocrx_word' id='word_1_550' title='bbox 2093 3441 2151 3479; x_wconf 88' lang='lat' dir='ltr'><strong>se</strong></span> <span class='ocrx_word' id='word_1_551' title='bbox 2191 3437 2439 3479; x_wconf 87' lang='lat' dir='ltr'><strong>coactum</strong></span> <span class='ocrx_word' id='word_1_552' title='bbox 2466 3442 2571 3478; x_wconf 87' lang='lat' dir='ltr'><strong>non</strong></span> <span class='ocrx_word' id='word_1_553' title='bbox 2597 3427 2761 3479; x_wconf 83' lang='lat' dir='ltr'><strong>fuisse</strong></span> <span class='ocrx_word' id='word_1_554' title='bbox 2780 3425 3075 3494; x_wconf 88' lang='lat' dir='ltr'><strong>quidquam</strong></span> <span class='ocrx_word' id='word_1_555' title='bbox 3110 3428 3227 3481; x_wconf 79' lang='lat' dir='ltr'><strong>viva</strong></span> <span class='ocrx_word' id='word_1_556' title='bbox 3255 3443 3346 3481; x_wconf 82' lang='lat' dir='ltr'><strong>vo-</strong></span> 
     </span>
    </p>
   </div>
   <div class='ocr_carea' id='block_1_79' title="bbox 1764 3520 3346 3590">
    <p class='ocr_par' dir='ltr' id='par_1_79' title="bbox 1764 3520 3346 3590">
     <span class='ocr_line' id='line_1_79' title="bbox 1764 3520 3346 3590; baseline 0.005 -21"><span class='ocrx_word' id='word_1_557' title='bbox 1764 3532 1826 3571; x_wconf 89' lang='lat' dir='ltr'><strong>ce</strong></span> <span class='ocrx_word' id='word_1_558' title='bbox 1863 3520 2061 3582; x_wconf 79' lang='lat' dir='ltr'><strong>dieere,</strong></span> <span class='ocrx_word' id='word_1_559' title='bbox 2083 3532 2366 3587; x_wconf 88' lang='lat' dir='ltr'><strong>propterea</strong></span> <span class='ocrx_word' id='word_1_560' title='bbox 2400 3521 2541 3588; x_wconf 86' lang='lat' dir='ltr'><strong>quod</strong></span> <span class='ocrx_word' id='word_1_561' title='bbox 2597 3536 2696 3573; x_wconf 79' lang='lat' dir='ltr'><strong>nec</strong></span> <span class='ocrx_word' id='word_1_562' title='bbox 2756 3531 2912 3575; x_wconf 84' lang='lat' dir='ltr'><strong>antea</strong></span> <span class='ocrx_word' id='word_1_563' title='bbox 2948 3522 3113 3590; x_wconf 89' lang='lat' dir='ltr'><strong>ipsius</strong></span> <span class='ocrx_word' id='word_1_564' title='bbox 3164 3537 3346 3577; x_wconf 87' lang='lat' dir='ltr'><strong>sermo</strong></span> 
     </span>
    </p>
   </div>
   <div class='ocr_carea' id='block_1_80' title="bbox 1767 3610 3345 3668">
    <p class='ocr_par' dir='ltr' id='par_1_80' title="bbox 1767 3610 3345 3668">
     <span class='ocr_line' id='line_1_80' title="bbox 1767 3610 3345 3668; baseline 0.006 -10"><span class='ocrx_word' id='word_1_565' title='bbox 1767 3610 2015 3662; x_wconf 85' lang='lat' dir='ltr'><strong>veritatis</strong></span> <span class='ocrx_word' id='word_1_566' title='bbox 2055 3612 2362 3665; x_wconf 88' lang='lat' dir='ltr'><strong>testimonio</strong></span> <span class='ocrx_word' id='word_1_567' title='bbox 2403 3612 2756 3666; x_wconf 82' lang='lat' dir='ltr'><strong>conﬁrmatus</strong></span> <span class='ocrx_word' id='word_1_568' title='bbox 2795 3612 2990 3665; x_wconf 79' lang='lat' dir='ltr'><strong>fuerat.</strong></span> <span class='ocrx_word' id='word_1_569' title='bbox 3022 3613 3219 3666; x_wconf 73' lang='lat' dir='ltr'><strong>Nescio</strong></span> <span class='ocrx_word' id='word_1_570' title='bbox 3245 3629 3345 3668; x_wconf 88' lang='lat' dir='ltr'><strong>cur</strong></span> 
     </span>
    </p>
   </div>
   <div class='ocr_carea' id='block_1_81' title="bbox 1766 3699 3341 3772">
    <p class='ocr_par' dir='ltr' id='par_1_81' title="bbox 1766 3699 3341 3772">
     <span class='ocr_line' id='line_1_81' title="bbox 1766 3699 3341 3772; baseline 0.006 -21"><span class='ocrx_word' id='word_1_571' title='bbox 1766 3699 2145 3754; x_wconf 86' lang='lat' dir='ltr'><strong>Tilletnontius</strong></span> <span class='ocrx_word' id='word_1_572' title='bbox 2182 3702 2263 3755; x_wconf 88' lang='lat' dir='ltr'><strong>bis</strong></span> <span class='ocrx_word' id='word_1_573' title='bbox 2294 3702 2616 3770; x_wconf 72' lang='lat' dir='ltr'><strong>Gregorium</strong></span> <span class='ocrx_word' id='word_1_574' title='bbox 2667 3720 2693 3754; x_wconf 92' lang='lat' dir='ltr'><strong>a</strong></span> <span class='ocrx_word' id='word_1_575' title='bbox 2733 3715 2927 3772; x_wconf 91' lang='lat' dir='ltr'><strong>patruo</strong></span> <span class='ocrx_word' id='word_1_576' title='bbox 2954 3745 2968 3768; x_wconf 92' lang='lat'><strong>,</strong></span> <span class='ocrx_word' id='word_1_577' title='bbox 3005 3714 3123 3771; x_wconf 86' lang='lat' dir='ltr'><strong>post</strong></span> <span class='ocrx_word' id='word_1_578' title='bbox 3181 3721 3341 3761; x_wconf 81' lang='lat' dir='ltr'><strong>acce-</strong></span> 
     </span>
    </p>
   </div>
   <div class='ocr_carea' id='block_1_82' title="bbox 1767 3789 3335 3859">
    <p class='ocr_par' dir='ltr' id='par_1_82' title="bbox 1767 3789 3335 3859">
     <span class='ocr_line' id='line_1_82' title="bbox 1767 3789 3335 3859; baseline 0.006 -17"><span class='ocrx_word' id='word_1_579' title='bbox 1767 3801 1910 3859; x_wconf 88' lang='lat' dir='ltr'><strong>ptam</strong></span> <span class='ocrx_word' id='word_1_580' title='bbox 1971 3789 2154 3843; x_wconf 83' lang='lat' dir='ltr'><strong>Basilii</strong></span> <span class='ocrx_word' id='word_1_581' title='bbox 2208 3793 2513 3858; x_wconf 81' lang='lat' dir='ltr'><strong>epistolam,</strong></span> <span class='ocrx_word' id='word_1_582' title='bbox 2550 3796 2771 3847; x_wconf 74' lang='lat' dir='ltr'><strong>tnissum</strong></span> <span class='ocrx_word' id='word_1_583' title='bbox 2818 3795 2985 3849; x_wconf 87' lang='lat' dir='ltr'><strong>fuisse</strong></span> <span class='ocrx_word' id='word_1_584' title='bbox 3037 3799 3335 3852; x_wconf 78' lang='lat' dir='ltr'><strong>existimet.</strong></span> 
     </span>
    </p>
   </div>
   <div class='ocr_carea' id='block_1_83' title="bbox 1772 3883 3340 3959">
    <p class='ocr_par' dir='ltr' id='par_1_83' title="bbox 1772 3883 3340 3959">
     <span class='ocr_line' id='line_1_83' title="bbox 1772 3883 3340 3959; baseline 0.005 -23"><span class='ocrx_word' id='word_1_585' title='bbox 1772 3883 1864 3937; x_wconf 80' lang='lat' dir='ltr'><strong>llis</strong></span> <span class='ocrx_word' id='word_1_586' title='bbox 1897 3886 2039 3937; x_wconf 90' lang='lat' dir='ltr'><strong>enim</strong></span> <span class='ocrx_word' id='word_1_587' title='bbox 2070 3886 2267 3949; x_wconf 86' lang='lat' dir='ltr'><strong>verbis,</strong></span> <span class='ocrx_word' id='word_1_588' title='bbox 2309 3884 2373 3939; x_wconf 83' lang='lat' dir='ltr'><strong>Et</strong></span> <span class='ocrx_word' id='word_1_589' title='bbox 2408 3898 2560 3939; x_wconf 83' lang='lat' dir='ltr'><strong>antea</strong></span> <span class='ocrx_word' id='word_1_590' title='bbox 2588 3886 2811 3941; x_wconf 76' lang='lat' dir='ltr'><strong>libenter</strong></span> <span class='ocrx_word' id='word_1_591' title='bbox 2847 3889 3081 3943; x_wconf 78' lang='lat' dir='ltr'><strong>videbunt</strong></span> <span class='ocrx_word' id='word_1_592' title='bbox 3120 3890 3340 3959; x_wconf 77' lang='lat' dir='ltr'><strong>fratrem</strong></span> 
     </span>
    </p>
   </div>
   <div class='ocr_carea' id='block_1_84' title="bbox 1764 3979 3340 4051">
    <p class='ocr_par' dir='ltr' id='par_1_84' title="bbox 1764 3979 3340 4051">
     <span class='ocr_line' id='line_1_84' title="bbox 1764 3979 3340 4051; baseline 0.003 -22"><span class='ocrx_word' id='word_1_593' title='bbox 1764 3993 1999 4031; x_wconf 86' lang='lat' dir='ltr'><strong>meum...</strong></span> <span class='ocrx_word' id='word_1_594' title='bbox 2034 3987 2082 4030; x_wconf 81' lang='lat' dir='ltr'><strong>et</strong></span> <span class='ocrx_word' id='word_1_595' title='bbox 2118 3994 2254 4031; x_wconf 83' lang='lat' dir='ltr'><strong>nunc</strong></span> <span class='ocrx_word' id='word_1_596' title='bbox 2291 3979 2467 4032; x_wconf 75' lang='lat' dir='ltr'><strong>eodem</strong></span> <span class='ocrx_word' id='word_1_597' title='bbox 2494 3979 2687 4047; x_wconf 78' lang='lat' dir='ltr'><strong>a/I&#39;ectu</strong></span> <span class='ocrx_word' id='word_1_598' title='bbox 2721 3982 2924 4051; x_wconf 72' lang='lat' dir='ltr'><strong>suscepi</strong></span> <span class='ocrx_word' id='word_1_599' title='bbox 2960 3982 3340 4047; x_wconf 74' lang='lat' dir='ltr'><strong>adrenientem,</strong></span> 
     </span>
    </p>
   </div>
   <div class='ocr_carea' id='block_1_85' title="bbox 1764 4068 3339 4139">
    <p class='ocr_par' dir='ltr' id='par_1_85' title="bbox 1764 4068 3339 4139">
     <span class='ocr_line' id='line_1_85' title="bbox 1764 4068 3339 4139; baseline 0.002 -17"><span class='ocrx_word' id='word_1_600' title='bbox 1764 4069 1864 4122; x_wconf 89' lang='lat' dir='ltr'><strong>hoc</strong></span> <span class='ocrx_word' id='word_1_601' title='bbox 1922 4077 2129 4121; x_wconf 86' lang='lat' dir='ltr'><strong>tantum</strong></span> <span class='ocrx_word' id='word_1_602' title='bbox 2185 4068 2386 4121; x_wconf 87' lang='lat' dir='ltr'><strong>indicat</strong></span> <span class='ocrx_word' id='word_1_603' title='bbox 2434 4068 2665 4121; x_wconf 87' lang='lat' dir='ltr'><strong>Basilius</strong></span> <span class='ocrx_word' id='word_1_604' title='bbox 2716 4084 2773 4123; x_wconf 87' lang='lat' dir='ltr'><strong>se</strong></span> <span class='ocrx_word' id='word_1_605' title='bbox 2815 4069 3000 4123; x_wconf 88' lang='lat' dir='ltr'><strong>fratris</strong></span> <span class='ocrx_word' id='word_1_606' title='bbox 3045 4082 3339 4139; x_wconf 57' lang='lat' dir='ltr'><strong>conspectu</strong></span> 
     </span>
    </p>
   </div>
   <div class='ocr_carea' id='block_1_86' title="bbox 1763 4158 3337 4230">
    <p class='ocr_par' dir='ltr' id='par_1_86' title="bbox 1763 4158 3337 4230">
     <span class='ocr_line' id='line_1_86' title="bbox 1763 4158 3337 4230; baseline 0.002 -17"><span class='ocrx_word' id='word_1_607' title='bbox 1763 4177 1883 4213; x_wconf 89' lang='lat' dir='ltr'><strong>cum</strong></span> <span class='ocrx_word' id='word_1_608' title='bbox 1903 4175 2114 4226; x_wconf 90' lang='lat' dir='ltr'><strong>semper</strong></span> <span class='ocrx_word' id='word_1_609' title='bbox 2136 4158 2458 4211; x_wconf 86' lang='lat' dir='ltr'><strong>delectatum</strong></span> <span class='ocrx_word' id='word_1_610' title='bbox 2520 4160 2684 4225; x_wconf 72' lang='lat' dir='ltr'><strong>uisse,</strong></span> <span class='ocrx_word' id='word_1_611' title='bbox 2726 4170 2836 4212; x_wconf 90' lang='lat' dir='ltr'><strong>tum</strong></span> <span class='ocrx_word' id='word_1_612' title='bbox 2868 4160 3029 4213; x_wconf 90' lang='lat' dir='ltr'><strong>etiam</strong></span> <span class='ocrx_word' id='word_1_613' title='bbox 3060 4163 3337 4230; x_wconf 79' lang='lat' dir='ltr'><strong>proxime,</strong></span> 
     </span>
    </p>
   </div>
   <div class='ocr_carea' id='block_1_87' title="bbox 1763 4250 2735 4318">
    <p class='ocr_par' dir='ltr' id='par_1_87' title="bbox 1763 4250 2735 4318">
     <span class='ocr_line' id='line_1_87' title="bbox 1763 4250 2735 4318; baseline -0.002 -13"><span class='ocrx_word' id='word_1_614' title='bbox 1763 4267 1882 4305; x_wconf 90' lang='lat' dir='ltr'><strong>cum</strong></span> <span class='ocrx_word' id='word_1_615' title='bbox 1914 4268 1940 4301; x_wconf 87' lang='lat' dir='ltr'><strong>a</strong></span> <span class='ocrx_word' id='word_1_616' title='bbox 1969 4258 2161 4318; x_wconf 88' lang='lat' dir='ltr'><strong>patruo</strong></span> <span class='ocrx_word' id='word_1_617' title='bbox 2185 4250 2467 4317; x_wconf 91' lang='lat' dir='ltr'><strong>epistolam</strong></span> <span class='ocrx_word' id='word_1_618' title='bbox 2498 4250 2735 4303; x_wconf 72' lang='lat' dir='ltr'><strong>afferret.</strong></span> 
     </span>
    </p>
   </div>
   <div class='ocr_carea' id='block_1_88' title="bbox 1836 4343 3339 4412">
    <p class='ocr_par' dir='ltr' id='par_1_88' title="bbox 1836 4343 3339 4412">
     <span class='ocr_line' id='line_1_88' title="bbox 1836 4343 3339 4412; baseline 0.001 -16"><span class='ocrx_word' id='word_1_619' title='bbox 1836 4343 1977 4397; x_wconf 83' lang='lat' dir='ltr'><strong>Nihil</strong></span> <span class='ocrx_word' id='word_1_620' title='bbox 2008 4354 2236 4411; x_wconf 89' lang='lat' dir='ltr'><strong>patruus</strong></span> <span class='ocrx_word' id='word_1_621' title='bbox 2271 4352 2529 4397; x_wconf 84' lang='lat' dir='ltr'><strong>statuerat</strong></span> <span class='ocrx_word' id='word_1_622' title='bbox 2558 4344 2623 4397; x_wconf 91' lang='lat' dir='ltr'><strong>de</strong></span> <span class='ocrx_word' id='word_1_623' title='bbox 2654 4358 2977 4409; x_wconf 74' lang='lat' dir='ltr'><strong>congressus</strong></span> <span class='ocrx_word' id='word_1_624' title='bbox 3012 4356 3255 4412; x_wconf 75' lang='lat' dir='ltr'><strong>tempore</strong></span> <span class='ocrx_word' id='word_1_625' title='bbox 3285 4354 3339 4399; x_wconf 89' lang='lat' dir='ltr'><strong>et</strong></span> 
     </span>
    </p>
   </div>
   <div class='ocr_carea' id='block_1_89' title="bbox 1764 4434 3337 4504">
    <p class='ocr_par' dir='ltr' id='par_1_89' title="bbox 1764 4434 3337 4504">
     <span class='ocr_line' id='line_1_89' title="bbox 1764 4434 3337 4504; baseline 0.001 -17"><span class='ocrx_word' id='word_1_626' title='bbox 1764 4435 1901 4489; x_wconf 92' lang='lat' dir='ltr'><strong>loco.</strong></span> <span class='ocrx_word' id='word_1_627' title='bbox 1936 4434 2277 4504; x_wconf 87' lang='lat' dir='ltr'><strong>Quapropter</strong></span> <span class='ocrx_word' id='word_1_628' title='bbox 2306 4434 2499 4487; x_wconf 88' lang='lat' dir='ltr'><strong>itermn</strong></span> <span class='ocrx_word' id='word_1_629' title='bbox 2534 4446 2683 4502; x_wconf 77' lang='lat' dir='ltr'><strong>rogat</strong></span> <span class='ocrx_word' id='word_1_630' title='bbox 2722 4434 2974 4498; x_wconf 86' lang='lat' dir='ltr'><strong>Basilius,</strong></span> <span class='ocrx_word' id='word_1_631' title='bbox 3016 4445 3073 4487; x_wconf 92' lang='lat' dir='ltr'><strong>ut</strong></span> <span class='ocrx_word' id='word_1_632' title='bbox 3110 4435 3223 4488; x_wconf 72' lang='lat' dir='ltr'><strong>lucc</strong></span> <span class='ocrx_word' id='word_1_633' title='bbox 3250 4451 3337 4489; x_wconf 86' lang='lat' dir='ltr'><strong>ar-</strong></span> 
     </span>
    </p>
   </div>
   <div class='ocr_carea' id='block_1_90' title="bbox 121 4516 3337 4591">
    <p class='ocr_par' dir='ltr' id='par_1_90' title="bbox 121 4516 3337 4591">
     <span class='ocr_line' id='line_1_90' title="bbox 121 4516 3337 4591; baseline 0.005 -24"><span class='ocrx_word' id='word_1_634' title='bbox 121 4526 216 4569; x_wconf 87' lang='lat' dir='ltr'><strong>tum</strong></span> <span class='ocrx_word' id='word_1_635' title='bbox 244 4520 397 4571; x_wconf 85' lang='lat' dir='ltr'><strong>etiam</strong></span> <span class='ocrx_word' id='word_1_636' title='bbox 441 4522 666 4587; x_wconf 85' lang='lat' dir='ltr'><strong>tempori</strong></span> <span class='ocrx_word' id='word_1_637' title='bbox 704 4522 923 4574; x_wconf 90' lang='lat' dir='ltr'><strong>minime</strong></span> <span class='ocrx_word' id='word_1_638' title='bbox 941 4523 1231 4576; x_wconf 87' lang='lat' dir='ltr'><strong>convenire</strong></span> <span class='ocrx_word' id='word_1_639' title='bbox 1260 4523 1521 4577; x_wconf 84' lang='lat' dir='ltr'><strong>declarat.</strong></span> <span class='ocrx_word' id='word_1_640' title='bbox 1561 4522 1654 4575; x_wconf 88' lang='lat' dir='ltr'><strong>Li-</strong></span> <span class='ocrx_word' id='word_1_641' title='bbox 1690 4516 1732 4570; x_wconf 84' lang='lat' dir='ltr'>D</span> <span class='ocrx_word' id='word_1_642' title='bbox 1763 4528 1925 4580; x_wconf 88' lang='lat' dir='ltr'><strong>bitrio</strong></span> <span class='ocrx_word' id='word_1_643' title='bbox 1952 4543 2051 4581; x_wconf 89' lang='lat' dir='ltr'><strong>suo</strong></span> <span class='ocrx_word' id='word_1_644' title='bbox 2076 4527 2337 4591; x_wconf 83' lang='lat' dir='ltr'><strong>definiat;</strong></span> <span class='ocrx_word' id='word_1_645' title='bbox 2364 4528 2463 4581; x_wconf 88' lang='lat' dir='ltr'><strong>sibi</strong></span> <span class='ocrx_word' id='word_1_646' title='bbox 2495 4529 2643 4580; x_wconf 89' lang='lat' dir='ltr'><strong>enim</strong></span> <span class='ocrx_word' id='word_1_647' title='bbox 2689 4538 2949 4579; x_wconf 88' lang='lat' dir='ltr'><strong>statutum</strong></span> <span class='ocrx_word' id='word_1_648' title='bbox 2981 4541 3102 4581; x_wconf 88' lang='lat' dir='ltr'><strong>esse</strong></span> <span class='ocrx_word' id='word_1_649' title='bbox 3134 4528 3337 4583; x_wconf 79' lang='lat' dir='ltr'><strong>servire</strong></span> 
     </span>
    </p>
   </div>
   <div class='ocr_carea' id='block_1_91' title="bbox 118 4610 1648 4685">
    <p class='ocr_par' dir='ltr' id='par_1_91' title="bbox 118 4610 1648 4685">
     <span class='ocr_line' id='line_1_91' title="bbox 118 4610 1648 4685; baseline 0.007 -24"><span class='ocrx_word' id='word_1_650' title='bbox 118 4610 231 4665; x_wconf 84' lang='lat' dir='ltr'><strong>bere</strong></span> <span class='ocrx_word' id='word_1_651' title='bbox 257 4621 427 4665; x_wconf 89' lang='lat' dir='ltr'><strong>monet</strong></span> <span class='ocrx_word' id='word_1_652' title='bbox 450 4628 571 4667; x_wconf 91' lang='lat' dir='ltr'><strong>eum</strong></span> <span class='ocrx_word' id='word_1_653' title='bbox 610 4616 804 4669; x_wconf 81' lang='lat' dir='ltr'><strong>talibus</strong></span> <span class='ocrx_word' id='word_1_654' title='bbox 843 4616 1073 4685; x_wconf 81' lang='lat' dir='ltr'><strong>negotiis</strong></span> <span class='ocrx_word' id='word_1_655' title='bbox 1101 4632 1318 4669; x_wconf 90' lang='lat' dir='ltr'><strong>manum</strong></span> <span class='ocrx_word' id='word_1_656' title='bbox 1353 4616 1648 4671; x_wconf 81' lang='lat' dir='ltr'><strong>admovere</strong></span> 
     </span>
    </p>
   </div>
   <div class='ocr_carea' id='block_1_92' title="bbox 119 4705 1658 4771">
    <p class='ocr_par' dir='ltr' id='par_1_92' title="bbox 119 4705 1658 4771">
     <span class='ocr_line' id='line_1_92' title="bbox 119 4705 1658 4771; baseline 0.005 -18"><span class='ocrx_word' id='word_1_657' title='bbox 119 4716 207 4755; x_wconf 89' lang='lat' dir='ltr'><strong>non</strong></span> <span class='ocrx_word' id='word_1_658' title='bbox 241 4705 502 4769; x_wconf 87' lang='lat' dir='ltr'><strong>debuisse,</strong></span> <span class='ocrx_word' id='word_1_659' title='bbox 536 4718 626 4759; x_wconf 88' lang='lat' dir='ltr'><strong>aut</strong></span> <span class='ocrx_word' id='word_1_660' title='bbox 654 4707 843 4760; x_wconf 77' lang='lat' dir='ltr'><strong>saltem</strong></span> <span class='ocrx_word' id='word_1_661' title='bbox 885 4708 952 4760; x_wconf 93' lang='lat' dir='ltr'><strong>ad</strong></span> <span class='ocrx_word' id='word_1_662' title='bbox 982 4722 1039 4760; x_wconf 83' lang='lat' dir='ltr'><strong>se</strong></span> <span class='ocrx_word' id='word_1_663' title='bbox 1074 4709 1253 4761; x_wconf 87' lang='lat' dir='ltr'><strong>venire</strong></span> <span class='ocrx_word' id='word_1_664' title='bbox 1280 4707 1551 4771; x_wconf 87' lang='lat' dir='ltr'><strong>debuisse,</strong></span> <span class='ocrx_word' id='word_1_665' title='bbox 1577 4707 1658 4761; x_wconf 88' lang='lat' dir='ltr'><strong>si-</strong></span> 
     </span>
    </p>
   </div>
   <div class='ocr_carea' id='block_1_93' title="bbox 120 4793 1657 4868">
    <p class='ocr_par' dir='ltr' id='par_1_93' title="bbox 120 4793 1657 4868">
     <span class='ocr_line' id='line_1_93' title="bbox 120 4793 1657 4868; baseline 0.006 -24"><span class='ocrx_word' id='word_1_666' title='bbox 120 4793 261 4862; x_wconf 81' lang='lat' dir='ltr'><strong>bique</strong></span> <span class='ocrx_word' id='word_1_667' title='bbox 289 4812 441 4867; x_wconf 88' lang='lat' dir='ltr'><strong>opem</strong></span> <span class='ocrx_word' id='word_1_668' title='bbox 492 4796 635 4851; x_wconf 82' lang='lat' dir='ltr'><strong>ferre</strong></span> <span class='ocrx_word' id='word_1_669' title='bbox 679 4813 871 4851; x_wconf 90' lang='lat' dir='ltr'><strong>novam</strong></span> <span class='ocrx_word' id='word_1_670' title='bbox 900 4800 1065 4851; x_wconf 91' lang='lat' dir='ltr'><strong>vitam</strong></span> <span class='ocrx_word' id='word_1_671' title='bbox 1124 4799 1389 4868; x_wconf 87' lang='lat' dir='ltr'><strong>ingresso,</strong></span> <span class='ocrx_word' id='word_1_672' title='bbox 1428 4814 1547 4868; x_wconf 75' lang='lat' dir='ltr'><strong>qua:</strong></span> <span class='ocrx_word' id='word_1_673' title='bbox 1601 4807 1657 4853; x_wconf 89' lang='lat' dir='ltr'><strong>et</strong></span> 
     </span>
    </p>
   </div>
   <div class='ocr_carea' id='block_1_94' title="bbox 120 4888 1654 4955">
    <p class='ocr_par' dir='ltr' id='par_1_94' title="bbox 120 4888 1654 4955">
     <span class='ocr_line' id='line_1_94' title="bbox 120 4888 1654 4955; baseline 0.003 -17"><span class='ocrx_word' id='word_1_674' title='bbox 120 4900 292 4955; x_wconf 89' lang='lat' dir='ltr'><strong>corpus</strong></span> <span class='ocrx_word' id='word_1_675' title='bbox 322 4890 553 4943; x_wconf 87' lang='lat' dir='ltr'><strong>conterit</strong></span> <span class='ocrx_word' id='word_1_676' title='bbox 602 4899 657 4942; x_wconf 91' lang='lat' dir='ltr'><strong>et</strong></span> <span class='ocrx_word' id='word_1_677' title='bbox 687 4891 918 4943; x_wconf 89' lang='lat' dir='ltr'><strong>animam</strong></span> <span class='ocrx_word' id='word_1_678' title='bbox 967 4889 1207 4944; x_wconf 83' lang='lat' dir='ltr'><strong>conficit.</strong></span> <span class='ocrx_word' id='word_1_679' title='bbox 1240 4888 1479 4944; x_wconf 89' lang='lat' dir='ltr'><strong>Tandem</strong></span> <span class='ocrx_word' id='word_1_680' title='bbox 1513 4891 1654 4944; x_wconf 89' lang='lat' dir='ltr'><strong>idem</strong></span> 
     </span>
    </p>
   </div>
   <div class='ocr_carea' id='block_1_95' title="bbox 117 4978 1652 5052">
    <p class='ocr_par' dir='ltr' id='par_1_95' title="bbox 117 4978 1652 5052">
     <span class='ocr_line' id='line_1_95' title="bbox 117 4978 1652 5052; baseline 0.004 -22"><span class='ocrx_word' id='word_1_681' title='bbox 117 4978 157 5030; x_wconf 89' lang='lat' dir='ltr'><strong>ei</strong></span> <span class='ocrx_word' id='word_1_682' title='bbox 186 4995 486 5049; x_wconf 85' lang='lat' dir='ltr'><strong>responsum</strong></span> <span class='ocrx_word' id='word_1_683' title='bbox 523 4983 636 5047; x_wconf 90' lang='lat' dir='ltr'><strong>dat,</strong></span> <span class='ocrx_word' id='word_1_684' title='bbox 676 4982 815 5050; x_wconf 90' lang='lat' dir='ltr'><strong>quod</strong></span> <span class='ocrx_word' id='word_1_685' title='bbox 838 4982 947 5051; x_wconf 89' lang='lat' dir='ltr'><strong>jam</strong></span> <span class='ocrx_word' id='word_1_686' title='bbox 998 4982 1248 5052; x_wconf 67' lang='lat' dir='ltr'><strong>praesenti</strong></span> <span class='ocrx_word' id='word_1_687' title='bbox 1301 4982 1545 5047; x_wconf 90' lang='lat' dir='ltr'><strong>dederat,</strong></span> <span class='ocrx_word' id='word_1_688' title='bbox 1582 4982 1652 5036; x_wconf 90' lang='lat' dir='ltr'><strong>li-</strong></span> 
     </span>
    </p>
   </div>
   <div class='ocr_carea' id='block_1_96' title="bbox 117 5068 1643 5145">
    <p class='ocr_par' dir='ltr' id='par_1_96' title="bbox 117 5068 1643 5145">
     <span class='ocr_line' id='line_1_96' title="bbox 117 5068 1643 5145; baseline 0.003 -21"><span class='ocrx_word' id='word_1_689' title='bbox 117 5068 287 5126; x_wconf 87' lang='lat' dir='ltr'><strong>benter</strong></span> <span class='ocrx_word' id='word_1_690' title='bbox 321 5088 377 5128; x_wconf 86' lang='lat' dir='ltr'><strong>se</strong></span> <span class='ocrx_word' id='word_1_691' title='bbox 410 5091 529 5128; x_wconf 92' lang='lat' dir='ltr'><strong>cum</strong></span> <span class='ocrx_word' id='word_1_692' title='bbox 562 5084 751 5145; x_wconf 91' lang='lat' dir='ltr'><strong>patruo</strong></span> <span class='ocrx_word' id='word_1_693' title='bbox 792 5085 845 5128; x_wconf 87' lang='lat' dir='ltr'><strong>et</strong></span> <span class='ocrx_word' id='word_1_694' title='bbox 880 5075 1142 5144; x_wconf 85' lang='lat' dir='ltr'><strong>episcopis</strong></span> <span class='ocrx_word' id='word_1_695' title='bbox 1188 5089 1643 5145; x_wconf 86' lang='lat' dir='ltr'><strong>congressurum,</strong></span> 
     </span>
    </p>
   </div>
   <div class='ocr_carea' id='block_1_97' title="bbox 117 5163 1650 5238">
    <p class='ocr_par' dir='ltr' id='par_1_97' title="bbox 117 5163 1650 5238">
     <span class='ocr_line' id='line_1_97' title="bbox 117 5163 1650 5238; baseline 0.005 -24"><span class='ocrx_word' id='word_1_696' title='bbox 117 5163 152 5214; x_wconf 82' lang='lat' dir='ltr'><strong>si</strong></span> <span class='ocrx_word' id='word_1_697' title='bbox 184 5172 383 5234; x_wconf 82' lang='lat' dir='ltr'><strong>tempus</strong></span> <span class='ocrx_word' id='word_1_698' title='bbox 414 5176 467 5220; x_wconf 87' lang='lat' dir='ltr'><strong>et</strong></span> <span class='ocrx_word' id='word_1_699' title='bbox 496 5167 670 5221; x_wconf 89' lang='lat' dir='ltr'><strong>locum</strong></span> <span class='ocrx_word' id='word_1_700' title='bbox 706 5165 984 5231; x_wconf 82' lang='lat' dir='ltr'><strong>deﬁniant,</strong></span> <span class='ocrx_word' id='word_1_701' title='bbox 1013 5183 1179 5237; x_wconf 87' lang='lat' dir='ltr'><strong>seque</strong></span> <span class='ocrx_word' id='word_1_702' title='bbox 1211 5175 1268 5221; x_wconf 90' lang='lat' dir='ltr'><strong>ut</strong></span> <span class='ocrx_word' id='word_1_703' title='bbox 1308 5183 1407 5238; x_wconf 89' lang='lat' dir='ltr'><strong>par</strong></span> <span class='ocrx_word' id='word_1_704' title='bbox 1431 5178 1518 5223; x_wconf 86' lang='lat' dir='ltr'><strong>est</strong></span> <span class='ocrx_word' id='word_1_705' title='bbox 1550 5169 1650 5221; x_wconf 89' lang='lat' dir='ltr'><strong>ad-</strong></span> 
     </span>
    </p>
   </div>
   <div class='ocr_carea' id='block_1_98' title="bbox 115 5262 1643 5332">
    <p class='ocr_par' dir='ltr' id='par_1_98' title="bbox 115 5262 1643 5332">
     <span class='ocr_line' id='line_1_98' title="bbox 115 5262 1643 5332; baseline 0.005 -24"><span class='ocrx_word' id='word_1_706' title='bbox 115 5269 287 5312; x_wconf 74' lang='lat' dir='ltr'><strong>vocent</strong></span> <span class='ocrx_word' id='word_1_707' title='bbox 321 5279 333 5313; x_wconf 91' lang='lat'><strong>:</strong></span> <span class='ocrx_word' id='word_1_708' title='bbox 367 5262 455 5314; x_wconf 84' lang='lat' dir='ltr'><strong>sed</strong></span> <span class='ocrx_word' id='word_1_709' title='bbox 477 5262 666 5315; x_wconf 84' lang='lat' dir='ltr'><strong>adesse</strong></span> <span class='ocrx_word' id='word_1_710' title='bbox 696 5277 753 5316; x_wconf 86' lang='lat' dir='ltr'><strong>se</strong></span> <span class='ocrx_word' id='word_1_711' title='bbox 784 5276 889 5316; x_wconf 91' lang='lat' dir='ltr'><strong>non</strong></span> <span class='ocrx_word' id='word_1_712' title='bbox 926 5276 1079 5332; x_wconf 77' lang='lat' dir='ltr'><strong>posse</strong></span> <span class='ocrx_word' id='word_1_713' title='bbox 1100 5302 1115 5327; x_wconf 91' lang='lat'><strong>,</strong></span> <span class='ocrx_word' id='word_1_714' title='bbox 1151 5262 1254 5317; x_wconf 85' lang='lat' dir='ltr'><strong>nisi</strong></span> <span class='ocrx_word' id='word_1_715' title='bbox 1294 5263 1453 5317; x_wconf 89' lang='lat' dir='ltr'><strong>modo</strong></span> <span class='ocrx_word' id='word_1_716' title='bbox 1510 5278 1643 5316; x_wconf 90' lang='lat' dir='ltr'><strong>con-</strong></span> 
     </span>
    </p>
   </div>
   <div class='ocr_carea' id='block_1_99' title="bbox 115 5353 641 5415">
    <p class='ocr_par' dir='ltr' id='par_1_99' title="bbox 115 5353 641 5415">
     <span class='ocr_line' id='line_1_99' title="bbox 115 5353 641 5415; baseline 0.017 -17"><span class='ocrx_word' id='word_1_717' title='bbox 115 5353 310 5415; x_wconf 82' lang='lat' dir='ltr'><strong>gruenti</strong></span> <span class='ocrx_word' id='word_1_718' title='bbox 333 5354 641 5407; x_wconf 87' lang='lat' dir='ltr'><strong>advocetur.</strong></span> 
     </span>
    </p>
   </div>
   <div class='ocr_carea' id='block_1_100' title="bbox 175 5443 1647 5517">
    <p class='ocr_par' dir='ltr' id='par_1_100' title="bbox 175 5443 1647 5517">
     <span class='ocr_line' id='line_1_100' title="bbox 175 5443 1647 5517; baseline 0.002 -21"><span class='ocrx_word' id='word_1_719' title='bbox 175 5443 256 5496; x_wconf 76' lang='grc' dir='ltr'><strong>ιν.</strong></span> <span class='ocrx_word' id='word_1_720' title='bbox 292 5444 522 5500; x_wconf 85' lang='lat' dir='ltr'><strong>Tertiam</strong></span> <span class='ocrx_word' id='word_1_721' title='bbox 581 5446 728 5499; x_wconf 90' lang='lat' dir='ltr'><strong>illam</strong></span> <span class='ocrx_word' id='word_1_722' title='bbox 782 5446 1061 5517; x_wconf 88' lang='lat' dir='ltr'><strong>epistolam</strong></span> <span class='ocrx_word' id='word_1_723' title='bbox 1115 5448 1306 5501; x_wconf 88' lang='lat' dir='ltr'><strong>merito</strong></span> <span class='ocrx_word' id='word_1_724' title='bbox 1343 5455 1647 5515; x_wconf 81' lang='lat' dir='ltr'><strong>suspectam</strong></span> 
     </span>
    </p>
   </div>
   <div class='ocr_carea' id='block_1_101' title="bbox 113 5532 1639 5609">
    <p class='ocr_par' dir='ltr' id='par_1_101' title="bbox 113 5532 1639 5609">
     <span class='ocr_line' id='line_1_101' title="bbox 113 5532 1639 5609; baseline 0.004 -22"><span class='ocrx_word' id='word_1_725' title='bbox 113 5532 295 5590; x_wconf 82' lang='lat' dir='ltr'><strong>Basilio</strong></span> <span class='ocrx_word' id='word_1_726' title='bbox 327 5536 506 5605; x_wconf 81' lang='lat' dir='ltr'><strong>tuisse,</strong></span> <span class='ocrx_word' id='word_1_727' title='bbox 533 5552 633 5595; x_wconf 86' lang='lat' dir='ltr'><strong>nec</strong></span> <span class='ocrx_word' id='word_1_728' title='bbox 659 5540 923 5593; x_wconf 88' lang='lat' dir='ltr'><strong>veriorem</strong></span> <span class='ocrx_word' id='word_1_729' title='bbox 947 5553 1107 5609; x_wconf 89' lang='lat' dir='ltr'><strong>quam</strong></span> <span class='ocrx_word' id='word_1_730' title='bbox 1144 5542 1277 5595; x_wconf 87' lang='lat' dir='ltr'><strong>duas</strong></span> <span class='ocrx_word' id='word_1_731' title='bbox 1309 5540 1639 5609; x_wconf 87' lang='lat' dir='ltr'><strong>superiores,</strong></span> 
     </span>
    </p>
   </div>
   <div class='ocr_carea' id='block_1_102' title="bbox 173 5718 463 5861">
    <p class='ocr_par' dir='ltr' id='par_1_102' title="bbox 173 5718 463 5861">
     <span class='ocr_line' id='line_1_102' title="bbox 173 5718 463 5861; baseline 0.017 -91"><span class='ocrx_word' id='word_1_732' title='bbox 173 5718 244 5861; x_wconf 48' lang='grc' dir='ltr'><strong>(εἰ</strong></span> <span class='ocrx_word' id='word_1_733' title='bbox 263 5718 355 5775; x_wconf 87' lang='lat' dir='ltr'><strong>0r.</strong></span> <span class='ocrx_word' id='word_1_734' title='bbox 377 5720 463 5775; x_wconf 72' lang='lat'><strong>20.</strong></span> 
     </span>
     <span class='ocr_line' id='line_1_103' title="bbox 174 5789 463 5861; baseline 0.017 -20"><span class='ocrx_word' id='word_1_735' title='bbox 174 5790 220 5859; x_wconf 71' lang='lat' dir='ltr'><strong>(lt</strong></span> <span class='ocrx_word' id='word_1_736' title='bbox 273 5789 364 5861; x_wconf 81' lang='lat' dir='ltr'><strong>Ep.</strong></span> <span class='ocrx_word' id='word_1_737' title='bbox 388 5792 463 5848; x_wconf 83' lang='lat'><strong>59.</strong></span> 
     </span>
    </p>
   </div>
   <div class='ocr_carea' id='block_1_103' title="bbox 273 5789 473 5861">
    <p class='ocr_par' dir='ltr' id='par_1_103' title="bbox 273 5789 473 5861">
     <span class='ocr_line' id='line_1_104' title="bbox 273 5789 473 5861; baseline 0.01 -18"><span class='ocrx_word' id='word_1_738' title='bbox 273 5789 364 5861; x_wconf 82' lang='lat' dir='ltr'><strong>Ep.</strong></span> <span class='ocrx_word' id='word_1_739' title='bbox 388 5792 473 5848; x_wconf 83' lang='lat'><strong>59.</strong></span> 
     </span>
    </p>
   </div>
   <div class='ocr_carea' id='block_1_104' title="bbox 1760 4617 3328 4683">
    <p class='ocr_par' dir='ltr' id='par_1_104' title="bbox 1760 4617 3328 4683">
     <span class='ocr_line' id='line_1_105' title="bbox 1760 4617 3328 4683; baseline 0.003 -14"><span class='ocrx_word' id='word_1_740' title='bbox 1760 4618 1830 4671; x_wconf 91' lang='lat' dir='ltr'><strong>illi</strong></span> <span class='ocrx_word' id='word_1_741' title='bbox 1860 4618 1912 4672; x_wconf 91' lang='lat' dir='ltr'><strong>in</strong></span> <span class='ocrx_word' id='word_1_742' title='bbox 1961 4617 2225 4672; x_wconf 83' lang='lat' dir='ltr'><strong>cbaritate</strong></span> <span class='ocrx_word' id='word_1_743' title='bbox 2249 4658 2263 4682; x_wconf 93' lang='lat'><strong>,</strong></span> <span class='ocrx_word' id='word_1_744' title='bbox 2288 4618 2401 4674; x_wconf 85' lang='lat' dir='ltr'><strong>sive</strong></span> <span class='ocrx_word' id='word_1_745' title='bbox 2429 4618 2732 4672; x_wconf 66' lang='lat' dir='ltr'><strong>Czcsaream</strong></span> <span class='ocrx_word' id='word_1_746' title='bbox 2771 4619 2953 4671; x_wconf 86' lang='lat' dir='ltr'><strong>venire</strong></span> <span class='ocrx_word' id='word_1_747' title='bbox 2994 4618 3161 4683; x_wconf 86' lang='lat' dir='ltr'><strong>velit;</strong></span> <span class='ocrx_word' id='word_1_748' title='bbox 3208 4621 3328 4674; x_wconf 88' lang='lat' dir='ltr'><strong>sive</strong></span> 
     </span>
    </p>
   </div>
   <div class='ocr_carea' id='block_1_105' title="bbox 1762 4707 3331 4779">
    <p class='ocr_par' dir='ltr' id='par_1_105' title="bbox 1762 4707 3331 4779">
     <span class='ocr_line' id='line_1_106' title="bbox 1762 4707 3331 4779; baseline 0.001 -18"><span class='ocrx_word' id='word_1_749' title='bbox 1762 4710 2035 4779; x_wconf 91' lang='lat' dir='ltr'><strong>privatim,</strong></span> <span class='ocrx_word' id='word_1_750' title='bbox 2066 4710 2178 4764; x_wconf 82' lang='lat' dir='ltr'><strong>sive</strong></span> <span class='ocrx_word' id='word_1_751' title='bbox 2216 4725 2336 4764; x_wconf 90' lang='lat' dir='ltr'><strong>cum</strong></span> <span class='ocrx_word' id='word_1_752' title='bbox 2367 4709 2489 4763; x_wconf 91' lang='lat' dir='ltr'><strong>aliis</strong></span> <span class='ocrx_word' id='word_1_753' title='bbox 2529 4708 2808 4775; x_wconf 83' lang='lat' dir='ltr'><strong>congredi.</strong></span> <span class='ocrx_word' id='word_1_754' title='bbox 2842 4707 2977 4775; x_wconf 83' lang='lat' dir='ltr'><strong>Quid</strong></span> <span class='ocrx_word' id='word_1_755' title='bbox 3013 4711 3207 4765; x_wconf 88' lang='lat' dir='ltr'><strong>deinde</strong></span> <span class='ocrx_word' id='word_1_756' title='bbox 3231 4728 3331 4778; x_wconf 72' lang='lat' dir='ltr'><strong>ge-</strong></span> 
     </span>
    </p>
   </div>
   <div class='ocr_carea' id='block_1_106' title="bbox 1764 4798 3338 4870">
    <p class='ocr_par' dir='ltr' id='par_1_106' title="bbox 1764 4798 3338 4870">
     <span class='ocr_line' id='line_1_107' title="bbox 1764 4798 3338 4870; baseline -0.001 -15"><span class='ocrx_word' id='word_1_757' title='bbox 1764 4810 1904 4855; x_wconf 80' lang='lat' dir='ltr'><strong>stum</strong></span> <span class='ocrx_word' id='word_1_758' title='bbox 1936 4800 2023 4863; x_wconf 87' lang='lat' dir='ltr'><strong>sit,</strong></span> <span class='ocrx_word' id='word_1_759' title='bbox 2062 4801 2331 4855; x_wconf 84' lang='lat' dir='ltr'><strong>nescimus</strong></span> <span class='ocrx_word' id='word_1_760' title='bbox 2363 4818 2375 4853; x_wconf 93' lang='lat'>:</span> <span class='ocrx_word' id='word_1_761' title='bbox 2416 4800 2511 4853; x_wconf 88' lang='lat' dir='ltr'><strong>sed</strong></span> <span class='ocrx_word' id='word_1_762' title='bbox 2542 4798 2765 4853; x_wconf 89' lang='lat' dir='ltr'><strong>minime</strong></span> <span class='ocrx_word' id='word_1_763' title='bbox 2795 4799 3038 4864; x_wconf 90' lang='lat' dir='ltr'><strong>dubium,</strong></span> <span class='ocrx_word' id='word_1_764' title='bbox 3070 4802 3202 4870; x_wconf 90' lang='lat' dir='ltr'><strong>quin</strong></span> <span class='ocrx_word' id='word_1_765' title='bbox 3233 4802 3338 4853; x_wconf 76' lang='lat' dir='ltr'><strong>lia-</strong></span> 
     </span>
    </p>
   </div>
   <div class='ocr_carea' id='block_1_107' title="bbox 1764 4890 3338 4962">
    <p class='ocr_par' dir='ltr' id='par_1_107' title="bbox 1764 4890 3338 4962">
     <span class='ocr_line' id='line_1_108' title="bbox 1764 4890 3338 4962; baseline -0.001 -15"><span class='ocrx_word' id='word_1_766' title='bbox 1764 4892 1919 4947; x_wconf 86' lang='lat' dir='ltr'><strong>silius</strong></span> <span class='ocrx_word' id='word_1_767' title='bbox 1940 4900 2186 4962; x_wconf 80' lang='lat' dir='ltr'><strong>Optatum</strong></span> <span class='ocrx_word' id='word_1_768' title='bbox 2216 4907 2336 4944; x_wconf 86' lang='lat' dir='ltr'><strong>cum</strong></span> <span class='ocrx_word' id='word_1_769' title='bbox 2366 4890 2636 4960; x_wconf 88' lang='lat' dir='ltr'><strong>episcopis</strong></span> <span class='ocrx_word' id='word_1_770' title='bbox 2657 4904 3029 4960; x_wconf 79' lang='lat' dir='ltr'><strong>congressum,</strong></span> <span class='ocrx_word' id='word_1_771' title='bbox 3063 4906 3221 4958; x_wconf 90' lang='lat' dir='ltr'><strong>quem</strong></span> <span class='ocrx_word' id='word_1_772' title='bbox 3250 4908 3338 4946; x_wconf 85' lang='lat' dir='ltr'><strong>sa-</strong></span> 
     </span>
    </p>
   </div>
   <div class='ocr_carea' id='block_1_108' title="bbox 1764 4981 3336 5053">
    <p class='ocr_par' dir='ltr' id='par_1_108' title="bbox 1764 4981 3336 5053">
     <span class='ocr_line' id='line_1_109' title="bbox 1764 4981 3336 5053; baseline -0.001 -15"><span class='ocrx_word' id='word_1_773' title='bbox 1764 4984 1956 5038; x_wconf 86' lang='lat' dir='ltr'><strong>nandis</strong></span> <span class='ocrx_word' id='word_1_774' title='bbox 1999 4984 2315 5037; x_wconf 67' lang='lat' dir='ltr'><strong>Vulneribus</strong></span> <span class='ocrx_word' id='word_1_775' title='bbox 2344 4981 2423 5053; x_wconf 85' lang='lat' dir='ltr'><strong>(d)</strong></span> <span class='ocrx_word' id='word_1_776' title='bbox 2470 4984 2835 5037; x_wconf 88' lang='lat' dir='ltr'><strong>necessarium</strong></span> <span class='ocrx_word' id='word_1_777' title='bbox 2862 4983 3163 5050; x_wconf 88' lang='lat' dir='ltr'><strong>judicabat,</strong></span> <span class='ocrx_word' id='word_1_778' title='bbox 3219 4995 3336 5037; x_wconf 89' lang='lat' dir='ltr'><strong>tan-</strong></span> 
     </span>
    </p>
   </div>
   <div class='ocr_carea' id='block_1_109' title="bbox 1764 5075 3333 5141">
    <p class='ocr_par' dir='ltr' id='par_1_109' title="bbox 1764 5075 3333 5141">
     <span class='ocr_line' id='line_1_110' title="bbox 1764 5075 3333 5141; baseline 0.002 -12"><span class='ocrx_word' id='word_1_779' title='bbox 1764 5076 1883 5129; x_wconf 89' lang='lat' dir='ltr'><strong>dem</strong></span> <span class='ocrx_word' id='word_1_780' title='bbox 1939 5085 2261 5130; x_wconf 89' lang='lat' dir='ltr'><strong>consecutus</strong></span> <span class='ocrx_word' id='word_1_781' title='bbox 2293 5075 2400 5141; x_wconf 82' lang='lat' dir='ltr'><strong>sit,</strong></span> <span class='ocrx_word' id='word_1_782' title='bbox 2448 5085 2501 5129; x_wconf 93' lang='lat' dir='ltr'><strong>et</strong></span> <span class='ocrx_word' id='word_1_783' title='bbox 2550 5085 2673 5129; x_wconf 88' lang='lat' dir='ltr'><strong>ante</strong></span> <span class='ocrx_word' id='word_1_784' title='bbox 2702 5077 2934 5129; x_wconf 84' lang='lat' dir='ltr'><strong>medium</strong></span> <span class='ocrx_word' id='word_1_785' title='bbox 2969 5090 3169 5129; x_wconf 88' lang='lat' dir='ltr'><strong>annum</strong></span> <span class='ocrx_word' id='word_1_786' title='bbox 3205 5075 3333 5140; x_wconf 80' lang='lat' dir='ltr'><strong>37f,</strong></span> 
     </span>
    </p>
   </div>
   <div class='ocr_carea' id='block_1_110' title="bbox 1765 5167 3329 5239">
    <p class='ocr_par' dir='ltr' id='par_1_110' title="bbox 1765 5167 3329 5239">
     <span class='ocr_line' id='line_1_111' title="bbox 1765 5167 3329 5239; baseline 0.001 -18"><span class='ocrx_word' id='word_1_787' title='bbox 1765 5184 1870 5239; x_wconf 89' lang='lat' dir='ltr'><strong>quo</strong></span> <span class='ocrx_word' id='word_1_788' title='bbox 1893 5178 2133 5239; x_wconf 88' lang='lat' dir='ltr'><strong>tempore</strong></span> <span class='ocrx_word' id='word_1_789' title='bbox 2158 5168 2224 5222; x_wconf 87' lang='lat' dir='ltr'><strong>ad</strong></span> <span class='ocrx_word' id='word_1_790' title='bbox 2253 5168 2678 5237; x_wconf 78' lang='lat' dir='ltr'><strong>paciﬁcationem</strong></span> <span class='ocrx_word' id='word_1_791' title='bbox 2704 5167 3076 5223; x_wconf 86' lang='lat' dir='ltr'><strong>Ecclesiarum</strong></span> <span class='ocrx_word' id='word_1_792' title='bbox 3110 5184 3329 5238; x_wconf 79' lang='lat' dir='ltr'><strong>aggres-</strong></span> 
     </span>
    </p>
   </div>
   <div class='ocr_carea' id='block_1_111' title="bbox 1764 5259 3326 5330">
    <p class='ocr_par' dir='ltr' id='par_1_111' title="bbox 1764 5259 3326 5330">
     <span class='ocr_line' id='line_1_112' title="bbox 1764 5259 3326 5330; baseline -0.001 -15"><span class='ocrx_word' id='word_1_793' title='bbox 1764 5276 1854 5315; x_wconf 88' lang='lat' dir='ltr'><strong>sus</strong></span> <span class='ocrx_word' id='word_1_794' title='bbox 1886 5270 1988 5325; x_wconf 88' lang='lat' dir='ltr'><strong>est,</strong></span> <span class='ocrx_word' id='word_1_795' title='bbox 2024 5260 2187 5315; x_wconf 81' lang='lat' dir='ltr'><strong>finem</strong></span> <span class='ocrx_word' id='word_1_796' title='bbox 2216 5260 2509 5314; x_wconf 87' lang='lat' dir='ltr'><strong>tristissimi</strong></span> <span class='ocrx_word' id='word_1_797' title='bbox 2539 5259 2984 5324; x_wconf 87' lang='lat' dir='ltr'><strong>dissidiividerit,</strong></span> <span class='ocrx_word' id='word_1_798' title='bbox 3015 5259 3168 5327; x_wconf 89' lang='lat' dir='ltr'><strong>cujus</strong></span> <span class='ocrx_word' id='word_1_799' title='bbox 3202 5277 3326 5330; x_wconf 87' lang='lat' dir='ltr'><strong>par-</strong></span> 
     </span>
    </p>
   </div>
   <div class='ocr_carea' id='block_1_112' title="bbox 1768 5350 3329 5421">
    <p class='ocr_par' dir='ltr' id='par_1_112' title="bbox 1768 5350 3329 5421">
     <span class='ocr_line' id='line_1_113' title="bbox 1768 5350 3329 5421; baseline -0.001 -16"><span class='ocrx_word' id='word_1_800' title='bbox 1768 5352 1955 5420; x_wconf 89' lang='lat' dir='ltr'><strong>ticipes</strong></span> <span class='ocrx_word' id='word_1_801' title='bbox 1979 5359 2137 5404; x_wconf 89' lang='lat' dir='ltr'><strong>erant</strong></span> <span class='ocrx_word' id='word_1_802' title='bbox 2176 5359 2302 5404; x_wconf 65' lang='lat' dir='ltr'><strong>tota:</strong></span> <span class='ocrx_word' id='word_1_803' title='bbox 2337 5351 2584 5405; x_wconf 82' lang='lat' dir='ltr'><strong>civitates</strong></span> <span class='ocrx_word' id='word_1_804' title='bbox 2605 5361 2659 5405; x_wconf 89' lang='lat' dir='ltr'><strong>et</strong></span> <span class='ocrx_word' id='word_1_805' title='bbox 2694 5350 2901 5421; x_wconf 87' lang='lat' dir='ltr'><strong>populi,</strong></span> <span class='ocrx_word' id='word_1_806' title='bbox 2938 5364 3043 5403; x_wconf 91' lang='lat' dir='ltr'><strong>non</strong></span> <span class='ocrx_word' id='word_1_807' title='bbox 3069 5352 3207 5412; x_wconf 86' lang='lat' dir='ltr'><strong>quod</strong></span> <span class='ocrx_word' id='word_1_808' title='bbox 3255 5352 3329 5404; x_wconf 82' lang='lat' dir='ltr'><strong>al-</strong></span> 
     </span>
    </p>
   </div>
   <div class='ocr_carea' id='block_1_113' title="bbox 1765 5440 3331 5513">
    <p class='ocr_par' dir='ltr' id='par_1_113' title="bbox 1765 5440 3331 5513">
     <span class='ocr_line' id='line_1_114' title="bbox 1765 5440 3331 5513; baseline -0.002 -18"><span class='ocrx_word' id='word_1_809' title='bbox 1765 5444 1954 5496; x_wconf 88' lang='lat' dir='ltr'><strong>terutri</strong></span> <span class='ocrx_word' id='word_1_810' title='bbox 2010 5441 2153 5511; x_wconf 88' lang='lat' dir='ltr'><strong>parti</strong></span> <span class='ocrx_word' id='word_1_811' title='bbox 2207 5442 2488 5497; x_wconf 87' lang='lat' dir='ltr'><strong>studerent</strong></span> <span class='ocrx_word' id='word_1_812' title='bbox 2522 5442 2722 5513; x_wconf 84' lang='lat' dir='ltr'><strong>(neque</strong></span> <span class='ocrx_word' id='word_1_813' title='bbox 2766 5442 2911 5498; x_wconf 87' lang='lat' dir='ltr'><strong>enim</strong></span> <span class='ocrx_word' id='word_1_814' title='bbox 2940 5440 2995 5495; x_wconf 84' lang='lat' dir='ltr'><strong>id</strong></span> <span class='ocrx_word' id='word_1_815' title='bbox 3022 5440 3152 5494; x_wconf 89' lang='lat' dir='ltr'><strong>dicit</strong></span> <span class='ocrx_word' id='word_1_816' title='bbox 3179 5440 3331 5494; x_wconf 90' lang='lat' dir='ltr'><strong>Basi-</strong></span> 
     </span>
    </p>
   </div>
   <div class='ocr_carea' id='block_1_114' title="bbox 1762 5533 3327 5607">
    <p class='ocr_par' dir='ltr' id='par_1_114' title="bbox 1762 5533 3327 5607">
     <span class='ocr_line' id='line_1_115' title="bbox 1762 5533 3327 5607; baseline -0.003 -17"><span class='ocrx_word' id='word_1_817' title='bbox 1762 5537 1908 5606; x_wconf 78' lang='lat' dir='ltr'><strong>lius),</strong></span> <span class='ocrx_word' id='word_1_818' title='bbox 1944 5534 2037 5590; x_wconf 86' lang='lat' dir='ltr'><strong>sed</strong></span> <span class='ocrx_word' id='word_1_819' title='bbox 2084 5535 2208 5604; x_wconf 89' lang='lat' dir='ltr'><strong>quia</strong></span> <span class='ocrx_word' id='word_1_820' title='bbox 2263 5535 2502 5607; x_wconf 91' lang='lat' dir='ltr'><strong>episcopi</strong></span> <span class='ocrx_word' id='word_1_821' title='bbox 2562 5538 2705 5593; x_wconf 90' lang='lat' dir='ltr'><strong>inter</strong></span> <span class='ocrx_word' id='word_1_822' title='bbox 2749 5550 2808 5590; x_wconf 87' lang='lat' dir='ltr'><strong>se</strong></span> <span class='ocrx_word' id='word_1_823' title='bbox 2858 5533 2975 5589; x_wconf 82' lang='lat' dir='ltr'><strong>sine</strong></span> <span class='ocrx_word' id='word_1_824' title='bbox 3016 5533 3327 5606; x_wconf 87' lang='lat' dir='ltr'><strong>populorum</strong></span> 
     </span>
    </p>
   </div>
   <div class='ocr_carea' id='block_1_115' title="bbox 1830 5719 2146 5790">
    <p class='ocr_par' dir='ltr' id='par_1_115' title="bbox 1830 5719 2146 5790">
     <span class='ocr_line' id='line_1_116' title="bbox 1830 5719 2146 5790; baseline -0.006 -17"><span class='ocrx_word' id='word_1_825' title='bbox 1830 5719 1901 5790; x_wconf 74' lang='grc' dir='ltr'><strong>(ε)</strong></span> <span class='ocrx_word' id='word_1_826' title='bbox 1928 5720 2022 5784; x_wconf 84' lang='lat' dir='ltr'><strong>Ep.</strong></span> <span class='ocrx_word' id='word_1_827' title='bbox 2052 5720 2121 5772; x_wconf 89' lang='lat'><strong>60</strong></span> <span class='ocrx_word' id='word_1_828' title='bbox 2134 5758 2146 5771; x_wconf 92' lang='lat'><strong>.</strong></span> 
     </span>
    </p>
   </div>
   <div class='ocr_carea' id='block_1_116' title="bbox 1829 5790 2323 5862">
    <p class='ocr_par' dir='ltr' id='par_1_116' title="bbox 1829 5790 2323 5862">
     <span class='ocr_line' id='line_1_117' title="bbox 1829 5790 2323 5862; baseline 0.004 -22"><span class='ocrx_word' id='word_1_829' title='bbox 1829 5792 1904 5862; x_wconf 78' lang='grc' dir='ltr'><strong>(ά)</strong></span> <span class='ocrx_word' id='word_1_830' title='bbox 1937 5791 2031 5859; x_wconf 74' lang='lat' dir='ltr'><strong>Ep.</strong></span> <span class='ocrx_word' id='word_1_831' title='bbox 2060 5791 2151 5854; x_wconf 82' lang='grc'><strong>59,</strong></span> <span class='ocrx_word' id='word_1_832' title='bbox 2184 5807 2237 5843; x_wconf 89' lang='grc' dir='ltr'>ιι.</span> <span class='ocrx_word' id='word_1_833' title='bbox 2266 5790 2323 5842; x_wconf 67' lang='grc'><strong>2.</strong></span> 
     </span>
    </p>
   </div>
  </div>
