  <div class='ocr_page' id='page_1' title='image "/cluster/home/n/w/nwhite01/storage/ocr_20150623/29/pst.000005712274/075.png"; bbox 0 0 4068 6320; ppageno 0'>
   <div class='ocr_carea' id='block_1_1' title="bbox 736 348 902 393">
    <p class='ocr_par' dir='ltr' id='par_1_1' title="bbox 736 348 902 393">
     <span class='ocr_line' id='line_1_1' title="bbox 736 348 902 393; baseline -0.03 0"><span class='ocrx_word' id='word_1_1' title='bbox 736 348 902 393; x_wconf 74' lang='grc' dir='ltr'>ιινιιι</span> 
     </span>
    </p>
   </div>
   <div class='ocr_carea' id='block_1_2' title="bbox 2059 324 2590 385">
    <p class='ocr_par' dir='ltr' id='par_1_2' title="bbox 2059 324 2590 385">
     <span class='ocr_line' id='line_1_2' title="bbox 2059 324 2590 385; baseline 0.004 -4"><span class='ocrx_word' id='word_1_2' title='bbox 2059 324 2590 385; x_wconf 61' lang='grc' dir='ltr'><strong>ῐῚὶΟΙιΕϐΟΪσΙΕΝᾹ.</strong></span> 
     </span>
    </p>
   </div>
   <div class='ocr_carea' id='block_1_3' title="bbox 738 445 3941 517">
    <p class='ocr_par' dir='ltr' id='par_1_3' title="bbox 738 445 3941 517">
     <span class='ocr_line' id='line_1_3' title="bbox 738 445 3941 517; baseline 0.001 -11"><span class='ocrx_word' id='word_1_3' title='bbox 738 447 1033 507; x_wconf 80' lang='lat' dir='ltr'><strong>olTensione</strong></span> <span class='ocrx_word' id='word_1_4' title='bbox 1104 446 1345 501; x_wconf 89' lang='lat' dir='ltr'><strong>lissidere</strong></span> <span class='ocrx_word' id='word_1_5' title='bbox 1398 461 1501 499; x_wconf 88' lang='lat' dir='ltr'><strong>non</strong></span> <span class='ocrx_word' id='word_1_6' title='bbox 1539 456 1763 515; x_wconf 90' lang='lat' dir='ltr'><strong>possunt</strong></span> <span class='ocrx_word' id='word_1_7' title='bbox 1808 445 1907 517; x_wconf 90' lang='lat' dir='ltr'><strong>(a).</strong></span> <span class='ocrx_word' id='word_1_8' title='bbox 1968 447 2296 504; x_wconf 71' lang='lat' dir='ltr'><strong>llesedernnt</strong></span> <span class='ocrx_word' id='word_1_9' title='bbox 2326 461 2371 514; x_wconf 77' lang='grc' dir='ltr'><strong>Α</strong></span> <span class='ocrx_word' id='word_1_10' title='bbox 2403 464 2505 517; x_wconf 85' lang='lat' dir='ltr'><strong>que</strong></span> <span class='ocrx_word' id='word_1_11' title='bbox 2559 446 2899 502; x_wconf 84' lang='lat' dir='ltr'><strong>scribendum</strong></span> <span class='ocrx_word' id='word_1_12' title='bbox 2932 463 3049 504; x_wconf 89' lang='lat' dir='ltr'><strong>esse</strong></span> <span class='ocrx_word' id='word_1_13' title='bbox 3079 450 3251 514; x_wconf 72' lang='lat' dir='ltr'><strong>duxit,</strong></span> <span class='ocrx_word' id='word_1_14' title='bbox 3288 462 3345 507; x_wconf 92' lang='lat' dir='ltr'><strong>ut</strong></span> <span class='ocrx_word' id='word_1_15' title='bbox 3395 469 3515 509; x_wconf 91' lang='lat' dir='ltr'><strong>cum</strong></span> <span class='ocrx_word' id='word_1_16' title='bbox 3548 454 3716 511; x_wconf 81' lang='lat' dir='ltr'><strong>altero</strong></span> <span class='ocrx_word' id='word_1_17' title='bbox 3760 453 3941 511; x_wconf 85' lang='lat' dir='ltr'><strong>amici-</strong></span> 
     </span>
    </p>
   </div>
   <div class='ocr_carea' id='block_1_4' title="bbox 738 537 2264 606">
    <p class='ocr_par' dir='ltr' id='par_1_4' title="bbox 738 537 2264 606">
     <span class='ocr_line' id='line_1_4' title="bbox 738 537 2264 606; baseline 0 -12"><span class='ocrx_word' id='word_1_18' title='bbox 738 552 917 595; x_wconf 85' lang='lat' dir='ltr'><strong>tamen</strong></span> <span class='ocrx_word' id='word_1_19' title='bbox 950 539 1003 592; x_wconf 93' lang='lat' dir='ltr'><strong>in</strong></span> <span class='ocrx_word' id='word_1_20' title='bbox 1032 556 1065 600; x_wconf 74' lang='grc' dir='ltr'><strong>ιι</strong></span> <span class='ocrx_word' id='word_1_21' title='bbox 1086 539 1303 593; x_wconf 76' lang='lat' dir='ltr'><strong>innullis</strong></span> <span class='ocrx_word' id='word_1_22' title='bbox 1340 539 1535 591; x_wconf 87' lang='lat' dir='ltr'><strong>animis</strong></span> <span class='ocrx_word' id='word_1_23' title='bbox 1573 537 1811 606; x_wconf 58' lang='lat' dir='ltr'><strong>reliquiae</strong></span> <span class='ocrx_word' id='word_1_24' title='bbox 1840 538 2047 594; x_wconf 88' lang='lat' dir='ltr'><strong>doloris</strong></span> <span class='ocrx_word' id='word_1_25' title='bbox 2075 548 2127 591; x_wconf 88' lang='lat' dir='ltr'><strong>et</strong></span> <span class='ocrx_word' id='word_1_26' title='bbox 2160 539 2264 594; x_wconf 84' lang='lat' dir='ltr'><strong>invi</strong></span> 
     </span>
    </p>
   </div>
   <div class='ocr_carea' id='block_1_5' title="bbox 736 630 1691 700">
    <p class='ocr_par' dir='ltr' id='par_1_5' title="bbox 736 630 1691 700">
     <span class='ocr_line' id='line_1_5' title="bbox 736 630 1691 700; baseline -0.004 -12"><span class='ocrx_word' id='word_1_27' title='bbox 736 633 860 695; x_wconf 69' lang='lat' dir='ltr'><strong>dite,</strong></span> <span class='ocrx_word' id='word_1_28' title='bbox 883 646 1000 700; x_wconf 67' lang='lat' dir='ltr'><strong>qua:</strong></span> <span class='ocrx_word' id='word_1_29' title='bbox 1036 630 1293 685; x_wconf 60' lang='lat' dir='ltr'><strong>annoﬁ&#39;t&#39;i</strong></span> <span class='ocrx_word' id='word_1_30' title='bbox 1331 630 1691 684; x_wconf 89' lang='lat' dir='ltr'><strong>emicuerunt.</strong></span> 
     </span>
    </p>
   </div>
   <div class='ocr_carea' id='block_1_6' title="bbox 806 722 2296 793">
    <p class='ocr_par' dir='ltr' id='par_1_6' title="bbox 806 722 2296 793">
     <span class='ocr_line' id='line_1_6' title="bbox 806 722 2296 793; baseline 0.001 -14"><span class='ocrx_word' id='word_1_31' title='bbox 806 724 1137 779; x_wconf 88' lang='lat' dir='ltr'><strong>Promiserat</strong></span> <span class='ocrx_word' id='word_1_32' title='bbox 1193 723 1388 777; x_wconf 87' lang='lat' dir='ltr'><strong>Basilio</strong></span> <span class='ocrx_word' id='word_1_33' title='bbox 1441 722 1516 793; x_wconf 72' lang='grc' dir='ltr'><strong>(ὸ)</strong></span> <span class='ocrx_word' id='word_1_34' title='bbox 1556 722 1853 793; x_wconf 81' lang='lat' dir='ltr'><strong>Gregorius</strong></span> <span class='ocrx_word' id='word_1_35' title='bbox 1904 733 2191 777; x_wconf 89' lang='lat' dir='ltr'><strong>venturum</strong></span> <span class='ocrx_word' id='word_1_36' title='bbox 2238 741 2296 780; x_wconf 89' lang='lat' dir='ltr'><strong>se</strong></span> 
     </span>
    </p>
   </div>
   <div class='ocr_carea' id='block_1_7' title="bbox 734 816 2297 886">
    <p class='ocr_par' dir='ltr' id='par_1_7' title="bbox 734 816 2297 886">
     <span class='ocr_line' id='line_1_7' title="bbox 734 816 2297 886; baseline 0.002 -15"><span class='ocrx_word' id='word_1_37' title='bbox 734 817 1059 882; x_wconf 69' lang='lat' dir='ltr'><strong>Caesaream,</strong></span> <span class='ocrx_word' id='word_1_38' title='bbox 1093 826 1375 886; x_wconf 90' lang='lat' dir='ltr'><strong>postquam</strong></span> <span class='ocrx_word' id='word_1_39' title='bbox 1416 816 1619 870; x_wconf 79' lang='lat' dir='ltr'><strong>umbra:</strong></span> <span class='ocrx_word' id='word_1_40' title='bbox 1642 832 1849 882; x_wconf 87' lang='lat' dir='ltr'><strong>eorum,</strong></span> <span class='ocrx_word' id='word_1_41' title='bbox 1874 818 1963 886; x_wconf 91' lang='lat' dir='ltr'><strong>qni</strong></span> <span class='ocrx_word' id='word_1_42' title='bbox 1990 819 2184 873; x_wconf 84' lang='lat' dir='ltr'><strong>Basilio</strong></span> <span class='ocrx_word' id='word_1_43' title='bbox 2216 822 2297 873; x_wconf 93' lang='lat' dir='ltr'><strong>in-</strong></span> 
     </span>
    </p>
   </div>
   <div class='ocr_carea' id='block_1_8' title="bbox 733 907 2296 979">
    <p class='ocr_par' dir='ltr' id='par_1_8' title="bbox 733 907 2296 979">
     <span class='ocr_line' id='line_1_8' title="bbox 733 907 2296 979; baseline 0.003 -17"><span class='ocrx_word' id='word_1_44' title='bbox 733 908 1097 974; x_wconf 86' lang='lat' dir='ltr'><strong>sidiabantur,</strong></span> <span class='ocrx_word' id='word_1_45' title='bbox 1128 907 1537 976; x_wconf 75' lang='lat' dir='ltr'><strong>prmleriissent,</strong></span> <span class='ocrx_word' id='word_1_46' title='bbox 1568 917 1621 962; x_wconf 90' lang='lat' dir='ltr'><strong>et</strong></span> <span class='ocrx_word' id='word_1_47' title='bbox 1652 909 1848 979; x_wconf 85' lang='lat' dir='ltr'><strong>lcprosi</strong></span> <span class='ocrx_word' id='word_1_48' title='bbox 1892 908 2146 965; x_wconf 89' lang='lat' dir='ltr'><strong>Davidem</strong></span> <span class='ocrx_word' id='word_1_49' title='bbox 2179 909 2296 966; x_wconf 90' lang='lat' dir='ltr'><strong>Ilie-</strong></span> 
     </span>
    </p>
   </div>
   <div class='ocr_carea' id='block_1_9' title="bbox 732 998 2291 1071">
    <p class='ocr_par' dir='ltr' id='par_1_9' title="bbox 732 998 2291 1071">
     <span class='ocr_line' id='line_1_9' title="bbox 732 998 2291 1071; baseline 0.003 -18"><span class='ocrx_word' id='word_1_50' title='bbox 732 999 1022 1071; x_wconf 85' lang='lat' dir='ltr'><strong>rosolymis</strong></span> <span class='ocrx_word' id='word_1_51' title='bbox 1067 998 1351 1052; x_wconf 89' lang='lat' dir='ltr'><strong>desiissent</strong></span> <span class='ocrx_word' id='word_1_52' title='bbox 1404 999 1708 1056; x_wconf 83' lang='lat' dir='ltr'><strong>excindere.</strong></span> <span class='ocrx_word' id='word_1_53' title='bbox 1749 1002 1848 1054; x_wconf 79' lang='lat' dir='ltr'><strong>Vix</strong></span> <span class='ocrx_word' id='word_1_54' title='bbox 1895 1002 2113 1058; x_wconf 91' lang='lat' dir='ltr'><strong>dubium</strong></span> <span class='ocrx_word' id='word_1_55' title='bbox 2162 1005 2291 1071; x_wconf 91' lang='lat' dir='ltr'><strong>quin</strong></span> 
     </span>
    </p>
   </div>
   <div class='ocr_carea' id='block_1_10' title="bbox 734 1090 2293 1162">
    <p class='ocr_par' dir='ltr' id='par_1_10' title="bbox 734 1090 2293 1162">
     <span class='ocr_line' id='line_1_10' title="bbox 734 1090 2293 1162; baseline 0.003 -17"><span class='ocrx_word' id='word_1_56' title='bbox 734 1094 998 1160; x_wconf 86' lang='lat' dir='ltr'><strong>promissa</strong></span> <span class='ocrx_word' id='word_1_57' title='bbox 1054 1090 1197 1144; x_wconf 89' lang='lat' dir='ltr'><strong>circa</strong></span> <span class='ocrx_word' id='word_1_58' title='bbox 1259 1092 1359 1144; x_wconf 88' lang='lat' dir='ltr'><strong>hoc</strong></span> <span class='ocrx_word' id='word_1_59' title='bbox 1423 1100 1631 1159; x_wconf 97' lang='lat' dir='ltr'><strong>tempus</strong></span> <span class='ocrx_word' id='word_1_60' title='bbox 1678 1093 1982 1162; x_wconf 86' lang='lat' dir='ltr'><strong>perfecerit.</strong></span> <span class='ocrx_word' id='word_1_61' title='bbox 2041 1095 2293 1159; x_wconf 85' lang='lat' dir='ltr'><strong>Quamvis</strong></span> 
     </span>
    </p>
   </div>
   <div class='ocr_carea' id='block_1_11' title="bbox 732 1183 2290 1253">
    <p class='ocr_par' dir='ltr' id='par_1_11' title="bbox 732 1183 2290 1253">
     <span class='ocr_line' id='line_1_11' title="bbox 732 1183 2290 1253; baseline 0.001 -14"><span class='ocrx_word' id='word_1_62' title='bbox 732 1185 876 1239; x_wconf 88' lang='lat' dir='ltr'><strong>enim</strong></span> <span class='ocrx_word' id='word_1_63' title='bbox 897 1185 1128 1239; x_wconf 82' lang='lat' dir='ltr'><strong>Basilius</strong></span> <span class='ocrx_word' id='word_1_64' title='bbox 1159 1184 1210 1236; x_wconf 92' lang='lat' dir='ltr'><strong>in</strong></span> <span class='ocrx_word' id='word_1_65' title='bbox 1243 1183 1466 1252; x_wconf 85' lang='lat' dir='ltr'><strong>epistola</strong></span> <span class='ocrx_word' id='word_1_66' title='bbox 1501 1184 1587 1249; x_wconf 90' lang='lat' dir='ltr'><strong>7i,</strong></span> <span class='ocrx_word' id='word_1_67' title='bbox 1624 1200 1805 1239; x_wconf 89' lang='lat' dir='ltr'><strong>mense</strong></span> <span class='ocrx_word' id='word_1_68' title='bbox 1833 1185 2137 1253; x_wconf 77' lang='lat' dir='ltr'><strong>Septembri</strong></span> <span class='ocrx_word' id='word_1_69' title='bbox 2187 1187 2290 1241; x_wconf 82' lang='lat' dir='ltr'><strong>hn-</strong></span> 
     </span>
    </p>
   </div>
   <div class='ocr_carea' id='block_1_12' title="bbox 727 1275 2291 1349">
    <p class='ocr_par' dir='ltr' id='par_1_12' title="bbox 727 1275 2291 1349">
     <span class='ocr_line' id='line_1_12' title="bbox 727 1275 2291 1349; baseline 0.002 -20"><span class='ocrx_word' id='word_1_70' title='bbox 727 1275 817 1344; x_wconf 71' lang='lat' dir='ltr'><strong>jus</strong></span> <span class='ocrx_word' id='word_1_71' title='bbox 845 1275 967 1329; x_wconf 88' lang='lat' dir='ltr'><strong>anni</strong></span> <span class='ocrx_word' id='word_1_72' title='bbox 999 1275 1200 1343; x_wconf 89' lang='lat' dir='ltr'><strong>scripta</strong></span> <span class='ocrx_word' id='word_1_73' title='bbox 1236 1275 1537 1343; x_wconf 78' lang='lat' dir='ltr'><strong>expostulet</strong></span> <span class='ocrx_word' id='word_1_74' title='bbox 1578 1291 1698 1330; x_wconf 90' lang='lat' dir='ltr'><strong>cum</strong></span> <span class='ocrx_word' id='word_1_75' title='bbox 1732 1277 1992 1349; x_wconf 90' lang='lat' dir='ltr'><strong>Gregorio</strong></span> <span class='ocrx_word' id='word_1_76' title='bbox 2015 1317 2027 1339; x_wconf 94' lang='lat'><strong>,</strong></span> <span class='ocrx_word' id='word_1_77' title='bbox 2057 1278 2197 1344; x_wconf 86' lang='lat' dir='ltr'><strong>quod</strong></span> <span class='ocrx_word' id='word_1_78' title='bbox 2227 1280 2291 1332; x_wconf 89' lang='lat' dir='ltr'><strong>ad</strong></span> 
     </span>
    </p>
   </div>
   <div class='ocr_carea' id='block_1_13' title="bbox 732 1366 2290 1438">
    <p class='ocr_par' dir='ltr' id='par_1_13' title="bbox 732 1366 2290 1438">
     <span class='ocr_line' id='line_1_13' title="bbox 732 1366 2290 1438; baseline 0.001 -17"><span class='ocrx_word' id='word_1_79' title='bbox 732 1383 791 1421; x_wconf 85' lang='lat' dir='ltr'><strong>se</strong></span> <span class='ocrx_word' id='word_1_80' title='bbox 832 1380 936 1419; x_wconf 91' lang='lat' dir='ltr'><strong>non</strong></span> <span class='ocrx_word' id='word_1_81' title='bbox 969 1366 1182 1426; x_wconf 77' lang='lat' dir='ltr'><strong>veniat;</strong></span> <span class='ocrx_word' id='word_1_82' title='bbox 1215 1381 1320 1419; x_wconf 92' lang='lat' dir='ltr'><strong>non</strong></span> <span class='ocrx_word' id='word_1_83' title='bbox 1360 1376 1537 1422; x_wconf 88' lang='lat' dir='ltr'><strong>tamen</strong></span> <span class='ocrx_word' id='word_1_84' title='bbox 1582 1368 1850 1436; x_wconf 86' lang='lat' dir='ltr'><strong>queritur,</strong></span> <span class='ocrx_word' id='word_1_85' title='bbox 1878 1371 2017 1438; x_wconf 89' lang='lat' dir='ltr'><strong>quod</strong></span> <span class='ocrx_word' id='word_1_86' title='bbox 2055 1369 2290 1423; x_wconf 90' lang='lat' dir='ltr'><strong>nondum</strong></span> 
     </span>
    </p>
   </div>
   <div class='ocr_carea' id='block_1_14' title="bbox 731 1455 2290 1528">
    <p class='ocr_par' dir='ltr' id='par_1_14' title="bbox 731 1455 2290 1528">
     <span class='ocr_line' id='line_1_14' title="bbox 731 1455 2290 1528; baseline 0.001 -15"><span class='ocrx_word' id='word_1_87' title='bbox 731 1471 789 1513; x_wconf 84' lang='lat' dir='ltr'><strong>se</strong></span> <span class='ocrx_word' id='word_1_88' title='bbox 813 1455 1077 1520; x_wconf 89' lang='lat' dir='ltr'><strong>inviserit,</strong></span> <span class='ocrx_word' id='word_1_89' title='bbox 1112 1457 1206 1511; x_wconf 89' lang='lat' dir='ltr'><strong>sed</strong></span> <span class='ocrx_word' id='word_1_90' title='bbox 1231 1457 1371 1526; x_wconf 90' lang='lat' dir='ltr'><strong>quod</strong></span> <span class='ocrx_word' id='word_1_91' title='bbox 1425 1473 1672 1528; x_wconf 89' lang='lat' dir='ltr'><strong>magnam</strong></span> <span class='ocrx_word' id='word_1_92' title='bbox 1703 1462 1829 1515; x_wconf 90' lang='lat' dir='ltr'><strong>anni</strong></span> <span class='ocrx_word' id='word_1_93' title='bbox 1875 1470 2077 1528; x_wconf 90' lang='lat' dir='ltr'><strong>partem</strong></span> <span class='ocrx_word' id='word_1_94' title='bbox 2111 1476 2290 1516; x_wconf 86' lang='lat' dir='ltr'><strong>secum</strong></span> 
     </span>
    </p>
   </div>
   <div class='ocr_carea' id='block_1_15' title="bbox 729 1547 2291 1621">
    <p class='ocr_par' dir='ltr' id='par_1_15' title="bbox 729 1547 2291 1621">
     <span class='ocr_line' id='line_1_15' title="bbox 729 1547 2291 1621; baseline 0.002 -19"><span class='ocrx_word' id='word_1_95' title='bbox 729 1566 836 1605; x_wconf 82' lang='lat' dir='ltr'><strong>non</strong></span> <span class='ocrx_word' id='word_1_96' title='bbox 864 1548 1113 1605; x_wconf 84' lang='lat' dir='ltr'><strong>traducat</strong></span> <span class='ocrx_word' id='word_1_97' title='bbox 1139 1548 1237 1617; x_wconf 81' lang='grc' dir='ltr'><strong>(ε).</strong></span> <span class='ocrx_word' id='word_1_98' title='bbox 1264 1547 1367 1601; x_wconf 90' lang='lat' dir='ltr'><strong>Ubi</strong></span> <span class='ocrx_word' id='word_1_99' title='bbox 1398 1562 1581 1602; x_wconf 89' lang='lat' dir='ltr'><strong>secum</strong></span> <span class='ocrx_word' id='word_1_100' title='bbox 1609 1549 1795 1605; x_wconf 84' lang='lat' dir='ltr'><strong>habuit</strong></span> <span class='ocrx_word' id='word_1_101' title='bbox 1833 1550 2149 1621; x_wconf 86' lang='lat' dir='ltr'><strong>Gregorium</strong></span> <span class='ocrx_word' id='word_1_102' title='bbox 2186 1551 2291 1605; x_wconf 86' lang='lat' dir='ltr'><strong>Ba-</strong></span> 
     </span>
    </p>
   </div>
   <div class='ocr_carea' id='block_1_16' title="bbox 728 1638 2291 1712">
    <p class='ocr_par' dir='ltr' id='par_1_16' title="bbox 728 1638 2291 1712">
     <span class='ocr_line' id='line_1_16' title="bbox 728 1638 2291 1712; baseline 0.001 -17"><span class='ocrx_word' id='word_1_103' title='bbox 728 1642 908 1707; x_wconf 85' lang='lat' dir='ltr'><strong>silius,</strong></span> <span class='ocrx_word' id='word_1_104' title='bbox 938 1645 1130 1697; x_wconf 85' lang='lat' dir='ltr'><strong>obtulit</strong></span> <span class='ocrx_word' id='word_1_105' title='bbox 1165 1640 1211 1695; x_wconf 87' lang='lat' dir='ltr'><strong>ei</strong></span> <span class='ocrx_word' id='word_1_106' title='bbox 1246 1638 1515 1695; x_wconf 75' lang='lat' dir='ltr'><strong>cathedra:</strong></span> <span class='ocrx_word' id='word_1_107' title='bbox 1548 1641 1808 1695; x_wconf 88' lang='lat' dir='ltr'><strong>honorem</strong></span> <span class='ocrx_word' id='word_1_108' title='bbox 1852 1651 1904 1696; x_wconf 92' lang='lat' dir='ltr'><strong>et</strong></span> <span class='ocrx_word' id='word_1_109' title='bbox 1932 1644 2162 1712; x_wconf 90' lang='lat' dir='ltr'><strong>primum</strong></span> <span class='ocrx_word' id='word_1_110' title='bbox 2210 1645 2291 1696; x_wconf 90' lang='lat' dir='ltr'><strong>in-</strong></span> 
     </span>
    </p>
   </div>
   <div class='ocr_carea' id='block_1_17' title="bbox 728 1734 2291 1805">
    <p class='ocr_par' dir='ltr' id='par_1_17' title="bbox 728 1734 2291 1805">
     <span class='ocr_line' id='line_1_17' title="bbox 728 1734 2291 1805; baseline 0.002 -18"><span class='ocrx_word' id='word_1_111' title='bbox 728 1743 809 1789; x_wconf 91' lang='lat' dir='ltr'><strong>ter</strong></span> <span class='ocrx_word' id='word_1_112' title='bbox 835 1736 1179 1805; x_wconf 84' lang='lat' dir='ltr'><strong>presbyteros</strong></span> <span class='ocrx_word' id='word_1_113' title='bbox 1204 1734 1377 1789; x_wconf 72' lang='lat' dir='ltr'><strong>let-um</strong></span> <span class='ocrx_word' id='word_1_114' title='bbox 1402 1774 1416 1797; x_wconf 95' lang='lat'><strong>,</strong></span> <span class='ocrx_word' id='word_1_115' title='bbox 1448 1734 1540 1789; x_wconf 85' lang='lat' dir='ltr'><strong>sed</strong></span> <span class='ocrx_word' id='word_1_116' title='bbox 1570 1734 1837 1790; x_wconf 75' lang='lat' dir='ltr'><strong>recusanti</strong></span> <span class='ocrx_word' id='word_1_117' title='bbox 1865 1743 1917 1789; x_wconf 92' lang='lat' dir='ltr'><strong>et</strong></span> <span class='ocrx_word' id='word_1_118' title='bbox 1948 1736 2199 1789; x_wconf 79' lang='lat' dir='ltr'><strong>invidiam</strong></span> <span class='ocrx_word' id='word_1_119' title='bbox 2228 1750 2291 1790; x_wconf 91' lang='lat' dir='ltr'><strong>ac</strong></span> 
     </span>
    </p>
   </div>
   <div class='ocr_carea' id='block_1_18' title="bbox 2404 536 3947 616">
    <p class='ocr_par' dir='ltr' id='par_1_18' title="bbox 2404 536 3947 616">
     <span class='ocr_line' id='line_1_18' title="bbox 2404 536 3947 616; baseline 0.008 -26"><span class='ocrx_word' id='word_1_120' title='bbox 2404 539 2530 590; x_wconf 86' lang='lat' dir='ltr'><strong>tiam</strong></span> <span class='ocrx_word' id='word_1_121' title='bbox 2562 536 2743 601; x_wconf 90' lang='lat' dir='ltr'><strong>iniret,</strong></span> <span class='ocrx_word' id='word_1_122' title='bbox 2768 553 2886 592; x_wconf 85' lang='lat' dir='ltr'><strong>cum</strong></span> <span class='ocrx_word' id='word_1_123' title='bbox 2922 539 3088 592; x_wconf 82' lang='lat' dir='ltr'><strong>altero</strong></span> <span class='ocrx_word' id='word_1_124' title='bbox 3115 553 3419 596; x_wconf 88' lang='lat' dir='ltr'><strong>renovaret.</strong></span> <span class='ocrx_word' id='word_1_125' title='bbox 3454 545 3591 599; x_wconf 92' lang='lat' dir='ltr'><strong>Sunt</strong></span> <span class='ocrx_word' id='word_1_126' title='bbox 3612 546 3691 601; x_wconf 82' lang='lat' dir='ltr'><strong>liae</strong></span> <span class='ocrx_word' id='word_1_127' title='bbox 3716 544 3947 616; x_wconf 74' lang='lat' dir='ltr'><strong>epistola:</strong></span> 
     </span>
    </p>
   </div>
   <div class='ocr_carea' id='block_1_19' title="bbox 2394 627 3943 701">
    <p class='ocr_par' dir='ltr' id='par_1_19' title="bbox 2394 627 3943 701">
     <span class='ocr_line' id='line_1_19' title="bbox 2394 627 3943 701; baseline 0.008 -21"><span class='ocrx_word' id='word_1_128' title='bbox 2394 630 2464 685; x_wconf 76' lang='lat'><strong>65</strong></span> <span class='ocrx_word' id='word_1_129' title='bbox 2486 638 2540 681; x_wconf 91' lang='lat' dir='ltr'><strong>et</strong></span> <span class='ocrx_word' id='word_1_130' title='bbox 2580 627 2648 682; x_wconf 74' lang='grc'><strong>64</strong></span> <span class='ocrx_word' id='word_1_131' title='bbox 2669 670 2682 693; x_wconf 88' lang='grc'><strong><em>,</em></strong></span> <span class='ocrx_word' id='word_1_132' title='bbox 2707 646 2837 699; x_wconf 89' lang='lat' dir='ltr'><strong>quas</strong></span> <span class='ocrx_word' id='word_1_133' title='bbox 2868 630 3064 685; x_wconf 86' lang='lat' dir='ltr'><strong>idcirco</strong></span> <span class='ocrx_word' id='word_1_134' title='bbox 3094 634 3159 686; x_wconf 84' lang='lat' dir='ltr'><strong>ad</strong></span> <span class='ocrx_word' id='word_1_135' title='bbox 3195 634 3334 688; x_wconf 88' lang='lat' dir='ltr'><strong>hunc</strong></span> <span class='ocrx_word' id='word_1_136' title='bbox 3386 650 3581 690; x_wconf 90' lang='lat' dir='ltr'><strong>annum</strong></span> <span class='ocrx_word' id='word_1_137' title='bbox 3644 639 3943 701; x_wconf 87' lang='lat' dir='ltr'><strong>referimus,</strong></span> 
     </span>
    </p>
   </div>
   <div class='ocr_carea' id='block_1_20' title="bbox 2398 720 3947 795">
    <p class='ocr_par' dir='ltr' id='par_1_20' title="bbox 2398 720 3947 795">
     <span class='ocr_line' id='line_1_20' title="bbox 2398 720 3947 795; baseline 0.007 -22"><span class='ocrx_word' id='word_1_138' title='bbox 2398 720 2520 790; x_wconf 87' lang='lat' dir='ltr'><strong>quia</strong></span> <span class='ocrx_word' id='word_1_139' title='bbox 2560 722 2831 789; x_wconf 88' lang='lat' dir='ltr'><strong>pertinent</strong></span> <span class='ocrx_word' id='word_1_140' title='bbox 2866 723 2928 776; x_wconf 86' lang='lat' dir='ltr'><strong>ad</strong></span> <span class='ocrx_word' id='word_1_141' title='bbox 2964 722 3091 776; x_wconf 90' lang='lat' dir='ltr'><strong>illud</strong></span> <span class='ocrx_word' id='word_1_142' title='bbox 3138 735 3348 795; x_wconf 88' lang='lat' dir='ltr'><strong>tempus</strong></span> <span class='ocrx_word' id='word_1_143' title='bbox 3375 766 3389 790; x_wconf 95' lang='lat'><strong>,</strong></span> <span class='ocrx_word' id='word_1_144' title='bbox 3436 742 3541 794; x_wconf 91' lang='lat' dir='ltr'><strong>quo</strong></span> <span class='ocrx_word' id='word_1_145' title='bbox 3584 727 3815 783; x_wconf 80' lang='lat' dir='ltr'><strong>Basilius</strong></span> <span class='ocrx_word' id='word_1_146' title='bbox 3856 744 3947 783; x_wconf 71' lang='lat' dir='ltr'><strong>sm-</strong></span> 
     </span>
    </p>
   </div>
   <div class='ocr_carea' id='block_1_21' title="bbox 2394 802 3945 889">
    <p class='ocr_par' dir='ltr' id='par_1_21' title="bbox 2394 802 3945 889">
     <span class='ocr_line' id='line_1_21' title="bbox 2394 802 3945 889; baseline 0.011 -29"><span class='ocrx_word' id='word_1_147' title='bbox 2394 829 2457 881; x_wconf 80' lang='lat' dir='ltr'><strong>pn</strong></span> <span class='ocrx_word' id='word_1_148' title='bbox 2498 812 2761 884; x_wconf 86' lang='lat' dir='ltr'><strong>Elpidium</strong></span> <span class='ocrx_word' id='word_1_149' title='bbox 2794 855 2809 879; x_wconf 92' lang='lat'><strong>,</strong></span> <span class='ocrx_word' id='word_1_150' title='bbox 2859 815 3106 870; x_wconf 84' lang='lat' dir='ltr'><strong>veniente</strong></span> <span class='ocrx_word' id='word_1_151' title='bbox 3154 815 3450 873; x_wconf 61' lang='lat' dir='ltr'><strong>Caesaream</strong></span> <span class='ocrx_word' id='word_1_152' title='bbox 3492 802 3764 889; x_wconf 63' lang='lat' dir='ltr'><strong>praeside,</strong></span> <span class='ocrx_word' id='word_1_153' title='bbox 3806 824 3945 877; x_wconf 87' lang='lat' dir='ltr'><strong>vide-</strong></span> 
     </span>
    </p>
   </div>
   <div class='ocr_carea' id='block_1_22' title="bbox 2395 906 2505 958">
    <p class='ocr_par' dir='ltr' id='par_1_22' title="bbox 2395 906 2505 958">
     <span class='ocr_line' id='line_1_22' title="bbox 2395 906 2505 958; baseline -0.018 0"><span class='ocrx_word' id='word_1_154' title='bbox 2395 906 2505 958; x_wconf 54' lang='lat' dir='ltr'><strong>iant.</strong></span> 
     </span>
    </p>
   </div>
   <div class='ocr_carea' id='block_1_23' title="bbox 2465 993 3947 1075">
    <p class='ocr_par' dir='ltr' id='par_1_23' title="bbox 2465 993 3947 1075">
     <span class='ocr_line' id='line_1_23' title="bbox 2465 993 3947 1075; baseline 0.008 -29"><span class='ocrx_word' id='word_1_155' title='bbox 2465 993 2717 1048; x_wconf 84' lang='lat' dir='ltr'><strong>Atarbius</strong></span> <span class='ocrx_word' id='word_1_156' title='bbox 2752 996 2826 1065; x_wconf 82' lang='lat' dir='ltr'><strong>(g)</strong></span> <span class='ocrx_word' id='word_1_157' title='bbox 2860 996 3236 1065; x_wconf 66' lang='lat' dir='ltr'><strong>Neocmsarcaa,</strong></span> <span class='ocrx_word' id='word_1_158' title='bbox 3262 1007 3319 1051; x_wconf 94' lang='lat' dir='ltr'><strong>ut</strong></span> <span class='ocrx_word' id='word_1_159' title='bbox 3342 1000 3474 1055; x_wconf 85' lang='lat' dir='ltr'><strong>infra</strong></span> <span class='ocrx_word' id='word_1_160' title='bbox 3497 1002 3814 1068; x_wconf 61' lang='lat' dir='ltr'><strong>vidi-bimus,</strong></span> <span class='ocrx_word' id='word_1_161' title='bbox 3842 1008 3947 1075; x_wconf 79' lang='lat' dir='ltr'><strong>epi-</strong></span> 
     </span>
    </p>
   </div>
   <div class='ocr_carea' id='block_1_24' title="bbox 2392 1085 3945 1162">
    <p class='ocr_par' dir='ltr' id='par_1_24' title="bbox 2392 1085 3945 1162">
     <span class='ocr_line' id='line_1_24' title="bbox 2392 1085 3945 1162; baseline 0.008 -24"><span class='ocrx_word' id='word_1_162' title='bbox 2392 1100 2607 1154; x_wconf 87' lang='lat' dir='ltr'><strong>scopus,</strong></span> <span class='ocrx_word' id='word_1_163' title='bbox 2644 1085 2824 1140; x_wconf 93' lang='lat' dir='ltr'><strong>Basilii</strong></span> <span class='ocrx_word' id='word_1_164' title='bbox 2861 1090 3293 1159; x_wconf 83' lang='lat' dir='ltr'><strong>consanguineus</strong></span> <span class='ocrx_word' id='word_1_165' title='bbox 3325 1106 3387 1145; x_wconf 88' lang='lat' dir='ltr'><strong>ac</strong></span> <span class='ocrx_word' id='word_1_166' title='bbox 3415 1095 3794 1162; x_wconf 74' lang='lat' dir='ltr'><strong>:ctatepmior,</strong></span> <span class='ocrx_word' id='word_1_167' title='bbox 3838 1097 3945 1151; x_wconf 90' lang='lat' dir='ltr'><strong>Ion-</strong></span> 
     </span>
    </p>
   </div>
   <div class='ocr_carea' id='block_1_25' title="bbox 2392 1178 3941 1259">
    <p class='ocr_par' dir='ltr' id='par_1_25' title="bbox 2392 1178 3941 1259">
     <span class='ocr_line' id='line_1_25' title="bbox 2392 1178 3941 1259; baseline 0.009 -30"><span class='ocrx_word' id='word_1_168' title='bbox 2392 1195 2456 1245; x_wconf 85' lang='lat' dir='ltr'><strong>go</strong></span> <span class='ocrx_word' id='word_1_169' title='bbox 2484 1178 2701 1233; x_wconf 89' lang='lat' dir='ltr'><strong>silentio</strong></span> <span class='ocrx_word' id='word_1_170' title='bbox 2722 1179 2956 1235; x_wconf 90' lang='lat' dir='ltr'><strong>animum</strong></span> <span class='ocrx_word' id='word_1_171' title='bbox 2981 1183 3178 1238; x_wconf 82' lang='lat' dir='ltr'><strong>Basiiio</strong></span> <span class='ocrx_word' id='word_1_172' title='bbox 3203 1198 3304 1237; x_wconf 90' lang='lat' dir='ltr'><strong>non</strong></span> <span class='ocrx_word' id='word_1_173' title='bbox 3328 1185 3557 1240; x_wconf 89' lang='lat' dir='ltr'><strong>amicum</strong></span> <span class='ocrx_word' id='word_1_174' title='bbox 3584 1187 3941 1259; x_wconf 84' lang='lat' dir='ltr'><strong>significabat.</strong></span> 
     </span>
    </p>
   </div>
   <div class='ocr_carea' id='block_1_26' title="bbox 2393 1267 3945 1340">
    <p class='ocr_par' dir='ltr' id='par_1_26' title="bbox 2393 1267 3945 1340">
     <span class='ocr_line' id='line_1_26' title="bbox 2393 1267 3945 1340; baseline 0.008 -20"><span class='ocrx_word' id='word_1_175' title='bbox 2393 1267 2497 1321; x_wconf 87' lang='lat' dir='ltr'><strong>Sed</strong></span> <span class='ocrx_word' id='word_1_176' title='bbox 2522 1267 2771 1335; x_wconf 89' lang='lat' dir='ltr'><strong>Basilius,</strong></span> <span class='ocrx_word' id='word_1_177' title='bbox 2795 1271 2883 1340; x_wconf 87' lang='lat' dir='ltr'><strong>qui</strong></span> <span class='ocrx_word' id='word_1_178' title='bbox 2924 1272 2975 1324; x_wconf 92' lang='lat' dir='ltr'><strong>in</strong></span> <span class='ocrx_word' id='word_1_179' title='bbox 3007 1274 3245 1328; x_wconf 83' lang='lat' dir='ltr'><strong>amicitia</strong></span> <span class='ocrx_word' id='word_1_180' title='bbox 3274 1274 3414 1327; x_wconf 88' lang='lat' dir='ltr'><strong>vinci</strong></span> <span class='ocrx_word' id='word_1_181' title='bbox 3445 1274 3587 1329; x_wconf 89' lang='lat' dir='ltr'><strong>idem</strong></span> <span class='ocrx_word' id='word_1_182' title='bbox 3624 1294 3741 1335; x_wconf 84' lang='lat' dir='ltr'><strong>esse</strong></span> <span class='ocrx_word' id='word_1_183' title='bbox 3789 1279 3945 1333; x_wconf 85' lang='lat' dir='ltr'><strong>duce-</strong></span> 
     </span>
    </p>
   </div>
   <div class='ocr_carea' id='block_1_27' title="bbox 2393 1359 3942 1437">
    <p class='ocr_par' dir='ltr' id='par_1_27' title="bbox 2393 1359 3942 1437">
     <span class='ocr_line' id='line_1_27' title="bbox 2393 1359 3942 1437; baseline 0.009 -26"><span class='ocrx_word' id='word_1_184' title='bbox 2393 1359 2484 1411; x_wconf 92' lang='lat' dir='ltr'><strong>bat</strong></span> <span class='ocrx_word' id='word_1_185' title='bbox 2530 1376 2594 1416; x_wconf 91' lang='lat' dir='ltr'><strong>ac</strong></span> <span class='ocrx_word' id='word_1_186' title='bbox 2625 1364 2859 1427; x_wconf 90' lang='lat' dir='ltr'><strong>vincere,</strong></span> <span class='ocrx_word' id='word_1_187' title='bbox 2896 1364 3043 1433; x_wconf 90' lang='lat' dir='ltr'><strong>prior</strong></span> <span class='ocrx_word' id='word_1_188' title='bbox 3074 1366 3313 1422; x_wconf 88' lang='lat' dir='ltr'><strong>scribere</strong></span> <span class='ocrx_word' id='word_1_189' title='bbox 3338 1368 3404 1423; x_wconf 90' lang='lat' dir='ltr'><strong>ad</strong></span> <span class='ocrx_word' id='word_1_190' title='bbox 3434 1383 3553 1422; x_wconf 91' lang='lat' dir='ltr'><strong>eum</strong></span> <span class='ocrx_word' id='word_1_191' title='bbox 3588 1386 3690 1425; x_wconf 92' lang='lat' dir='ltr'><strong>non</strong></span> <span class='ocrx_word' id='word_1_192' title='bbox 3719 1372 3942 1437; x_wconf 87' lang='lat' dir='ltr'><strong>dubitat,</strong></span> 
     </span>
    </p>
   </div>
   <div class='ocr_carea' id='block_1_28' title="bbox 2392 1458 3945 1534">
    <p class='ocr_par' dir='ltr' id='par_1_28' title="bbox 2392 1458 3945 1534">
     <span class='ocr_line' id='line_1_28' title="bbox 2392 1458 3945 1534; baseline 0.01 -27"><span class='ocrx_word' id='word_1_193' title='bbox 2392 1471 2621 1525; x_wconf 86' lang='lat' dir='ltr'><strong>cumque</strong></span> <span class='ocrx_word' id='word_1_194' title='bbox 2653 1459 2913 1521; x_wconf 84' lang='lat' dir='ltr'><strong>hortatur,</strong></span> <span class='ocrx_word' id='word_1_195' title='bbox 2949 1468 3029 1526; x_wconf 95' lang='lat' dir='ltr'><strong>ut,</strong></span> <span class='ocrx_word' id='word_1_196' title='bbox 3066 1458 3301 1529; x_wconf 85' lang='lat' dir='ltr'><strong>projeeta</strong></span> <span class='ocrx_word' id='word_1_197' title='bbox 3331 1463 3628 1528; x_wconf 90' lang='lat' dir='ltr'><strong>iracundia,</strong></span> <span class='ocrx_word' id='word_1_198' title='bbox 3667 1482 3828 1534; x_wconf 87' lang='lat' dir='ltr'><strong>quam</strong></span> <span class='ocrx_word' id='word_1_199' title='bbox 3876 1470 3945 1523; x_wconf 87' lang='lat' dir='ltr'><strong>si-</strong></span> 
     </span>
    </p>
   </div>
   <div class='ocr_carea' id='block_1_29' title="bbox 2396 1545 3945 1625">
    <p class='ocr_par' dir='ltr' id='par_1_29' title="bbox 2396 1545 3945 1625">
     <span class='ocr_line' id='line_1_29' title="bbox 2396 1545 3945 1625; baseline 0.012 -27"><span class='ocrx_word' id='word_1_200' title='bbox 2396 1545 2561 1600; x_wconf 84' lang='lat' dir='ltr'><strong>lentio</strong></span> <span class='ocrx_word' id='word_1_201' title='bbox 2591 1550 3027 1619; x_wconf 87' lang='lat' dir='ltr'><strong>significaverat,</strong></span> <span class='ocrx_word' id='word_1_202' title='bbox 3090 1552 3409 1608; x_wconf 76' lang='lat' dir='ltr'><strong>charitatem</strong></span> <span class='ocrx_word' id='word_1_203' title='bbox 3455 1568 3510 1611; x_wconf 91' lang='lat' dir='ltr'><strong>et</strong></span> <span class='ocrx_word' id='word_1_204' title='bbox 3560 1571 3744 1625; x_wconf 90' lang='lat' dir='ltr'><strong>pacem</strong></span> <span class='ocrx_word' id='word_1_205' title='bbox 3788 1563 3945 1617; x_wconf 86' lang='lat' dir='ltr'><strong>corde</strong></span> 
     </span>
    </p>
   </div>
   <div class='ocr_carea' id='block_1_30' title="bbox 2391 1637 3942 1706">
    <p class='ocr_par' dir='ltr' id='par_1_30' title="bbox 2391 1637 3942 1706">
     <span class='ocr_line' id='line_1_30' title="bbox 2391 1637 3942 1706; baseline 0.008 -19"><span class='ocrx_word' id='word_1_206' title='bbox 2391 1637 2677 1706; x_wconf 87' lang='lat' dir='ltr'><strong>concipiat,</strong></span> <span class='ocrx_word' id='word_1_207' title='bbox 2715 1650 2768 1694; x_wconf 90' lang='lat' dir='ltr'><strong>et</strong></span> <span class='ocrx_word' id='word_1_208' title='bbox 2800 1655 2919 1695; x_wconf 90' lang='lat' dir='ltr'><strong>cum</strong></span> <span class='ocrx_word' id='word_1_209' title='bbox 2948 1639 3205 1695; x_wconf 81' lang='lat' dir='ltr'><strong>fratribus</strong></span> <span class='ocrx_word' id='word_1_210' title='bbox 3230 1640 3368 1695; x_wconf 90' lang='lat' dir='ltr'><strong>idem</strong></span> <span class='ocrx_word' id='word_1_211' title='bbox 3398 1645 3746 1700; x_wconf 82' lang='lat' dir='ltr'><strong>sentientibus</strong></span> <span class='ocrx_word' id='word_1_212' title='bbox 3768 1652 3942 1702; x_wconf 79' lang='lat' dir='ltr'><strong>Studia</strong></span> 
     </span>
    </p>
   </div>
   <div class='ocr_carea' id='block_1_31' title="bbox 2390 1727 3945 1802">
    <p class='ocr_par' dir='ltr' id='par_1_31' title="bbox 2390 1727 3945 1802">
     <span class='ocr_line' id='line_1_31' title="bbox 2390 1727 3945 1802; baseline 0.009 -23"><span class='ocrx_word' id='word_1_213' title='bbox 2390 1737 2443 1780; x_wconf 91' lang='lat' dir='ltr'><strong>et</strong></span> <span class='ocrx_word' id='word_1_214' title='bbox 2483 1744 2641 1785; x_wconf 91' lang='lat' dir='ltr'><strong>curas</strong></span> <span class='ocrx_word' id='word_1_215' title='bbox 2694 1747 2790 1801; x_wconf 89' lang='lat' dir='ltr'><strong>pro</strong></span> <span class='ocrx_word' id='word_1_216' title='bbox 2830 1727 3081 1787; x_wconf 82' lang='lat' dir='ltr'><strong>Ecclesiis</strong></span> <span class='ocrx_word' id='word_1_217' title='bbox 3120 1730 3424 1802; x_wconf 86' lang='lat' dir='ltr'><strong>conjungat.</strong></span> <span class='ocrx_word' id='word_1_218' title='bbox 3460 1736 3570 1790; x_wconf 84' lang='lat' dir='ltr'><strong>Nisi</strong></span> <span class='ocrx_word' id='word_1_219' title='bbox 3614 1738 3753 1793; x_wconf 91' lang='lat' dir='ltr'><strong>enim</strong></span> <span class='ocrx_word' id='word_1_220' title='bbox 3801 1754 3945 1794; x_wconf 69' lang='lat' dir='ltr'><strong>sana:</strong></span> 
     </span>
    </p>
   </div>
   <div class='ocr_carea' id='block_1_32' title="bbox 726 1816 3942 1893">
    <p class='ocr_par' dir='ltr' id='par_1_32' title="bbox 726 1816 3942 1893">
     <span class='ocr_line' id='line_1_32' title="bbox 726 1816 3942 1893; baseline 0.002 -18"><span class='ocrx_word' id='word_1_221' title='bbox 726 1826 1053 1893; x_wconf 78' lang='lat' dir='ltr'><strong>arrogantiae</strong></span> <span class='ocrx_word' id='word_1_222' title='bbox 1080 1824 1441 1892; x_wconf 82' lang='lat' dir='ltr'><strong>suspicionem</strong></span> <span class='ocrx_word' id='word_1_223' title='bbox 1462 1821 1684 1892; x_wconf 83' lang='lat' dir='ltr'><strong>fugienti</strong></span> <span class='ocrx_word' id='word_1_224' title='bbox 1714 1839 1817 1879; x_wconf 93' lang='lat' dir='ltr'><strong>non</strong></span> <span class='ocrx_word' id='word_1_225' title='bbox 1849 1825 2004 1879; x_wconf 82' lang='lat' dir='ltr'><strong>modo</strong></span> <span class='ocrx_word' id='word_1_226' title='bbox 2029 1822 2289 1878; x_wconf 88' lang='lat' dir='ltr'><strong>molestus</strong></span> <span class='ocrx_word' id='word_1_227' title='bbox 2322 1816 2360 1869; x_wconf 82' lang='grc' dir='ltr'><strong>Β</strong></span> <span class='ocrx_word' id='word_1_228' title='bbox 2390 1820 2644 1875; x_wconf 66' lang='lat' dir='ltr'><strong>doctrina:</strong></span> <span class='ocrx_word' id='word_1_229' title='bbox 2702 1822 3011 1877; x_wconf 77' lang='lat' dir='ltr'><strong>defensores</strong></span> <span class='ocrx_word' id='word_1_230' title='bbox 3041 1832 3246 1877; x_wconf 91' lang='lat' dir='ltr'><strong>tantum</strong></span> <span class='ocrx_word' id='word_1_231' title='bbox 3301 1826 3366 1879; x_wconf 90' lang='lat' dir='ltr'><strong>ad</strong></span> <span class='ocrx_word' id='word_1_232' title='bbox 3418 1825 3533 1893; x_wconf 82' lang='lat' dir='ltr'><strong>ejus</strong></span> <span class='ocrx_word' id='word_1_233' title='bbox 3579 1830 3942 1886; x_wconf 85' lang='lat' dir='ltr'><strong>defensionem</strong></span> 
     </span>
    </p>
   </div>
   <div class='ocr_carea' id='block_1_33' title="bbox 729 1914 2290 1986">
    <p class='ocr_par' dir='ltr' id='par_1_33' title="bbox 729 1914 2290 1986">
     <span class='ocr_line' id='line_1_33' title="bbox 729 1914 2290 1986; baseline 0.003 -18"><span class='ocrx_word' id='word_1_234' title='bbox 729 1928 831 1968; x_wconf 91' lang='lat' dir='ltr'><strong>non</strong></span> <span class='ocrx_word' id='word_1_235' title='bbox 860 1915 977 1979; x_wconf 93' lang='lat' dir='ltr'><strong>fuit,</strong></span> <span class='ocrx_word' id='word_1_236' title='bbox 1007 1919 1099 1970; x_wconf 83' lang='lat' dir='ltr'><strong>sed</strong></span> <span class='ocrx_word' id='word_1_237' title='bbox 1124 1917 1285 1969; x_wconf 90' lang='lat' dir='ltr'><strong>etiam</strong></span> <span class='ocrx_word' id='word_1_238' title='bbox 1316 1930 1438 1967; x_wconf 92' lang='lat' dir='ltr'><strong>eum</strong></span> <span class='ocrx_word' id='word_1_239' title='bbox 1465 1914 1724 1983; x_wconf 81' lang='lat' dir='ltr'><strong>laudavit,</strong></span> <span class='ocrx_word' id='word_1_240' title='bbox 1759 1916 2004 1986; x_wconf 87' lang='lat' dir='ltr'><strong>quamvis</strong></span> <span class='ocrx_word' id='word_1_241' title='bbox 2037 1916 2290 1985; x_wconf 84' lang='lat' dir='ltr'><strong>provide-</strong></span> 
     </span>
    </p>
   </div>
   <div class='ocr_carea' id='block_1_34' title="bbox 727 2009 2288 2079">
    <p class='ocr_par' dir='ltr' id='par_1_34' title="bbox 727 2009 2288 2079">
     <span class='ocr_line' id='line_1_34' title="bbox 727 2009 2288 2079; baseline 0.001 -18"><span class='ocrx_word' id='word_1_242' title='bbox 727 2017 810 2061; x_wconf 91' lang='lat' dir='ltr'><strong>ret</strong></span> <span class='ocrx_word' id='word_1_243' title='bbox 833 2023 937 2062; x_wconf 89' lang='lat' dir='ltr'><strong>non</strong></span> <span class='ocrx_word' id='word_1_244' title='bbox 975 2009 1255 2062; x_wconf 86' lang='lat' dir='ltr'><strong>defuturos</strong></span> <span class='ocrx_word' id='word_1_245' title='bbox 1294 2009 1386 2077; x_wconf 86' lang='lat' dir='ltr'><strong>qui</strong></span> <span class='ocrx_word' id='word_1_246' title='bbox 1418 2025 1475 2064; x_wconf 86' lang='lat' dir='ltr'><strong>se</strong></span> <span class='ocrx_word' id='word_1_247' title='bbox 1504 2009 1871 2079; x_wconf 88' lang='lat' dir='ltr'><strong>vituperarent</strong></span> <span class='ocrx_word' id='word_1_248' title='bbox 1895 2018 1948 2063; x_wconf 91' lang='lat' dir='ltr'><strong>et</strong></span> <span class='ocrx_word' id='word_1_249' title='bbox 1974 2009 2024 2063; x_wconf 93' lang='lat' dir='ltr'><strong>in</strong></span> <span class='ocrx_word' id='word_1_250' title='bbox 2053 2018 2288 2064; x_wconf 89' lang='lat' dir='ltr'><strong>contem-</strong></span> 
     </span>
    </p>
   </div>
   <div class='ocr_carea' id='block_1_35' title="bbox 725 2099 2289 2169">
    <p class='ocr_par' dir='ltr' id='par_1_35' title="bbox 725 2099 2289 2169">
     <span class='ocr_line' id='line_1_35' title="bbox 725 2099 2289 2169; baseline 0.003 -18"><span class='ocrx_word' id='word_1_251' title='bbox 725 2099 799 2167; x_wconf 93' lang='lat' dir='ltr'><strong>pti</strong></span> <span class='ocrx_word' id='word_1_252' title='bbox 824 2099 981 2152; x_wconf 80' lang='lat' dir='ltr'><strong>amici</strong></span> <span class='ocrx_word' id='word_1_253' title='bbox 1002 2100 1206 2154; x_wconf 89' lang='lat' dir='ltr'><strong>crimen</strong></span> <span class='ocrx_word' id='word_1_254' title='bbox 1234 2110 1505 2156; x_wconf 90' lang='lat' dir='ltr'><strong>vocarent.</strong></span> <span class='ocrx_word' id='word_1_255' title='bbox 1525 2100 1841 2169; x_wconf 90' lang='lat' dir='ltr'><strong>Gregorium</strong></span> <span class='ocrx_word' id='word_1_256' title='bbox 1873 2116 1978 2155; x_wconf 91' lang='lat' dir='ltr'><strong>non</strong></span> <span class='ocrx_word' id='word_1_257' title='bbox 2011 2101 2101 2155; x_wconf 91' lang='lat' dir='ltr'><strong>diu</strong></span> <span class='ocrx_word' id='word_1_258' title='bbox 2128 2102 2289 2157; x_wconf 88' lang='lat' dir='ltr'><strong>fuisse</strong></span> 
     </span>
    </p>
   </div>
   <div class='ocr_carea' id='block_1_36' title="bbox 724 2187 2289 2260">
    <p class='ocr_par' dir='ltr' id='par_1_36' title="bbox 724 2187 2289 2260">
     <span class='ocr_line' id='line_1_36' title="bbox 724 2187 2289 2260; baseline 0.003 -18"><span class='ocrx_word' id='word_1_259' title='bbox 724 2187 986 2243; x_wconf 59' lang='lat' dir='ltr'><strong>Caesareae</strong></span> <span class='ocrx_word' id='word_1_260' title='bbox 1016 2190 1242 2257; x_wconf 87' lang='lat' dir='ltr'><strong>probant</strong></span> <span class='ocrx_word' id='word_1_261' title='bbox 1268 2188 1448 2243; x_wconf 84' lang='lat' dir='ltr'><strong>Basilii</strong></span> <span class='ocrx_word' id='word_1_262' title='bbox 1474 2188 1708 2259; x_wconf 67' lang='lat' dir='ltr'><strong>querelae</strong></span> <span class='ocrx_word' id='word_1_263' title='bbox 1734 2228 1749 2256; x_wconf 88' lang='lat'><strong>,</strong></span> <span class='ocrx_word' id='word_1_264' title='bbox 1787 2205 1920 2260; x_wconf 84' lang='lat' dir='ltr'><strong>quas</strong></span> <span class='ocrx_word' id='word_1_265' title='bbox 1957 2192 2117 2246; x_wconf 90' lang='lat' dir='ltr'><strong>modo</strong></span> <span class='ocrx_word' id='word_1_266' title='bbox 2142 2207 2289 2246; x_wconf 83' lang='lat' dir='ltr'><strong>com-</strong></span> 
     </span>
    </p>
   </div>
   <div class='ocr_carea' id='block_1_37' title="bbox 723 2265 1166 2336">
    <p class='ocr_par' dir='ltr' id='par_1_37' title="bbox 723 2265 1166 2336">
     <span class='ocr_line' id='line_1_37' title="bbox 723 2265 1166 2336; baseline 0.009 -4"><span class='ocrx_word' id='word_1_267' title='bbox 723 2265 1166 2336; x_wconf 74' lang='lat' dir='ltr'><strong>memoravimus.</strong></span> 
     </span>
    </p>
   </div>
   <div class='ocr_carea' id='block_1_38' title="bbox 794 2369 2288 2447">
    <p class='ocr_par' dir='ltr' id='par_1_38' title="bbox 794 2369 2288 2447">
     <span class='ocr_line' id='line_1_38' title="bbox 794 2369 2288 2447; baseline 0.002 -23"><span class='ocrx_word' id='word_1_268' title='bbox 794 2370 859 2424; x_wconf 84' lang='lat' dir='ltr'><strong>V.</strong></span> <span class='ocrx_word' id='word_1_269' title='bbox 912 2369 1123 2439; x_wconf 87' lang='lat' dir='ltr'><strong>Scripta</strong></span> <span class='ocrx_word' id='word_1_270' title='bbox 1182 2374 1398 2430; x_wconf 89' lang='lat' dir='ltr'><strong>videtur</strong></span> <span class='ocrx_word' id='word_1_271' title='bbox 1444 2375 1667 2447; x_wconf 88' lang='lat' dir='ltr'><strong>epistola</strong></span> <span class='ocrx_word' id='word_1_272' title='bbox 1694 2375 1781 2437; x_wconf 88' lang='lat'><strong>6|,</strong></span> <span class='ocrx_word' id='word_1_273' title='bbox 1816 2382 2105 2444; x_wconf 82' lang='lat' dir='ltr'><strong>antequam</strong></span> <span class='ocrx_word' id='word_1_274' title='bbox 2138 2373 2288 2428; x_wconf 86' lang='lat' dir='ltr'><strong>Basi-</strong></span> 
     </span>
    </p>
   </div>
   <div class='ocr_carea' id='block_1_39' title="bbox 722 2461 2290 2535">
    <p class='ocr_par' dir='ltr' id='par_1_39' title="bbox 722 2461 2290 2535">
     <span class='ocr_line' id='line_1_39' title="bbox 722 2461 2290 2535; baseline 0.001 -19"><span class='ocrx_word' id='word_1_275' title='bbox 722 2461 828 2517; x_wconf 88' lang='lat' dir='ltr'><strong>lius</strong></span> <span class='ocrx_word' id='word_1_276' title='bbox 857 2476 978 2518; x_wconf 91' lang='lat' dir='ltr'><strong>cum</strong></span> <span class='ocrx_word' id='word_1_277' title='bbox 1008 2464 1307 2522; x_wconf 82' lang='lat' dir='ltr'><strong>Athanasio</strong></span> <span class='ocrx_word' id='word_1_278' title='bbox 1357 2469 1610 2521; x_wconf 77' lang='lat' dir='ltr'><strong>maximis</strong></span> <span class='ocrx_word' id='word_1_279' title='bbox 1639 2469 1704 2521; x_wconf 88' lang='lat' dir='ltr'><strong>de</strong></span> <span class='ocrx_word' id='word_1_280' title='bbox 1735 2468 1895 2521; x_wconf 89' lang='lat' dir='ltr'><strong>rebus</strong></span> <span class='ocrx_word' id='word_1_281' title='bbox 1928 2474 2133 2535; x_wconf 86' lang='lat' dir='ltr'><strong>ageret.</strong></span> <span class='ocrx_word' id='word_1_282' title='bbox 2188 2466 2290 2519; x_wconf 87' lang='lat' dir='ltr'><strong>Dn-</strong></span> 
     </span>
    </p>
   </div>
   <div class='ocr_carea' id='block_1_40' title="bbox 722 2552 2286 2625">
    <p class='ocr_par' dir='ltr' id='par_1_40' title="bbox 722 2552 2286 2625">
     <span class='ocr_line' id='line_1_40' title="bbox 722 2552 2286 2625; baseline 0.002 -19"><span class='ocrx_word' id='word_1_283' title='bbox 722 2567 837 2607; x_wconf 91' lang='lat' dir='ltr'><strong>cem</strong></span> <span class='ocrx_word' id='word_1_284' title='bbox 865 2552 1065 2624; x_wconf 66' lang='lat' dir='ltr'><strong>Libyae,</strong></span> <span class='ocrx_word' id='word_1_285' title='bbox 1104 2556 1154 2608; x_wconf 90' lang='lat' dir='ltr'><strong>in</strong></span> <span class='ocrx_word' id='word_1_286' title='bbox 1179 2556 1512 2625; x_wconf 85' lang='lat' dir='ltr'><strong>Cappadocia</strong></span> <span class='ocrx_word' id='word_1_287' title='bbox 1539 2566 1719 2610; x_wconf 89' lang='lat' dir='ltr'><strong>natum</strong></span> <span class='ocrx_word' id='word_1_288' title='bbox 1741 2594 1757 2621; x_wconf 94' lang='lat'><strong>,</strong></span> <span class='ocrx_word' id='word_1_289' title='bbox 1781 2556 2071 2609; x_wconf 89' lang='lat' dir='ltr'><strong>crudeliter</strong></span> <span class='ocrx_word' id='word_1_290' title='bbox 2107 2565 2161 2609; x_wconf 91' lang='lat' dir='ltr'><strong>et</strong></span> <span class='ocrx_word' id='word_1_291' title='bbox 2189 2554 2286 2608; x_wconf 91' lang='lat' dir='ltr'><strong>fla-</strong></span> 
     </span>
    </p>
   </div>
   <div class='ocr_carea' id='block_1_41' title="bbox 722 2644 2287 2714">
    <p class='ocr_par' dir='ltr' id='par_1_41' title="bbox 722 2644 2287 2714">
     <span class='ocr_line' id='line_1_41' title="bbox 722 2644 2287 2714; baseline 0.006 -21"><span class='ocrx_word' id='word_1_292' title='bbox 722 2644 919 2713; x_wconf 85' lang='lat' dir='ltr'><strong>gitiose</strong></span> <span class='ocrx_word' id='word_1_293' title='bbox 970 2645 1245 2700; x_wconf 84' lang='lat' dir='ltr'><strong>viventem</strong></span> <span class='ocrx_word' id='word_1_294' title='bbox 1310 2648 1637 2701; x_wconf 84' lang='lat' dir='ltr'><strong>Athanasius</strong></span> <span class='ocrx_word' id='word_1_295' title='bbox 1686 2649 2287 2714; x_wconf 78' lang='lat' dir='ltr'><strong>excomuinnicaverat,</strong></span> 
     </span>
    </p>
   </div>
   <div class='ocr_carea' id='block_1_42' title="bbox 723 2736 2289 2812">
    <p class='ocr_par' dir='ltr' id='par_1_42' title="bbox 723 2736 2289 2812">
     <span class='ocr_line' id='line_1_42' title="bbox 723 2736 2289 2812; baseline 0.008 -25"><span class='ocrx_word' id='word_1_296' title='bbox 723 2736 883 2805; x_wconf 84' lang='lat' dir='ltr'><strong>idque</strong></span> <span class='ocrx_word' id='word_1_297' title='bbox 904 2736 1153 2793; x_wconf 79' lang='lat' dir='ltr'><strong>omnibus</strong></span> <span class='ocrx_word' id='word_1_298' title='bbox 1201 2739 1456 2796; x_wconf 89' lang='lat' dir='ltr'><strong>Ecclesiis</strong></span> <span class='ocrx_word' id='word_1_299' title='bbox 1491 2741 1928 2796; x_wconf 87' lang='lat' dir='ltr'><strong>deuuntiaverat.</strong></span> <span class='ocrx_word' id='word_1_300' title='bbox 1974 2742 2289 2812; x_wconf 80' lang='lat' dir='ltr'><strong>ReSpontlct</strong></span> 
     </span>
    </p>
   </div>
   <div class='ocr_carea' id='block_1_43' title="bbox 723 2826 2285 2902">
    <p class='ocr_par' dir='ltr' id='par_1_43' title="bbox 723 2826 2285 2902">
     <span class='ocr_line' id='line_1_43' title="bbox 723 2826 2285 2902; baseline 0.008 -24"><span class='ocrx_word' id='word_1_301' title='bbox 723 2826 951 2882; x_wconf 85' lang='lat' dir='ltr'><strong>Basilius</strong></span> <span class='ocrx_word' id='word_1_302' title='bbox 1007 2843 1066 2883; x_wconf 90' lang='lat' dir='ltr'><strong>se</strong></span> <span class='ocrx_word' id='word_1_303' title='bbox 1125 2830 1269 2885; x_wconf 90' lang='lat' dir='ltr'><strong>illius</strong></span> <span class='ocrx_word' id='word_1_304' title='bbox 1319 2832 1526 2886; x_wconf 89' lang='lat' dir='ltr'><strong>litteras</strong></span> <span class='ocrx_word' id='word_1_305' title='bbox 1584 2834 1779 2902; x_wconf 87' lang='lat' dir='ltr'><strong>legisse</strong></span> <span class='ocrx_word' id='word_1_306' title='bbox 1836 2833 2088 2889; x_wconf 73' lang='lat' dir='ltr'><strong>Ecclesia:</strong></span> <span class='ocrx_word' id='word_1_307' title='bbox 2141 2851 2285 2898; x_wconf 75' lang='lat' dir='ltr'><strong>sum,</strong></span> 
     </span>
    </p>
   </div>
   <div class='ocr_carea' id='block_1_44' title="bbox 722 2918 2285 2988">
    <p class='ocr_par' dir='ltr' id='par_1_44' title="bbox 722 2918 2285 2988">
     <span class='ocr_line' id='line_1_44' title="bbox 722 2918 2285 2988; baseline 0.004 -19"><span class='ocrx_word' id='word_1_308' title='bbox 722 2928 780 2969; x_wconf 85' lang='lat' dir='ltr'><strong>tit</strong></span> <span class='ocrx_word' id='word_1_309' title='bbox 818 2918 959 2971; x_wconf 88' lang='lat' dir='ltr'><strong>hunc</strong></span> <span class='ocrx_word' id='word_1_310' title='bbox 992 2920 1182 2973; x_wconf 91' lang='lat' dir='ltr'><strong>ducem</strong></span> <span class='ocrx_word' id='word_1_311' title='bbox 1240 2934 1428 2974; x_wconf 86' lang='lat' dir='ltr'><strong>omnes</strong></span> <span class='ocrx_word' id='word_1_312' title='bbox 1479 2922 1899 2976; x_wconf 83' lang='lat' dir='ltr'><strong>abominandum</strong></span> <span class='ocrx_word' id='word_1_313' title='bbox 1953 2925 2285 2988; x_wconf 78' lang='lat' dir='ltr'><strong>existimem,</strong></span> 
     </span>
    </p>
   </div>
   <div class='ocr_carea' id='block_1_45' title="bbox 720 3008 2288 3082">
    <p class='ocr_par' dir='ltr' id='par_1_45' title="bbox 720 3008 2288 3082">
     <span class='ocr_line' id='line_1_45' title="bbox 720 3008 2288 3082; baseline 0.002 -22"><span class='ocrx_word' id='word_1_314' title='bbox 720 3022 821 3061; x_wconf 87' lang='lat' dir='ltr'><strong>nec</strong></span> <span class='ocrx_word' id='word_1_315' title='bbox 866 3008 1042 3079; x_wconf 88' lang='lat' dir='ltr'><strong>ignem</strong></span> <span class='ocrx_word' id='word_1_316' title='bbox 1101 3018 1156 3065; x_wconf 87' lang='lat' dir='ltr'><strong>et</strong></span> <span class='ocrx_word' id='word_1_317' title='bbox 1212 3027 1405 3082; x_wconf 83' lang='lat' dir='ltr'><strong>aquam</strong></span> <span class='ocrx_word' id='word_1_318' title='bbox 1462 3027 1585 3066; x_wconf 91' lang='lat' dir='ltr'><strong>cum</strong></span> <span class='ocrx_word' id='word_1_319' title='bbox 1630 3026 1694 3065; x_wconf 89' lang='lat' dir='ltr'><strong>eo</strong></span> <span class='ocrx_word' id='word_1_320' title='bbox 1749 3022 1843 3065; x_wconf 89' lang='lat' dir='ltr'><strong>ant</strong></span> <span class='ocrx_word' id='word_1_321' title='bbox 1907 3022 2102 3065; x_wconf 88' lang='lat' dir='ltr'><strong>tectum</strong></span> <span class='ocrx_word' id='word_1_322' title='bbox 2142 3028 2288 3065; x_wconf 88' lang='lat' dir='ltr'><strong>com-</strong></span> 
     </span>
    </p>
   </div>
   <div class='ocr_carea' id='block_1_46' title="bbox 724 3099 2287 3156">
    <p class='ocr_par' dir='ltr' id='par_1_46' title="bbox 724 3099 2287 3156">
     <span class='ocr_line' id='line_1_46' title="bbox 724 3099 2287 3156; baseline 0.004 -7"><span class='ocrx_word' id='word_1_323' title='bbox 724 3112 884 3153; x_wconf 86' lang='lat' dir='ltr'><strong>mune</strong></span> <span class='ocrx_word' id='word_1_324' title='bbox 918 3099 1168 3154; x_wconf 82' lang='lat' dir='ltr'><strong>habeant.</strong></span> <span class='ocrx_word' id='word_1_325' title='bbox 1205 3102 1364 3155; x_wconf 85' lang='lat' dir='ltr'><strong>Addit</strong></span> <span class='ocrx_word' id='word_1_326' title='bbox 1414 3116 1472 3155; x_wconf 91' lang='lat' dir='ltr'><strong>se</strong></span> <span class='ocrx_word' id='word_1_327' title='bbox 1519 3103 1616 3155; x_wconf 91' lang='lat' dir='ltr'><strong>has</strong></span> <span class='ocrx_word' id='word_1_328' title='bbox 1660 3101 1870 3156; x_wconf 82' lang='lat' dir='ltr'><strong>litteras</strong></span> <span class='ocrx_word' id='word_1_329' title='bbox 1915 3101 2101 3155; x_wconf 90' lang='lat' dir='ltr'><strong>amicis</strong></span> <span class='ocrx_word' id='word_1_330' title='bbox 2138 3101 2287 3155; x_wconf 84' lang='lat' dir='ltr'><strong>ducis</strong></span> 
     </span>
    </p>
   </div>
   <div class='ocr_carea' id='block_1_47' title="bbox 723 3192 2285 3263">
    <p class='ocr_par' dir='ltr' id='par_1_47' title="bbox 723 3192 2285 3263">
     <span class='ocr_line' id='line_1_47' title="bbox 723 3192 2285 3263; baseline 0.003 -20"><span class='ocrx_word' id='word_1_331' title='bbox 723 3199 778 3244; x_wconf 87' lang='lat' dir='ltr'><strong>et</strong></span> <span class='ocrx_word' id='word_1_332' title='bbox 818 3192 1135 3261; x_wconf 87' lang='lat' dir='ltr'><strong>propinquis</strong></span> <span class='ocrx_word' id='word_1_333' title='bbox 1181 3203 1237 3248; x_wconf 89' lang='lat' dir='ltr'><strong>et</strong></span> <span class='ocrx_word' id='word_1_334' title='bbox 1268 3194 1573 3263; x_wconf 90' lang='lat' dir='ltr'><strong>hospitibus</strong></span> <span class='ocrx_word' id='word_1_335' title='bbox 1602 3194 1888 3249; x_wconf 76' lang='lat' dir='ltr'><strong>ostendere</strong></span> <span class='ocrx_word' id='word_1_336' title='bbox 1940 3211 2046 3250; x_wconf 90' lang='lat' dir='ltr'><strong>non</strong></span> <span class='ocrx_word' id='word_1_337' title='bbox 2081 3194 2285 3250; x_wconf 88' lang='lat' dir='ltr'><strong>desitu-</strong></span> 
     </span>
    </p>
   </div>
   <div class='ocr_carea' id='block_1_48' title="bbox 719 3296 856 3337">
    <p class='ocr_par' dir='ltr' id='par_1_48' title="bbox 719 3296 856 3337">
     <span class='ocr_line' id='line_1_48' title="bbox 719 3296 856 3337; baseline -0.007 0"><span class='ocrx_word' id='word_1_338' title='bbox 719 3296 856 3337; x_wconf 72' lang='lat' dir='ltr'><strong>tum.</strong></span> 
     </span>
    </p>
   </div>
   <div class='ocr_carea' id='block_1_49' title="bbox 797 3374 2287 3447">
    <p class='ocr_par' dir='ltr' id='par_1_49' title="bbox 797 3374 2287 3447">
     <span class='ocr_line' id='line_1_49' title="bbox 797 3374 2287 3447; baseline 0.003 -18"><span class='ocrx_word' id='word_1_339' title='bbox 797 3375 929 3430; x_wconf 91' lang='lat' dir='ltr'><strong>Cum</strong></span> <span class='ocrx_word' id='word_1_340' title='bbox 958 3374 1330 3432; x_wconf 84' lang='lat' dir='ltr'><strong>Parnassenus</strong></span> <span class='ocrx_word' id='word_1_341' title='bbox 1350 3374 1630 3447; x_wconf 91' lang='lat' dir='ltr'><strong>episcopus</strong></span> <span class='ocrx_word' id='word_1_342' title='bbox 1659 3376 1902 3441; x_wconf 88' lang='lat' dir='ltr'><strong>obiisset,</strong></span> <span class='ocrx_word' id='word_1_343' title='bbox 1940 3381 2153 3431; x_wconf 86' lang='lat' dir='ltr'><strong>viduam</strong></span> <span class='ocrx_word' id='word_1_344' title='bbox 2182 3381 2287 3433; x_wconf 84' lang='lat' dir='ltr'><strong>Ec-</strong></span> 
     </span>
    </p>
   </div>
   <div class='ocr_carea' id='block_1_50' title="bbox 720 3467 2287 3541">
    <p class='ocr_par' dir='ltr' id='par_1_50' title="bbox 720 3467 2287 3541">
     <span class='ocr_line' id='line_1_50' title="bbox 720 3467 2287 3541; baseline -0.001 -20"><span class='ocrx_word' id='word_1_345' title='bbox 720 3467 939 3521; x_wconf 89' lang='lat' dir='ltr'><strong>clesiam</strong></span> <span class='ocrx_word' id='word_1_346' title='bbox 970 3483 1034 3521; x_wconf 83' lang='lat' dir='ltr'><strong>ex</strong></span> <span class='ocrx_word' id='word_1_347' title='bbox 1069 3485 1218 3523; x_wconf 91' lang='lat' dir='ltr'><strong>more</strong></span> <span class='ocrx_word' id='word_1_348' title='bbox 1249 3469 1559 3523; x_wconf 78' lang='lat' dir='ltr'><strong>consolatur</strong></span> <span class='ocrx_word' id='word_1_349' title='bbox 1593 3469 1815 3523; x_wconf 88' lang='lat' dir='ltr'><strong>Basilius</strong></span> <span class='ocrx_word' id='word_1_350' title='bbox 1851 3468 1950 3541; x_wconf 75' lang='lat' dir='ltr'><strong>(ti).</strong></span> <span class='ocrx_word' id='word_1_351' title='bbox 1984 3471 2287 3536; x_wconf 80' lang='lat' dir='ltr'><strong>atquelior-</strong></span> 
     </span>
    </p>
   </div>
   <div class='ocr_carea' id='block_1_51' title="bbox 720 3558 2282 3629">
    <p class='ocr_par' dir='ltr' id='par_1_51' title="bbox 720 3558 2282 3629">
     <span class='ocr_line' id='line_1_51' title="bbox 720 3558 2282 3629; baseline 0.002 -18"><span class='ocrx_word' id='word_1_352' title='bbox 720 3568 885 3624; x_wconf 91' lang='lat' dir='ltr'><strong>tatur,</strong></span> <span class='ocrx_word' id='word_1_353' title='bbox 928 3568 987 3612; x_wconf 92' lang='lat' dir='ltr'><strong>ut</strong></span> <span class='ocrx_word' id='word_1_354' title='bbox 1033 3558 1202 3615; x_wconf 85' lang='lat' dir='ltr'><strong>dolori</strong></span> <span class='ocrx_word' id='word_1_355' title='bbox 1254 3574 1360 3613; x_wconf 90' lang='lat' dir='ltr'><strong>non</strong></span> <span class='ocrx_word' id='word_1_356' title='bbox 1416 3560 1814 3625; x_wconf 88' lang='lat' dir='ltr'><strong>succumbant,</strong></span> <span class='ocrx_word' id='word_1_357' title='bbox 1870 3560 1961 3613; x_wconf 84' lang='lat' dir='ltr'><strong>sed</strong></span> <span class='ocrx_word' id='word_1_358' title='bbox 2014 3569 2282 3629; x_wconf 86' lang='lat' dir='ltr'><strong>pastorem</strong></span> 
     </span>
    </p>
   </div>
   <div class='ocr_carea' id='block_1_52' title="bbox 719 3650 2286 3720">
    <p class='ocr_par' dir='ltr' id='par_1_52' title="bbox 719 3650 2286 3720">
     <span class='ocr_line' id='line_1_52' title="bbox 719 3650 2286 3720; baseline 0.002 -18"><span class='ocrx_word' id='word_1_359' title='bbox 719 3664 875 3702; x_wconf 88' lang='lat' dir='ltr'><strong>suum</strong></span> <span class='ocrx_word' id='word_1_360' title='bbox 903 3650 1117 3706; x_wconf 89' lang='lat' dir='ltr'><strong>beatum</strong></span> <span class='ocrx_word' id='word_1_361' title='bbox 1155 3651 1488 3717; x_wconf 73' lang='lat' dir='ltr'><strong>existiment,</strong></span> <span class='ocrx_word' id='word_1_362' title='bbox 1525 3661 1686 3720; x_wconf 91' lang='lat' dir='ltr'><strong>atque</strong></span> <span class='ocrx_word' id='word_1_363' title='bbox 1709 3651 1773 3705; x_wconf 89' lang='lat' dir='ltr'><strong>ad</strong></span> <span class='ocrx_word' id='word_1_364' title='bbox 1804 3652 2159 3706; x_wconf 90' lang='lat' dir='ltr'><strong>necessariam</strong></span> <span class='ocrx_word' id='word_1_365' title='bbox 2194 3651 2286 3705; x_wconf 83' lang='lat' dir='ltr'><strong>Ec-</strong></span> 
     </span>
    </p>
   </div>
   <div class='ocr_carea' id='block_1_53' title="bbox 719 3743 2285 3812">
    <p class='ocr_par' dir='ltr' id='par_1_53' title="bbox 719 3743 2285 3812">
     <span class='ocr_line' id='line_1_53' title="bbox 719 3743 2285 3812; baseline -0.001 -15"><span class='ocrx_word' id='word_1_366' title='bbox 719 3743 901 3797; x_wconf 75' lang='lat' dir='ltr'><strong>clesia:</strong></span> <span class='ocrx_word' id='word_1_367' title='bbox 947 3758 1131 3796; x_wconf 89' lang='lat' dir='ltr'><strong>curam</strong></span> <span class='ocrx_word' id='word_1_368' title='bbox 1174 3751 1482 3811; x_wconf 90' lang='lat' dir='ltr'><strong>assurgant.</strong></span> <span class='ocrx_word' id='word_1_369' title='bbox 1513 3743 1727 3812; x_wconf 87' lang='lat' dir='ltr'><strong>Scripta</strong></span> <span class='ocrx_word' id='word_1_370' title='bbox 1783 3744 1993 3797; x_wconf 88' lang='lat' dir='ltr'><strong>videtur</strong></span> <span class='ocrx_word' id='word_1_371' title='bbox 2028 3745 2139 3797; x_wconf 67' lang='lat' dir='ltr'><strong>haec</strong></span> <span class='ocrx_word' id='word_1_372' title='bbox 2180 3744 2285 3812; x_wconf 87' lang='lat' dir='ltr'><strong>epi-</strong></span> 
     </span>
    </p>
   </div>
   <div class='ocr_carea' id='block_1_54' title="bbox 719 3831 2283 3899">
    <p class='ocr_par' dir='ltr' id='par_1_54' title="bbox 719 3831 2283 3899">
     <span class='ocr_line' id='line_1_54' title="bbox 719 3831 2283 3899; baseline 0.002 -14"><span class='ocrx_word' id='word_1_373' title='bbox 719 3834 855 3886; x_wconf 87' lang='lat' dir='ltr'><strong>stola</strong></span> <span class='ocrx_word' id='word_1_374' title='bbox 886 3842 1194 3899; x_wconf 85' lang='lat' dir='ltr'><strong>antequam,</strong></span> <span class='ocrx_word' id='word_1_375' title='bbox 1226 3831 1463 3885; x_wconf 87' lang='lat' dir='ltr'><strong>Valentis</strong></span> <span class='ocrx_word' id='word_1_376' title='bbox 1489 3834 1743 3895; x_wconf 87' lang='lat' dir='ltr'><strong>adventu,</strong></span> <span class='ocrx_word' id='word_1_377' title='bbox 1784 3835 2102 3886; x_wconf 84' lang='lat' dir='ltr'><strong>Arianorum</strong></span> <span class='ocrx_word' id='word_1_378' title='bbox 2143 3834 2283 3888; x_wconf 89' lang='lat' dir='ltr'><strong>vires</strong></span> 
     </span>
    </p>
   </div>
   <div class='ocr_carea' id='block_1_55' title="bbox 717 3921 2285 3987">
    <p class='ocr_par' dir='ltr' id='par_1_55' title="bbox 717 3921 2285 3987">
     <span class='ocr_line' id='line_1_55' title="bbox 717 3921 2285 3987; baseline 0.003 -14"><span class='ocrx_word' id='word_1_379' title='bbox 717 3923 1037 3977; x_wconf 83' lang='lat' dir='ltr'><strong>crevissent.</strong></span> <span class='ocrx_word' id='word_1_380' title='bbox 1100 3921 1266 3975; x_wconf 87' lang='lat' dir='ltr'><strong>Valde</strong></span> <span class='ocrx_word' id='word_1_381' title='bbox 1326 3922 1468 3975; x_wconf 91' lang='lat' dir='ltr'><strong>enim</strong></span> <span class='ocrx_word' id='word_1_382' title='bbox 1531 3923 1873 3974; x_wconf 87' lang='lat' dir='ltr'><strong>metuendum</strong></span> <span class='ocrx_word' id='word_1_383' title='bbox 1932 3923 2159 3987; x_wconf 88' lang='lat' dir='ltr'><strong>fuisset,</strong></span> <span class='ocrx_word' id='word_1_384' title='bbox 2219 3938 2285 3977; x_wconf 86' lang='lat' dir='ltr'><strong>ne</strong></span> 
     </span>
    </p>
   </div>
   <div class='ocr_carea' id='block_1_56' title="bbox 717 4012 2285 4082">
    <p class='ocr_par' dir='ltr' id='par_1_56' title="bbox 717 4012 2285 4082">
     <span class='ocr_line' id='line_1_56' title="bbox 717 4012 2285 4082; baseline -0.001 -15"><span class='ocrx_word' id='word_1_385' title='bbox 717 4014 904 4067; x_wconf 83' lang='lat' dir='ltr'><strong>Ariani</strong></span> <span class='ocrx_word' id='word_1_386' title='bbox 940 4014 992 4068; x_wconf 92' lang='lat' dir='ltr'><strong>in</strong></span> <span class='ocrx_word' id='word_1_387' title='bbox 1022 4013 1285 4069; x_wconf 86' lang='lat' dir='ltr'><strong>electione</strong></span> <span class='ocrx_word' id='word_1_388' title='bbox 1332 4014 1569 4082; x_wconf 86' lang='lat' dir='ltr'><strong>episcopi</strong></span> <span class='ocrx_word' id='word_1_389' title='bbox 1608 4012 1931 4067; x_wconf 90' lang='lat' dir='ltr'><strong>Parnasseni</strong></span> <span class='ocrx_word' id='word_1_390' title='bbox 1964 4016 2149 4067; x_wconf 87' lang='lat' dir='ltr'><strong>turbas</strong></span> <span class='ocrx_word' id='word_1_391' title='bbox 2206 4014 2285 4066; x_wconf 79' lang='lat' dir='ltr'><strong>fa-</strong></span> 
     </span>
    </p>
   </div>
   <div class='ocr_carea' id='block_1_57' title="bbox 718 4104 2284 4175">
    <p class='ocr_par' dir='ltr' id='par_1_57' title="bbox 718 4104 2284 4175">
     <span class='ocr_line' id='line_1_57' title="bbox 718 4104 2284 4175; baseline 0.001 -18"><span class='ocrx_word' id='word_1_392' title='bbox 718 4115 924 4168; x_wconf 85' lang='lat' dir='ltr'><strong>cerent,</strong></span> <span class='ocrx_word' id='word_1_393' title='bbox 956 4121 1054 4160; x_wconf 89' lang='lat' dir='ltr'><strong>nec</strong></span> <span class='ocrx_word' id='word_1_394' title='bbox 1104 4105 1375 4159; x_wconf 82' lang='lat' dir='ltr'><strong>omisisset</strong></span> <span class='ocrx_word' id='word_1_395' title='bbox 1424 4104 1657 4159; x_wconf 89' lang='lat' dir='ltr'><strong>Basilius</strong></span> <span class='ocrx_word' id='word_1_396' title='bbox 1708 4104 1931 4175; x_wconf 90' lang='lat' dir='ltr'><strong>periculi</strong></span> <span class='ocrx_word' id='word_1_397' title='bbox 1969 4105 2284 4175; x_wconf 77' lang='lat' dir='ltr'><strong>magnitudi-</strong></span> 
     </span>
    </p>
   </div>
   <div class='ocr_carea' id='block_1_58' title="bbox 722 4195 2279 4266">
    <p class='ocr_par' dir='ltr' id='par_1_58' title="bbox 722 4195 2279 4266">
     <span class='ocr_line' id='line_1_58' title="bbox 722 4195 2279 4266; baseline -0.001 -17"><span class='ocrx_word' id='word_1_398' title='bbox 722 4211 843 4250; x_wconf 91' lang='lat' dir='ltr'><strong>nem</strong></span> <span class='ocrx_word' id='word_1_399' title='bbox 886 4195 1238 4251; x_wconf 70' lang='lat' dir='ltr'><strong>l‘arnassenis</strong></span> <span class='ocrx_word' id='word_1_400' title='bbox 1269 4207 1395 4250; x_wconf 85' lang='lat' dir='ltr'><strong>ante</strong></span> <span class='ocrx_word' id='word_1_401' title='bbox 1446 4197 1630 4251; x_wconf 88' lang='lat' dir='ltr'><strong>oculos</strong></span> <span class='ocrx_word' id='word_1_402' title='bbox 1663 4212 1880 4266; x_wconf 89' lang='lat' dir='ltr'><strong>ponere.</strong></span> <span class='ocrx_word' id='word_1_403' title='bbox 1933 4196 2067 4250; x_wconf 90' lang='lat' dir='ltr'><strong>IIinc</strong></span> <span class='ocrx_word' id='word_1_404' title='bbox 2119 4199 2279 4250; x_wconf 86' lang='lat' dir='ltr'><strong>etiam</strong></span> 
     </span>
    </p>
   </div>
   <div class='ocr_carea' id='block_1_59' title="bbox 718 4285 2284 4357">
    <p class='ocr_par' dir='ltr' id='par_1_59' title="bbox 718 4285 2284 4357">
     <span class='ocr_line' id='line_1_59' title="bbox 718 4285 2284 4357; baseline 0.001 -17"><span class='ocrx_word' id='word_1_405' title='bbox 718 4287 871 4355; x_wconf 89' lang='lat' dir='ltr'><strong>copia</strong></span> <span class='ocrx_word' id='word_1_406' title='bbox 906 4285 1005 4341; x_wconf 92' lang='lat' dir='ltr'><strong>fuit</strong></span> <span class='ocrx_word' id='word_1_407' title='bbox 1039 4288 1224 4355; x_wconf 87' lang='lat' dir='ltr'><strong>Optimi</strong></span> <span class='ocrx_word' id='word_1_408' title='bbox 1278 4289 1379 4341; x_wconf 89' lang='lat' dir='ltr'><strong>viri</strong></span> <span class='ocrx_word' id='word_1_409' title='bbox 1437 4289 1708 4357; x_wconf 89' lang='lat' dir='ltr'><strong>eligendi,</strong></span> <span class='ocrx_word' id='word_1_410' title='bbox 1763 4304 1919 4357; x_wconf 89' lang='lat' dir='ltr'><strong>quem</strong></span> <span class='ocrx_word' id='word_1_411' title='bbox 1946 4288 2125 4341; x_wconf 82' lang='lat' dir='ltr'><strong>Ariani</strong></span> <span class='ocrx_word' id='word_1_412' title='bbox 2192 4304 2284 4341; x_wconf 78' lang='lat' dir='ltr'><strong>ex-</strong></span> 
     </span>
    </p>
   </div>
   <div class='ocr_carea' id='block_1_60' title="bbox 717 4377 2282 4447">
    <p class='ocr_par' dir='ltr' id='par_1_60' title="bbox 717 4377 2282 4447">
     <span class='ocr_line' id='line_1_60' title="bbox 717 4377 2282 4447; baseline -0.001 -18"><span class='ocrx_word' id='word_1_413' title='bbox 717 4378 969 4445; x_wconf 85' lang='lat' dir='ltr'><strong>pulerunt</strong></span> <span class='ocrx_word' id='word_1_414' title='bbox 1034 4392 1176 4430; x_wconf 89' lang='lat' dir='ltr'><strong>anno</strong></span> <span class='ocrx_word' id='word_1_415' title='bbox 1253 4377 1377 4430; x_wconf 80' lang='lat'><strong>575.</strong></span> <span class='ocrx_word' id='word_1_416' title='bbox 1458 4378 1659 4447; x_wconf 83' lang='lat' dir='ltr'><strong>Ilypsin</strong></span> <span class='ocrx_word' id='word_1_417' title='bbox 1724 4392 1846 4431; x_wconf 87' lang='lat' dir='ltr'><strong>eum</strong></span> <span class='ocrx_word' id='word_1_418' title='bbox 1909 4387 2065 4431; x_wconf 89' lang='lat' dir='ltr'><strong>vocat</strong></span> <span class='ocrx_word' id='word_1_419' title='bbox 2130 4377 2282 4428; x_wconf 74' lang='lat' dir='ltr'><strong>Basi-</strong></span> 
     </span>
    </p>
   </div>
   <div class='ocr_carea' id='block_1_61' title="bbox 716 4467 942 4538">
    <p class='ocr_par' dir='ltr' id='par_1_61' title="bbox 716 4467 942 4538">
     <span class='ocr_line' id='line_1_61' title="bbox 716 4467 942 4538; baseline 0 -17"><span class='ocrx_word' id='word_1_420' title='bbox 716 4469 821 4522; x_wconf 87' lang='lat' dir='ltr'><strong>Iius</strong></span> <span class='ocrx_word' id='word_1_421' title='bbox 852 4467 942 4538; x_wconf 81' lang='grc' dir='ltr'><strong>(ε).</strong></span> 
     </span>
    </p>
   </div>
   <div class='ocr_carea' id='block_1_62' title="bbox 787 4558 2279 4629">
    <p class='ocr_par' dir='ltr' id='par_1_62' title="bbox 787 4558 2279 4629">
     <span class='ocr_line' id='line_1_62' title="bbox 787 4558 2279 4629; baseline 0 -15"><span class='ocrx_word' id='word_1_422' title='bbox 787 4559 901 4614; x_wconf 86' lang='lat' dir='ltr'><strong>Hoc</strong></span> <span class='ocrx_word' id='word_1_423' title='bbox 946 4574 1088 4614; x_wconf 87' lang='lat' dir='ltr'><strong>anno</strong></span> <span class='ocrx_word' id='word_1_424' title='bbox 1144 4560 1269 4624; x_wconf 76' lang='grc'><strong>571.</strong></span> <span class='ocrx_word' id='word_1_425' title='bbox 1310 4560 1593 4629; x_wconf 68' lang='grc' dir='ltr'>ριίιιδίιιεηι</span> <span class='ocrx_word' id='word_1_426' title='bbox 1659 4558 1891 4614; x_wconf 87' lang='lat' dir='ltr'><strong>habebat</strong></span> <span class='ocrx_word' id='word_1_427' title='bbox 1944 4559 2279 4627; x_wconf 82' lang='lat' dir='ltr'><strong>Cappadocia</strong></span> 
     </span>
    </p>
   </div>
   <div class='ocr_carea' id='block_1_63' title="bbox 717 4648 2276 4720">
    <p class='ocr_par' dir='ltr' id='par_1_63' title="bbox 717 4648 2276 4720">
     <span class='ocr_line' id='line_1_63' title="bbox 717 4648 2276 4720; baseline -0.003 -15"><span class='ocrx_word' id='word_1_428' title='bbox 717 4650 1037 4707; x_wconf 86' lang='lat' dir='ltr'><strong>Tberasium</strong></span> <span class='ocrx_word' id='word_1_429' title='bbox 1067 4691 1083 4716; x_wconf 88' lang='lat'><strong>,</strong></span> <span class='ocrx_word' id='word_1_430' title='bbox 1133 4660 1191 4704; x_wconf 92' lang='lat' dir='ltr'><strong>ut</strong></span> <span class='ocrx_word' id='word_1_431' title='bbox 1244 4651 1550 4720; x_wconf 87' lang='lat' dir='ltr'><strong>colligimus</strong></span> <span class='ocrx_word' id='word_1_432' title='bbox 1611 4665 1676 4704; x_wconf 79' lang='lat' dir='ltr'><strong>ex</strong></span> <span class='ocrx_word' id='word_1_433' title='bbox 1721 4649 1964 4718; x_wconf 89' lang='lat' dir='ltr'><strong>epistolis</strong></span> <span class='ocrx_word' id='word_1_434' title='bbox 2002 4649 2162 4703; x_wconf 73' lang='grc' dir='ltr'><strong>ΊἹ-νει</strong></span> <span class='ocrx_word' id='word_1_435' title='bbox 2190 4648 2276 4703; x_wconf 88' lang='lat'><strong>78.</strong></span> 
     </span>
    </p>
   </div>
   <div class='ocr_carea' id='block_1_64' title="bbox 718 4739 2277 4812">
    <p class='ocr_par' dir='ltr' id='par_1_64' title="bbox 718 4739 2277 4812">
     <span class='ocr_line' id='line_1_64' title="bbox 718 4739 2277 4812; baseline -0.002 -16"><span class='ocrx_word' id='word_1_436' title='bbox 718 4740 890 4806; x_wconf 85' lang='lat' dir='ltr'><strong>Hujus</strong></span> <span class='ocrx_word' id='word_1_437' title='bbox 930 4756 1172 4797; x_wconf 90' lang='lat' dir='ltr'><strong>assessor</strong></span> <span class='ocrx_word' id='word_1_438' title='bbox 1197 4752 1314 4797; x_wconf 90' lang='lat' dir='ltr'><strong>erat</strong></span> <span class='ocrx_word' id='word_1_439' title='bbox 1354 4739 1589 4812; x_wconf 87' lang='lat' dir='ltr'><strong>Elpidius</strong></span> <span class='ocrx_word' id='word_1_440' title='bbox 1616 4781 1631 4804; x_wconf 93' lang='lat'><strong>,</strong></span> <span class='ocrx_word' id='word_1_441' title='bbox 1659 4755 1783 4796; x_wconf 85' lang='lat' dir='ltr'><strong>cum</strong></span> <span class='ocrx_word' id='word_1_442' title='bbox 1813 4740 2009 4794; x_wconf 91' lang='lat' dir='ltr'><strong>Basilio</strong></span> <span class='ocrx_word' id='word_1_443' title='bbox 2044 4741 2277 4794; x_wconf 88' lang='lat' dir='ltr'><strong>amicitia</strong></span> 
     </span>
    </p>
   </div>
   <div class='ocr_carea' id='block_1_65' title="bbox 715 4832 2265 4903">
    <p class='ocr_par' dir='ltr' id='par_1_65' title="bbox 715 4832 2265 4903">
     <span class='ocr_line' id='line_1_65' title="bbox 715 4832 2265 4903; baseline -0.003 -15"><span class='ocrx_word' id='word_1_444' title='bbox 715 4834 1206 4903; x_wconf 71' lang='lat' dir='ltr'><strong>coniunctissimus.</strong></span> <span class='ocrx_word' id='word_1_445' title='bbox 1262 4834 1395 4887; x_wconf 90' lang='lat' dir='ltr'><strong>Cum</strong></span> <span class='ocrx_word' id='word_1_446' title='bbox 1456 4849 1521 4888; x_wconf 92' lang='lat' dir='ltr'><strong>eo</strong></span> <span class='ocrx_word' id='word_1_447' title='bbox 1577 4834 1800 4887; x_wconf 90' lang='lat' dir='ltr'><strong>libenter</strong></span> <span class='ocrx_word' id='word_1_448' title='bbox 1859 4832 2265 4901; x_wconf 89' lang='lat' dir='ltr'><strong>colloquebatur</strong></span> 
     </span>
    </p>
   </div>
   <div class='ocr_carea' id='block_1_66' title="bbox 718 4922 2275 4995">
    <p class='ocr_par' dir='ltr' id='par_1_66' title="bbox 718 4922 2275 4995">
     <span class='ocr_line' id='line_1_66' title="bbox 718 4922 2275 4995; baseline -0.001 -18"><span class='ocrx_word' id='word_1_449' title='bbox 718 4924 949 4978; x_wconf 87' lang='lat' dir='ltr'><strong>Basilius</strong></span> <span class='ocrx_word' id='word_1_450' title='bbox 1003 4923 1096 4995; x_wconf 74' lang='grc' dir='ltr'><strong>(ι’),</strong></span> <span class='ocrx_word' id='word_1_451' title='bbox 1148 4924 1360 4993; x_wconf 84' lang='lat' dir='ltr'><strong>quoties</strong></span> <span class='ocrx_word' id='word_1_452' title='bbox 1413 4939 1611 4992; x_wconf 66' lang='lat' dir='ltr'><strong>praeses</strong></span> <span class='ocrx_word' id='word_1_453' title='bbox 1652 4923 1954 4978; x_wconf 69' lang='lat' dir='ltr'><strong>Ctesaream</strong></span> <span class='ocrx_word' id='word_1_454' title='bbox 1987 4922 2275 4977; x_wconf 83' lang='lat' dir='ltr'><strong>veniebat:</strong></span> 
     </span>
    </p>
   </div>
   <div class='ocr_carea' id='block_1_67' title="bbox 718 5014 2281 5085">
    <p class='ocr_par' dir='ltr' id='par_1_67' title="bbox 718 5014 2281 5085">
     <span class='ocr_line' id='line_1_67' title="bbox 718 5014 2281 5085; baseline -0.001 -16"><span class='ocrx_word' id='word_1_455' title='bbox 718 5030 951 5084; x_wconf 89' lang='lat' dir='ltr'><strong>cumque</strong></span> <span class='ocrx_word' id='word_1_456' title='bbox 980 5030 1043 5069; x_wconf 82' lang='lat' dir='ltr'><strong>ex</strong></span> <span class='ocrx_word' id='word_1_457' title='bbox 1077 5017 1191 5085; x_wconf 90' lang='lat' dir='ltr'><strong>ejus</strong></span> <span class='ocrx_word' id='word_1_458' title='bbox 1218 5030 1467 5070; x_wconf 91' lang='lat' dir='ltr'><strong>sermone</strong></span> <span class='ocrx_word' id='word_1_459' title='bbox 1499 5014 1661 5068; x_wconf 85' lang='lat' dir='ltr'><strong>multa</strong></span> <span class='ocrx_word' id='word_1_460' title='bbox 1688 5017 2027 5084; x_wconf 87' lang='lat' dir='ltr'><strong>cognovisset</strong></span> <span class='ocrx_word' id='word_1_461' title='bbox 2057 5016 2119 5067; x_wconf 84' lang='lat' dir='ltr'><strong>de</strong></span> <span class='ocrx_word' id='word_1_462' title='bbox 2151 5015 2281 5067; x_wconf 89' lang='lat' dir='ltr'><strong>duo-</strong></span> 
     </span>
    </p>
   </div>
   <div class='ocr_carea' id='block_1_68' title="bbox 719 5103 2281 5177">
    <p class='ocr_par' dir='ltr' id='par_1_68' title="bbox 719 5103 2281 5177">
     <span class='ocr_line' id='line_1_68' title="bbox 719 5103 2281 5177; baseline -0.001 -18"><span class='ocrx_word' id='word_1_463' title='bbox 719 5105 819 5161; x_wconf 86' lang='lat' dir='ltr'><strong>bus</strong></span> <span class='ocrx_word' id='word_1_464' title='bbox 858 5106 1070 5161; x_wconf 83' lang='lat' dir='ltr'><strong>eximiis</strong></span> <span class='ocrx_word' id='word_1_465' title='bbox 1120 5106 1252 5160; x_wconf 90' lang='lat' dir='ltr'><strong>viris</strong></span> <span class='ocrx_word' id='word_1_466' title='bbox 1276 5147 1290 5172; x_wconf 98' lang='lat'><strong>,</strong></span> <span class='ocrx_word' id='word_1_467' title='bbox 1317 5106 1599 5175; x_wconf 87' lang='lat' dir='ltr'><strong>principali</strong></span> <span class='ocrx_word' id='word_1_468' title='bbox 1630 5105 1996 5160; x_wconf 72' lang='lat' dir='ltr'><strong>Neocmsarem</strong></span> <span class='ocrx_word' id='word_1_469' title='bbox 2027 5116 2080 5159; x_wconf 90' lang='lat' dir='ltr'><strong>et</strong></span> <span class='ocrx_word' id='word_1_470' title='bbox 2112 5103 2281 5177; x_wconf 84' lang='lat' dir='ltr'><strong>Hesy-</strong></span> 
     </span>
    </p>
   </div>
   <div class='ocr_carea' id='block_1_69' title="bbox 718 5197 2282 5269">
    <p class='ocr_par' dir='ltr' id='par_1_69' title="bbox 718 5197 2282 5269">
     <span class='ocr_line' id='line_1_69' title="bbox 718 5197 2282 5269; baseline -0.002 -17"><span class='ocrx_word' id='word_1_471' title='bbox 718 5197 865 5263; x_wconf 88' lang='lat' dir='ltr'><strong>chio,</strong></span> <span class='ocrx_word' id='word_1_472' title='bbox 917 5213 1142 5268; x_wconf 88' lang='lat' dir='ltr'><strong>quorum</strong></span> <span class='ocrx_word' id='word_1_473' title='bbox 1170 5198 1402 5269; x_wconf 90' lang='lat' dir='ltr'><strong>primum</strong></span> <span class='ocrx_word' id='word_1_474' title='bbox 1446 5198 1588 5251; x_wconf 89' lang='lat' dir='ltr'><strong>fama</strong></span> <span class='ocrx_word' id='word_1_475' title='bbox 1630 5206 1835 5251; x_wconf 86' lang='lat' dir='ltr'><strong>tantum</strong></span> <span class='ocrx_word' id='word_1_476' title='bbox 1870 5206 2125 5261; x_wconf 88' lang='lat' dir='ltr'><strong>noverat,</strong></span> <span class='ocrx_word' id='word_1_477' title='bbox 2162 5213 2282 5250; x_wconf 88' lang='lat' dir='ltr'><strong>cum</strong></span> 
     </span>
    </p>
   </div>
   <div class='ocr_carea' id='block_1_70' title="bbox 718 5287 2281 5350">
    <p class='ocr_par' dir='ltr' id='par_1_70' title="bbox 718 5287 2281 5350">
     <span class='ocr_line' id='line_1_70' title="bbox 718 5287 2281 5350; baseline -0.001 -9"><span class='ocrx_word' id='word_1_478' title='bbox 718 5287 896 5343; x_wconf 88' lang='lat' dir='ltr'><strong>altero</strong></span> <span class='ocrx_word' id='word_1_479' title='bbox 952 5297 1129 5343; x_wconf 86' lang='lat' dir='ltr'><strong>autem</strong></span> <span class='ocrx_word' id='word_1_480' title='bbox 1178 5289 1484 5343; x_wconf 87' lang='lat' dir='ltr'><strong>communia</strong></span> <span class='ocrx_word' id='word_1_481' title='bbox 1533 5289 1661 5343; x_wconf 91' lang='lat' dir='ltr'><strong>olim</strong></span> <span class='ocrx_word' id='word_1_482' title='bbox 1720 5289 2021 5343; x_wconf 89' lang='lat' dir='ltr'><strong>litterarum</strong></span> <span class='ocrx_word' id='word_1_483' title='bbox 2065 5288 2237 5341; x_wconf 85' lang='lat' dir='ltr'><strong>studia</strong></span> <span class='ocrx_word' id='word_1_484' title='bbox 2266 5326 2281 5350; x_wconf 95' lang='lat'><strong>,</strong></span> 
     </span>
    </p>
   </div>
   <div class='ocr_carea' id='block_1_71' title="bbox 716 5377 2278 5450">
    <p class='ocr_par' dir='ltr' id='par_1_71' title="bbox 716 5377 2278 5450">
     <span class='ocr_line' id='line_1_71' title="bbox 716 5377 2278 5450; baseline -0.003 -14"><span class='ocrx_word' id='word_1_485' title='bbox 716 5394 1168 5450; x_wconf 83' lang='lat' dir='ltr'><strong>communemque</strong></span> <span class='ocrx_word' id='word_1_486' title='bbox 1207 5381 1439 5436; x_wconf 90' lang='lat' dir='ltr'><strong>amicum</strong></span> <span class='ocrx_word' id='word_1_487' title='bbox 1476 5377 1791 5435; x_wconf 85' lang='lat' dir='ltr'><strong>Terentium</strong></span> <span class='ocrx_word' id='word_1_488' title='bbox 1836 5379 2122 5445; x_wconf 88' lang='lat' dir='ltr'><strong>habuerat,</strong></span> <span class='ocrx_word' id='word_1_489' title='bbox 2148 5379 2278 5432; x_wconf 87' lang='lat' dir='ltr'><strong>utri-</strong></span> 
     </span>
    </p>
   </div>
   <div class='ocr_carea' id='block_1_72' title="bbox 792 5533 1256 5606">
    <p class='ocr_par' dir='ltr' id='par_1_72' title="bbox 792 5533 1256 5606">
     <span class='ocr_line' id='line_1_72' title="bbox 792 5533 1256 5606; baseline 0.011 -19"><span class='ocrx_word' id='word_1_490' title='bbox 792 5533 867 5606; x_wconf 86' lang='lat' dir='ltr'><strong>(a)</strong></span> <span class='ocrx_word' id='word_1_491' title='bbox 895 5534 1023 5589; x_wconf 68' lang='grc' dir='ltr'><strong>Νη.</strong></span> <span class='ocrx_word' id='word_1_492' title='bbox 1058 5552 1139 5591; x_wconf 93' lang='lat' dir='ltr'><strong>or.</strong></span> <span class='ocrx_word' id='word_1_493' title='bbox 1164 5538 1256 5592; x_wconf 71' lang='lat'><strong>20.</strong></span> 
     </span>
    </p>
   </div>
   <div class='ocr_carea' id='block_1_73' title="bbox 796 5606 1256 5675">
    <p class='ocr_par' dir='ltr' id='par_1_73' title="bbox 796 5606 1256 5675">
     <span class='ocr_line' id='line_1_73' title="bbox 796 5606 1256 5675; baseline 0.015 -19"><span class='ocrx_word' id='word_1_494' title='bbox 796 5610 865 5675; x_wconf 66' lang='lat' dir='ltr'><strong>to)</strong></span> <span class='ocrx_word' id='word_1_495' title='bbox 900 5606 1027 5658; x_wconf 68' lang='grc' dir='ltr'><strong>Νη.</strong></span> <span class='ocrx_word' id='word_1_496' title='bbox 1057 5622 1142 5675; x_wconf 88' lang='lat' dir='ltr'><strong>ep.</strong></span> <span class='ocrx_word' id='word_1_497' title='bbox 1170 5611 1256 5663; x_wconf 75' lang='grc'><strong>14.</strong></span> 
     </span>
    </p>
   </div>
   <div class='ocr_carea' id='block_1_74' title="bbox 796 5611 1257 5746">
    <p class='ocr_par' dir='ltr' id='par_1_74' title="bbox 796 5611 1257 5746">
     <span class='ocr_line' id='line_1_74' title="bbox 796 5611 1256 5675; baseline 0.015 -19"><span class='ocrx_word' id='word_1_498' title='bbox 796 5611 843 5675; x_wconf 66' lang='lat' dir='ltr'><strong>to</strong></span> <span class='ocrx_word' id='word_1_499' title='bbox 900 5611 1027 5658; x_wconf 74' lang='lat' dir='ltr'><strong>Naz.</strong></span> <span class='ocrx_word' id='word_1_500' title='bbox 1057 5622 1142 5675; x_wconf 88' lang='lat' dir='ltr'><strong>ep.</strong></span> <span class='ocrx_word' id='word_1_501' title='bbox 1170 5611 1256 5663; x_wconf 75' lang='grc'><strong>14.</strong></span> 
     </span>
     <span class='ocr_line' id='line_1_75' title="bbox 796 5611 1257 5746; baseline 0.011 -18"><span class='ocrx_word' id='word_1_502' title='bbox 796 5611 865 5746; x_wconf 50' lang='lat' dir='ltr'><strong>(ei</strong></span> <span class='ocrx_word' id='word_1_503' title='bbox 896 5676 1025 5729; x_wconf 63' lang='grc' dir='ltr'><strong>Νη.</strong></span> <span class='ocrx_word' id='word_1_504' title='bbox 1051 5692 1135 5729; x_wconf 88' lang='lat' dir='ltr'><strong>or.</strong></span> <span class='ocrx_word' id='word_1_505' title='bbox 1166 5679 1257 5733; x_wconf 74' lang='lat'><strong>20.</strong></span> 
     </span>
    </p>
   </div>
   <div class='ocr_carea' id='block_1_75' title="bbox 795 5746 1115 5817">
    <p class='ocr_par' dir='ltr' id='par_1_75' title="bbox 795 5746 1115 5817">
     <span class='ocr_line' id='line_1_76' title="bbox 795 5746 1115 5817; baseline 0.009 -21"><span class='ocrx_word' id='word_1_506' title='bbox 795 5750 874 5817; x_wconf 80' lang='lat' dir='ltr'><strong>(tt)</strong></span> <span class='ocrx_word' id='word_1_507' title='bbox 902 5748 996 5817; x_wconf 72' lang='lat' dir='ltr'><strong>Ep.</strong></span> <span class='ocrx_word' id='word_1_508' title='bbox 1030 5746 1115 5800; x_wconf 61' lang='grc' dir='ltr'><strong>Οἳ.</strong></span> 
     </span>
    </p>
   </div>
   <div class='ocr_carea' id='block_1_76' title="bbox 2390 1913 3947 1987">
    <p class='ocr_par' dir='ltr' id='par_1_76' title="bbox 2390 1913 3947 1987">
     <span class='ocr_line' id='line_1_77' title="bbox 2390 1913 3947 1987; baseline 0.009 -21"><span class='ocrx_word' id='word_1_509' title='bbox 2390 1913 2633 1968; x_wconf 86' lang='lat' dir='ltr'><strong>laborent</strong></span> <span class='ocrx_word' id='word_1_510' title='bbox 2659 1952 2674 1977; x_wconf 92' lang='lat'><strong>,</strong></span> <span class='ocrx_word' id='word_1_511' title='bbox 2712 1925 2968 1981; x_wconf 86' lang='lat' dir='ltr'><strong>quantum</strong></span> <span class='ocrx_word' id='word_1_512' title='bbox 3023 1916 3088 1970; x_wconf 88' lang='lat' dir='ltr'><strong>ad</strong></span> <span class='ocrx_word' id='word_1_513' title='bbox 3119 1932 3235 1971; x_wconf 87' lang='lat' dir='ltr'><strong>eam</strong></span> <span class='ocrx_word' id='word_1_514' title='bbox 3266 1921 3672 1987; x_wconf 79' lang='lat' dir='ltr'><strong>oppugnandam</strong></span> <span class='ocrx_word' id='word_1_515' title='bbox 3701 1925 3947 1979; x_wconf 83' lang='lat' dir='ltr'><strong>adversa-</strong></span> 
     </span>
    </p>
   </div>
   <div class='ocr_carea' id='block_1_77' title="bbox 2391 2003 3943 2077">
    <p class='ocr_par' dir='ltr' id='par_1_77' title="bbox 2391 2003 3943 2077">
     <span class='ocr_line' id='line_1_78' title="bbox 2391 2003 3943 2077; baseline 0.008 -20"><span class='ocrx_word' id='word_1_516' title='bbox 2391 2006 2477 2074; x_wconf 91' lang='lat' dir='ltr'><strong>rii,</strong></span> <span class='ocrx_word' id='word_1_517' title='bbox 2505 2003 2636 2059; x_wconf 87' lang='lat' dir='ltr'><strong>nihil</strong></span> <span class='ocrx_word' id='word_1_518' title='bbox 2664 2005 3084 2075; x_wconf 89' lang='lat' dir='ltr'><strong>prohibiturum,</strong></span> <span class='ocrx_word' id='word_1_519' title='bbox 3109 2009 3398 2077; x_wconf 90' lang='lat' dir='ltr'><strong>quominus</strong></span> <span class='ocrx_word' id='word_1_520' title='bbox 3425 2010 3625 2065; x_wconf 85' lang='lat' dir='ltr'><strong>veritas</strong></span> <span class='ocrx_word' id='word_1_521' title='bbox 3663 2012 3730 2067; x_wconf 86' lang='lat' dir='ltr'><strong>ab</strong></span> <span class='ocrx_word' id='word_1_522' title='bbox 3766 2014 3943 2068; x_wconf 87' lang='lat' dir='ltr'><strong>inimi-</strong></span> 
     </span>
    </p>
   </div>
   <div class='ocr_carea' id='block_1_78' title="bbox 2390 2098 3946 2176">
    <p class='ocr_par' dir='ltr' id='par_1_78' title="bbox 2390 2098 3946 2176">
     <span class='ocr_line' id='line_1_79' title="bbox 2390 2098 3946 2176; baseline 0.008 -27"><span class='ocrx_word' id='word_1_523' title='bbox 2390 2098 2467 2150; x_wconf 88' lang='lat' dir='ltr'><strong>cis</strong></span> <span class='ocrx_word' id='word_1_524' title='bbox 2512 2111 2699 2153; x_wconf 87' lang='lat' dir='ltr'><strong>eversa</strong></span> <span class='ocrx_word' id='word_1_525' title='bbox 2746 2107 2967 2167; x_wconf 88' lang='lat' dir='ltr'><strong>pereat,</strong></span> <span class='ocrx_word' id='word_1_526' title='bbox 3021 2113 3083 2151; x_wconf 92' lang='lat' dir='ltr'><strong>ac</strong></span> <span class='ocrx_word' id='word_1_527' title='bbox 3136 2103 3600 2157; x_wconf 89' lang='lat' dir='ltr'><strong>condemnatiouis</strong></span> <span class='ocrx_word' id='word_1_528' title='bbox 3648 2106 3946 2176; x_wconf 90' lang='lat' dir='ltr'><strong>participes</strong></span> 
     </span>
    </p>
   </div>
   <div class='ocr_carea' id='block_1_79' title="bbox 2392 2186 3948 2268">
    <p class='ocr_par' dir='ltr' id='par_1_79' title="bbox 2392 2186 3948 2268">
     <span class='ocr_line' id='line_1_80' title="bbox 2392 2186 3948 2268; baseline 0.011 -31"><span class='ocrx_word' id='word_1_529' title='bbox 2392 2186 2596 2242; x_wconf 85' lang='lat' dir='ltr'><strong>futuros</strong></span> <span class='ocrx_word' id='word_1_530' title='bbox 2645 2192 2733 2258; x_wconf 90' lang='lat' dir='ltr'><strong>qui</strong></span> <span class='ocrx_word' id='word_1_531' title='bbox 2769 2191 2834 2245; x_wconf 91' lang='lat' dir='ltr'><strong>ad</strong></span> <span class='ocrx_word' id='word_1_532' title='bbox 2880 2189 3240 2246; x_wconf 87' lang='lat' dir='ltr'><strong>Ecclesiarnm</strong></span> <span class='ocrx_word' id='word_1_533' title='bbox 3274 2191 3948 2268; x_wconf 40' lang='lat' dir='ltr'><strong>conjunctionem’conSpio</strong></span> 
     </span>
    </p>
   </div>
   <div class='ocr_carea' id='block_1_80' title="bbox 2392 2280 3947 2354">
    <p class='ocr_par' dir='ltr' id='par_1_80' title="bbox 2392 2280 3947 2354">
     <span class='ocr_line' id='line_1_81' title="bbox 2392 2280 3947 2354; baseline 0.009 -25"><span class='ocrx_word' id='word_1_534' title='bbox 2392 2294 2510 2333; x_wconf 87' lang='lat' dir='ltr'><strong>rare</strong></span> <span class='ocrx_word' id='word_1_535' title='bbox 2534 2280 2824 2336; x_wconf 89' lang='lat' dir='ltr'><strong>noluerint.</strong></span> <span class='ocrx_word' id='word_1_536' title='bbox 2849 2282 3023 2352; x_wconf 83' lang='lat' dir='ltr'><strong>Rogat</strong></span> <span class='ocrx_word' id='word_1_537' title='bbox 3051 2291 3254 2349; x_wconf 88' lang='lat' dir='ltr'><strong>autem,</strong></span> <span class='ocrx_word' id='word_1_538' title='bbox 3288 2292 3346 2337; x_wconf 90' lang='lat' dir='ltr'><strong>ut</strong></span> <span class='ocrx_word' id='word_1_539' title='bbox 3381 2284 3519 2340; x_wconf 91' lang='lat' dir='ltr'><strong>hanc</strong></span> <span class='ocrx_word' id='word_1_540' title='bbox 3549 2290 3857 2354; x_wconf 87' lang='lat' dir='ltr'><strong>opinionem</strong></span> <span class='ocrx_word' id='word_1_541' title='bbox 3884 2306 3947 2343; x_wconf 81' lang='lat' dir='ltr'><strong>ex</strong></span> 
     </span>
    </p>
   </div>
   <div class='ocr_carea' id='block_1_81' title="bbox 2389 2370 3943 2441">
    <p class='ocr_par' dir='ltr' id='par_1_81' title="bbox 2389 2370 3943 2441">
     <span class='ocr_line' id='line_1_82' title="bbox 2389 2370 3943 2441; baseline 0.008 -22"><span class='ocrx_word' id='word_1_542' title='bbox 2389 2370 2573 2425; x_wconf 91' lang='lat' dir='ltr'><strong>animo</strong></span> <span class='ocrx_word' id='word_1_543' title='bbox 2605 2372 2874 2441; x_wconf 89' lang='lat' dir='ltr'><strong>projiciat,</strong></span> <span class='ocrx_word' id='word_1_544' title='bbox 2899 2389 2956 2430; x_wconf 91' lang='lat' dir='ltr'><strong>se</strong></span> <span class='ocrx_word' id='word_1_545' title='bbox 2986 2375 3212 2430; x_wconf 88' lang='lat' dir='ltr'><strong>aliorum</strong></span> <span class='ocrx_word' id='word_1_546' title='bbox 3249 2376 3627 2431; x_wconf 90' lang='lat' dir='ltr'><strong>communione</strong></span> <span class='ocrx_word' id='word_1_547' title='bbox 3661 2394 3767 2433; x_wconf 92' lang='lat' dir='ltr'><strong>non</strong></span> <span class='ocrx_word' id='word_1_548' title='bbox 3804 2381 3943 2432; x_wconf 87' lang='lat' dir='ltr'><strong>indi-</strong></span> 
     </span>
    </p>
   </div>
   <div class='ocr_carea' id='block_1_82' title="bbox 2388 2460 3946 2534">
    <p class='ocr_par' dir='ltr' id='par_1_82' title="bbox 2388 2460 3946 2534">
     <span class='ocr_line' id='line_1_83' title="bbox 2388 2460 3946 2534; baseline 0.007 -22"><span class='ocrx_word' id='word_1_549' title='bbox 2388 2475 2536 2528; x_wconf 85' lang='lat' dir='ltr'><strong>gere.</strong></span> <span class='ocrx_word' id='word_1_550' title='bbox 2590 2460 2642 2514; x_wconf 92' lang='lat' dir='ltr'><strong>Id</strong></span> <span class='ocrx_word' id='word_1_551' title='bbox 2674 2463 2815 2515; x_wconf 88' lang='lat' dir='ltr'><strong>enim</strong></span> <span class='ocrx_word' id='word_1_552' title='bbox 2848 2473 2902 2517; x_wconf 91' lang='lat' dir='ltr'><strong>et</strong></span> <span class='ocrx_word' id='word_1_553' title='bbox 2932 2466 3185 2520; x_wconf 84' lang='lat' dir='ltr'><strong>cliaritati</strong></span> <span class='ocrx_word' id='word_1_554' title='bbox 3238 2468 3571 2523; x_wconf 87' lang='lat' dir='ltr'><strong>contrarium</strong></span> <span class='ocrx_word' id='word_1_555' title='bbox 3601 2484 3740 2534; x_wconf 86' lang='lat' dir='ltr'><strong>esse,</strong></span> <span class='ocrx_word' id='word_1_556' title='bbox 3764 2481 3822 2525; x_wconf 87' lang='lat' dir='ltr'><strong>et</strong></span> <span class='ocrx_word' id='word_1_557' title='bbox 3852 2472 3946 2525; x_wconf 82' lang='lat' dir='ltr'><strong>lio-</strong></span> 
     </span>
    </p>
   </div>
   <div class='ocr_carea' id='block_1_83' title="bbox 2390 2552 3944 2631">
    <p class='ocr_par' dir='ltr' id='par_1_83' title="bbox 2390 2552 3944 2631">
     <span class='ocr_line' id='line_1_84' title="bbox 2390 2552 3944 2631; baseline 0.008 -28"><span class='ocrx_word' id='word_1_558' title='bbox 2390 2552 2548 2606; x_wconf 85' lang='lat' dir='ltr'><strong>minis</strong></span> <span class='ocrx_word' id='word_1_559' title='bbox 2574 2568 2678 2607; x_wconf 90' lang='lat' dir='ltr'><strong>non</strong></span> <span class='ocrx_word' id='word_1_560' title='bbox 2710 2556 3000 2625; x_wconf 82' lang='lat' dir='ltr'><strong>cogitantis</strong></span> <span class='ocrx_word' id='word_1_561' title='bbox 3026 2596 3041 2621; x_wconf 91' lang='lat'><strong>,</strong></span> <span class='ocrx_word' id='word_1_562' title='bbox 3081 2558 3198 2611; x_wconf 84' lang='lat' dir='ltr'><strong>belli</strong></span> <span class='ocrx_word' id='word_1_563' title='bbox 3235 2560 3429 2613; x_wconf 84' lang='lat' dir='ltr'><strong>malum</strong></span> <span class='ocrx_word' id='word_1_564' title='bbox 3460 2600 3475 2625; x_wconf 92' lang='lat'><strong>,</strong></span> <span class='ocrx_word' id='word_1_565' title='bbox 3508 2564 3642 2631; x_wconf 86' lang='lat' dir='ltr'><strong>quod</strong></span> <span class='ocrx_word' id='word_1_566' title='bbox 3673 2564 3727 2615; x_wconf 88' lang='lat' dir='ltr'><strong>in</strong></span> <span class='ocrx_word' id='word_1_567' title='bbox 3767 2565 3944 2616; x_wconf 85' lang='lat' dir='ltr'><strong>orbem</strong></span> 
     </span>
    </p>
   </div>
   <div class='ocr_carea' id='block_1_84' title="bbox 2389 2644 3947 2719">
    <p class='ocr_par' dir='ltr' id='par_1_84' title="bbox 2389 2644 3947 2719">
     <span class='ocr_line' id='line_1_85' title="bbox 2389 2644 3947 2719; baseline 0.008 -25"><span class='ocrx_word' id='word_1_568' title='bbox 2389 2644 2782 2713; x_wconf 84' lang='lat' dir='ltr'><strong>circumagitur,</strong></span> <span class='ocrx_word' id='word_1_569' title='bbox 2815 2646 2867 2700; x_wconf 93' lang='lat' dir='ltr'><strong>in</strong></span> <span class='ocrx_word' id='word_1_570' title='bbox 2923 2646 3316 2719; x_wconf 89' lang='lat' dir='ltr'><strong>Cappadociam</strong></span> <span class='ocrx_word' id='word_1_571' title='bbox 3376 2666 3440 2706; x_wconf 90' lang='lat' dir='ltr'><strong>ac</strong></span> <span class='ocrx_word' id='word_1_572' title='bbox 3493 2652 3723 2707; x_wconf 90' lang='lat' dir='ltr'><strong>Pontum</strong></span> <span class='ocrx_word' id='word_1_573' title='bbox 3778 2655 3947 2709; x_wconf 88' lang='lat' dir='ltr'><strong>etiam</strong></span> 
     </span>
    </p>
   </div>
   <div class='ocr_carea' id='block_1_85' title="bbox 2392 2746 2794 2805">
    <p class='ocr_par' dir='ltr' id='par_1_85' title="bbox 2392 2746 2794 2805">
     <span class='ocr_line' id='line_1_86' title="bbox 2392 2746 2794 2805; baseline 0.015 -20"><span class='ocrx_word' id='word_1_574' title='bbox 2392 2746 2794 2805; x_wconf 86' lang='lat' dir='ltr'><strong>perventurum.</strong></span> 
     </span>
    </p>
   </div>
   <div class='ocr_carea' id='block_1_86' title="bbox 2460 2827 3946 2904">
    <p class='ocr_par' dir='ltr' id='par_1_86' title="bbox 2460 2827 3946 2904">
     <span class='ocr_line' id='line_1_87' title="bbox 2460 2827 3946 2904; baseline 0.007 -23"><span class='ocrx_word' id='word_1_575' title='bbox 2460 2827 2670 2897; x_wconf 90' lang='lat' dir='ltr'><strong>Scripta</strong></span> <span class='ocrx_word' id='word_1_576' title='bbox 2709 2845 2836 2900; x_wconf 89' lang='lat' dir='ltr'><strong>ergo</strong></span> <span class='ocrx_word' id='word_1_577' title='bbox 2873 2832 2989 2886; x_wconf 76' lang='lat' dir='ltr'><strong>lucc</strong></span> <span class='ocrx_word' id='word_1_578' title='bbox 3042 2834 3278 2902; x_wconf 89' lang='lat' dir='ltr'><strong>epistola</strong></span> <span class='ocrx_word' id='word_1_579' title='bbox 3306 2877 3320 2900; x_wconf 94' lang='lat'><strong>,</strong></span> <span class='ocrx_word' id='word_1_580' title='bbox 3373 2846 3654 2903; x_wconf 90' lang='lat' dir='ltr'><strong>antequam</strong></span> <span class='ocrx_word' id='word_1_581' title='bbox 3705 2837 3905 2891; x_wconf 90' lang='lat' dir='ltr'><strong>bellum</strong></span> <span class='ocrx_word' id='word_1_582' title='bbox 3933 2879 3946 2904; x_wconf 95' lang='lat'><strong>,</strong></span> 
     </span>
    </p>
   </div>
   <div class='ocr_carea' id='block_1_87' title="bbox 2388 2918 3951 2995">
    <p class='ocr_par' dir='ltr' id='par_1_87' title="bbox 2388 2918 3951 2995">
     <span class='ocr_line' id='line_1_88' title="bbox 2388 2918 3951 2995; baseline 0.009 -27"><span class='ocrx_word' id='word_1_583' title='bbox 2388 2918 2529 2984; x_wconf 89' lang='lat' dir='ltr'><strong>quod</strong></span> <span class='ocrx_word' id='word_1_584' title='bbox 2562 2921 2845 2983; x_wconf 91' lang='lat' dir='ltr'><strong>circuibat,</strong></span> <span class='ocrx_word' id='word_1_585' title='bbox 2877 2922 3579 2995; x_wconf 86' lang='lat' dir='ltr'><strong>Cappadociamattigisset;</strong></span> <span class='ocrx_word' id='word_1_586' title='bbox 3606 2941 3726 2980; x_wconf 92' lang='lat' dir='ltr'><strong>cum</strong></span> <span class='ocrx_word' id='word_1_587' title='bbox 3754 2926 3951 2983; x_wconf 83' lang='lat' dir='ltr'><strong>Valens</strong></span> 
     </span>
    </p>
   </div>
   <div class='ocr_carea' id='block_1_88' title="bbox 2383 3006 3950 3089">
    <p class='ocr_par' dir='ltr' id='par_1_88' title="bbox 2383 3006 3950 3089">
     <span class='ocr_line' id='line_1_89' title="bbox 2383 3006 3950 3089; baseline 0.01 -31"><span class='ocrx_word' id='word_1_588' title='bbox 2383 3006 2492 3074; x_wconf 85' lang='lat' dir='ltr'><strong>jam</strong></span> <span class='ocrx_word' id='word_1_589' title='bbox 2521 3009 2717 3063; x_wconf 88' lang='lat' dir='ltr'><strong>multas</strong></span> <span class='ocrx_word' id='word_1_590' title='bbox 2746 3011 2969 3067; x_wconf 89' lang='lat' dir='ltr'><strong>vicisset</strong></span> <span class='ocrx_word' id='word_1_591' title='bbox 3010 3013 3307 3081; x_wconf 85' lang='lat' dir='ltr'><strong>Ecclesias,</strong></span> <span class='ocrx_word' id='word_1_592' title='bbox 3346 3025 3402 3071; x_wconf 89' lang='lat' dir='ltr'><strong>et</strong></span> <span class='ocrx_word' id='word_1_593' title='bbox 3431 3017 3829 3089; x_wconf 88' lang='lat' dir='ltr'><strong>Cappadociam</strong></span> <span class='ocrx_word' id='word_1_594' title='bbox 3860 3035 3950 3089; x_wconf 84' lang='lat' dir='ltr'><strong>op-</strong></span> 
     </span>
    </p>
   </div>
   <div class='ocr_carea' id='block_1_89' title="bbox 2390 3100 3948 3179">
    <p class='ocr_par' dir='ltr' id='par_1_89' title="bbox 2390 3100 3948 3179">
     <span class='ocr_line' id='line_1_90' title="bbox 2390 3100 3948 3179; baseline 0.008 -29"><span class='ocrx_word' id='word_1_595' title='bbox 2390 3109 2718 3167; x_wconf 88' lang='lat' dir='ltr'><strong>pugnaturus</strong></span> <span class='ocrx_word' id='word_1_596' title='bbox 2768 3100 3057 3167; x_wconf 86' lang='lat' dir='ltr'><strong>videretur,</strong></span> <span class='ocrx_word' id='word_1_597' title='bbox 3116 3108 3208 3160; x_wconf 88' lang='lat' dir='ltr'><strong>sed</strong></span> <span class='ocrx_word' id='word_1_598' title='bbox 3272 3110 3505 3162; x_wconf 91' lang='lat' dir='ltr'><strong>nondum</strong></span> <span class='ocrx_word' id='word_1_599' title='bbox 3557 3120 3948 3179; x_wconf 82' lang='lat' dir='ltr'><strong>oppugnasset.</strong></span> 
     </span>
    </p>
   </div>
   <div class='ocr_carea' id='block_1_90' title="bbox 2390 3188 3951 3265">
    <p class='ocr_par' dir='ltr' id='par_1_90' title="bbox 2390 3188 3951 3265">
     <span class='ocr_line' id='line_1_91' title="bbox 2390 3188 3951 3265; baseline 0.006 -22"><span class='ocrx_word' id='word_1_600' title='bbox 2390 3188 2659 3246; x_wconf 57' lang='lat' dir='ltr'><strong>Praeterea</strong></span> <span class='ocrx_word' id='word_1_601' title='bbox 2690 3208 2810 3247; x_wconf 91' lang='lat' dir='ltr'><strong>cum</strong></span> <span class='ocrx_word' id='word_1_602' title='bbox 2841 3196 3119 3250; x_wconf 83' lang='lat' dir='ltr'><strong>Atarbium</strong></span> <span class='ocrx_word' id='word_1_603' title='bbox 3148 3199 3345 3252; x_wconf 84' lang='lat' dir='ltr'><strong>salutet</strong></span> <span class='ocrx_word' id='word_1_604' title='bbox 3368 3200 3615 3265; x_wconf 87' lang='lat' dir='ltr'><strong>Basilius,</strong></span> <span class='ocrx_word' id='word_1_605' title='bbox 3640 3211 3696 3254; x_wconf 93' lang='lat' dir='ltr'><strong>ut</strong></span> <span class='ocrx_word' id='word_1_606' title='bbox 3720 3202 3951 3258; x_wconf 88' lang='lat' dir='ltr'><strong>fratrem</strong></span> 
     </span>
    </p>
   </div>
   <div class='ocr_carea' id='block_1_91' title="bbox 2394 3281 3951 3355">
    <p class='ocr_par' dir='ltr' id='par_1_91' title="bbox 2394 3281 3951 3355">
     <span class='ocr_line' id='line_1_92' title="bbox 2394 3281 3951 3355; baseline 0.012 -24"><span class='ocrx_word' id='word_1_607' title='bbox 2394 3281 2697 3336; x_wconf 88' lang='lat' dir='ltr'><strong>unanimem</strong></span> <span class='ocrx_word' id='word_1_608' title='bbox 2726 3294 2778 3337; x_wconf 92' lang='lat' dir='ltr'><strong>et</strong></span> <span class='ocrx_word' id='word_1_609' title='bbox 2807 3285 2871 3338; x_wconf 89' lang='lat' dir='ltr'><strong>de</strong></span> <span class='ocrx_word' id='word_1_610' title='bbox 2903 3287 3003 3341; x_wconf 77' lang='lat' dir='ltr'><strong>title</strong></span> <span class='ocrx_word' id='word_1_611' title='bbox 3040 3297 3183 3342; x_wconf 90' lang='lat' dir='ltr'><strong>recte</strong></span> <span class='ocrx_word' id='word_1_612' title='bbox 3214 3290 3533 3344; x_wconf 87' lang='lat' dir='ltr'><strong>sentientem</strong></span> <span class='ocrx_word' id='word_1_613' title='bbox 3561 3309 3573 3355; x_wconf 87' lang='lat'><strong>;</strong></span> <span class='ocrx_word' id='word_1_614' title='bbox 3630 3292 3951 3349; x_wconf 87' lang='lat' dir='ltr'><strong>collocanda</strong></span> 
     </span>
    </p>
   </div>
   <div class='ocr_carea' id='block_1_92' title="bbox 2395 3374 3954 3451">
    <p class='ocr_par' dir='ltr' id='par_1_92' title="bbox 2395 3374 3954 3451">
     <span class='ocr_line' id='line_1_93' title="bbox 2395 3374 3954 3451; baseline 0.007 -25"><span class='ocrx_word' id='word_1_615' title='bbox 2395 3374 2507 3429; x_wconf 68' lang='lat' dir='ltr'><strong>lucc</strong></span> <span class='ocrx_word' id='word_1_616' title='bbox 2532 3376 2753 3443; x_wconf 89' lang='lat' dir='ltr'><strong>cpistola</strong></span> <span class='ocrx_word' id='word_1_617' title='bbox 2786 3386 2909 3431; x_wconf 90' lang='lat' dir='ltr'><strong>ante</strong></span> <span class='ocrx_word' id='word_1_618' title='bbox 2935 3394 3133 3433; x_wconf 90' lang='lat' dir='ltr'><strong>annum</strong></span> <span class='ocrx_word' id='word_1_619' title='bbox 3162 3381 3286 3446; x_wconf 78' lang='grc'><strong>575,</strong></span> <span class='ocrx_word' id='word_1_620' title='bbox 3316 3382 3649 3451; x_wconf 57' lang='lat' dir='ltr'><strong>an&#39;Atarbii</strong></span> <span class='ocrx_word' id='word_1_621' title='bbox 3681 3385 3954 3440; x_wconf 88' lang='lat' dir='ltr'><strong>acerbitas</strong></span> 
     </span>
    </p>
   </div>
   <div class='ocr_carea' id='block_1_93' title="bbox 2394 3463 3953 3540">
    <p class='ocr_par' dir='ltr' id='par_1_93' title="bbox 2394 3463 3953 3540">
     <span class='ocr_line' id='line_1_94' title="bbox 2394 3463 3953 3540; baseline 0.008 -27"><span class='ocrx_word' id='word_1_622' title='bbox 2394 3463 2444 3514; x_wconf 79' lang='lat' dir='ltr'><strong>in</strong></span> <span class='ocrx_word' id='word_1_623' title='bbox 2494 3464 2750 3520; x_wconf 82' lang='lat' dir='ltr'><strong>Basilium</strong></span> <span class='ocrx_word' id='word_1_624' title='bbox 2781 3472 2979 3537; x_wconf 84' lang='lat' dir='ltr'><strong>erupit,</strong></span> <span class='ocrx_word' id='word_1_625' title='bbox 3018 3470 3240 3540; x_wconf 85' lang='lat' dir='ltr'><strong>ejusque</strong></span> <span class='ocrx_word' id='word_1_626' title='bbox 3283 3470 3413 3527; x_wconf 85' lang='lat' dir='ltr'><strong>fides</strong></span> <span class='ocrx_word' id='word_1_627' title='bbox 3454 3472 3611 3529; x_wconf 91' lang='lat' dir='ltr'><strong>malis</strong></span> <span class='ocrx_word' id='word_1_628' title='bbox 3642 3475 3953 3529; x_wconf 84' lang='lat' dir='ltr'><strong>rumoribus</strong></span> 
     </span>
    </p>
   </div>
   <div class='ocr_carea' id='block_1_94' title="bbox 2390 3552 2657 3623">
    <p class='ocr_par' dir='ltr' id='par_1_94' title="bbox 2390 3552 2657 3623">
     <span class='ocr_line' id='line_1_95' title="bbox 2390 3552 2657 3623; baseline 0.015 -19"><span class='ocrx_word' id='word_1_629' title='bbox 2390 3552 2657 3623; x_wconf 86' lang='lat' dir='ltr'><strong>ﬂagravit.</strong></span> 
     </span>
    </p>
   </div>
   <div class='ocr_carea' id='block_1_95' title="bbox 2945 3668 3382 3725">
    <p class='ocr_par' dir='ltr' id='par_1_95' title="bbox 2945 3668 3382 3725">
     <span class='ocr_line' id='line_1_96' title="bbox 2945 3668 3382 3725; baseline 0.005 -4"><span class='ocrx_word' id='word_1_630' title='bbox 2945 3668 3170 3723; x_wconf 75' lang='lat' dir='ltr'><strong>CAPUT</strong></span> <span class='ocrx_word' id='word_1_631' title='bbox 3223 3670 3382 3725; x_wconf 74' lang='lat' dir='ltr'><strong>XVII.</strong></span> 
     </span>
    </p>
   </div>
   <div class='ocr_carea' id='block_1_96' title="bbox 2392 3750 3954 3828">
    <p class='ocr_par' dir='ltr' id='par_1_96' title="bbox 2392 3750 3954 3828">
     <span class='ocr_line' id='line_1_97' title="bbox 2392 3750 3954 3828; baseline 0.006 -24"><span class='ocrx_word' id='word_1_632' title='bbox 2392 3750 2428 3804; x_wconf 88' lang='lat' dir='ltr'><strong>I.</strong></span> <span class='ocrx_word' id='word_1_633' title='bbox 2548 3752 2779 3828; x_wconf 73' lang='lat' dir='ltr'><strong>Basilius</strong></span> <span class='ocrx_word' id='word_1_634' title='bbox 2812 3753 3101 3809; x_wconf 81' lang='lat' dir='ltr'><strong>Ecclesium</strong></span> <span class='ocrx_word' id='word_1_635' title='bbox 3128 3775 3315 3823; x_wconf 85' lang='lat' dir='ltr'><strong>pacare</strong></span> <span class='ocrx_word' id='word_1_636' title='bbox 3346 3760 3665 3828; x_wconf 78' lang='lat' dir='ltr'><strong>aggreditur.</strong></span> <span class='ocrx_word' id='word_1_637' title='bbox 3708 3758 3772 3813; x_wconf 86' lang='grc'><strong>11.</strong></span> <span class='ocrx_word' id='word_1_638' title='bbox 3808 3760 3954 3815; x_wconf 80' lang='lat' dir='ltr'><strong>Con-</strong></span> 
     </span>
    </p>
   </div>
   <div class='ocr_carea' id='block_1_97' title="bbox 2461 3825 3951 3894">
    <p class='ocr_par' dir='ltr' id='par_1_97' title="bbox 2461 3825 3951 3894">
     <span class='ocr_line' id='line_1_98' title="bbox 2461 3825 3951 3894; baseline 0.005 -19"><span class='ocrx_word' id='word_1_639' title='bbox 2461 3825 2595 3893; x_wconf 74' lang='lat' dir='ltr'><strong>fugit</strong></span> <span class='ocrx_word' id='word_1_640' title='bbox 2630 3827 2695 3876; x_wconf 83' lang='lat' dir='ltr'><strong>ad</strong></span> <span class='ocrx_word' id='word_1_641' title='bbox 2728 3826 2789 3880; x_wconf 87' lang='lat' dir='ltr'><strong>S.</strong></span> <span class='ocrx_word' id='word_1_642' title='bbox 2830 3828 3193 3892; x_wconf 79' lang='lat' dir='ltr'><strong>Athanasium,</strong></span> <span class='ocrx_word' id='word_1_643' title='bbox 3227 3825 3664 3882; x_wconf 45' lang='lat' dir='ltr'><strong>niisso&#39;DorOIIteo</strong></span> <span class='ocrx_word' id='word_1_644' title='bbox 3694 3831 3951 3894; x_wconf 80' lang='lat' dir='ltr'><strong>diacono,</strong></span> 
     </span>
    </p>
   </div>
   <div class='ocr_carea' id='block_1_98' title="bbox 2462 3895 3955 3968">
    <p class='ocr_par' dir='ltr' id='par_1_98' title="bbox 2462 3895 3955 3968">
     <span class='ocr_line' id='line_1_99' title="bbox 2462 3895 3955 3968; baseline 0.006 -23"><span class='ocrx_word' id='word_1_645' title='bbox 2462 3904 2515 3945; x_wconf 86' lang='lat' dir='ltr'><strong>ut</strong></span> <span class='ocrx_word' id='word_1_646' title='bbox 2557 3896 2811 3968; x_wconf 79' lang='lat' dir='ltr'><strong>auxilium</strong></span> <span class='ocrx_word' id='word_1_647' title='bbox 2832 3899 2893 3968; x_wconf 65' lang='grc' dir='ltr'>(ιι)</span> <span class='ocrx_word' id='word_1_648' title='bbox 2924 3895 3198 3951; x_wconf 78' lang='lat' dir='ltr'><strong>Occidente</strong></span> <span class='ocrx_word' id='word_1_649' title='bbox 3227 3900 3544 3968; x_wconf 72' lang='lat' dir='ltr'><strong>impetratur.</strong></span> <span class='ocrx_word' id='word_1_650' title='bbox 3576 3898 3661 3955; x_wconf 87' lang='lat' dir='ltr'><strong>Ill.</strong></span> <span class='ocrx_word' id='word_1_651' title='bbox 3695 3900 3736 3954; x_wconf 80' lang='lat' dir='ltr'><strong>S</strong></span> <span class='ocrx_word' id='word_1_652' title='bbox 3790 3904 3955 3954; x_wconf 78' lang='lat' dir='ltr'><strong>Atha-</strong></span> 
     </span>
    </p>
   </div>
   <div class='ocr_carea' id='block_1_99' title="bbox 2460 3966 3959 4037">
    <p class='ocr_par' dir='ltr' id='par_1_99' title="bbox 2460 3966 3959 4037">
     <span class='ocr_line' id='line_1_100' title="bbox 2460 3966 3959 4037; baseline 0.003 -22"><span class='ocrx_word' id='word_1_653' title='bbox 2460 3966 2636 4037; x_wconf 66' lang='lat' dir='ltr'><strong>nasius</strong></span> <span class='ocrx_word' id='word_1_654' title='bbox 2661 3966 2816 4017; x_wconf 79' lang='lat' dir='ltr'><strong>mittit</strong></span> <span class='ocrx_word' id='word_1_655' title='bbox 2850 3966 3063 4019; x_wconf 83' lang='lat' dir='ltr'><strong>Petrum</strong></span> <span class='ocrx_word' id='word_1_656' title='bbox 3082 3966 3427 4037; x_wconf 82' lang='lat' dir='ltr'><strong>presbyterum</strong></span> <span class='ocrx_word' id='word_1_657' title='bbox 3460 3972 3511 4020; x_wconf 88' lang='lat' dir='ltr'><strong>in</strong></span> <span class='ocrx_word' id='word_1_658' title='bbox 3534 3970 3959 4035; x_wconf 80' lang='lat' dir='ltr'><strong>Cappadociam.</strong></span> 
     </span>
    </p>
   </div>
   <div class='ocr_carea' id='block_1_100' title="bbox 2463 4032 3955 4093">
    <p class='ocr_par' dir='ltr' id='par_1_100' title="bbox 2463 4032 3955 4093">
     <span class='ocr_line' id='line_1_101' title="bbox 2463 4032 3955 4093; baseline 0.004 -9"><span class='ocrx_word' id='word_1_659' title='bbox 2463 4032 2551 4085; x_wconf 83' lang='lat' dir='ltr'><strong>IV.</strong></span> <span class='ocrx_word' id='word_1_660' title='bbox 2589 4033 2778 4087; x_wconf 73' lang='lat' dir='ltr'><strong>Basilii</strong></span> <span class='ocrx_word' id='word_1_661' title='bbox 2835 4037 3020 4089; x_wconf 71' lang='lat' dir='ltr'><strong>littera:</strong></span> <span class='ocrx_word' id='word_1_662' title='bbox 3068 4032 3134 4087; x_wconf 79' lang='lat' dir='ltr'><strong>ad</strong></span> <span class='ocrx_word' id='word_1_663' title='bbox 3181 4032 3441 4091; x_wconf 69' lang='lat' dir='ltr'><strong>Mcletimu</strong></span> <span class='ocrx_word' id='word_1_664' title='bbox 3478 4050 3524 4091; x_wconf 86' lang='lat' dir='ltr'><strong>et</strong></span> <span class='ocrx_word' id='word_1_665' title='bbox 3559 4032 3625 4090; x_wconf 78' lang='lat' dir='ltr'><strong>uti</strong></span> <span class='ocrx_word' id='word_1_666' title='bbox 3646 4032 3955 4093; x_wconf 78' lang='lat' dir='ltr'><strong>Damasum</strong></span> 
     </span>
    </p>
   </div>
   <div class='ocr_carea' id='block_1_101' title="bbox 2458 4104 3954 4168">
    <p class='ocr_par' dir='ltr' id='par_1_101' title="bbox 2458 4104 3954 4168">
     <span class='ocr_line' id='line_1_102' title="bbox 2458 4104 3954 4168; baseline 0.006 -16"><span class='ocrx_word' id='word_1_667' title='bbox 2458 4118 2666 4168; x_wconf 81' lang='lat' dir='ltr'><strong>papam.</strong></span> <span class='ocrx_word' id='word_1_668' title='bbox 2695 4104 2891 4155; x_wconf 83' lang='lat' dir='ltr'><strong>Iterum</strong></span> <span class='ocrx_word' id='word_1_669' title='bbox 2916 4106 3141 4156; x_wconf 86' lang='lat' dir='ltr'><strong>mittitur</strong></span> <span class='ocrx_word' id='word_1_670' title='bbox 3169 4107 3538 4160; x_wconf 51' lang='lat' dir='ltr'><strong>.-Ilc.rautlr.‘ant</strong></span> <span class='ocrx_word' id='word_1_671' title='bbox 3570 4109 3867 4162; x_wconf 68' lang='lat' dir='ltr'><strong>Dorotlieus</strong></span> <span class='ocrx_word' id='word_1_672' title='bbox 3900 4118 3954 4161; x_wconf 86' lang='lat' dir='ltr'><strong>ut</strong></span> 
     </span>
    </p>
   </div>
   <div class='ocr_carea' id='block_1_102' title="bbox 2459 4172 3230 4238">
    <p class='ocr_par' dir='ltr' id='par_1_102' title="bbox 2459 4172 3230 4238">
     <span class='ocr_line' id='line_1_103' title="bbox 2459 4172 3230 4238; baseline 0.01 -18"><span class='ocrx_word' id='word_1_673' title='bbox 2459 4174 2576 4223; x_wconf 81' lang='lat' dir='ltr'><strong>inde</strong></span> <span class='ocrx_word' id='word_1_674' title='bbox 2603 4172 2822 4225; x_wconf 71' lang='lat' dir='ltr'><strong>[lernam</strong></span> <span class='ocrx_word' id='word_1_675' title='bbox 2851 4175 3230 4238; x_wconf 74' lang='lat' dir='ltr'><strong>proficiscatur.</strong></span> 
     </span>
    </p>
   </div>
   <div class='ocr_carea' id='block_1_103' title="bbox 2456 4278 3957 4349">
    <p class='ocr_par' dir='ltr' id='par_1_103' title="bbox 2456 4278 3957 4349">
     <span class='ocr_line' id='line_1_104' title="bbox 2456 4278 3957 4349; baseline 0.001 -16"><span class='ocrx_word' id='word_1_676' title='bbox 2456 4278 2497 4333; x_wconf 91' lang='lat' dir='ltr'><strong>l.</strong></span> <span class='ocrx_word' id='word_1_677' title='bbox 2523 4278 2596 4349; x_wconf 75' lang='lat' dir='ltr'><strong>(It)</strong></span> <span class='ocrx_word' id='word_1_678' title='bbox 2620 4279 2932 4335; x_wconf 88' lang='lat' dir='ltr'><strong>Domesticis</strong></span> <span class='ocrx_word' id='word_1_679' title='bbox 2951 4279 3109 4335; x_wconf 86' lang='lat' dir='ltr'><strong>rebus</strong></span> <span class='ocrx_word' id='word_1_680' title='bbox 3130 4296 3192 4334; x_wconf 83' lang='lat' dir='ltr'><strong>ex</strong></span> <span class='ocrx_word' id='word_1_681' title='bbox 3216 4282 3476 4336; x_wconf 90' lang='lat' dir='ltr'><strong>sententia</strong></span> <span class='ocrx_word' id='word_1_682' title='bbox 3498 4280 3816 4349; x_wconf 88' lang='lat' dir='ltr'><strong>compositis</strong></span> <span class='ocrx_word' id='word_1_683' title='bbox 3837 4298 3957 4336; x_wconf 90' lang='lat' dir='ltr'><strong>ma-</strong></span> 
     </span>
    </p>
   </div>
   <div class='ocr_carea' id='block_1_104' title="bbox 2382 4368 3955 4441">
    <p class='ocr_par' dir='ltr' id='par_1_104' title="bbox 2382 4368 3955 4441">
     <span class='ocr_line' id='line_1_105' title="bbox 2382 4368 3955 4441; baseline 0.003 -18"><span class='ocrx_word' id='word_1_684' title='bbox 2382 4368 2499 4439; x_wconf 86' lang='lat' dir='ltr'><strong>jora</strong></span> <span class='ocrx_word' id='word_1_685' title='bbox 2535 4369 2755 4424; x_wconf 89' lang='lat' dir='ltr'><strong>consilia</strong></span> <span class='ocrx_word' id='word_1_686' title='bbox 2782 4370 3011 4424; x_wconf 87' lang='lat' dir='ltr'><strong>Basilius</strong></span> <span class='ocrx_word' id='word_1_687' title='bbox 3036 4371 3363 4441; x_wconf 79' lang='lat' dir='ltr'><strong>aggreditur.</strong></span> <span class='ocrx_word' id='word_1_688' title='bbox 3398 4370 3489 4425; x_wconf 87' lang='lat' dir='ltr'><strong>Vir</strong></span> <span class='ocrx_word' id='word_1_689' title='bbox 3516 4380 3708 4425; x_wconf 65' lang='lat' dir='ltr'><strong>caetera</strong></span> <span class='ocrx_word' id='word_1_690' title='bbox 3756 4374 3955 4428; x_wconf 82' lang='lat' dir='ltr'><strong>mode-</strong></span> 
     </span>
    </p>
   </div>
   <div class='ocr_carea' id='block_1_105' title="bbox 2388 4462 3955 4532">
    <p class='ocr_par' dir='ltr' id='par_1_105' title="bbox 2388 4462 3955 4532">
     <span class='ocr_line' id='line_1_106' title="bbox 2388 4462 3955 4532; baseline 0.002 -18"><span class='ocrx_word' id='word_1_691' title='bbox 2388 4471 2538 4516; x_wconf 87' lang='lat' dir='ltr'><strong>ratus</strong></span> <span class='ocrx_word' id='word_1_692' title='bbox 2562 4462 2789 4517; x_wconf 90' lang='lat' dir='ltr'><strong>sublime</strong></span> <span class='ocrx_word' id='word_1_693' title='bbox 2816 4464 3067 4532; x_wconf 81' lang='lat' dir='ltr'><strong>quiddam</strong></span> <span class='ocrx_word' id='word_1_694' title='bbox 3093 4472 3149 4517; x_wconf 91' lang='lat' dir='ltr'><strong>et</strong></span> <span class='ocrx_word' id='word_1_695' title='bbox 3179 4464 3497 4518; x_wconf 86' lang='lat' dir='ltr'><strong>immensum</strong></span> <span class='ocrx_word' id='word_1_696' title='bbox 3540 4465 3722 4519; x_wconf 91' lang='lat' dir='ltr'><strong>animo</strong></span> <span class='ocrx_word' id='word_1_697' title='bbox 3752 4465 3955 4519; x_wconf 87' lang='lat' dir='ltr'><strong>conci-</strong></span> 
     </span>
    </p>
   </div>
   <div class='ocr_carea' id='block_1_106' title="bbox 2382 4552 3956 4624">
    <p class='ocr_par' dir='ltr' id='par_1_106' title="bbox 2382 4552 3956 4624">
     <span class='ocr_line' id='line_1_107' title="bbox 2382 4552 3956 4624; baseline 0.003 -19"><span class='ocrx_word' id='word_1_698' title='bbox 2382 4552 2481 4622; x_wconf 91' lang='lat' dir='ltr'><strong>pit,</strong></span> <span class='ocrx_word' id='word_1_699' title='bbox 2517 4568 2616 4606; x_wconf 87' lang='lat' dir='ltr'><strong>nec</strong></span> <span class='ocrx_word' id='word_1_700' title='bbox 2660 4554 2937 4619; x_wconf 84' lang='lat' dir='ltr'><strong>eliaritati,</strong></span> <span class='ocrx_word' id='word_1_701' title='bbox 2980 4570 3084 4623; x_wconf 88' lang='lat' dir='ltr'><strong>qua</strong></span> <span class='ocrx_word' id='word_1_702' title='bbox 3110 4553 3393 4624; x_wconf 83' lang='lat' dir='ltr'><strong>ﬂagrabat,</strong></span> <span class='ocrx_word' id='word_1_703' title='bbox 3427 4555 3560 4610; x_wconf 88' lang='lat' dir='ltr'><strong>alios</strong></span> <span class='ocrx_word' id='word_1_704' title='bbox 3598 4570 3759 4623; x_wconf 91' lang='lat' dir='ltr'><strong>quam</strong></span> <span class='ocrx_word' id='word_1_705' title='bbox 3800 4554 3956 4610; x_wconf 88' lang='lat' dir='ltr'><strong>orbis</strong></span> 
     </span>
    </p>
   </div>
   <div class='ocr_carea' id='block_1_107' title="bbox 2382 4644 3954 4714">
    <p class='ocr_par' dir='ltr' id='par_1_107' title="bbox 2382 4644 3954 4714">
     <span class='ocr_line' id='line_1_108' title="bbox 2382 4644 3954 4714; baseline 0.002 -18"><span class='ocrx_word' id='word_1_706' title='bbox 2382 4654 2646 4698; x_wconf 89' lang='lat' dir='ltr'><strong>terrarum</strong></span> <span class='ocrx_word' id='word_1_707' title='bbox 2680 4645 2938 4699; x_wconf 88' lang='lat' dir='ltr'><strong>terminos</strong></span> <span class='ocrx_word' id='word_1_708' title='bbox 2967 4646 3285 4714; x_wconf 62' lang='lat' dir='ltr'><strong>praescribit.</strong></span> <span class='ocrx_word' id='word_1_709' title='bbox 3328 4646 3536 4700; x_wconf 91' lang='lat' dir='ltr'><strong>Intimis</strong></span> <span class='ocrx_word' id='word_1_710' title='bbox 3580 4644 3727 4700; x_wconf 91' lang='lat' dir='ltr'><strong>illum</strong></span> <span class='ocrx_word' id='word_1_711' title='bbox 3764 4647 3954 4699; x_wconf 83' lang='lat' dir='ltr'><strong>sensi-</strong></span> 
     </span>
    </p>
   </div>
   <div class='ocr_carea' id='block_1_108' title="bbox 2380 4735 3960 4804">
    <p class='ocr_par' dir='ltr' id='par_1_108' title="bbox 2380 4735 3960 4804">
     <span class='ocr_line' id='line_1_109' title="bbox 2380 4735 3960 4804; baseline 0.002 -16"><span class='ocrx_word' id='word_1_712' title='bbox 2380 4735 2482 4789; x_wconf 89' lang='lat' dir='ltr'><strong>bus</strong></span> <span class='ocrx_word' id='word_1_713' title='bbox 2514 4737 2782 4804; x_wconf 88' lang='lat' dir='ltr'><strong>angebant</strong></span> <span class='ocrx_word' id='word_1_714' title='bbox 2806 4736 3059 4791; x_wconf 73' lang='lat' dir='ltr'><strong>Ecclesiae</strong></span> <span class='ocrx_word' id='word_1_715' title='bbox 3090 4736 3378 4790; x_wconf 85' lang='lat' dir='ltr'><strong>Orientalis</strong></span> <span class='ocrx_word' id='word_1_716' title='bbox 3399 4736 3753 4791; x_wconf 89' lang='lat' dir='ltr'><strong>calamitates.</strong></span> <span class='ocrx_word' id='word_1_717' title='bbox 3782 4735 3960 4791; x_wconf 90' lang='lat' dir='ltr'><strong>Gras-</strong></span> 
     </span>
    </p>
   </div>
   <div class='ocr_carea' id='block_1_109' title="bbox 2382 4826 3955 4895">
    <p class='ocr_par' dir='ltr' id='par_1_109' title="bbox 2382 4826 3955 4895">
     <span class='ocr_line' id='line_1_110' title="bbox 2382 4826 3955 4895; baseline 0.002 -16"><span class='ocrx_word' id='word_1_718' title='bbox 2382 4826 2604 4879; x_wconf 88' lang='lat' dir='ltr'><strong>sabatur</strong></span> <span class='ocrx_word' id='word_1_719' title='bbox 2649 4827 2867 4881; x_wconf 66' lang='lat' dir='ltr'><strong>haeresis</strong></span> <span class='ocrx_word' id='word_1_720' title='bbox 2894 4866 2909 4893; x_wconf 90' lang='lat'><strong>,</strong></span> <span class='ocrx_word' id='word_1_721' title='bbox 2949 4828 3205 4881; x_wconf 61' lang='lat' dir='ltr'><strong>saeviebat</strong></span> <span class='ocrx_word' id='word_1_722' title='bbox 3244 4826 3557 4895; x_wconf 88' lang='lat' dir='ltr'><strong>imperator,</strong></span> <span class='ocrx_word' id='word_1_723' title='bbox 3601 4826 3955 4894; x_wconf 65' lang='lat' dir='ltr'><strong>gravissima</strong></span> 
     </span>
    </p>
   </div>
   <div class='ocr_carea' id='block_1_110' title="bbox 2383 4918 3959 4989">
    <p class='ocr_par' dir='ltr' id='par_1_110' title="bbox 2383 4918 3959 4989">
     <span class='ocr_line' id='line_1_111' title="bbox 2383 4918 3959 4989; baseline 0.003 -19"><span class='ocrx_word' id='word_1_724' title='bbox 2383 4928 2541 4971; x_wconf 87' lang='lat' dir='ltr'><strong>erant</strong></span> <span class='ocrx_word' id='word_1_725' title='bbox 2565 4918 2707 4972; x_wconf 90' lang='lat' dir='ltr'><strong>inter</strong></span> <span class='ocrx_word' id='word_1_726' title='bbox 2742 4919 2888 4989; x_wconf 80' lang='lat' dir='ltr'><strong>ipsos</strong></span> <span class='ocrx_word' id='word_1_727' title='bbox 2915 4920 3240 4974; x_wconf 82' lang='lat' dir='ltr'><strong>ortliodoxos</strong></span> <span class='ocrx_word' id='word_1_728' title='bbox 3287 4919 3670 4981; x_wconf 88' lang='lat' dir='ltr'><strong>dissensiones,</strong></span> <span class='ocrx_word' id='word_1_729' title='bbox 3702 4933 3769 4973; x_wconf 90' lang='lat' dir='ltr'><strong>ac</strong></span> <span class='ocrx_word' id='word_1_730' title='bbox 3802 4922 3959 4975; x_wconf 87' lang='lat' dir='ltr'><strong>velut</strong></span> 
     </span>
    </p>
   </div>
   <div class='ocr_carea' id='block_1_111' title="bbox 2385 5011 3955 5083">
    <p class='ocr_par' dir='ltr' id='par_1_111' title="bbox 2385 5011 3955 5083">
     <span class='ocr_line' id='line_1_112' title="bbox 2385 5011 3955 5083; baseline 0.001 -18"><span class='ocrx_word' id='word_1_731' title='bbox 2385 5011 2440 5065; x_wconf 89' lang='lat' dir='ltr'><strong>in</strong></span> <span class='ocrx_word' id='word_1_732' title='bbox 2470 5021 2730 5065; x_wconf 85' lang='lat' dir='ltr'><strong>nocturna</strong></span> <span class='ocrx_word' id='word_1_733' title='bbox 2778 5026 2951 5080; x_wconf 90' lang='lat' dir='ltr'><strong>pugna</strong></span> <span class='ocrx_word' id='word_1_734' title='bbox 3000 5014 3089 5064; x_wconf 81' lang='lat' dir='ltr'><strong>vix</strong></span> <span class='ocrx_word' id='word_1_735' title='bbox 3123 5012 3303 5067; x_wconf 87' lang='lat' dir='ltr'><strong>hostes</strong></span> <span class='ocrx_word' id='word_1_736' title='bbox 3346 5013 3411 5066; x_wconf 89' lang='lat' dir='ltr'><strong>ab</strong></span> <span class='ocrx_word' id='word_1_737' title='bbox 3454 5011 3641 5065; x_wconf 89' lang='lat' dir='ltr'><strong>amicis</strong></span> <span class='ocrx_word' id='word_1_738' title='bbox 3693 5012 3955 5083; x_wconf 84' lang='lat' dir='ltr'><strong>dignosci</strong></span> 
     </span>
    </p>
   </div>
   <div class='ocr_carea' id='block_1_112' title="bbox 2383 5100 3942 5171">
    <p class='ocr_par' dir='ltr' id='par_1_112' title="bbox 2383 5100 3942 5171">
     <span class='ocr_line' id='line_1_113' title="bbox 2383 5100 3942 5171; baseline 0 -15"><span class='ocrx_word' id='word_1_739' title='bbox 2383 5112 2650 5171; x_wconf 89' lang='lat' dir='ltr'><strong>poterant.</strong></span> <span class='ocrx_word' id='word_1_740' title='bbox 2680 5100 2909 5156; x_wconf 89' lang='lat' dir='ltr'><strong>Basilius</strong></span> <span class='ocrx_word' id='word_1_741' title='bbox 2954 5102 3066 5157; x_wconf 60' lang='lat' dir='ltr'><strong>haec</strong></span> <span class='ocrx_word' id='word_1_742' title='bbox 3122 5102 3259 5157; x_wconf 90' lang='lat' dir='ltr'><strong>mala</strong></span> <span class='ocrx_word' id='word_1_743' title='bbox 3306 5116 3409 5156; x_wconf 89' lang='lat' dir='ltr'><strong>non</strong></span> <span class='ocrx_word' id='word_1_744' title='bbox 3440 5102 3692 5171; x_wconf 90' lang='lat' dir='ltr'><strong>precibus</strong></span> <span class='ocrx_word' id='word_1_745' title='bbox 3746 5104 3942 5156; x_wconf 86' lang='lat' dir='ltr'><strong>solum</strong></span> 
     </span>
    </p>
   </div>
   <div class='ocr_carea' id='block_1_113' title="bbox 2386 5192 3954 5265">
    <p class='ocr_par' dir='ltr' id='par_1_113' title="bbox 2386 5192 3954 5265">
     <span class='ocr_line' id='line_1_114' title="bbox 2386 5192 3954 5265; baseline 0 -17"><span class='ocrx_word' id='word_1_746' title='bbox 2386 5196 2569 5249; x_wconf 89' lang='lat' dir='ltr'><strong>studet</strong></span> <span class='ocrx_word' id='word_1_747' title='bbox 2591 5206 2853 5257; x_wconf 90' lang='lat' dir='ltr'><strong>avertere,</strong></span> <span class='ocrx_word' id='word_1_748' title='bbox 2885 5202 3018 5249; x_wconf 85' lang='lat' dir='ltr'><strong>teste</strong></span> <span class='ocrx_word' id='word_1_749' title='bbox 3040 5193 3296 5265; x_wconf 89' lang='lat' dir='ltr'><strong>Gregorio</strong></span> <span class='ocrx_word' id='word_1_750' title='bbox 3318 5192 3658 5248; x_wconf 82' lang='lat' dir='ltr'><strong>Nazianzeno</strong></span> <span class='ocrx_word' id='word_1_751' title='bbox 3684 5193 3762 5264; x_wconf 96' lang='lat' dir='ltr'><strong>(p.</strong></span> <span class='ocrx_word' id='word_1_752' title='bbox 3790 5195 3954 5261; x_wconf 73' lang='grc'><strong>546),</strong></span> 
     </span>
    </p>
   </div>
   <div class='ocr_carea' id='block_1_114' title="bbox 2381 5284 3955 5354">
    <p class='ocr_par' dir='ltr' id='par_1_114' title="bbox 2381 5284 3955 5354">
     <span class='ocr_line' id='line_1_115' title="bbox 2381 5284 3955 5354; baseline 0 -15"><span class='ocrx_word' id='word_1_753' title='bbox 2381 5286 2473 5339; x_wconf 90' lang='lat' dir='ltr'><strong>sed</strong></span> <span class='ocrx_word' id='word_1_754' title='bbox 2504 5295 2557 5339; x_wconf 93' lang='lat' dir='ltr'><strong>et</strong></span> <span class='ocrx_word' id='word_1_755' title='bbox 2586 5286 2723 5353; x_wconf 85' lang='lat' dir='ltr'><strong>piam</strong></span> <span class='ocrx_word' id='word_1_756' title='bbox 2747 5285 3036 5339; x_wconf 86' lang='lat' dir='ltr'><strong>doctrinam</strong></span> <span class='ocrx_word' id='word_1_757' title='bbox 3070 5288 3256 5341; x_wconf 78' lang='lat' dir='ltr'><strong>litteris</strong></span> <span class='ocrx_word' id='word_1_758' title='bbox 3286 5284 3955 5354; x_wconf 70' lang='lat' dir='ltr'><strong>consignat,adversariis-</strong></span> 
     </span>
    </p>
   </div>
   <div class='ocr_carea' id='block_1_115' title="bbox 2379 5375 3956 5447">
    <p class='ocr_par' dir='ltr' id='par_1_115' title="bbox 2379 5375 3956 5447">
     <span class='ocr_line' id='line_1_116' title="bbox 2379 5375 3956 5447; baseline 0.002 -19"><span class='ocrx_word' id='word_1_759' title='bbox 2379 5392 2477 5445; x_wconf 84' lang='lat' dir='ltr'><strong>que</strong></span> <span class='ocrx_word' id='word_1_760' title='bbox 2526 5375 2980 5431; x_wconf 82' lang='lat' dir='ltr'><strong>colluctationibus</strong></span> <span class='ocrx_word' id='word_1_761' title='bbox 3022 5387 3071 5432; x_wconf 82' lang='lat' dir='ltr'><strong>et</strong></span> <span class='ocrx_word' id='word_1_762' title='bbox 3116 5376 3309 5446; x_wconf 72' lang='lat' dir='ltr'><strong>prwliis</strong></span> <span class='ocrx_word' id='word_1_763' title='bbox 3366 5377 3622 5447; x_wconf 80' lang='lat' dir='ltr'><strong>ingentem</strong></span> <span class='ocrx_word' id='word_1_764' title='bbox 3667 5376 3956 5433; x_wconf 74' lang='lat' dir='ltr'><strong>Ittzrctico-</strong></span> 
     </span>
    </p>
   </div>
   <div class='ocr_carea' id='block_1_116' title="bbox 2458 5534 2973 5604">
    <p class='ocr_par' dir='ltr' id='par_1_116' title="bbox 2458 5534 2973 5604">
     <span class='ocr_line' id='line_1_117' title="bbox 2458 5534 2973 5604; baseline 0.004 -15"><span class='ocrx_word' id='word_1_765' title='bbox 2458 5535 2525 5604; x_wconf 76' lang='grc' dir='ltr'><strong>(ι)</strong></span> <span class='ocrx_word' id='word_1_766' title='bbox 2552 5534 2648 5602; x_wconf 86' lang='lat' dir='ltr'><strong>Ep.</strong></span> <span class='ocrx_word' id='word_1_767' title='bbox 2679 5534 2807 5602; x_wconf 72' lang='lat'><strong>237,</strong></span> <span class='ocrx_word' id='word_1_768' title='bbox 2838 5551 2894 5592; x_wconf 90' lang='lat' dir='ltr'><strong>n.</strong></span> <span class='ocrx_word' id='word_1_769' title='bbox 2921 5537 2973 5591; x_wconf 67' lang='grc' dir='ltr'><strong>ε.</strong></span> 
     </span>
    </p>
   </div>
   <div class='ocr_carea' id='block_1_117' title="bbox 2460 5605 2783 5673">
    <p class='ocr_par' dir='ltr' id='par_1_117' title="bbox 2460 5605 2783 5673">
     <span class='ocr_line' id='line_1_118' title="bbox 2460 5605 2783 5673; baseline 0.009 -16"><span class='ocrx_word' id='word_1_770' title='bbox 2460 5605 2525 5672; x_wconf 66' lang='grc' dir='ltr'><strong>(Γ)</strong></span> <span class='ocrx_word' id='word_1_771' title='bbox 2559 5606 2655 5673; x_wconf 84' lang='lat' dir='ltr'><strong>Ep.</strong></span> <span class='ocrx_word' id='word_1_772' title='bbox 2695 5605 2783 5660; x_wconf 88' lang='lat'><strong>77.</strong></span> 
     </span>
    </p>
   </div>
   <div class='ocr_carea' id='block_1_118' title="bbox 2459 5674 2789 5744">
    <p class='ocr_par' dir='ltr' id='par_1_118' title="bbox 2459 5674 2789 5744">
     <span class='ocr_line' id='line_1_119' title="bbox 2459 5674 2789 5744; baseline 0.003 -17"><span class='ocrx_word' id='word_1_773' title='bbox 2459 5681 2533 5744; x_wconf 76' lang='lat' dir='ltr'><strong>(g)</strong></span> <span class='ocrx_word' id='word_1_774' title='bbox 2566 5676 2659 5743; x_wconf 83' lang='lat' dir='ltr'><strong>Ep.</strong></span> <span class='ocrx_word' id='word_1_775' title='bbox 2698 5674 2789 5728; x_wconf 82' lang='lat'><strong>65.</strong></span> 
     </span>
    </p>
   </div>
   <div class='ocr_carea' id='block_1_119' title="bbox 2458 5745 2917 5814">
    <p class='ocr_par' dir='ltr' id='par_1_119' title="bbox 2458 5745 2917 5814">
     <span class='ocr_line' id='line_1_120' title="bbox 2458 5745 2917 5814; baseline 0.013 -21"><span class='ocrx_word' id='word_1_776' title='bbox 2458 5749 2535 5814; x_wconf 76' lang='lat' dir='ltr'><strong>(ti)</strong></span> <span class='ocrx_word' id='word_1_777' title='bbox 2563 5746 2690 5798; x_wconf 63' lang='grc' dir='ltr'><strong>ΝΜ.</strong></span> <span class='ocrx_word' id='word_1_778' title='bbox 2720 5761 2798 5799; x_wconf 91' lang='lat' dir='ltr'><strong>or.</strong></span> <span class='ocrx_word' id='word_1_779' title='bbox 2828 5745 2917 5799; x_wconf 75' lang='lat'><strong>9.0.</strong></span> 
     </span>
    </p>
   </div>
  </div>
