4068 6320
1375 368 1536 422 VlTA
1578 366 1638 420 S.
1680 362 1950 418 BASlLll.

3216 380 3341 422 [χιι

147 514 237 549 mm
268 493 536 545 "dada...
558 490 758 558 [ηιηαη
790 503 849 539 ιη-
879 485 1167 553 ρνορηιεηι,
1194 498 1278 535 eos
1310 482 1539 550 quidem,
1575 476 1663 545 qui
1696 480 1741 535 Α
1769 476 1821 527 in
1860 482 2113 525 nocturna
2150 487 2323 540 pugna
2365 470 2562 523 nullum
2596 473 2664 523 sit
2700 472 2988 525 amiccnm
3016 481 3063 526 et
3100 473 3343 528 inimico-

144 602 299 639 amitis
324 581 554 648 conferre
585 582 703 632 ausi
735 578 944 646 fuerant
972 618 987 639 ,
1030 576 1191 627 armis
1224 575 1413 641 tingute
1439 571 1671 622 cominus

144 672 424 727 contundens
457 685 476 722 :
517 684 604 723 eos
650 677 844 734 autem,
893 668 981 733 qui
1032 664 1213 731 procul
1268 664 1331 714 ab
1386 678 1445 714 eo
1495 658 1672 711 dissiti

141 775 281 825 erant,
311 761 510 829 sagittis
541 776 606 812 ea:
628 769 919 811 atrantento
948 756 1197 823 confectis
1243 756 1453 821 feriens,
1507 749 1670 802 nihilo

142 856 357 922 inferiore
404 854 469 904 iis
519 853 733 913 litteris,
756 868 872 919 qua:
900 852 1023 903 olim
1064 853 1116 902 in
1160 850 1351 902 tabulis
1399 848 1674 912 insculpta:

142 958 239 1000 sunt
268 962 391 999 :nec
430 948 522 997 uni
552 956 757 997 tantum
797 955 842 995 et
886 945 1090 1009 exiguae
1134 940 1443 995 Juda'orum
1470 937 1673 991 nationi

141 1040 193 1091 de
232 1037 347 1090 cibis
375 1048 416 1090 et
456 1036 774 1103 potionibus.
808 1046 855 1088 et
894 1035 1107 1087 caducis
1134 1032 1429 1099 sacriﬁciis,
1480 1032 1677 1083 carnis-

140 1146 222 1198 que
245 1129 660 1197 purgationibus,
700 1130 787 1179 sed
840 1128 1075 1179 omnibus
1126 1126 1416 1178 Irontinibus
1444 1164 1458 1188 ,
1516 1135 1671 1193 atque

144 1220 348 1271 omnibus
373 1220 514 1272 orbis
547 1217 809 1286 partibus,
844 1219 905 1268 de
934 1217 1165 1269 veritatis
1196 1216 1457 1278 doctrina,
1488 1230 1550 1267 ex
1571 1230 1676 1283 qua

142 1309 261 1363 salus
288 1318 644 1376 comparatur,
676 1308 809 1375 leges
857 1317 1135 1358 statuente.
1188 1304 1405 1369 Deinde,
1429 1306 1675 1373 quoniam

144 1417 262 1466 tque
294 1398 594 1465 imperfecta
634 1412 715 1449 res
739 1406 837 1456 est,
874 1398 1010 1449 actio
1061 1410 1297 1447 sermone
1331 1395 1675 1459 destituta,et

143 1510 285 1545 sermo
311 1491 371 1543 ab
404 1491 609 1542 actione
634 1502 885 1547 remotus,
918 1490 1115 1540 idcirco
1136 1488 1360 1541 actionis
1388 1489 1675 1541 subsidium

144 1583 334 1634 mmoni
368 1581 707 1650 adjungebat,
758 1582 890 1633 alios
923 1582 1154 1633 victe/iret
1197 1581 1403 1644 adiens,
1441 1582 1510 1632 ad
1545 1581 1676 1632 alios

144 1673 424 1739 legationem
453 1673 688 1735 mittens,
722 1672 857 1725 alios
892 1686 1155 1722 accersens
1180 1709 1193 1731 ,
1228 1670 1513 1722 admonens
1539 1709 1554 1734 ,
1582 1686 1671 1721 ar-

146 1781 297 1833 guens,
329 1765 627 1832 increpans,
655 1765 808 1817 minis
834 1769 1093 1816 insectans
1114 1802 1127 1826 ,
1162 1764 1363 1830 probris
1394 1765 1671 1823 incessens,

1777 580 1889 616 rum
1924 565 2223 617 discrimen.
2256 563 2437 632 Legati
2466 580 2493 615 a
2523 563 2729 632 synodo
2758 563 3124 633 Lampsacena
3154 567 3207 620 in
3242 565 3347 623 Oc-

1774 656 2040 711 cidentem
2066 657 2211 709 missi
2234 658 2499 711 redierant
2522 672 2641 710 cum
2668 656 2865 711 litteris
2888 658 3346 717 Occidentalium:

1774 746 1867 802 sed
1906 762 1969 801 ea
2022 762 2077 800 re
2120 761 2217 801 nec
2260 748 2499 817 mitigata
2549 749 2876 815 persecutio,
2913 763 3009 804 nec
3041 750 3350 807 domestica:

1774 841 2138 895 dissensiones
2178 839 2399 894 sedatae.
2454 840 2629 907 Quare
2687 842 2855 895 satius
2905 857 3025 897 esse
3069 844 3350 901 videbatur

1776 931 1993 994 Basilio,
2020 941 2077 984 ut
2102 946 2164 985 ex
2193 933 2309 1001 ipso
2332 931 2620 987 Occidente
2649 934 3008 998 mitterentur,
3033 937 3126 1006 qui
3156 937 3350 993 Orien-

1779 1031 1882 1076 tem
1919 1022 2231 1077 inviserent.
2280 1022 2417 1077 Fore
2446 1024 2588 1076 enim
2624 1034 2701 1089 ut,
2738 1026 2861 1078 dum
2896 1041 3183 1084 se.omnes
3224 1031 3348 1085 boui

1777 1129 1899 1167 cum
1931 1114 2036 1168 illis
2064 1114 2411 1185 conjungunt,
2443 1127 2589 1169 tanta
2631 1121 2923 1172 auctoritas
2965 1121 3139 1189 ipsum
3182 1124 3347 1177 etiam

1780 1207 1916 1261 forte
1964 1207 2340 1277 imperatorem
2385 1220 2626 1262 moveret
2668 1230 2680 1265 :
2719 1221 2768 1266 et
2801 1214 2928 1267 dum
2969 1215 3235 1271 Nicrcnam
3290 1218 3353 1274 ft-

1778 1299 1895 1352 dem
1927 1300 2233 1355 instaurant
2266 1298 2448 1367 legati,
2478 1302 2603 1354 dum
2638 1318 2822 1371 mquas
2852 1307 2919 1359 ad
2951 1322 3133 1377 pacem
3164 1314 3353 1365 condi—

1779 1392 1951 1445 tiones
2004 1403 2332 1462 proponunt,
2386 1394 2541 1448 facile
2592 1406 2645 1450 ct
2691 1397 2894 1453 erroris
2944 1400 3251 1457 defensores
3297 1414 3352 1461 et

1778 1482 2180 1549 perturbatores
2216 1483 2363 1552 pacis
2405 1484 2868 1552 dignoscerentur.

1848 1574 1909 1626 ll.
1950 1574 2053 1627 Sed
2092 1590 2211 1629 cum
2254 1590 2408 1630 nemo
2435 1587 2579 1631 esset
2628 1580 2719 1631 toti
2761 1576 3035 1635 Occidenti
3070 1586 3347 1639 venerabi-

1779 1663 1899 1727 lior,
1927 1680 2087 1731 quam
2124 1664 2181 1718 S.
2215 1666 2557 1728 Athanasius,
2594 1684 2749 1737 nemo
2786 1674 3161 1727 communibus
3199 1676 3350 1731 malis

1779 1756 1896 1824 plus
1922 1757 2146 1820 doleret,
2182 1773 2339 1811 nemo
2377 1770 2429 1814 et
2470 1761 2519 1813 in
2551 1764 2836 1818 cernendis
2868 1765 3025 1818 rebus
3055 1768 3265 1821 acutior
3300 1780 3353 1824 et

146 1830 222 1922 pro
242 1830 488 1927 gentibus,
533 1874 630 1925 pro
662 1856 889 1915 urbibus,
940 1870 1031 1920 pro
1081 1855 1302 1923 singulis
1335 1855 1484 1907 etiam
1511 1854 1680 1905 Itami-

1791 1848 1837 1901 itt
1874 1849 2211 1917 perficiendis
2233 1848 2517 1911 efﬁcacior.
2545 1854 2733 1906 scribit
2759 1857 2824 1907 ad
2847 1870 2966 1908 eum
2992 1855 3219 1911 Basilius
3248 1858 3349 1929 (Δ),

146 1949 270 2001 nibus
305 1961 565 2001 certamen
603 1946 910 2013 suscipiens,
943 1963 1092 1998 omne
1115 1946 1299 1999 salutis
1328 1962 1487 2012 genus
1524 1963 1677 1999 exco-

150 2044 334 2108 gitans,
382 2039 724 2106 undecunque
785 2040 1093 2091 medicinam
1144 2038 1321 2091 morbo
1374 2039 1679 2097 adhibens:

150 2129 352 2184 Bcseleel
405 2131 495 2182 ille
526 2170 543 2194 ,
576 2128 665 2181 ille
690 2170 705 2194 ,
747 2130 956 2197 inquam
991 2168 1006 2191 ,
1054 2146 1191 2183 arca:
1226 2131 1417 2184 dicina:
1451 2130 1682 2199 fabrica-

148 2230 232 2284 tor,
277 2220 545 2273 materiam
592 2235 794 2272 omnent
821 2230 867 2274 et
901 2229 1066 2273 artem
1093 2224 1161 2275 ad
1189 2221 1453 2291 opiﬁcium
1480 2242 1681 2277 acconto

148 2314 333 2363 ntoduns
356 2350 368 2374 ,
395 2320 554 2381 atque
577 2313 753 2363 omnia
784 2323 1082 2377 contexens,
1106 2318 1173 2368 ad
1217 2318 1461 2370 eximiam
1500 2333 1684 2382 quum-

148 2403 247 2452 dsm
303 2402 448 2456 unius
506 2403 679 2471 operis
734 2404 1175 2473 pulchritudinem
1239 2419 1283 2458 et
1358 2408 1683 2461 concinnita-

150 2501 252 2545 ιεπι.

206 2586 459 2657 Multiplex
518 2587 609 2643 ille
656 2587 911 2643 Ecclesia:
958 2589 1207 2658 juvanda:
1256 2593 1464 2657 nimius,
1527 2606 1683 2661 quem

148 2677 405 2748 Gregorius
469 2682 750 2745 describit,
815 2696 919 2736 non
1000 2685 1066 2737 ad
1128 2684 1297 2737 solum
1353 2687 1689 2755 episcopatus

151 2782 331 2841 tempus
387 2774 581 2831 referri
631 2775 809 2830 debet.
859 2776 983 2829 Hier:
1027 2776 1169 2830 enim
1234 2780 1411 2831 omnia
1464 2778 1688 2835 Basilius

150 2867 393 2935 presbyter
431 2874 729 2919 navaverat
765 2883 779 2919 :
814 2866 1033 2935 ejusque
1083 2870 1363 2935 prudentia
1421 2872 1689 2923 enituerat

152 2954 193 3007 in
222 2956 553 3024 pacilicanda:
576 2956 832 3011 Ecclesia:
861 2959 1105 3020 consilio,
1143 2971 1199 3013 ιιι
1241 2975 1400 3028 supra
1436 2960 1685 3015 vidimus.

153 3045 236 3101 Sed
262 3050 320 3100 sd
348 3049 714 3116 episcopatum
742 3060 982 3115 evectus,
1016 3064 1069 3106 ct
1101 3055 1150 3105 in
1189 3055 1313 3109 sede
1348 3070 1508 3122 supra
1554 3056 1686 3109 alias

1785 1954 1847 1991 ac
1880 1948 2029 2010 rogat
2060 1950 2118 1992 nt
2146 1940 2467 2007 pacificandi
2496 1941 2730 1997 Orientis
2760 1946 3040 2000 consilium
3072 1949 3349 2017 suscipiat,

1785 2044 1838 2087 et
1868 2049 1928 2087 es
1968 2033 2202 2088 Ecclesia
2234 2049 2329 2088 sua
2364 2034 2591 2089 selectos
2617 2036 2759 2089 viros
2796 2038 2969 2091 mittat
3003 2040 3066 2090 ad
3092 2041 3353 2096 Occiden-

1788 2125 1923 2179 tales
1962 2126 2263 2195 episcopos,
2304 2128 2491 2194 eisque
2524 2136 2758 2195 exponat
2789 2127 3123 2184 calamitates
3157 2132 3352 2188 Orien-

1789 2218 1879 2280 tis,
1906 2233 1968 2272 ac
1995 2229 2245 2288 suggerat
2274 2220 2486 2273 modum
2517 2221 2633 2287 Opis
2666 2222 2918 2285 ferenda},
2954 2224 3219 2291 simulque
3251 2226 3354 2279 Do-

1787 2307 1933 2359 mino
1974 2312 2227 2374 pacilioas
2270 2324 2458 2376 preces
2489 2309 2698 2363 offerat.
2740 2311 2961 2366 Fatetur
3006 2316 3237 2382 reliquas
3268 2331 3353 2372 res

1786 2392 2021 2447 Orientis
2054 2395 2282 2450 fortasse
2312 2398 2379 2450 ab
2414 2413 2480 2451 eo
2526 2399 2640 2453 sine
2672 2399 3091 2457 Occidentalium
3122 2408 3357 2461 admini-

1787 2484 1909 2537 culo
1931 2489 2175 2544 componi
2212 2503 2315 2541 non
2347 2502 2504 2557 posse
2536 2508 2549 2542 :
2582 2491 2673 2543 sed
2707 2492 3133 2557 pacificationem
3171 2498 3354 2553 Eccle-

1789 2579 1880 2632 sise
1925 2578 2271 2634 Antiocbcntl:
2317 2596 2378 2634 ex
2433 2584 2545 2651 ipso
2593 2587 2823 2651 pendere
2866 2588 3163 2650 contendit,
3199 2605 3261 2642 ac
3301 2593 3353 2644 itt

1791 2673 1958 2742 ipsius
2008 2683 2273 2741 potestate
2321 2676 2481 2728 situm
2535 2690 2675 2736 esse,
2738 2677 2864 2728 utin
2910 2678 3044 2732 alios
3092 2688 3357 2747 tempera-

1790 2774 1971 2818 mento
2022 2774 2219 2827 utatur,
2272 2764 2403 2817 alios
2440 2774 2767 2833 cmnpescat,
2814 2767 3158 2833 pra'fecturas
3194 2774 3359 2839 parti-

1789 2852 2001 2905 Cularcs
2031 2853 2280 2918 abrogct.
2319 2868 2382 2906 ac
2408 2857 2681 2921 antiquum
2712 2854 2964 2910 Ecelesia:
3008 2861 3171 2911 robur
3202 2864 3359 2915 resti-

1794 2951 1924 2995 tuat.
1967 2941 2141 3011 Rugat
2171 2959 2298 3012 ergo
2329 2962 2447 2998 cum
2472 2986 2485 3008 ,
2530 2955 2585 2997 ιιι
2619 2947 2917 3002 Antiochia:
2949 2951 3100 3005 malis
3144 2970 3359 3009 movea-

1794 3043 1913 3099 tur,
1958 3043 2011 3088 et
2036 3035 2202 3089 instar
2231 3037 2383 3104 periti
2412 3039 2599 3093 medici
2626 3042 2692 3094 ab
2719 3041 2876 3110 hujus
2906 3042 3160 3101 Ecclesiae
3195 3064 3319 3101 cura
3341 3087 3359 3114 ,

152 3138 387 3191 eminente
412 3139 732 3201 collocatus,
765 3156 931 3195 novos
966 3154 1189 3195 conatus
1219 3145 1547 3199 adhibendos
1572 3163 1688 3200 esse
1718 3171 1759 3223 ρ
1793 3125 1876 3223 (:"i
1919 3125 2047 3177 "in"
2102 3124 2488 3195 ντωίυτθυδωη
2543 3128 2595 3181 ί¹¹
2635 3130 2765 3185 orbe
2812 3141 3074 3187 ῐθηθτυη)
3096 3175 3111 3200 ν
3149 3138 3359 3191 “mium

157 3229 392 3298 intelligit,
441 3239 498 3284 ttt
550 3230 858 3287 Catholicos
910 3235 1050 3290 inter
1088 3252 1146 3291 se
1180 3237 1486 3309 conjungat,
1523 3248 1575 3294 et
1624 3242 1691 3294 ab

154 3319 339 3375 Arianis
383 3323 609 3378 omnino
641 3323 929 3396 tlisjungat.
963 3330 1083 3383 .lam
1124 3346 1184 3383 ea
1224 3344 1309 3384 res
1342 3340 1537 3384 tentata
1574 3329 1691 3385 fue-

155 3416 404 3481 ratpaucis
434 3427 561 3472 ante
596 3418 773 3481 annis,
802 3419 892 3473 sed
930 3421 1128 3475 nullum
1164 3421 1422 3476 habuerat
1466 3422 1691 3486 exitum,

157 3500 452 3574 interpellato
480 3523 508 3560 a
538 3508 763 3561 Valente
799 3511 1046 3573 concilio,
1081 3512 1220 3578 quod
1259 3510 1406 3562 Tarsi
1458 3512 1689 3561 futurum

157 3600 450 3661 sperabatur.
486 3599 608 3653 Alia
645 3602 821 3667 itaque
868 3602 1175 3666 agnetlitur
1208 3605 1314 3663 via,
1346 3611 1399 3654 et
1436 3601 1499 3651 ad
1531 3600 1690 3654 Occi-

158 3684 360 3739 dentales
388 3690 683 3759 confugere
714 3694 920 3744 statuit.
958 3692 1127 3745 Unam
1161 3693 1303 3745 enim
1340 3693 1478 3747 hanc
1508 3696 1693 3751 auxilii

156 3780 269 3830 viam
310 3778 380 3846 (α)
419 3781 581 3848 pandi
619 3780 985 3835 Orientalibus
1025 3781 1279 3838 Ecclesiis
1314 3786 1691 3852 existimabat;

158 3877 237 3919 nec
270 3866 475 3921 dubium
519 3879 643 3924 erat
692 3870 845 3939 quin,
903 3872 949 3925 si
991 3868 1363 3929 Occidentales
1404 3877 1540 3930 idem
1582 3888 1693 3930 stuc

159 3954 275 4009 dium
302 3960 361 4012 ad
399 3959 640 4015 Orientis
672 3960 1038 4019 defensionem
1081 3966 1416 4029 adhiberent,
1455 3967 1594 4035 quod
1642 3969 1693 4019 in

159 4047 410 4107 Occidente
460 4056 724 4109 adversus
763 4072 926 4109 unum
971 4067 1060 4109 aut
1106 4057 1330 4110 alterum
1387 4058 1692 4111 haereticum

159 4139 494 4207 adtribuerunt,
555 4146 853 4213 imperator
904 4147 1261 4199 multitudinis
1316 4148 1691 4202 auctoritatem

161 4242 482 4297 revereretur,
523 4249 590 4288 ac
635 4236 815 4305 populi
865 4235 1008 4305 ipsos
1049 4238 1275 4290 libenter
1314 4234 1688 4307 sequerentur.

214 4318 329 4375 lllud
367 4332 544 4377 autem
579 4327 778 4377 nemini
812 4326 1028 4380 dubium
1070 4341 1189 4381 esse
1216 4329 1391 4388 debet,
1425 4331 1556 4398 quin
1598 4329 1699 4383 Ba-

162 4409 285 4465 snius
330 4414 401 4484 (ὁ)
445 4414 587 4469 idem
640 4426 1027 4484 prosequatur,
1056 4419 1195 4487 quod
1232 4421 1508 4491 presbyter
1553 4420 1699 4474 ince-

1794 3218 1974 3273 ducat.

1867 3309 1988 3362 lla-c
2019 3311 2236 3379 epistola
2282 3311 2547 3364 Dorotheo
2584 3312 2831 3368 Ecclesia:
2864 3315 3211 3372 Antiochenu:
3247 3319 3365 3373 dia-

1795 3417 1929 3457 cono
1958 3404 2241 3455 CUIIillliSSil
2271 3410 2352 3456 est
2386 3404 2697 3470 perferenda
2738 3424 2749 3459 :
2786 3406 2877 3460 sed
2909 3423 3028 3461 cum
3060 3411 3107 3461 ci
3148 3411 3360 3463 videre-

1795 3502 1880 3545 tur
1907 3490 2133 3546 Basilius
2173 3508 2275 3546 tton
2308 3494 2441 3548 satis
2476 3505 2656 3564 aperte
2691 3496 3011 3563 declarasse,
3046 3514 3129 3553 res
3170 3498 3362 3555 Antio-

1795 3587 1995 3637 cltettas
2026 3584 2103 3637 sic
2133 3586 2381 3655 componi
2410 3586 2627 3649 debere,
2659 3598 2714 3641 ut
2746 3588 2953 3643 Meletio
2981 3592 3361 3661 adjuugantur,

1796 3688 1913 3743 qua:
1938 3674 2141 3728 divulsa
2177 3685 2335 3739 sunt;
2368 3676 2528 3729 aliaat
2572 3676 2686 3742 ejus
2725 3689 2909 3743 rogatu
2945 3681 3228 3748 epistolam
3264 3684 3363 3736 ad-

1796 3768 1929 3819 didit
1977 3766 2207 3820 Basilius
2249 3766 2337 3837 (ε),
2389 3769 2439 3819 in
2488 3783 2589 3835 qua
2632 3771 2905 3839 conceptis
2935 3773 3111 3826 verbis
3144 3774 3364 3828 demon-

1803 3868 1939 3911 Strat
1971 3870 2023 3911 ct
2054 3860 2149 3911 sibi
2176 3870 2229 3910 ct
2260 3858 2350 3911 toti
2380 3856 2586 3913 Orienti
2616 3860 2665 3912 in
2703 3862 2841 3915 votis
2862 3877 3001 3927 esse,
3036 3874 3090 3917 ut
3123 3863 3366 3921 Mcletiua

1798 3950 2147 4001 Antioclicnic
2175 3948 2428 4003 Ecclesia:
2454 3950 2816 4019 gubernacula
2852 3961 3047 4017 teneat,
3077 3954 3156 4006 vir
3178 3963 3231 4009 et
3263 3954 3366 4010 fide

1800 4038 2119 4108 inculpatus,
2150 4048 2203 4093 et
2244 4049 2353 4094 ttttn
2405 4043 2525 4094 vita:
2560 4042 2843 4127 sanc‘titate
2884 4044 3039 4113 longe
3075 4045 3192 4097 aliis
3231 4059 3366 4113 pra:-

1798 4130 2070 4197 ferendus,
2100 4142 2208 4187 tum
2235 4135 2376 4203 quod
2415 4149 2664 4187 universo
2694 4134 2947 4190 Ecclesia:
2974 4139 3185 4205 corpori
3226 4152 3366 4202 pra:-

1796 4226 1885 4287 sit,
1923 4224 2012 4278 alii
2048 4239 2173 4279 vero
2214 4226 2451 4293 partibus
2485 4237 2713 4283 tantum.
2760 4228 3119 4292 Quamobrem
3154 4244 3365 4297 (equum

1797 4327 1938 4377 esse,
1979 4324 2036 4368 ιιι
2078 4316 2127 4369 ei
2166 4315 2255 4368 alii
2297 4316 2676 4387 adjungantur,
2712 4320 2856 4373 velut
2889 4319 3097 4388 magnis
3136 4320 3369 4375 ίιιιιιιὶιιί-

1799 4405 1899 4460 bus
1943 4408 2151 4461 minora
2195 4424 2207 4458 :
2253 4407 2411 4477 idque
2454 4410 2525 4461 ita
2553 4410 2724 4461 visum
2761 4426 2878 4463 esse
2908 4410 3367 4479 Occidentalibus,

162 4512 317 4569 perat;
355 4522 412 4561 ac
450 4506 518 4561 de
554 4507 743 4560 iisdem
773 4507 1057 4577 episcopis.
1096 4510 1389 4578 iisdemque
1428 4511 1492 4563 de
1538 4512 1695 4566 rebus
1726 4508 1769 4562 D
1800 4507 1858 4551 ut
1912 4498 2102 4553 littera:
2150 4514 2244 4567 per
2287 4502 2502 4554 beatum
2553 4501 2824 4555 Silvanum
2867 4504 3039 4557 allata:
3080 4514 3366 4559 testantur.

163 4601 279 4657 agat.
314 4592 607 4651 Verebatur
650 4610 715 4649 ne
753 4599 987 4664 suspecti
1028 4608 1209 4653 essent
1256 4599 1551 4653 Athanasio
1588 4603 1699 4670 epi-

164 4682 282 4751 tc-spi
324 4684 392 4737 illi
422 4690 484 4740 ob
520 4688 828 4741 memoriam
863 4692 1265 4754 pra'teritorum,
1296 4689 1420 4759 quia
1452 4691 1702 4747 videlicet

164 4788 316 4829 torum
358 4791 459 4830 non
499 4781 661 4847 pauci
703 4778 972 4845 conjunCti
1014 4781 1140 4833 olim
1173 4798 1295 4837 cum
1328 4782 1543 4835 Arianis
1585 4782 1703 4836 fue-

164 4879 279 4923 rant.
316 4870 471 4925 Iidem
520 4887 657 4940 ergo
698 4882 864 4937 sunt,
907 4886 969 4927 ac
1018 4873 1108 4939 qui
1147 4890 1286 4927 anno
1313 4874 1438 4939 564,
1472 4874 1702 4929 concilio

166 4952 495 5032 Lampsaceno
542 4963 924 5020 interfuerant.
965 4963 1114 5030 Quod
1155 4966 1206 5017 in
1246 4967 1345 5021 hoc
1390 4966 1617 5021 concilio
1644 4975 1699 5019 et

165 5047 370 5114 pluribus
394 5054 511 5110 aliis
545 5062 812 5108 tentatum
845 5056 1040 5118 fuerat,
1079 5062 1136 5107 ut
1176 5057 1267 5122 qui
1314 5058 1451 5111 idem
1500 5056 1696 5110 sentie-

168 5137 289 5204 bant,
318 5160 416 5199 una
457 5144 917 5213 coniungerentur
954 5148 1351 5211 communione,
1388 5148 1439 5201 id
1474 5146 1698 5201 Basilius

170 5224 212 5277 in
248 5232 468 5297 epistolis
510 5238 619 5289 hoc
650 5242 702 5287 et
748 5235 991 5303 sequenti
1026 5250 1163 5290 anno
1204 5238 1416 5304 scriptis
1445 5236 1700 5305 perlicere

170 5329 398 5378 colatur:
432 5328 590 5394 eique
621 5326 951 5395 propositum
978 5337 1059 5383 est
1100 5326 1169 5397 (c)
1198 5336 1273 5390 ut,
1310 5329 1397 5397 qui
1436 5330 1573 5380 circa
1612 5345 1695 5381 ve-

171 5421 261 5459 rm
312 5412 460 5478 ﬁdem
518 5417 865 5479 cluudicant,
919 5419 1182 5486 manifesti
1236 5420 1473 5472 omnibus
1531 5420 1695 5487 fiant,

171 5513 481 5567 agnoscantur
518 5520 693 5565 autem
731 5509 818 5578 qui
857 5522 987 5565 recte
1016 5512 1262 5577 sentiunt,
1296 5528 1385 5566 nec
1414 5512 1527 5581 jam
1564 5512 1697 5566 velut

230 5644 292 5708 (tt)
328 5644 415 5708 Ep.
458 5647 545 5699 66.

230 5712 291 5777 (ti)
329 5714 415 5777 l'lp.
455 5717 545 5769 81.

238 5782 292 5845 (c)
328 5779 415 5847 Ep.
456 5783 544 5841 Gil,
590 5800 642 5833 ιι.
687 5779 740 5835 5.

457 5874 727 5931 l’aTttUL.
763 5875 878 5931 Gtt.
925 5876 968 5929 Χ
987 5874 1145 5930 XXX.

1870 4587 1957 4645 ΙΙΙ.
1998 4588 2111 4644 Non
2148 4603 2360 4660 poterat
2395 4594 2718 4647 Athanasius
2755 4609 3017 4649 summam
3060 4596 3201 4649 illaut
3240 4597 3369 4650 cha-

1803 4682 2037 4744 ritatcm,
2078 4698 2199 4751 qua-
2255 4699 2469 4752 semper
2526 4686 2773 4739 omnibus
2828 4689 3065 4754 patebat,
3122 4690 3369 4757 episc0po

1801 4772 2116 4828 thsariensi
2167 4776 2218 4827 in
2274 4792 2330 4830 re
2374 4778 2506 4829 tattti
2552 4780 2809 4831 momenti
2850 4782 3118 4833 claudere.
3155 4778 3366 4833 Nullam

1802 4882 2005 4921 moram
2044 4868 2167 4922 huic
2206 4870 2405 4923 eximio
2438 4870 2582 4936 operi
2622 4870 3065 4941 interponendam
3098 4872 3271 4935 duxit,
3314 4882 3371 4924 et

1807 4960 2042 5025 acceptis
2071 4959 2249 5015 Basilii
2282 4962 2469 5014 litteris
2497 4964 2680 5015 statim
2705 4965 2750 5016 ei
2783 4964 3076 5032 rescripsit,
3109 4980 3169 5016 ac
3205 4963 3370 5016 Doro-

1804 5053 1929 5106 thco
1955 5053 2204 5105 comitem
2242 5052 2484 5118 adjunin
2521 5051 2759 5118 Petrum,
2812 5071 2915 5107 non
2972 5055 3115 5107 illum
3154 5053 3371 5122 quidem

1801 5145 1893 5213 qui
1930 5143 1976 5197 ei
2014 5144 2275 5197 successit
2318 5142 2483 5213 (hunc
2522 5148 2662 5200 enim
2699 5148 2927 5199 nondum
2973 5146 3183 5198 vi'lcrat
3214 5145 3367 5200 Basi-

1802 5236 1904 5289 lius
1929 5235 1993 5305 (Ῑ)
2022 5249 2166 5286 anno
2196 5234 2344 5299 575),
2380 5239 2473 5290 sed
2509 5238 2673 5291 alium
2716 5237 2963 5291 Ecclesia:
2993 5237 3371 5291 Alexandrinae

1804 5327 2201 5394 presbyterum.
2242 5325 2287 5378 Is
2326 5343 2353 5378 a
2407 5326 2605 5379 Basilio
2634 5327 2863 5378 maxima
2896 5345 3015 5381 cum
3047 5330 3229 5381 Lctitia
3273 5343 3368 5379 cx-

1804 5426 1989 5484 ceptus
2024 5425 2126 5479 est,
2164 5416 2387 5484 ejusque
2420 5416 2857 5485 approbationem
2900 5429 2951 5469 et
3004 5416 3208 5468 laudem
3257 5430 3367 5464 ηις·-

1812 5516 1935 5576 ruit,
1985 5514 2110 5565 dttm
2156 5510 2436 5563 Athanasii
2471 5512 2717 5562 mandata
2755 5523 2968 5563 strenue
3013 5507 3365 5575 persequitur,

1874 5648 1951 5716 ((1)
1994 5648 2157 5711 Epist.

1872 5718 1939 5778 (c)
1984 5716 2145 5775 Epist.
2188 5715 2271 5761 UT.

1871 5785 1931 5847 υ)
1976 5780 2067 5844 Ep.
2116 5782 2232 5831 155.
