4094 6308
655 345 760 386 LXX

1951 313 2479 371 PROLEGOMENA.

658 444 950 498 concilians
1000 439 1307 502 contraria,
1363 452 1421 489 ac
1473 435 1675 488 divulsa
1739 431 2066 502 conjungens
2119 430 2215 500 (α).
2250 435 2294 490 Α
2325 427 2647 489 videbimus,
2687 437 3001 493 responsum
3045 420 3142 476 soli
3188 421 3366 476 attulit
3408 421 3625 487 Basilio,
3663 426 3754 494 qui
3791 441 3890 480 suo

662 537 886 588 Dubium
933 534 1149 602 quidem
1203 545 1304 584 non
1353 537 1434 583 est
1481 528 1607 594 quin
1660 525 1889 588 Basilio,
1931 533 2216 591 antequam

661 628 924 682 scriberet
965 624 1366 683 Alexandriam,
1401 621 1552 674 multi
1592 634 1655 672 ex
1697 617 1915 685 collegis
1954 616 2110 668 fidem
2141 616 2222 669 de-

661 720 864 771 dissent
907 730 965 768 se
1006 715 1232 766 libenter
1271 711 1569 766 Athanasio
1609 719 1662 762 et
1697 706 2132 761 Occidentalibus
2158 708 2221 758 ad

662 806 1028 860 defensionem
1088 805 1209 858 fidei
1265 802 1490 857 ducibus
1543 814 1732 852 usuros
1778 812 1791 850 :
1837 806 1892 850 at
1933 797 2081 850 multi
2136 796 2224 849 alii

662 904 998 965 supererant,
1029 896 1079 948 in
1127 894 1321 962 quibus
1357 891 1632 943 ﬂectendis
1671 888 2054 941 elaborandum
2106 884 2223 938 fuit.

661 987 922 1056 Sperabat
952 986 1165 1054 quidem
1195 984 1418 1037 Basilius
1456 990 1598 1050 (pag.
1639 979 1783 1045 165),
1813 977 1924 1031 fore
1959 988 2015 1030 ut
2040 991 2227 1030 omnes

663 1078 982 1139 Athanasio,
1029 1092 1145 1145 quae
1176 1076 1241 1129 ad
1275 1090 1462 1143 pacem
1496 1072 1858 1126 Ecclesiarum
1895 1069 2229 1121 constituen-

664 1173 784 1224 dam
821 1171 1109 1238 pertinent,
1144 1167 1354 1219 tandem
1395 1165 1815 1218 committerent.
1849 1160 1953 1214 Sed
1983 1162 2229 1213 videntur

667 1260 925 1323 nonnulli,
957 1260 1080 1311 dum
1110 1258 1326 1310 Arianis
1349 1255 1556 1308 occulte
1588 1254 1788 1318 favent,
1820 1267 1880 1305 ac
1914 1261 1990 1304 tot
2021 1251 2228 1319 episco-

666 1368 852 1422 porum
906 1351 1161 1403 adversus
1210 1349 1453 1402 ha:resim
1508 1345 1872 1414 conjunctioui
1923 1352 2104 1410 aperte
2130 1343 2228 1396 ob-

667 1455 812 1497 stare
845 1458 947 1495 non
979 1441 1193 1502 audent,
1233 1449 1409 1494 astute
1449 1454 1628 1492 moras
1673 1438 1946 1490 innectere
1977 1434 2226 1487 voluisse.

668 1532 824 1586 Tales
862 1532 1113 1586 exstitere
1144 1531 1282 1600 (pag.
1321 1529 1465 1598 162).
1492 1533 1579 1596 qui
1615 1527 1960 1595 requirebant
1993 1536 2050 1578 nt
2080 1525 2233 1580 Occi-

670 1624 905 1678 dentales
933 1623 1243 1674 nominatim
1281 1619 1589 1673 Marcellum
1627 1618 1965 1678 damnarent,
2009 1631 2071 1670 ac
2105 1630 2235 1684 que—

670 1717 926 1768 rebantur
983 1715 1122 1780 qnod
1180 1713 1438 1765 hactenus
1483 1712 1532 1762 in
1579 1708 1748 1762 solum
1797 1707 1985 1761 Arium
2041 1708 2232 1761 invecti

2327 517 2538 570 nomine
2569 517 2797 568 Damaso
2831 511 3138 577 scripserat.
3191 509 3302 562 Non
3341 511 3481 564 enim
3516 512 3735 565 dubium
3771 529 3893 567 esse

2323 615 2516 676 potest,
2546 606 2676 674 quin
2717 603 2936 670 epistola
2971 601 3056 665 70,
3087 601 3187 653 etsi
3235 601 3580 668 inscriptione
3612 615 3782 668 caret,
3823 606 3892 656 ad

2324 699 2612 752 Damasum
2654 697 2853 764 scripta
2893 695 2981 748 sit.
3034 692 3166 745 llnic
3200 692 3429 745 Basilius
3461 691 3698 747 Orientis
3748 695 3887 747 mala

2324 799 2446 844 ante
2493 789 2678 844 oculos
2723 788 2893 856 ponit,
2946 802 3009 841 ae
3058 793 3211 853 rogat
3258 793 3318 838 ut
3364 783 3564 852 legatos
3613 787 3794 838 mittat
3842 787 3895 838 in

2325 882 2624 944 Orientem,
2682 881 2940 945 majorum
2999 892 3215 932 suorum
3267 875 3533 943 exemplo,
3590 877 3642 929 in
3703 877 3897 945 primis

2329 968 2586 1037 Dionysii,
2636 967 2724 1033 qui
2780 967 2905 1018 olim
2955 965 3007 1017 in
3066 963 3459 1032 Cappadociam
3513 965 3753 1027 miserat,
3804 967 3896 1032 qni

2330 1059 2563 1123 captivos
2608 1058 2954 1110 redimerent.
3002 1053 3151 1108 Nunc
3195 1063 3368 1106 autem
3416 1054 3691 1122 graviores
3727 1056 3899 1107 multo

2331 1159 2521 1199 causas
2555 1146 2802 1208 subesse;
2833 1159 2934 1197 non
2971 1145 3110 1196 enim
3143 1147 3334 1200 aedium
3371 1143 3772 1198 det‘uolitionem
3811 1143 3895 1194 lu-

2332 1235 2462 1302 geri,
2491 1235 2583 1287 sed
2609 1235 2872 1288 excidium
2895 1232 3284 1299 Ecclesiarum;
3310 1249 3407 1287 nec
3431 1234 3746 1287 servitutem
3779 1246 3903 1285 cor-

2333 1342 2542 1396 porum,
2577 1327 2668 1379 sed
2709 1327 3006 1379 animarum
3048 1325 3424 1391 captivitatem.

2403 1416 2535 1470 Cum
2578 1416 2674 1470 hac
2705 1415 2928 1484 epistola
2969 1414 3289 1466 Dorotheum
3327 1414 3549 1466 Basilius
3580 1413 3802 1473 comite,
3841 1422 3900 1464 ut

2334 1507 2622 1562 verisimile
2666 1519 2768 1570 est,
2817 1507 2976 1561 Petro
3025 1504 3384 1558 Alexandrino
3428 1507 3492 1557 ad
3537 1503 3900 1557 Athanasium

2337 1601 2581 1664 remittit,
2626 1598 2886 1664 adiunctis
2928 1598 3046 1651 aliis
3077 1595 3156 1666 (τι)
3203 1595 3267 1648 ad
3298 1594 3646 1647 Athanasium
3679 1593 3899 1651 litteris,

2337 1707 2400 1743 ex
2453 1691 2646 1758 quibus
2694 1689 2920 1758 perspici
2965 1696 3160 1756 potest,
3205 1695 3405 1753 quanto
3460 1686 3672 1736 arderet
3721 1683 3903 1737 studio

672 1804 916 1865 fuissent,
950 1801 1202 1855 Marcello
1237 1800 1377 1854 nulla
1409 1815 1632 1869 prorsus
1659 1800 1924 1851 sententia
1956 1798 2230 1857 damnato,

2350 1784 2566 1838 Basilius
2611 1783 2683 1836 rei
2722 1779 3077 1848 perficiendae.
3113 1779 3242 1832 Mira
3272 1778 3410 1831 enim
3443 1775 3718 1842 diligentia
3751 1774 3904 1842 sigil-

672 1909 826 1961 quem
859 1892 1018 1945 etiam
1059 1891 1109 1942 in
1149 1890 1580 1943 communionem
1608 1896 1937 1955 receperant.
1973 1886 2119 1939 Satis
2154 1886 2235 1938 in-

672 1987 813 2039 dicat
849 1984 1072 2038 Basilius
1116 1984 1215 2035 hoc
1256 1981 1540 2035 consilium
1582 1996 1609 2034 a
1658 1996 1716 2034 se
1753 1990 1930 2033 ortum
1977 1993 2078 2031 non
2119 1992 2237 2032 esse

673 2076 1029 2148 (Eustathium
1069 2077 1243 2146 potius
1280 2074 1502 2143 ejusque
1536 2074 1740 2128 similes
1782 2070 2104 2126 crediderim
2149 2085 2238 2123 au-

673 2181 849 2222 ctores
884 2166 1094 2233 fuisse),
1130 2163 1220 2217 sed
1251 2172 1425 2216 tamen
1465 2161 1592 2214 illud
1629 2161 1729 2214 sibi
1758 2160 1953 2213 fatetur
1991 2157 2234 2227 probari:

674 2277 736 2314 ac
777 2260 1060 2328 petendum
1121 2267 1274 2324 putat
1317 2257 1384 2308 ab
1424 2253 1858 2308 Occidentalibus
1905 2260 1960 2305 ut
2005 2249 2236 2304 Marcelli

677 2353 1001 2406 mentionem
1043 2349 1263 2410 faciant,
1305 2355 1361 2400 ut
1403 2346 1546 2399 nulla
1585 2361 1809 2414 prorsus
1837 2345 2121 2400 occasione
2155 2343 2237 2397 his

675 2445 764 2513 qui
804 2445 1148 2498 occasionem
1192 2449 1436 2507 quaerunt
1479 2438 1658 2491 relicta
1702 2437 1860 2490 facile
1902 2445 2083 2504 pateat
2121 2434 2240 2503 qui-

678 2551 798 2589 nam
832 2534 944 2589 sani
980 2534 1106 2596 sint,
1139 2533 1298 2600 quive
1337 2530 1638 2584 claudicent
1672 2529 1723 2581 iu
1767 2529 1884 2586 fide.

748 2626 881 2679 Dum
929 2624 1118 2678 Petrus
1154 2623 1528 2676 Alexandrinae
1573 2622 1822 2675 Ecclesia:
1865 2622 2145 2692 presbyter
2187 2620 2239 2674 in

679 2719 1013 2789 Cappadocia
1059 2725 1318 2774 momtnr.
1356 2729 1418 2767 ac
1460 2712 1659 2767 Basilio
1701 2727 1919 2782 operam
1955 2721 2114 2767 uavat
2145 2713 2239 2782 (ὸ),

683 2812 843 2866 multa
880 2811 1007 2864 inita
1045 2817 1164 2862 sunt
1197 2807 1444 2871 consilia,
1476 2821 1539 2860 ac
1569 2805 1835 2874 placuisse
1858 2804 2130 2859 nonnullis
2163 2805 2241 2858 vi-

683 2906 857 2966 detur,
911 2911 968 2954 ut
1019 2901 1308 2968 imperator
1334 2898 1574 2952 adiretur
1608 2907 1662 2952 et
1686 2912 1844 2967 Opera
1905 2910 2238 2950 summorum

681 2996 939 3055 virorum,
978 2994 1066 3061 qui
1103 2992 1389 3060 plurimum
1426 2992 1562 3059 apttd
1597 3005 1716 3044 eum
1753 2999 2018 3058 poterant,
2059 2998 2114 3044 et
2152 3004 2243 3043 ca-

685 3087 892 3141 tholicae
921 3084 1040 3138 fidei
1067 3093 1222 3136 erant
1250 3082 1494 3142 studiosi,
1521 3080 1704 3148 quales
1744 3080 1892 3134 fuere
1918 3081 2239 3145 Arinthmus,

687 3179 868 3231 Victor
909 3190 962 3228 et
1009 3173 1315 3234 Terentius,
1361 3169 1717 3241 patrocinium
1773 3170 1986 3238 aliquod
2039 3171 2248 3225 alll‘ctis

688 3267 940 3319 Ecclesiis
990 3262 1389 3317 conciliaretur.
1427 3258 1676 3313 Fortasse
1715 3257 1816 3312 hoc
1851 3256 2130 3311 consilium
2168 3257 2250 3309 in-

685 3357 752 3411 de
789 3366 987 3418 ortum,
1024 3353 1162 3424 quod
1198 3353 1249 3406 in
1280 3352 1562 3405 Athanasii
1609 3349 1869 3418 sapientia
1897 3348 2138 3418 plerique
2167 3362 2255 3401 sa-

691 3453 756 3503 tis
805 3447 1038 3517 praesidii
1088 3459 1207 3500 esse
1255 3446 1512 3496 ducerent
1546 3441 1612 3492 ad
1656 3456 1740 3494 res
1777 3441 2008 3494 Orientis
2047 3455 2254 3510 compo-

691 3539 936 3592 nendas:
973 3538 1038 3588 ad
1084 3536 1474 3604 impetrandam
1531 3543 1706 3585 autem
1751 3533 2131 3599 persecutionis
2167 3546 2253 3584 re-

692 3630 998 3684 missionem
1055 3627 1173 3696 plus
1229 3639 1387 3695 posse
1437 3623 1749 3677 viderentur
1803 3621 1979 3689 ruagni
2034 3621 2103 3673 illi
2156 3623 2255 3674 viri

691 3735 825 3790 quos
859 3718 1108 3781 diximus,
1141 3732 1301 3785 quam
1348 3714 1503 3782 legati
1537 3729 1603 3767 ex
1652 3710 1964 3764 Occidente.
2000 3708 2104 3762 Sed
2139 3723 2256 3761 cum

694 3809 1156 3863 aninnnlvertisset
1201 3805 1428 3860 Basilius
1475 3805 1618 3858 viros
1662 3803 1779 3857 illos
1819 3816 1918 3856 nec
1958 3814 2112 3870 posse
2164 3813 2258 3852 nec

696 3901 830 3954 velle
877 3902 942 3952 de
975 3897 1244 3951 exsulibus
1278 3896 1442 3964 loqui,
1475 3907 1636 3964 atque
1663 3896 1823 3948 etiam
1857 3893 1996 3962 quod
2038 3905 2123 3944 res
2171 3904 2260 3954 pe-

690 3995 777 4061 jus
809 4006 912 4043 non
951 3989 1108 4055 irent,
1138 4002 1233 4056 pro
1265 3987 1410 4040 lucro
1436 3986 1667 4045 ducere:
1701 3986 1813 4040 brec
1841 3985 1968 4040 vicit
1997 3982 2261 4038 sententia

699 4095 755 4137 ut
801 4082 1096 4134 Dorotheus
1148 4078 1371 4133 Romam
1421 4078 1740 4141 mitteretur,
1791 4090 1852 4129 ac
1895 4074 2017 4128 inde
2055 4073 2264 4142 aliquos

697 4174 977 4236 ext-itaret,
1027 4173 1115 4241 qui
1162 4171 1438 4226 Orientem
1490 4171 1799 4236 inviserent,
1847 4165 1980 4220 mari
2028 4175 2261 4229 utentes,

702 4281 766 4318 ne
799 4267 915 4331 quis
945 4279 1036 4317 eos
1073 4263 1458 4331 interpellaret.

772 4352 858 4405 IV.
903 4351 1185 4421 Postquam
1221 4354 1270 4407 id
1304 4361 1561 4407 statutum
1587 4350 1772 4404 habuit
1810 4348 2059 4411 Basilius,
2101 4347 2264 4401 Doro-

2337 1876 2482 1927 latint
2512 1874 2686 1928 omnia
2719 1872 3075 1942 persequitur.
3103 1869 3316 1923 Gratias
3347 1868 3451 1936 agit
3477 1867 3544 1918 ob
3576 1866 3799 1916 missum
3835 1867 3902 1916 ad

2337 1981 2392 2019 se
2424 1965 2634 2018 Petrum
2664 1966 3052 2035 presbyterum,
3091 1976 3118 2014 a
3154 1975 3257 2028 quo
3288 1957 3564 2027 perutilem
3595 1955 3695 2009 sibi
3737 1969 3905 2006 nava-

2340 2066 2446 2108 tam
2495 2069 2613 2109 esse
2654 2071 2871 2123 operam
2919 2063 3162 2109 testatur.
3211 2050 3562 2103 Athanasium
3617 2055 3794 2116 rogat,
3844 2054 3907 2097 ut

2341 2147 2664 2202 Dormheum
2712 2148 2961 2214 precibus
2991 2148 3103 2200 suis
3131 2160 3194 2200 ac
3219 2142 3453 2199 consiliis
3485 2140 3693 2194 muniat
3724 2152 3788 2191 ac
3814 2137 3905 2188 lit-

2340 2250 2576 2294 terarqu
2626 2237 2850 2302 viatico;
2882 2247 2935 2290 et
2965 2238 3231 2291 nonnullis
3263 2253 3293 2290 e
3323 2250 3420 2289 suo
3456 2235 3598 2286 clero
3630 2229 3908 2298 adjunctis

2338 2331 2729 2402 quamprimum
2771 2329 3023 2382 dimittat.
3078 2327 3167 2381 llis
3206 2343 3323 2396 qua:
3369 2329 3432 2379 ab
3463 2321 3908 2379 Occidentalibus

2339 2424 2562 2494 petenda
2597 2420 2960 2484 existimabat,
2999 2419 3124 2472 illud
3169 2419 3330 2471 etiam
3378 2419 3634 2484 adjuugit,
3666 2424 3725 2468 ttt
3766 2415 3909 2467 Mar-

2341 2514 2532 2568 cellum
2573 2512 2887 2566 nominatim
2924 2510 3196 2569 damnent,
3230 2521 3295 2558 ne
3333 2520 3436 2573 qua
3477 2505 3692 2558 occasio
3737 2503 3906 2557 relin-

2341 2614 2538 2672 quatur
2576 2602 2913 2656 occasionem
2962 2596 3341 2666 quaerentibus.
3395 2592 3570 2647 Monet
3610 2594 3797 2656 etiam,
3853 2603 3914 2646 ut

2342 2708 2462 2746 cum
2503 2692 2660 2760 legati
2699 2693 3008 2745 advenerint
3037 2687 3378 2758 (Alexandria
3401 2685 3541 2737 enim
3573 2685 3906 2737 transituros

2345 2800 2449 2838 non
2494 2783 2786 2849 dubitabat)
2831 2782 3044 2834 modum
3096 2781 3173 2834 eis
3223 2776 3531 2847 praescribat
3579 2773 3917 2827 Athanasius

2347 2877 2476 2930 tanti
2517 2875 2751 2929 muneris
2797 2875 2953 2942 digne
2998 2871 3246 2926 obeundi.
3280 2872 3366 2922 Ait
3409 2884 3467 2924 se
3511 2866 3800 2934 scripsisse
3848 2867 3919 2919 ad

2345 2971 2652 3039 episcopum
2682 2967 2886 3029 Romae,
2911 2966 3001 3020 sed
3031 2963 3280 3016 nonnulla
3309 2971 3492 3016 narrat
3518 2977 3576 3015 se
3602 2958 3918 3027 scripsisse,

2347 3077 2466 3130 qua:
2492 3077 2610 3114 cum
2637 3061 2689 3114 in
2714 3059 2936 3128 epistola
2969 3058 3032 3110 ad
3065 3056 3350 3109 Damasum
3386 3070 3488 3107 non
3524 3054 3796 3121 legantur,
3828 3058 3922 3103 aut

2351 3155 2561 3207 arcanis
2595 3151 2856 3204 mandatis
2893 3160 2982 3202 aut
3013 3147 3268 3216 peculiari
3300 3145 3687 3200 commentario
3723 3143 3921 3195 viden-

2356 3255 2439 3298 tur
2481 3242 2646 3296 fuisse
2686 3240 2996 3293 commissa.
3026 3239 3139 3290 Non
3169 3239 3308 3291 enim
3344 3246 3497 3304 rogat
3533 3236 3828 3288 Damasum
3865 3233 3921 3287 in

2353 3355 2414 3393 ea
2459 3353 2618 3408 quam
2666 3337 2919 3389 habemus
2958 3332 3200 3401 epistola,
3236 3342 3292 3384 ut
3331 3332 3490 3399 legati
3524 3340 3747 3383 utantur
3781 3329 3921 3382 mari

2355 3444 2406 3484 et
2455 3446 2633 3484 secum
2680 3427 2906 3480 afferant
2935 3440 3052 3495 qua:
3089 3432 3277 3478 contra
3307 3422 3565 3490 synodum
3613 3419 3928 3474 Ariminen-

2356 3539 2466 3579 sem
2507 3532 2624 3577 acta
2667 3519 2896 3574 fuerant.

2427 3615 2506 3666 Ab
2554 3613 2701 3666 initio
2733 3612 3072 3680 episcopatus
3099 3606 3270 3662 sancti
3303 3604 3481 3659 Basilii
3515 3619 3684 3674 usque
3716 3603 3787 3658 ad
3833 3619 3926 3658 se-

2361 3705 2584 3757 cundam
2647 3705 2787 3755 hanc
2844 3700 3089 3755 Dorotbei
3140 3698 3518 3768 profectionem
3567 3697 3701 3751 satis
3755 3696 3931 3751 multa

2362 3797 2800 3855 intercesserunt,
2846 3804 2902 3843 ut
2947 3807 3065 3844 eum
3107 3806 3288 3844 mense
3337 3791 3662 3858 Septembri,
3701 3805 3813 3845 non
3852 3791 3933 3846 ci-

2364 3890 2486 3953 tius,
2531 3885 2907 3941 Alexandriam
2940 3883 3307 3936 existimemus
3340 3884 3584 3936 rediisse.
3621 3884 3930 3937 Ordinatus

2361 3983 2589 4036 Basilius
2633 3992 2814 4033 mense
2866 3975 3163 4045 Septembri
3214 3971 3295 4025 vel
3331 3973 3505 4042 potius
3536 3972 3760 4027 Octobri
3803 3975 3933 4029 anni

2361 4077 2482 4140 570,
2519 4090 2619 4128 non
2653 4087 2841 4143 parum
2882 4068 3169 4137 insumpsit
3204 4066 3458 4135 temporis
3503 4064 3555 4118 in
3591 4069 3934 4122 constituen-

2364 4169 2444 4221 dis
2468 4167 2843 4221 ecclesiasticis
2865 4165 3071 4234 legibus
3101 4172 3151 4217 et
3178 4159 3503 4231 pacificanda
3544 4158 3893 4227 Cappadocia
3920 4177 3932 4224 ;

2364 4274 2462 4312 nec
2494 4258 2766 4326 probabile
2803 4266 2885 4312 est
2919 4257 3139 4310 missum
3187 4253 3253 4304 ab
3290 4265 3353 4305 eo
3393 4250 3553 4306 fuisse
3595 4251 3935 4305 Dorotheum

2367 4359 2490 4403 ante
2519 4347 2717 4401 Pascha
2749 4349 2901 4417 hujus
2933 4345 3055 4398 anni
3085 4342 3207 4396 37L
3235 4340 3518 4410 Postquam
3545 4339 3937 4393 Alexandriam

702 4449 883 4500 theum
922 4445 1225 4509 diaconum,
1257 4459 1411 4513 quem
1463 4445 1724 4497 hactenus
1767 4444 2076 4503 retinuerat,
2119 4439 2262 4492 misit
2297 4451 2340 4506 ι)
2370 4443 2513 4495 venit
2560 4439 2856 4493 Dorolltcus
2898 4446 2952 4490 et
2990 4451 3049 4488 ea
3091 4435 3354 4504 exposuit,
3389 4446 3613 4502 quorum
3648 4444 3820 4483 causa
3854 4446 3940 4484 ve.

703 4539 768 4590 ad
797 4535 1086 4597 Melctium,
1123 4547 1178 4588 ut
1211 4537 1258 4588 ei
1298 4545 1542 4588 narraret
1583 4533 1815 4602 singula,
1849 4542 1902 4586 et
1938 4539 2267 4587 commenta-

708 4630 842 4680 riqu
874 4626 1201 4690 ostenderet,
1227 4641 1332 4694 quo
1364 4623 1589 4679 Romam
1621 4625 1780 4679 eundi
1813 4623 2104 4678 necessitas
2139 4634 2264 4688 pro-

706 4719 948 4772 babatur.
997 4714 1167 4784 Rogat
1203 4715 1469 4770 Meletium
1512 4715 1735 4769 Basilius
1774 4713 1865 4781 (c),
1911 4722 1967 4766 ut
2009 4714 2052 4767 si
2097 4726 2182 4765 res
2223 4710 2269 4763 ei

708 4808 927 4871 arridet,
958 4822 1074 4860 eam
1110 4805 1175 4858 ad
1199 4821 1332 4874 opus
1358 4817 1508 4860 curet
1545 4806 1786 4875 perduci,
1814 4819 1875 4857 ac
1917 4805 2122 4858 litteras
2147 4814 2245 4855 exa

712 4910 791 4953 tet
813 4915 875 4953 ac
914 4898 1357 4953 commentarium
1382 4898 1564 4960 dictet,
1595 4898 1789 4965 quibus
1824 4899 1887 4949 de
1921 4897 2078 4949 rebus
2114 4903 2167 4949 et
2205 4892 2269 4945 ad

712 5007 844 5058 quos
873 4991 1195 5045 Dorotheum
1228 4989 1369 5059 loqui
1400 4998 1676 5057 oporteat;
1712 4999 1872 5057 atque
1900 4998 1955 5039 ut
1979 4986 2270 5041 auctorita-

716 5093 818 5135 tem
842 5081 1073 5136 habeant
1108 5081 1318 5145 litterae,
1351 5095 1474 5135 suos
1501 5080 1659 5135 etiam
1693 5079 1972 5133 unanimes
1999 5079 2274 5147 adjungat,

713 5173 924 5227 etiamsi
963 5173 1157 5227 absint.

784 5263 897 5316 Non
927 5262 1168 5316 videntur
1203 5262 1266 5315 ad
1303 5262 1503 5316 exitum
1544 5262 1800 5328 perducta
1828 5271 1947 5313 esse.
1979 5273 2097 5327 quae
2132 5255 2278 5309 Basi-

718 5355 818 5408 lius
863 5370 891 5407 a
935 5353 1141 5407 Meletio
1169 5354 1380 5423 petebat
1412 5372 1425 5407 :
1461 5367 1558 5406 nec
1586 5366 1896 5407 communes
1925 5349 2275 5406 Orientalium

718 5446 923 5501 litteras
960 5444 1182 5498 Romam
1229 5447 1448 5515 pertulit
1485 5446 1806 5502 Dorotlteus.
1850 5443 2001 5510 Nam,
2038 5453 2100 5497 ut
2139 5439 2276 5496 infra

789 5650 863 5719 (a)
906 5649 997 5716 Ep.
1036 5647 1125 5712 69,
1168 5667 1217 5703 n.
1258 5650 1304 5703 1.

790 5720 864 5791 (b7
908 5719 1003 5789 Ep.
1043 5721 1129 5775 68.

2372 4540 2555 4593 ruerat;
2609 4541 2823 4583 sanctus
2863 4526 3201 4592 Athanasius,
3250 4526 3352 4580 etsi
3393 4522 3680 4593 plurimum
3739 4519 3942 4577 Basilio

2378 4621 2663 4681 tribuebat,
2705 4615 2871 4669 notuit
2915 4622 3089 4668 tamen
3139 4629 3249 4669 rem
3292 4615 3472 4668 statim
3515 4611 3762 4678 aggredi,
3816 4621 3871 4666 et
3913 4624 3944 4662 e

2373 4711 2516 4765 clero
2545 4726 2663 4771 suo,
2701 4717 2756 4760 nt
2797 4715 3072 4774 rogaverat
3115 4707 3365 4764 Basilius.
3403 4705 3630 4756 Romam
3664 4705 3892 4757 mittere
3927 4719 3941 4754 :

2377 4804 2466 4856 sed
2509 4817 2613 4872 quo
2657 4801 2774 4853 loco
2805 4800 2854 4851 in
2885 4800 3214 4868 Cappadocia
3255 4807 3308 4850 et
3342 4796 3582 4851 ﬁnitimis
3621 4797 3945 4864 regionibus

2376 4905 2555 4947 essent
2603 4908 2688 4946 res
2739 4891 3113 4946 ecclesiastica:
3157 4906 3248 4958 per
3299 4887 3510 4942 Petrum
3559 4891 3945 4957 presbyterum

2376 5000 2696 5055 cognoscere
2748 4985 2934 5038 voluit.
2984 4986 3030 5038 Is
3073 4986 3123 5037 in
3173 4982 3504 5048 Cappadocia
3557 4982 3647 5032 diu
3701 4989 3949 5034 moratus

2370 5087 2472 5137 est,
2507 5075 2789 5128 concilians
2819 5076 3086 5128 contraria
3120 5089 3180 5123 ac
3215 5072 3417 5125 divulsa
3451 5071 3803 5136 conjungens.
3841 5069 3950 5125 Un-

2375 5168 2439 5220 de
2465 5166 2662 5220 fatetur
2691 5166 2915 5219 Basilius
2937 5165 2988 5217 in
3029 5164 3186 5233 epist.
3231 5161 3296 5216 69
3327 5164 3402 5233 (η.
3434 5161 3511 5230 1),
3544 5159 3634 5212 diu
3673 5169 3948 5214 retentum

2378 5275 2407 5312 a
2430 5274 2485 5313 se
2509 5273 2627 5312 esse
2655 5257 2995 5310 Dorotheum.
3025 5253 3260 5307 Tandem
3292 5253 3437 5306 illum
3471 5248 3614 5304 misit
3645 5250 3715 5302 ad
3757 5249 3816 5306 S.
3845 5250 3950 5304 Me-

2379 5350 2588 5412 letium,
2625 5349 2760 5417 apud
2791 5361 2946 5415 quem
2978 5345 3282 5414 aliquandiu
3314 5345 3523 5398 videtur
3550 5354 3946 5397 commoratus.

2382 5441 2613 5511 Tempus
2639 5440 2782 5495 enim
2809 5442 3090 5495 extrahere
3111 5436 3406 5493 debuerunt
3431 5444 3484 5489 et
3519 5448 3711 5488 earum
3750 5449 3952 5498 rerum,

2458 5642 2528 5711 (ρ)
2566 5641 2697 5700 Ibid.

2455 5715 2531 5783 (tl)
2573 5714 2666 5782 Ep.
2709 5712 2793 5767 69.
