4094 6308
1480 380 1638 435 νίτλ
1675 381 1731 434 S.
1776 379 2038 436 BASILII.

3312 400 3435 439 LXXI

191 524 304 577 qua:
336 524 363 561 a
396 516 592 561 sancto
631 504 828 558 Basilio
856 504 1311 576 proponebantur,
1350 504 1687 566 deliberatio,
1716 516 1769 557 et
1798 516 1841 570 Α
1872 505 2141 575 spicioncs
2171 503 2327 572 hujus
2354 506 2574 560 lncrcsis
2616 505 3086 572 deprehendimus.
3146 506 3278 560 Nam
3324 516 3435 563 tres

193 607 513 663 instituenda
554 618 717 672 opera
752 613 809 657 ut
839 603 1215 659 communibus
1259 601 1451 655 litteris
1486 604 1765 655 unanimes

191 703 391 771 quique
439 696 866 753 subscriberent.
908 696 1048 762 Quin
1080 696 1241 750 etiam
1271 705 1555 761 antequam
1592 697 1763 750 Doro-

192 793 348 844 thsas
378 787 450 838 ad
481 785 546 839 S.
582 785 847 842 Meletium
894 788 1233 853 mitteretur;
1279 785 1388 852 jam
1429 786 1615 840 Ariani
1649 786 1767 855 epi-

191 871 575 941 scopbpartim
604 883 882 935 venerant,
916 877 1108 943 partim
1135 874 1604 942 exspectabantur,
1632 890 1766 944 quos

191 966 412 1035 quidem
460 982 646 1022 mense
696 965 998 1035 Septembri
1045 973 1262 1023 ineunte
1291 966 1574 1025 advenisse
1606 972 1766 1024 modo

190 1058 519 1115 videbimus.
567 1060 905 1130 Quapropter
944 1078 1064 1115 cum
1120 1060 1416 1115 Dorotheus
1456 1062 1764 1131 aliquamliu

190 1152 330 1219 apud
363 1151 425 1208 S.
465 1151 736 1205 Meletium
772 1164 1012 1207 moratus
1047 1158 1137 1211 sit,
1177 1167 1281 1206 non
1322 1164 1493 1223 potuit
1534 1155 1765 1209 Alexan-

190 1242 365 1296 driam
415 1243 582 1305 mitti,
624 1244 721 1298 nisi
758 1246 945 1298 eodem
979 1258 1162 1298 mense
1197 1246 1499 1315 Septembri
1540 1247 1763 1303 multum

189 1343 450 1403 pret-ecta
485 1355 497 1387 :
535 1334 660 1390 hinc
690 1335 750 1391 S.
789 1334 1146 1388 Athanasium
1196 1348 1349 1405 rogat
1401 1336 1625 1391 Basilius
1664 1339 1761 1409 (α),

191 1437 246 1480 ιιι
285 1424 615 1481 Dorotheum
656 1430 835 1483 statim
880 1429 946 1481 ad
981 1428 1207 1494 primam
1250 1430 1644 1498 navigationem
1685 1432 1764 1485 di-

189 1521 387 1573 mittat.

756 1634 982 1691 CAPUT
1022 1635 1204 1694 XV'lll.

189 1725 228 1782 Ι.
272 1726 392 1794 Quo
424 1738 656 1801 tempore
692 1724 1159 1801 Pneuinatomachi
1198 1732 1374 1798 palam
1416 1732 1624 1801 prodire
1664 1752 1763 1790 ca:-

254 1798 807 1876 perunt._ll.__Concio
849 1800 911 1855 S.
944 1799 1144 1876 Basilii
1167 1804 1251 1876 die
1289 1798 1423 1869 [esto
1460 1800 1520 1855 S.
1555 1806 1764 1876 Enp.y.

256 1872 381 1923 chii.
427 1868 511 1923 lll.
558 1868 896 1935 Vitaperatur
925 1870 1064 1935 quod
1106 1868 1361 1935 Spiritum
1390 1868 1759 1929 sanctum-non

253 1939 594 2011 appella_v_e_rit
614 1940 811 2011 ﬂeam.
842 1939 1154 2007 Dcfenditur
1184 1958 1215 2011 τι
1245 1940 1494 2011 Gregorio
1526 1943 1759 1999 Nazian-

261 2022 426 2083 seiio._
458 2008 548 2060 IV.
586 2002 932 2083 interanea
958 2010 1028 2083 tle
1077 2026 1146 2083 rei
1174 2002 1479 2083 Gregoiium
1527 2018 1664 2067 inter
1710 2026 1757 2067 et

258 2075 540 2131 Basiliam.
586 2079 648 2134 γ.
690 2078 897 2132 Laudat
949 2077 1007 2134 S.
1058 2075 1375 2139 Atltanaiius
1420 2085 1757 2139 aconomiam

258 2145 315 2202 S.
358 2146 573 2202 Basilii.

256 2263 299 2316 l.
338 2262 665 2317 Jamdndum
725 2263 959 2335 Spiritus
1014 2266 1183 2320 sancti
1242 2266 1575 2322 divinitatem
1628 2286 1759 2326 non-

190 2353 313 2407 nulli
357 2368 677 2424 oppugnare
718 2366 995 2424 cceperant
1037 2375 1051 2409 :
1090 2356 1183 2410 sed
1219 2357 1465 2412 videntur
1503 2363 1632 2416 satis
1670 2365 1759 2417 diu

189 2447 408 2502 latebris
439 2462 500 2501 se
542 2447 853 2511 involvisse,
883 2461 948 2501 ae
980 2461 1084 2501 non
1124 2449 1294 2503 multo
1329 2460 1453 2507 aute
1483 2455 1761 2524 episcopa-

192 2549 295 2592 tum
330 2539 510 2593 sancti
546 2537 733 2591 Basilii
769 2538 1053 2607 prodiisse.
1087 2538 1221 2596 Cum
1263 2542 1478 2599 Arianis
1519 2556 1761 2599 sanctam

190 2627 512 2682 Trinitatem
549 2628 763 2698 penitus
796 2630 1104 2686 tollentibus
1146 2648 1250 2687 non
1288 2635 1515 2703 plurima
1548 2645 1665 2690 erat
1698 2637 1764 2692 de

187 2728 375 2774 sancto
410 2720 619 2791 Spiritu
652 2727 1055 2790 controversia;
1101 2725 1219 2779 Filii
1261 2726 1596 2793 potissimum
1628 2729 1763 2782 diri-

189 2813 323 2868 nitas
360 2813 782 2879 defendebatur,
812 2832 914 2883 qua
950 2816 1114 2871 semel
1155 2817 1391 2870 stabilita
1423 2820 1760 2874 divinitatem

189 2909 352 2962 sancti
389 2909 631 2978 Spiritus
657 2906 816 2962 simul
839 2907 1070 2962 stabiliri
1108 2894 1222 2962 non.
1258 2912 1526 2980 negabant
1555 2911 1759 2964 Ariani.

190 2994 287 3053 Sed
303 3014 373 3053 ex
400 3001 469 3053 iis
488 2999 584 3071 qui
606 2998 674 3053 ab
687 3001 724 3054 Α
736 2999 900 3054 rianis
915 2999 1233 3067 discessere,
1247 3017 1350 3055 non
1369 3003 1526 3071 pauci
1542 3002 1763 3057 alteram

189 3094 487 3165 impietatis
520 3106 727 3164 partem
746 3097 1104 3160 retinuerunt,
1122 3106 1175 3151 et
1193 3110 1312 3149 cum
1332 3096 1662 3150 divinitatem
1684 3094 1767 3149 Fi-

189 3186 242 3239 lii
256 3197 441 3242 contra
458 3188 692 3244 Arianos
709 3199 1006 3252 tuerentur,
1020 3189 1084 3243 de
1098 3187 1331 3257 Spiritus
1344 3188 1621 3243 divinitate
1637 3202 1759 3241 cum
1790 3223 1830 3279 C

186 3278 482 3334 Catholicis
510 3291 838 3349 pugnarunt.
876 3280 1135 3349 Serapion
1170 3282 1453 3350 episcOpus
1481 3280 1762 3335 Tlnnuita-

189 3385 287 3425 nus
316 3369 391 3440 (b)
425 3386 572 3424 anno
602 3373 707 3425 560
731 3383 822 3425 aut
850 3372 975 3435 561,
1005 3371 1063 3425 S.
1097 3373 1449 3426 Athanasium
1479 3375 1761 3428 certiorem

187 3461 645 3526 fecitnonnullos,
666 3478 789 3518 cum
819 3464 888 3519 ab
925 3464 1140 3518 Arionis
1175 3464 1244 3518 ob
1264 3478 1449 3519 eorum
1485 3466 1534 3519 in
1564 3465 1761 3519 Filium

188 3554 521 3624 impietatem
567 3555 968 3619 discessissent,
1011 3554 1149 3609 male
1176 3554 1243 3610 de
1277 3554 1478 3625 Spiritu
1535 3558 1761 3622 sentire,

184 3661 415 3716 eumque
448 3660 558 3701 non
588 3648 747 3702 modo
777 3656 1082 3702 creaturam
1113 3662 1253 3714 esse,
1291 3649 1383 3703 sed
1413 3648 1575 3703 etiam
1596 3666 1759 3703 tinum

185 3753 251 3792 ex
282 3740 555 3794 ministris
590 3738 871 3809 spiritibus
915 3740 1113 3803 dicere,
1147 3756 1209 3795 ac
1242 3741 1408 3811 gradu
1437 3750 1644 3795 tantum
1694 3742 1761 3795 ab

186 3832 386 3902 angelis
417 3831 661 3890 diﬂerre.
702 3830 1093 3887 Perinolestum
1129 3831 1182 3885 id
1242 3832 1441 3887 accidit
1466 3831 1761 3886 Athanasio

184 3937 249 3978 ac
281 3935 598 3979 nascentem
660 3924 909 3977 hmresim
943 3933 1172 3992 quatuor
1206 3925 1639 3993 praeclarissimis
1692 3926 1758 3977 ad

185 4014 545 4085 Serapionem
602 4013 846 4082 epistolis
920 4016 1224 4084 proﬂigavit
1278 4015 1373 4085 (c).
1456 4016 1755 4070 Testantur

185 4109 344 4163 etiam
373 4108 636 4163 Socrates
664 4105 742 4179 (ιι)
765 4116 819 4160 et
849 4105 1184 4163 Sozomenus
1212 4107 1605 4172 Macedoniam,
1636 4125 1783 4163 cum'

184 4216 324 4254 anno
349 4201 458 4258 360
482 4201 762 4271 depositus
788 4202 973 4258 luisset
1003 4202 1056 4257 in
1097 4203 1334 4259 concilio
1367 4202 1753 4259 Constantino-

182 4293 445 4363 politano,
495 4308 693 4349 novam
731 4293 874 4350 hanc
906 4294 1179 4358 hmresim,
1235 4310 1354 4367 quae
1385 4295 1453 4350 ab
1514 4296 1630 4366 ipso
1661 4313 1757 4351 no-

184 4401 305 4439 men
334 4386 574 4453 accepit,
604 4396 819 4440 struere
865 4387 1117 4455 ccepissc.
1153 4385 1261 4442 Sed
1310 4396 1490 4442 tamen
1533 4402 1755 4443 necesse

184 4488 267 4532 est
296 4492 495 4531 novam
526 4482 665 4533 hanc
696 4490 896 4532 seetain
949 4477 1260 4548 aliquandiu
1290 4480 1343 4532 in
1377 4478 1610 4533 tenebris
1635 4494 1756 4533 cre-

1866 601 2098 669 episcopi
2129 615 2191 653 ex
2228 599 2688 655 Semiarianorum
2717 615 2940 653 nurnero
2996 600 3222 654 Romam
3255 602 3432 663 missi,

1865 694 2023 761 plene
2077 704 2132 748 et
2158 692 2428 747 cumulate
2458 694 2612 749 (idem
2644 711 2796 750 suam
2863 707 3159 766 purgarunt
3219 706 3431 764 recepta

1868 781 1971 835 ﬁde
2022 785 2262 850 Nicmna,
2297 799 2396 838 nec.
2428 786 2719 853 quidquam
2756 787 2984 855 amplius
3020 789 3085 842 ab
3120 790 3200 842 eis
3249 801 3434 857 postu-

1868 874 2032 928 latum
2064 878 2119 931 in
2154 879 2383 933 concilio
2408 875 2698 946 Tyanensi.
2733 881 2882 935 Tunc
2910 880 3045 933 forte
3077 882 3291 949 prodire
3320 896 3430 935 cm-

1867 971 1943 1041 pit
1968 971 2210 1035 lia‘rcsis,
2242 988 2364 1025 cmn
2396 986 2584 1041 pacem
2617 986 2750 1039 pene
2786 976 2848 1026 ad
2879 975 3081 1029 exitum
3118 974 3429 1040 perductam

1867 1079 2009 1118 anno
2043 1063 2143 1116 567
2176 1066 2390 1132 triginta
2430 1072 2662 1134 quatuor
2689 1064 2944 1135 episcopi,
2987 1075 3044 1121 ut
3093 1081 3251 1132 stupra
3294 1066 3430 1117 vidi-

1870 1170 2010 1221 mus,
2061 1158 2466 1224 perturbarunt.
2533 1156 2833 1209 Conﬁrmat
2882 1162 3013 1211 hanc
3065 1154 3429 1226 conjectni’ain

1865 1248 2089 1314 epistola
2122 1247 2191 1300 ‘23
2238 1248 2292 1299 S.
2323 1248 2528 1312 Basilii,
2593 1265 2711 1319 qua:
2764 1264 2882 1301 cum
2918 1256 3090 1304 serius
3147 1268 3291 1305 anno
3326 1252 3429 1303 563

1866 1340 2027 1392 scribi
2069 1357 2173 1393 non
2230 1343 2463 1407 potuerit
2498 1345 2623 1411 (hoc
2657 1342 2799 1394 enim
2856 1354 3087 1396 exeunte
3124 1360 3286 1406 anno,
3338 1355 3433 1396 aut.

1868 1430 2085 1485 ineunte
2144 1432 2249 1485 569
2297 1442 2537 1485 uim-tuus
2606 1433 2936 1487 Athanasius
3000 1435 3312 1503 Ancyranus
3363 1438 3431 1491 ad

1865 1538 2025 1590 quem
2066 1526 2261 1592 scripta
2287 1524 2414 1594 est),
2456 1524 2791 1577 matiifcstam
2843 1526 3002 1578 habet
3033 1528 3428 1583 distinctionem

1865 1615 2480 1670 Pucmnatotnachorum
2533 1616 2598 1666 ab
2634 1618 2929 1671 Ariorum-is.
2969 1618 3057 1671 Sic
3091 1620 3230 1670 enim
3264 1621 3432 1688 loqui-

1867 1720 1953 1765 tur
1986 1709 2215 1763 Basilius
2251 1709 2317 1778 (Ι)
2352 1730 2363 1763 :
2400 1711 2472 1762 Οὐ
2524 1710 2631 1778 γὰρ
2658 1710 2720 1778 δὴ
2750 1714 2858 1772 τοῖς
2905 1711 3311 1784 γεγραμμένοις
3346 1714 3433 1781 09‘

1863 1805 2020 1874 ἡμῶν
2048 1803 2183 1875 πρὸς
2210 1803 2332 1863 τοὺς
2384 1803 2630 1874 ἀνόμοιον
2665 1806 2785 1856 κατ’
2834 1804 3017 1855 οὐσίαν
3051 1807 3428 1876 τολμήσαντας

1863 1898 2034 1949 εἰπεῖν
2061 1899 2148 1950 τὸν
2172 1895 2298 1949 Υἱὸν
2327 1896 2420 1947 καὶ
2440 1896 2570 1947 Θεὸν
2608 1896 2683 1967 τῷ
2712 1896 2829 1966 Θεῷ
2854 1898 2945 1950 καὶ
2989 1897 3184 1967 Πειτρὶ,
3209 1899 3241 1967 ἢ
3290 1900 3426 1969 πρὸς

1861 1989 1986 2050 τοὺς
2026 1990 2225 2061 κτίςμα
2251 1988 2344 2043 καὶ
2384 1987 2592 2058 ποίημα
2633 1985 2770 2040 εἶναι
2804 1989 2861 2040 τδ
2894 1988 3115 2060 Πνεῦμα
3173 1989 3232 2041 τὸ
3281 1989 3433 2058 ἅγιον

1864 2081 2374 2153 βλασφημήσαντας,
2394 2081 2595 2153 ταύτην
2624 2080 2686 2134 ἂν
2718 2082 3024 2149 ἐπενεγκεῖν
3056 2084 3151 2153 τὴν
3170 2082 3433 2156 λοιδορίαν

1862 2175 2110 2246 ἠνέσχου,
2147 2176 2174 2227 ὁ
2213 2176 2333 2237 τοὺς
2368 2176 2633 2245 μεγάλους
2663 2174 2855 2238 ἄθλους
2890 2174 3128 2238 ἐκείνους
3153 2178 3245 2229 καὶ
3274 2194 3433 2246 περι-

1863 2268 2086 2340 βοήτους
2118 2266 2256 2338 ὑπὲρ
2281 2267 2375 2336 τῆς
2396 2267 2699 2336 ὀρθοδοξίας
2726 2266 3032 2335 διενεγκών.
3060 2265 3180 2319 Non
3209 2270 3341 2321 enim
3369 2271 3431 2321 iis

1861 2376 1977 2429 qua:
2013 2377 2043 2411 a
2074 2357 2219 2412 nobis
2243 2358 2438 2425 scripta
2466 2367 2583 2409 sunt
2616 2362 2862 2411 adversus
2895 2374 3003 2418 cos,
3034 2360 3123 2427 qui
3158 2357 3352 2411 Filium
3384 2371 3435 2411 et

1867 2451 2031 2503 Deum
2065 2452 2170 2505 Deo
2203 2464 2247 2505 et
2297 2449 2453 2503 Patri
2508 2451 2785 2502 secundum
2820 2451 3095 2503 essentiam
3125 2452 3431 2505 dissimilem

1865 2544 2035 2595 dicere
2064 2545 2178 2594 ausi
2211 2553 2351 2600 sunt.
2397 2553 2487 2596 aut
2520 2545 2768 2595 adversus
2798 2559 2883 2595 eos
2918 2545 3005 2612 qui
3032 2542 3287 2612 Spiritum
3311 2563 3432 2598 san-

1866 2648 2005 2691 ctum
2045 2646 2339 2691 creaturam
2375 2647 2421 2689 et
2467 2638 2730 2702 api/icium
2758 2654 2867 2689 esse
2892 2637 3185 2705 blasphcmo
3215 2654 3303 2691 ore
3335 2640 3431 2691 do-

1865 2742 2100 2793 cuerunt,
2135 2728 2500 2783 contumeliam
2541 2728 2673 2778 hanc
2704 2728 2872 2793 facere
2902 2730 3166 2793 voluisses,
3199 2732 3285 2799 qui
3316 2748 3432 2783 ma-

1865 2839 1965 2889 gna
1996 2824 2088 2874 illa
2122 2840 2181 2873 ac
2216 2820 2437 2874 celebria
2491 2820 2779 2871 certamina
2828 2835 2921 2885 pro
2959 2830 3095 2871 recta
3126 2821 3226 2887 ﬁde
3248 2832 3429 2886 pertu-

1867 2913 1991 2967 lisli.
2021 2913 2299 2965 Probabile
2328 2926 2455 2982 ergo
2515 2919 2596 2964 est
2632 2912 2769 2966 hanc
2833 2912 3080 2965 lueresim
3118 2926 3219 2965 non
3260 2912 3426 2964 multo

1868 3014 1991 3057 ante
2030 3004 2389 3072 episcopatum
2420 3005 2477 3061 S.
2505 3005 2683 3059 Basilii
2720 3005 3005 3073 prodiisse.

1940 3187 2190 3243 Testatur
2222 3182 2552 3256 Epiphanius
2592 3184 2666 3258 lg)
2708 3202 2769 3240 ex
2812 3187 2893 3239 his
2928 3186 3433 3241 Pucumatomachis

1870 3282 2005 3333 alios
2035 3280 2103 3333 de
2155 3280 2291 3332 Filio
2329 3291 2470 3333 recte
2528 3280 2786 3342 sensisse,
2821 3279 2951 3332 alios
2990 3294 3054 3332 ne
3086 3279 3137 3331 in
3170 3280 3265 3333 hoc
3297 3282 3432 3348 qui»-

1868 3371 1985 3423 dcm
2014 3370 2078 3422 ab
2108 3371 2305 3424 Ariaua
2332 3374 2606 3441 impietate
2632 3372 2963 3425 discessisse.
3001 3374 3052 3423 In
3092 3374 3190 3423 hoc
3226 3383 3431 3440 postre-

1868 3482 1954 3517 tno
2025 3481 2220 3534 genere
2287 3467 2651 3519 recensendns
2711 3464 3019 3518 Eustathius
3081 3463 3430 3519 Sebasteuus.

1866 3556 2017 3611 lluuc
2049 3558 2286 3626 episcopi
2335 3556 2644 3608 Orientales
2705 3564 2973 3609 testantur
3030 3558 3079 3609 in
3137 3558 3294 3625 epist.
3326 3557 3433 3612 9.63

1868 3666 1919 3701 ιι.
1949 3650 2003 3710 5,
2034 3662 2155 3702 eum
2186 3650 2250 3700 iis
2277 3646 2619 3713 eoujuuClttm
2658 3663 2796 3711 esse,
2854 3650 2942 3716 qui
2975 3650 3433 3702 consubstantiale

1866 3738 2353 3797 anathematizauit,
2424 3753 2487 3791 ac
2549 3738 2738 3790 ducem
2795 3753 2851 3791 se
2915 3738 3151 3806 praebere
3213 3740 3433 3792 lueresis

1865 3829 2499 3883 Pucumatowachoruin.
2538 3825 2795 3891 Quamvis
2830 3838 3006 3880 autem
3039 3828 3349 3882 Eustathius
3379 3839 3434 3882 et

1862 3918 1976 3981 alii,
2034 3929 2089 3971 ut
2145 3919 2422 3985 probabile
2476 3928 2591 3981 est,
2658 3918 3139 3974 Pneumatomachi
3199 3922 3429 3988 gratiam

1863 4014 2185 4067 Arianorum
2237 4011 2509 4063 ambirent
2555 4023 2607 4066 et
2641 4010 2953 4066 Catholicos
2984 4022 3282 4075 vexarent;
3326 4028 3428 4065 non

1860 4116 2039 4161 tamen
2072 4123 2099 4157 ει
2138 4105 2418 4160 catholicis
2453 4106 2707 4159 Ecclesiis
2732 4104 2954 4157 omnino
2994 4102 3212 4156 :tltscissi
3253 4114 3427 4167 erant,

1859 4199 1951 4255 sed
1984 4200 2071 4253 diu
2108 4200 2227 4252 evis
2276 4198 2469 4269 pellem
2510 4199 2869 4257 retinuerunt,
2931 4204 2988 4246 ut
3044 4204 3189 4263 patet
3220 4211 3285 4249 ex
3348 4196 3433 4249 his

1857 4292 2038 4345 verbis
2060 4289 2548 4361 ejusilemepistola:
2575 4288 2701 4349 263,
2736 4304 2879 4341 ntuu.
2917 4286 2950 4340 9.
2974 4307 2986 4341 :
3014 4287 3202 4340 Audax
3223 4289 3434 4356 qualem

1855 4382 1971 4445 illa,
2008 4381 2528 4451 inquimttepiScOpi,
2570 4396 2631 4432 ac
2671 4380 2942 4447 impudens
2981 4380 3299 4430 Arianorum
3330 4379 3435 4430 Iuc-

1858 4475 1985 4527 resis
2012 4477 2186 4539 palam
2211 4475 2443 4527 abscissa
2491 4490 2521 4524 α
2565 4488 2777 4541 corpore
2835 4469 3120 4530 Ecclesia',
3172 4480 3339 4520 manet
3375 4469 3431 4521 in

182 4571 346 4635 visse,
383 4583 489 4625 nec
522 4579 631 4625 tam
664 4574 775 4626 cito
801 4568 1060 4626 verticem
1093 4569 1393 4625 sustulisse.
1418 4568 1552 4623 Nam
1585 4569 1756 4623 tribus
1787 4568 1831 4624 D
1859 4582 1955 4621 suo
2000 4568 2161 4635 ipsius
2188 4583 2382 4625 errore,
2413 4566 2659 4633 nobisque
2700 4581 2801 4615 non
2830 4564 3051 4614 multant
3087 4566 3234 4612 nocet
3257 4598 3271 4621 ,
3303 4559 3431 4627 quia

183 4666 339 4720 annis
378 4673 506 4730 post
548 4664 847 4732 depositum
885 4662 1277 4727 Macedoniam,
1318 4661 1552 4717 Basilius
1578 4660 1755 4716 Euno-

183 4754 374 4820 mium,
405 4755 496 4825 qui
535 4753 794 4824 Spiritum
820 4761 1066 4809 sanctum
1106 4761 1412 4808 creaturam
1449 4750 1755 4821 appellave-

184 4857 292 4913 rat,
323 4858 387 4900 ut
416 4860 569 4902 nova:
598 4854 653 4900 et
675 4846 936 4901 hactenus
964 4844 1219 4901 inauditae
1249 4843 1543 4913 impietatis
1570 4854 1756 4897 aucto-

180 4960 297 5001 rem
334 4945 659 5001 insectatur.
690 4941 905 4998 Primus
926 4960 1070 5016 ergo,
1098 4944 1276 5014 inquit
1308 4941 1400 5013 (e),
1438 4942 1648 4997 illorum
1666 4942 1758 5011 qui

180 5039 451 5091 ceritatem
476 5037 651 5091 adorti
683 5044 829 5100 sunt,
862 5050 927 5090 ea:
952 5052 1052 5106 quo
1087 5035 1298 5106 pietatis
1323 5033 1629 5102 prardicatio
1670 5033 1754 5086 di-

180 5131 394 5200 vulgata
424 5130 675 5191 est,hanc
702 5130 765 5183 de
783 5125 984 5198 Spiritu
1008 5144 1180 5183 vocem
1202 5129 1436 5183 emittere
1467 5143 1629 5181 ausus
1660 5138 1755 5180 est.

180 5220 398 5277 Etenim
427 5222 518 5292 qui
560 5220 820 5289 Spiritum
861 5232 1100 5275 sanctum
1128 5231 1425 5277 creaturam
1458 5220 1754 5288 appellarit,

178 5315 487 5369 audivimus
536 5314 794 5367 neminem
835 5313 903 5366 ad
933 5313 1243 5367 hodiernum
1272 5328 1434 5383 usque
1476 5314 1635 5376 diem,
1675 5329 1755 5365 ne-

177 5421 277 5474 que
320 5406 383 5458 in
414 5404 480 5458 iis
504 5418 635 5473 quos
678 5401 933 5464 reliquere
989 5401 1139 5455 libris
1171 5400 1303 5455 hanc
1350 5398 1751 5469 appellationem

178 5497 500 5552 invenimus.
528 5493 670 5562 Quin
688 5494 852 5550 etiam
884 5493 1043 5549 annis
1072 5491 1176 5549 566
1202 5504 1257 5549 et
1290 5492 1413 5557 567,
1451 5492 1627 5548 nullas
1655 5506 1751 5545 su-

248 5674 331 5747 (a)
374 5672 475 5747 sp.
514 5671 607 5727 69.

245 5740 327 5813 (b)
371 5740 571 5798 Athan.
614 5740 709 5812 Ep.
753 5742 806 5805 l,
846 5744 912 5798 ad
950 5742 1140 5813 Scrap.

245 5823 319 5886 (ε)
356 5814 477 5886 Lib.
514 5830 577 5875 It,
602 5828 723 5881 cap.
759 5813 849 5886 iiii:

243 5884 327 5959 (4)
370 5884 486 5941 Lib.
527 5900 602 5951 tv,
636 5898 754 5952 cap.
785 5884 856 5938 27

1862 4658 2098 4711 omnibus
2122 4666 2301 4725 aperta
2335 4657 2564 4724 ipsorum
2600 4655 2858 4722 impietas.
2897 4651 2999 4716 Qui
3032 4660 3205 4703 autent
3248 4650 3432 4718 pellem

1862 4750 2066 4803 orinam
2117 4748 2289 4806 induti
2348 4758 2488 4813 sunt,
2540 4764 2601 4799 ac
2636 4746 2852 4813 speciem
2917 4744 3164 4794 blandam
3214 4758 3321 4809 prce
3376 4758 3431 4792 se

1862 4843 2036 4911 [erant
2063 4857 2124 4894 ac
2154 4840 2338 4904 lenem,
2368 4841 2510 4893 intus
2536 4855 2648 4893 t-cro
2683 4837 2945 4890 dilaniant
2972 4834 3247 4886 crudeliter
3276 4831 3432 4885 Chri-

1860 4934 1925 4986 sti
1955 4949 2182 5003 gregem,
2227 4940 2275 4984 et
2321 4940 2595 5000 pmpterea
2633 4926 2770 4995 quod
2802 4940 2867 4978 ea:
2915 4924 3058 4976 nobis
3090 4924 3259 4981 exorti
3288 4935 3430 4986 sunt,

1863 5024 2015 5094 facile
2040 5024 2317 5092 perniciem
2345 5024 2575 5090 inferunt
2616 5018 3040 5084 simplicioribus,
3081 5017 3135 5069 lii
3174 5028 3319 5079 situt,
3346 5018 3435 5086 qui

1864 5117 2147 5171 molestiam
2181 5115 2444 5179 exhibent,
2478 5128 2539 5165 ac
2578 5128 2713 5179 (egre
2743 5109 2897 5162 vitari
2934 5118 3170 5177 possunt.
3212 5106 3323 5160 llos
3356 5124 3433 5158 ro-

1859 5226 2041 5281 gamus
2075 5219 2126 5262 ut
2175 5218 2341 5262 vestra
2378 5204 2650 5273 diligentia
2693 5203 2927 5255 omnibus
2987 5199 3217 5252 Orientis
3253 5198 3433 5251 Eccle-

1857 5303 1948 5355 siis
1969 5301 2232 5354 denuntiet
2261 5344 2273 5364 ,
2308 5310 2360 5357 ut
2402 5306 2491 5349 aut
2527 5304 2719 5349 rectam
2772 5295 2904 5348 viam
2940 5292 3179 5360 ingressi,
3235 5291 3432 5344 sincere

1857 5406 2125 5447 versentur
2160 5392 2462 5453 nobiscum;
2501 5398 2589 5439 aut
2632 5387 2674 5439 si
2710 5386 2763 5439 in
2801 5402 2894 5437 sua
2927 5392 3267 5450 permaneant
3315 5398 3431 5449 per-

1854 5487 2116 5550 versitate,
2150 5485 2398 5537 damnum
2421 5482 2558 5533 intra
2591 5495 2644 5533 se
2673 5478 2807 5532 solos
2836 5475 3156 5537 contineant,
3193 5488 3279 5525 nec
3309 5489 3431 5539 pos—

1938 5666 2006 5735 (ei
2041 5665 2155 5718 Lib.
2186 5680 2243 5725 ll,
2280 5662 2527 5725 Eunom.,
2560 5678 2611 5730 ρ,
2651 5660 2766 5715 9.70.

1940 5740 2007 5803 (Η
2044 5737 2135 5800 Ep.
2168 5737 2260 5795 ‘25,
2295 5740 2424 5786 ".2.

1940 5802 2011 5877 illi
2042 5809 2238 5860 llam-5.
2275 5804 2363 5869 7i,
2399 5821 2449 5855 ll.
2484 5802 2532 5855 i.
