4094 6308
676 357 821 399 LXXII

1952 332 2478 390 PROLEGOMENA.

674 468 777 519 sint
820 479 882 516 ex
935 462 1146 513 incauta
1208 460 1563 512 communione
1618 460 1851 509 morbum
1910 473 2061 510 suum
2119 474 2231 509 cum
2266 467 2310 521 Λ
2346 454 2655 510 [‘roferehat
2712 454 2837 507 illud
2895 451 3135 523 Gregorii
3175 452 3371 506 ditium
3405 470 3465 507 ex
3522 453 3899 520 quaddmora-

672 556 921 623 proximis
950 553 1270 605 routmunica
1285 568 1355 602 re.

745 646 806 699 ll.
838 645 970 698 Cum
1010 646 1261 699 invictam
1294 645 1457 695 animi
1512 644 1879 697 fortitudinem
1916 658 2123 696 summa
2156 643 2232 693 le-

677 738 814 789 tritas
843 735 1124 790 inBisilio
1177 742 1525 802 temperaret,
1594 736 1644 786 in
1697 743 1925 799 utroque
1978 730 2238 785 mirabilis

674 837 811 889 erat,
844 837 897 880 et
929 829 978 879 in
1015 826 1272 879 adeundis
1328 839 1422 893 pro
1455 825 1685 878 veritate
1735 824 2069 891 gravissimis
2096 822 2235 891 peri-

674 922 829 982 culis,
864 932 917 973 et
941 919 991 971 in
1014 917 1398 987 persequendis
1432 919 1683 970 omnibus
1710 918 1856 981 pacis
1890 914 2239 971 concilianda:

678 1012 865 1065 modis.
893 1010 1074 1080 Itaque
1104 1026 1223 1063 eum
1254 1008 1433 1060 Ariani
1462 1009 1525 1061 ad
1554 1010 1962 1077 oppugnandam
2004 1006 2241 1074 Spiritus

676 1101 845 1155 sancti
879 1100 1212 1154 divinitatem
1260 1115 1449 1152 omnes
1480 1100 1621 1151 vires
1645 1108 1769 1151 snas
1803 1098 2193 1153 convertissan
2222 1116 2236 1162 ;

676 1194 852 1262 palam
878 1204 928 1247 et
954 1203 1135 1262 aperte
1162 1194 1259 1246 hoc
1291 1192 1479 1258 dogma
1506 1191 1846 1255 defemlebat,
1874 1202 1923 1245 et
1954 1189 2242 1259 Scriptura:

678 1284 997 1337 testimoniis
1030 1281 1429 1335 aenecessariis
1464 1282 1763 1335 rationibus
1801 1284 1877 1335 sic
1905 1280 2243 1340 conStringe-

680 1376 767 1424 hat
809 1372 1163 1433 adversarios,
1190 1380 1245 1423 ut
1277 1386 1497 1435 prorsus
1520 1368 1751 1441 effugere
1785 1387 1883 1424 non
1906 1369 2238 1439 possent(n).

679 1463 781 1516 Sed
819 1480 938 1517 cum
990 1464 1152 1515 sciret
1190 1462 1404 1514 Arianis
1438 1472 1695 1515 statutum
1729 1476 1846 1514 esse
1897 1476 2016 1514 cum
2046 1460 2227 1527 expel-

678 1554 809 1617 lere,
845 1556 886 1609 si
922 1555 1176 1620 Spiritum
1211 1555 1370 1606 verbo
1406 1553 1570 1607 Deum
1617 1553 1929 1621 appellaret,
1959 1568 2019 1605 ac
2053 1551 2233 1605 Czesa—

679 1650 908 1701 riensem
944 1646 1238 1698 Eeclesiam
1275 1662 1563 1713 occupare,
1618 1655 1669 1699 et
1698 1644 1818 1698 inde
1846 1646 1986 1699 velut
2018 1660 2083 1698 ex
2116 1660 2243 1700 arce

677 1741 902 1806 quadam
934 1738 1115 1790 omnia
1146 1738 1422 1807 pepulari;
1458 1736 1712 1787 ahstinuit
1736 1736 1835 1791 hac
1866 1749 1991 1788 voce
2018 1736 2082 1787 ad
2111 1745 2237 1789 lem.

678 1844 799 1898 pus,
842 1844 1061 1882 necesse
1091 1846 1192 1879 non
1219 1838 1410 1895 putans
1429 1840 1546 1878 eam
1575 1842 1785 1895 semper
1807 1829 1858 1880 in
1883 1841 1976 1879 ore
2011 1828 2233 1893 habere,
2276 1810 2315 1863 Β

680 1924 837 1975 modo
869 1922 917 1972 in
953 1929 1065 1971 tuto
1104 1930 1248 1972 esset
1294 1918 1559 1972 sententia
1617 1920 1730 1971 voci
1797 1918 2060 1986 subjecta.
2119 1919 2230 1973 Hoc

684 2012 930 2082 prudenti
970 2009 1197 2062 consilio
1224 2007 1409 2077 edugit
1448 2009 1821 2061 litereticorum
1858 2007 2081 2062 insidias
2119 2027 2130 2061 :
2192 2019 2246 2061 at

682 2103 997 2157 calidiorum
1028 2100 1424 2154 Gatholicorum
1466 2098 1714 2169 querelas
1767 2110 1820 2154 et
1853 2101 2114 2172 vituperia
2143 2116 2244 2153 non

680 2195 886 2262 eﬂ‘ngit.
943 2196 1118 2262 Atque
1173 2194 1222 2247 id
1272 2194 1508 2247 maxime
1555 2194 1849 2247 declaravit
1905 2194 2018 2247 dies
2079 2192 2245 2245 festus

684 2288 741 2343 S.
776 2287 1083 2357 Enpsychii,
1121 2288 1208 2356 qui
1241 2288 1289 2339 in
1324 2288 1461 2340 diem
1493 2289 1774 2355 septimum
1805 2284 2135 2353 Septembris
2167 2285 2247 2337 in-

682 2376 913 2428 cidebat.
946 2375 1242 2427 Intererant
1269 2374 1449 2427 Basilii
1484 2375 1752 2438 concioni,
1786 2374 1996 2442 Euippii
2022 2383 2074 2427 et
2110 2373 2245 2426 alio-

685 2483 801 2519 rum
838 2468 1184 2527 Arianorum,
1210 2466 1297 2535 qui
1323 2465 1432 2535 jam
1476 2469 1841 2528 advenerant,
1894 2465 2162 2519 etnissarii
2191 2475 2249 2518 ut

685 2569 826 2629 patet
857 2575 920 2613 ex
964 2560 1137 2613 verbis
1160 2558 1403 2629 Gregorii
1441 2560 1540 2629 (b),
1581 2560 1668 2627 qui
1700 2558 1885 2628 paucis
1930 2567 2049 2627 post
2106 2557 2245 2612 diem

687 2652 883 2703 festum
918 2650 1104 2705 diebus
1155 2653 1351 2716 aiebat,
1384 2654 1575 2721 ingens
1605 2653 1752 2706 circa
1797 2649 2055 2703 Basilium
2082 2652 2248 2703 exsti-

688 2740 815 2793 tisse
846 2739 1065 2803 bellum,
1098 2755 1217 2794 eum
1250 2750 1508 2807 cuperent
1558 2742 1792 2793 haeretici
1830 2741 2027 2793 nudam
2064 2754 2246 2792 vocem

686 2846 749 2884 ex
780 2847 843 2885 eo
873 2832 1132 2898 arripere,
1164 2842 1218 2883 ut
1246 2830 1358 2897 ipse
1395 2843 1459 2881 ex
1501 2829 1742 2882 Ecclesia
1792 2831 2103 2898 pelleretur,
2156 2830 2245 2897 qui

688 2924 832 2977 solus
863 2938 994 2991 pene
1023 2922 1286 2992 igniculus
1335 2922 1579 2976 veritatis
1606 2921 1843 2975 restabat
1876 2931 1927 2975 et
1957 2922 2134 2976 vitalis
2168 2921 2247 2974 fa-

684 3015 881 3077 cultas,
914 3016 1102 3068 vicinis
1150 3016 1397 3069 omnibus
1446 3017 1614 3083 captis
1643 3030 1704 3069 ac
1753 3012 2070 3082 subiugatis.
2134 3012 2245 3066 Ad-

687 3116 845 3158 erant
875 3106 1035 3158 eliam
1071 3104 1383 3160 fervidiores
1414 3107 1483 3158 illi
1513 3104 1950 3160 Catholici.Usus
1983 3115 2065 3159 est
2090 3104 2240 3158 Basi-
2271 3144 2312 3201 Ο

686 3194 787 3246 lius
819 3209 882 3246 eo
920 3197 1058 3261 quod
1088 3196 1320 3248 diximus
1364 3204 1803 3263 temperamento.

764 3286 846 3339 Ill.
880 3288 947 3355 (c)
984 3285 1172 3340 Paucis
1200 3297 1317 3353 post
1361 3284 1557 3339 festum
1584 3286 1771 3341 diebus
1801 3290 2102 3341 convivium
2130 3299 2246 3342 erat

694 3376 974 3439 Nazianzi,
1010 3378 1060 3431 in
1094 3393 1198 3444 quo
1222 3375 1511 3445 Gregorius
1564 3387 1617 3431 et
1648 3380 1799 3431 multi
1862 3380 2099 3449 insignes
2144 3381 2243 3432 viri

688 3469 1097 3535 accumbebant,
1129 3470 1323 3525 Basilio
1356 3470 1690 3539 etGregorio
1720 3470 1899 3534 amici,
1934 3472 1983 3523 in
2018 3472 2099 3523 his
2134 3485 2247 3523 mo-

688 3560 892 3615 naehus
916 3561 1151 3628 quidam,
1186 3562 1273 3629 qui
1301 3562 1386 3616 die
1412 3561 1545 3616 festo
1567 3562 1739 3615 sancti
1776 3561 2061 3632 Eupsychii
2093 3560 2245 3613 Basi-

690 3652 821 3706 iium
876 3655 1138 3709 audierat.
1174 3652 1419 3707 Nondum
1479 3664 1693 3708 ventum
1732 3666 1849 3707 erat
1906 3656 1972 3708 ad
2032 3654 2243 3723 pocula,

683 3747 905 3815 jamque
973 3760 1149 3798 sermo
1212 3747 1475 3799 inciderat
1534 3748 1597 3799 de
1633 3747 1827 3799 Basilio
1877 3745 2243 3815 etGregorio,

690 3835 830 3901 quo’d
860 3833 1075 3899 quidem
1108 3832 1241 3885 satis
1270 3832 1509 3885 solemne
1533 3845 1650 3885 erat
1684 3838 1733 3885 in
1760 3835 2017 3887 cmrviviis
2053 3852 2063 3885 :
2102 3850 2245 3886 cum-

690 3938 791 3991 que
821 3923 1075 3977 Basiliam
1138 3938 1325 3978 omnes
1362 3924 1515 3989 plena
1553 3938 1715 3976 manu
1750 3924 2051 3989 laudarent,
2094 3926 2249 3993 eique

690 4014 1006 4085 Gregorium
1038 4015 1412 4083 adjungerent,
1440 4024 1549 4066 tum
1588 4013 1881 4067 monachus
1918 4028 2112 4082 magno
2145 4015 2251 4066 cla-

688 4122 837 4160 tnore
869 4106 1150 4160 mendaces
1176 4117 1228 4159 et
1260 4108 1565 4160 adulatores
1616 4107 1844 4175 appellat
1874 4108 2147 4171 convivas,
2187 4124 2247 4163 ac

686 4199 883 4252 Basilio
913 4208 967 4251 et
998 4196 1279 4266 Gregorio,
1326 4210 1380 4251 ut
1413 4200 1463 4251 in
1502 4202 1715 4252 caeteris
1757 4198 1914 4252 rebus
1960 4198 2245 4251 laudentur

687 4292 972 4355 concedit;
1016 4292 1155 4358 quod
1182 4299 1360 4343 autem
1396 4292 1691 4343 maximum
1720 4300 1802 4344 est
1836 4306 1937 4344 non
1976 4289 2248 4355 concedit,

688 4380 1099 4434 utettliodoxitc
1150 4380 1365 4433 nomine
1422 4379 1734 4443 laudentur,
1776 4395 1895 4431 cum
1926 4379 2082 4433 (idem
2115 4379 2250 4432 alter

2342 551 2503 603 tione.
2560 545 2835 611 Quousque
2881 545 3140 595 lucernam
3178 542 3266 593 sub
3302 545 3471 596 modio
3505 546 3896 596 (IblCOHdE’Hl-S.

2413 641 2704 707 Hespmttlil
2762 641 3051 706 Gregorius
3102 654 3349 709 magnum
3385 655 3505 694 esse
3557 643 3698 693 inter
3746 655 3801 691 se
3847 648 3899 689 et

2346 735 2603 787 Basiliam
2640 733 2948 794 disrrimen,
3010 734 3148 796 quod
3210 733 3348 785 dicta
3402 745 3519 786 sua.
3558 743 3613 792 ut
3669 729 3899 784 hominis

2345 825 2587 884 obscuri,
2623 840 2726 878 non
2773 822 2947 891 magni
2981 831 3086 874 smt
3143 823 3437 875 momenti:
3492 820 3672 873 Basilii
3726 837 3897 876 autent

2346 914 2678 983 amplissimo
2703 915 2753 965 in
2788 914 2905 966 loco
2934 910 3167 964 sedentis
3196 913 3393 965 nullmn
3424 911 3589 979 possit
3614 912 3900 965 obscurum

2345 1008 2687 1062 essedicmm
2725 1024 2736 1067 ;
2770 1016 2821 1058 et
2877 1020 2997 1059 cum
3058 1003 3293 1054 hatretici
3352 1005 3599 1056 sitienter
3650 1014 3902 1069 appetant

2346 1116 2411 1151 ex
2454 1098 2567 1165 ejus
2600 1112 2692 1150 ore
2744 1099 2937 1147 nudam
2973 1108 3154 1148 vorem
3208 1092 3467 1160 arripere,
3519 1104 3571 1145 ut
3606 1106 3669 1145 eo
3728 1092 3902 1157 eiet-to

2348 1192 2643 1243 Ecclesium
2684 1196 2968 1254 occupent,
3014 1197 3069 1239 et
3128 1184 3269 1247 inde,
3326 1193 3469 1236 utex
3520 1186 3751 1254 quodam
3783 1199 3907 1249 pro-

2346 1281 2669 1348 pugnaculo,
2702 1288 2925 1333 cmteras
2952 1278 3307 1344 populentur;
3343 1276 3508 1328 multo
3541 1277 3713 1330 satius
3743 1275 3905 1330 fuisse

2346 1386 2503 1424 unam
2541 1386 2745 1432 vocem,
2788 1369 3052 1422 sententia
3108 1368 3157 1420 in
3200 1378 3310 1423 Iulo
3356 1368 3546 1437 posita,
3582 1368 3907 1433 prmtertnib

2347 1472 2478 1523 tere,
2508 1478 2667 1530 quam
2703 1461 2997 1515 Ecclesiam
3051 1469 3199 1513 tanto
3234 1460 3469 1529 periculo
3496 1460 3750 1525 obiici-re.
3791 1460 3905 1515 Non

2346 1554 2548 1621 placuit
2584 1555 2693 1607 ha'c
2748 1550 2921 1604 oratio
2960 1550 3325 1613 audientibus,
3367 1565 3591 1618 eamque
3641 1563 3700 1602 ut
3754 1553 3907 1621 longe

2348 1648 2564 1714 petitam
2612 1654 2663 1700 ct
2696 1642 3033 1698 cavillantem
3080 1639 3400 1708 reiecerunt,
3460 1642 3746 1712 ipsumque
3776 1641 3910 1695 Gre-

2348 1738 2551 1805 goriutn
2580 1736 2906 1789 clamoribus
2942 1732 3183 1787 inscctati
3215 1741 3356 1793 sunt,
3393 1746 3447 1787 ut
3472 1734 3695 1803 ignavia:
3732 1732 3900 1799 magis

2347 1845 2505 1898 quam
2537 1845 2681 1881 Same
2720 1828 2978 1881 doctrinae
3001 1827 3389 1881 consulentem.
3447 1827 3626 1896 Longe
3649 1826 3793 1879 enim
3826 1840 3909 1878 sa-

2348 1922 2453 1975 tias
2477 1938 2594 1975 esse
2620 1920 2928 1973 Gatholicos
2953 1920 3175 1973 veritate
3198 1917 3530 1986 prtedicanda
3560 1921 3725 1981 tueri,
3748 1933 3909 1987 quam

2347 2030 2438 2066 eos
2465 2015 2566 2069 hoc
2592 2022 3010 2083 temperamento
3050 2010 3331 2065 debilitare
3353 2050 3367 2073 ,
3397 2024 3493 2063 nec
3527 2010 3745 2066 interim
3776 2012 3908 2063 alie-

2348 2120 2443 2159 nos
2469 2120 2763 2160 assumere.

2420 2197 2505 2251 lV.
2547 2198 2682 2265 Quid
2724 2196 2917 2251 deinde
2944 2194 3140 2247 dixerit
3179 2202 3231 2247 et
3264 2193 3491 2245 audierit
3516 2193 3835 2262 Gregorius,
3860 2202 3915 2246 et

2347 2289 2619 2358 quomodo
2672 2298 2865 2356 prceter
2904 2286 3113 2339 modum
3146 2298 3204 2337 ac
3252 2294 3444 2351 prteter
3490 2284 3706 2336 Solitum
3768 2285 3910 2336 indi-

2350 2390 2541 2449 gnatus
2575 2380 2665 2442 sit,
2696 2388 2752 2430 ut
2781 2377 2988 2445 longius
3011 2391 3072 2429 ac
3100 2376 3241 2428 dictu
3278 2389 3381 2428 non
3410 2372 3805 2435 necessarium,
3837 2373 3911 2426 si-

2349 2472 2442 2525 let.
2478 2471 2585 2523 lloc
2627 2478 2830 2519 tantum
2864 2468 3013 2517 addit
3051 2466 3240 2519 missos
3282 2480 3309 2518 a
3341 2480 3397 2518 se
3438 2465 3681 2518 homines
3739 2462 3910 2519 factos

2348 2579 2485 2617 esse.
2529 2561 2633 2631 Sed
2670 2576 2697 2611 a
2724 2558 2919 2611 Basilio
2950 2558 3100 2624 petit,
3154 2566 3211 2611 ut
3238 2558 3423 2612 doceat
3450 2574 3507 2611 se
3531 2573 3814 2627 quousque
3852 2560 3903 2611 in

2349 2652 2712 2721 disputatione
2739 2648 2803 2699 de
2856 2645 3088 2714 Spiritus
3121 2646 3290 2697 sancti
3325 2647 3603 2700 divinitate
3636 2648 3911 2715 progredi,

2349 2756 2588 2812 quasque
2621 2754 2773 2791 voces
2810 2744 3145 2806 usurpare,et
3173 2749 3453 2804 quousque
3485 2739 3785 2790 (economia
3832 2737 3907 2789 uti

2349 2836 2653 2889 conveniat.
2686 2832 2861 2901 Atque
2892 2833 2941 2885 id
2987 2831 3197 2899 quidem
3250 2828 3401 2895 petit,
3432 2843 3533 2880 non
3591 2844 3683 2881 sua
3720 2843 3909 2889 causa,

2348 2941 2506 2994 quem
2542 2926 2781 2978 omnium
2839 2924 3199 2978 miserrimum
3246 2919 3359 2973 fore
3399 2932 3453 2973 et
3504 2920 3915 2974 stolidissimum

2349 3018 2572 3082 fatetur,
2600 3020 2642 3071 si
2680 3018 2885 3072 dubitet
2914 3018 3036 3084 quid
3068 3014 3296 3069 Basilius
3344 3015 3573 3077 sentiat;
3620 3015 3712 3067 sed
3746 3023 3803 3065 ut
3828 3026 3916 3067 reo

2350 3112 2605 3179 spondeat
2630 3108 3141 3163 contradicentibus.

2418 3201 2674 3268 Quamvis
2704 3199 2990 3269 Gregorius
3029 3201 3185 3269 hujus
3235 3202 3493 3257 molestiae
3520 3200 3770 3251 nuntium
3802 3214 3911 3252 non

2350 3296 2465 3350 sine
2494 3308 2683 3363 magna
2713 3292 2993 3355 cautione,
3029 3295 3342 3361 magnisque
3397 3294 3596 3345 anseris
3644 3289 3921 3357 signiﬁca-

2352 3388 2586 3439 tionibus
2614 3384 2911 3453 perscribat
2942 3399 2954 3446 ;
2992 3397 3076 3435 res
3111 3394 3286 3438 tamen
3328 3384 3520 3439 accidit
3558 3382 3757 3436 Ba~ilio
3788 3396 3917 3449 per-

2353 3476 2596 3527 molesta.
2632 3473 2811 3528 Mirari
2850 3490 2905 3528 se
2932 3474 3003 3527 ait
3036 3474 3137 3543 (Δ),
3170 3492 3272 3529 non
3306 3478 3444 3545 quo]
3473 3475 3769 3526 mooachus
3804 3473 3920 3523 haec

2350 3566 2597 3629 dixisset,
2651 3566 2741 3617 sed
2787 3568 2925 3632 quod
2974 3568 3417 3633 germanissimus
3472 3567 3667 3617 fratres
3704 3578 3835 3615 suos
3865 3569 3920 3613 et

2350 3658 2560 3712 amicos
2600 3655 2873 3708 habuisset
2920 3656 3211 3719 auditores,
3261 3655 3343 3708 vel
3401 3655 3573 3722 potius
3602 3650 3921 3720 discipulos.

2353 3749 2447 3802 llis
2497 3748 2819 3817 respondere
2874 3760 3097 3816 prorsus
3127 3745 3313 3799 inutile
3348 3746 3660 3808 arbitratur,
3709 3753 3767 3796 et
3795 3756 3920 3795 cum

2353 3842 2467 3910 ipso
2498 3838 2756 3907 Gregorio
2808 3836 3112 3905 expostulat
3140 3837 3281 3905 quod
3338 3838 3403 3890 ad
3434 3852 3491 3890 se
3537 3851 3641 3889 non
3684 3835 3911 3897 veniat;

2352 3932 2552 3984 aditum
2588 3931 2727 3983 enim
2758 3944 2859 3981 non
2904 3929 3177 3982 habituras
3209 3929 3521 3987 calumnias.
3569 3928 3613 3981 si
3650 3938 3904 3991 magnam

2352 4023 2474 4073 anni
2503 4032 2707 4088 partem
2744 4020 2901 4073 simul
2937 4021 3294 4073 traducerent.
3330 4020 3517 4086 liogat,
3557 4027 3612 4070 ut
3636 4020 3828 4071 saltem
3862 4029 3923 4070 se

2352 4114 2402 4164 in
2429 4114 2701 4180 proposito
2731 4114 3029 4165 certamine
3071 4112 3310 4177 adjuvet,
3345 4121 3396 4163 et
3426 4110 3495 4167 ei.
3530 4110 3618 4177 qui
3651 4118 3779 4162 tunc
3807 4107 3914 4161 bel-

2352 4202 2457 4254 lum
2492 4203 2771 4263 inferebat,
2816 4216 2995 4255 secum
3028 4210 3299 4254 occurrat.
3356 4200 3549 4264 Sperat
3598 4214 3656 4252 se
3686 4200 3922 4264 eiectum

2354 4295 2417 4346 iri
2441 4304 2531 4346 aut
2558 4292 2756 4360 aliquid
2789 4293 3005 4361 gravius
3039 4307 3348 4360 passurum,
3404 4291 3585 4357 sicque
3610 4291 3921 4343 calumnias

2355 4401 2573 4453 operum
2610 4385 2918 4438 testimonio
2946 4384 3322 4437 refutaturuin.
3352 4382 3622 4447 Quantum
3648 4382 3920 4451 Gregorio

687 4474 877 4543 prodal
916 4472 1255 4535 disserendo.
1309 4471 1443 4524 διιεῖ
1468 4471 1826 4524 οοηηίνθηάο-
1872 4470 2004 4521 TUI"
2041 4470 2247 4539 Grcgo-
2284 4481 2325 4534 Ι)
2357 4481 2632 4541 tribueret,
2668 4477 2986 4545 perspicitur
3011 4492 3071 4529 ex
3103 4474 3495 4545 perhonoriﬁca
3535 4474 3801 4527 invitandi
3832 4490 3915 4527 ra-

689 4568 835 4619 rius:
872 4564 1016 4618 Unde
1038 4566 1153 4627 hoc,
1184 4581 1211 4617 0
1243 4581 1370 4616 rane
1409 4564 1585 4629 homo,
1628 4575 1674 4617 et
1706 4565 2009 4633 arrogantia
2037 4564 2248 4616 Dat/ian

684 4666 728 4707 et
757 4656 996 4708 Abiron?
1027 4656 1161 4708 unde
1214 4656 1355 4707 nobis
1410 4656 1713 4725 dogmatum
1761 4652 2122 4722 promulgator
2162 4671 2246 4706 vc-

685 4748 800 4799 nis?
833 4747 1041 4801 Siccine
1072 4760 1333 4799 tantarum
1365 4764 1534 4800 rerum
1559 4748 1789 4814 judicem
1815 4748 2031 4813 teipsum
2058 4746 2249 4813 efﬁcis?

685 4840 757 4891 ibi
795 4841 1087 4893 monachus
1121 4841 1374 4893 advenire
1400 4856 1456 4893 se
1489 4840 1622 4892 dixit
1644 4853 1707 4891 ex
1736 4848 2000 4891 conventu
2030 4836 2088 4891 S.
2139 4837 2251 4891 Eu-

687 4930 912 4999 psychii,
942 4946 1004 4983 ac
1034 4932 1301 4983 audivisse
1326 4947 1443 4984 eum
1473 4930 1701 4983 Basilius
1724 4930 1790 4983 de
1823 4929 1981 4983 Patre
2023 4930 2240 4997 quidem

683 5030 735 5073 et
762 5020 895 5073 Filio
928 5021 1153 5074 miriﬁce
1178 5022 1486 5085 dissereret,
1509 5032 1560 5073 at
1590 5022 1847 5089 Spiritum
1880 5032 2129 5074 sanctum
2162 5020 2249 5073 de-

686 5118 974 5175 torqueret.
1010 5108 1063 5160 ln
1094 5125 1199 5177 quo
1228 5110 1481 5163 Basiliuin
1516 5112 1865 5177 comparabat
1908 5125 2027 5162 cum
2063 5108 2243 5161 ﬂuviis

686 5208 867 5263 petras
932 5200 1379 5266 przetcreuntihus
1436 5211 1489 5253 et
1550 5214 1769 5253 arenam
1832 5201 2245 5252 excavantihus.

685 5287 825 5351 Quin
866 5291 1024 5342 etiam
1056 5294 1327 5359 qu:erehat
1351 5307 1416 5346 ex
1445 5292 1731 5362 Gregorio,
1762 5310 1858 5347 cur
1888 5295 2003 5363 ipse
2032 5294 2247 5360 quidem

688 5378 858 5443 palam
900 5391 952 5433 el
977 5394 1157 5449 aperte
1182 5381 1437 5452 Spiritum
1471 5385 1768 5453 appellaret
1800 5385 1988 5446 Deum,
2017 5385 2249 5439 Basilius

688 5483 815 5523 vero
839 5472 1051 5539 poiiliCc
1083 5476 1252 5543 magis
1286 5490 1439 5545 quam
1472 5478 1555 5547 pie
1587 5478 1871 5533 veritatem
1899 5476 2249 5546 prtcdicaret?

758 5614 831 5678 (a)
872 5611 1010 5683 VNaz.
1048 5629 1132 5683 ep.
1158 5614 1247 5667 26.

785 5687 830 5748 b)
868 5682 992 5734 lbitl.

785 5688 830 5748 υ)
868 5688 992 5734 uno.

760 5688 831 5822 ie)
865 5752 992 5806 ibid.

2356 4571 2516 4623 tione.
2560 4570 2619 4623 Si
2650 4570 2783 4621 enim
2814 4579 3015 4621 (mttunt
3047 4583 3322 4635 apparens,
3358 4566 3527 4634 inquit
3556 4566 3632 4634 (ιι.
3667 4564 3745 4632 2),
3799 4581 3921 4633 sup-

2352 4664 2543 4729 prime:
2602 4663 2757 4727 ipsius
2798 4662 3066 4727 impetum,
3122 4674 3308 4727 eosque
3351 4659 3439 4727 qui
3479 4660 3546 4709 ad
3583 4658 3778 4723 patria:
3840 4673 3917 4708 res

2353 4754 2648 4805 evertendas
2680 4752 2999 4817 conspirant,
3060 4749 3361 4817 dissipabis,
3415 4752 3503 4802 ubi
3551 4748 3676 4814 ipsis
3738 4761 3919 4801 notum

2353 4845 2533 4911 feceris
2569 4855 2635 4909 te,
2672 4843 2763 4896 Dei
2790 4845 2984 4911 gratia,
3018 4845 3179 4895 nostri
3216 4852 3371 4894 coetus
3402 4842 3581 4891 ducem
3614 4854 3748 4901 esse,
3784 4849 3884 4893 elo

2429 4935 2723 5004 ltogaverat
2752 4934 3043 5003 Gregorius
3070 4943 3124 4986 ut
3154 4934 3311 4986 simul
3335 4932 3713 4996 convenirent;
3750 4948 3921 5000 quan-

2357 5042 2513 5093 quam
2550 5026 2598 5079 id
2628 5026 2839 5094 quidem
2877 5026 2926 5077 in
2958 5024 3200 5092 epistola,
3226 5037 3383 5092 quam
3418 5022 3573 5076 modo
3605 5023 3919 5084 retulimus,

2361 5133 2461 5169 non
2495 5127 2643 5185 rogat
2678 5134 2690 5181 ;
2723 5116 2812 5170 sed
2844 5115 2979 5171 forte
3006 5118 3055 5170 id
3085 5116 3261 5185 bajulo
3279 5113 3516 5183 epistolae
3554 5114 3603 5166 in
3638 5117 3914 5168 mandatis

2359 5209 2601 5261 dederat.
2645 5207 2906 5261 Libenter
2941 5210 3129 5261 annuit
3180 5206 3428 5269 Basilius,
3477 5206 3521 5259 si
3549 5206 3613 5259 de
3662 5206 3918 5260 Ecclesii!

2355 5298 2755 5351 dchherandnm
2790 5300 2857 5351 sit
2888 5315 2902 5363 ;
2940 5314 3095 5352 secus
3139 5311 3285 5359 vero,
3322 5296 3366 5348 si
3395 5294 3921 5349 calumniaedilucn-

2361 5387 2457 5439 die.
2518 5387 2762 5440 Dolorem
2799 5386 2984 5440 Basilii
3020 5386 3192 5440 sensit
3239 5384 3533 5454 Gregorius
3560 5383 3651 5451 (e),
3684 5395 3923 5449 eumth

2358 5494 2460 5533 non
2517 5480 2631 5531 sine
2706 5479 2873 5531 amica
2930 5478 3345 5548 reprehensione
3410 5474 3692 5529 admonuit
3756 5473 3923 5529 saties

2431 5619 2505 5683 (ά)
2544 5619 2709 5683 Epist.
2741 5616 2828 5669 71.

2432 5694 2500 5757 (ε)
2542 5688 2669 5744 iVaz.
2704 5703 2785 5757 cp.
2819 5686 2909 5740 27.
