4094 6308
1437 346 1592 399 ΥΙΤΑ
1631 348 1687 401 S.
1731 343 1991 398 BASilJl.

3207 373 3371 413 LXXIII

161 458 310 514 fuisse
363 454 730 510 incommodis
769 455 989 516 mederi,
1021 469 1183 524 quam
1236 456 1520 509 consilium
1569 455 1715 508 danti
1753 460 1789 512 Λ
1824 470 1928 523 quo
1955 465 2099 522 patet
2146 455 2441 510 Palladium
2478 463 2695 515 minime
2749 477 2814 514 ex
2853 479 3071 518 numero
3106 467 3379 522 obtrecta-

159 560 489 606 succensere.
527 543 793 599 Caeterum
822 555 1101 598 venturum
1137 562 1192 600 se
1228 546 1491 615 promittit
1524 558 1575 601 et
1615 545 1715 598 Ba-

160 645 266 696 silio
293 640 432 691 duce
469 636 704 691 libenter
745 636 1142 691 dimicaturum.
1170 639 1312 704 Quos
1339 636 1565 691 Basilius
1594 652 1714 706 ger-

159 730 498 788 manissimus
552 729 748 783 fratres
794 737 846 781 et
888 729 1089 785 amicos
1144 739 1317 795 vocat,
1360 729 1413 782 hi
1465 731 1715 784 videntur

163 824 397 877 monachi
431 821 762 877 Nazianzeni
793 819 991 886 fuisse;
1024 824 1183 889 idque
1215 831 1359 889 patet
1386 835 1451 875 ex
1482 822 1564 877 his
1597 835 1712 874 ver—

165 917 238 969 bis
268 934 278 968 :
315 915 429 985 Ego
458 915 655 982 igitur,
698 914 741 966 si
781 915 997 967 necdum
1047 915 1198 966 istius
1229 911 1478 981 fratribus
1505 928 1631 965 mea:
1652 911 1714 963 de

164 1008 258 1062 Dea
290 1006 572 1061 sententia:
602 1006 1006 1073 experimentum
1051 1005 1191 1072 dedi,
1237 1020 1298 1058 ne
1343 1022 1477 1060 nunc
1510 1004 1712 1075 quidem

159 1099 307 1151 habeo
341 1099 488 1166 quod
526 1099 884 1165 respondeam.

221 1189 474 1259 Gregorii
508 1189 670 1241 verba
703 1187 754 1238 in
800 1184 1046 1239 convivio
1097 1187 1257 1242 citata
1295 1187 1638 1256 reperiuntur
1663 1183 1713 1237 iu

161 1283 397 1335 oratione
429 1289 643 1344 octava,
679 1292 837 1346 quam
882 1279 1246 1347 pronuntiavit
1277 1294 1418 1332 anno
1445 1277 1550 1330 572
1594 1291 1713 1329 cum

162 1373 376 1441 objectis
411 1370 642 1425 Sasimis
668 1371 1060 1426 Nazianzenam
1101 1369 1390 1424 Ecclesium
1428 1370 1527 1423 sub
1564 1377 1716 1436 patre

163 1463 446 1531 regendam
479 1464 737 1532 suscepit.
796 1463 898 1515 Sed
926 1470 1102 1513 tamen
1145 1475 1210 1514 ex
1244 1461 1418 1526 aliqua
1458 1457 1560 1510 alia
1598 1472 1716 1511 ora-

166 1554 301 1607 tione
334 1555 620 1622 desompta
654 1568 791 1614 esse,
851 1551 1042 1604 merito
1094 1552 1284 1604 statuit
1318 1548 1714 1601 Tillemontius.

161 1644 264 1698 Non
290 1649 440 1700 enim
467 1645 662 1696 mirmn
700 1649 792 1694 aut
824 1641 1217 1695 incommodum
1265 1638 1436 1691 videri
1462 1639 1641 1704 debet,
1669 1638 1712 1694 si

162 1739 398 1792 eamdem
427 1735 746 1789 sententiam
781 1749 884 1788 non
923 1733 1087 1788 semel
1133 1731 1474 1799 usurpaverit
1515 1731 1714 1801 Grego-

1831 555 1999 598 lorum
2058 545 2236 600 Basilii
2301 544 2484 600 fuisse.
2538 549 2677 601 ldum
2727 550 3007 602 dicendum
3040 552 3104 605 de
3163 553 3374 619 Diania,

1826 637 1978 703 cujus
2036 653 2098 688 ex
2135 649 2385 691 sermone
2438 651 2759 706 cognoverat
2809 640 3129 696 Athanasius
3179 645 3376 702 frustra

1824 728 2114 781 monachos
2148 729 2506 783 Ctesarienses
2559 732 2783 784 turbari.
2841 731 3080 786 Notanda
3137 732 3376 799 ejusdem

1824 821 2060 892 cpistola:
2089 821 2200 872 inec
2230 823 2391 876 verba
2425 839 2437 873 :
2471 819 2640 883 Αὐτὸς
2668 823 2764 890 μὲν
2795 827 2920 894 γὰρ,
2949 824 3024 887 ὡς
3045 823 3375 895 τεθάρῤηκα,

1827 916 1935 975 τοῖς
1963 911 2275 964 ἀσθενοῦσιν
2310 913 2540 983 ἀσθενὴς
2569 912 2796 979 γίνεται,
2839 917 2920 968 ἵνα
2969 932 3096 978 τους
3142 916 3379 979 ἀσθενεῖς

1827 1005 2084 1075 κερδήσῃ·
2108 1006 2153 1055 οἱ
2180 1003 2235 1055 δὲ
2262 1005 2532 1074 ἀγαπητοὶ
2565 1004 2718 1075 ἡμῶν
2756 1007 3144 1072 ἀποϐλέποντες
3180 1010 3258 1071 εἰς
3295 1009 3382 1061 τον

1826 1098 2026 1150 σκοπὸν
2055 1097 2152 1166 τῆς
2177 1095 2432 1166 ἀληθείας
2458 1097 2639 1160 αὑτοῦ,
2698 1097 2791 1150 καὶ
2815 1097 2911 1168 τὴν
2938 1101 3264 1172 οἰκονομίαν,
3297 1100 3380 1152 δο-

1828 1187 2136 1253 ξαζέτωσαν
2156 1187 2248 1240 τὸν
2283 1186 2484 1258 Κύριον
2503 1189 2592 1239 τὸν
2617 1188 2879 1242 δεδωκότα
2915 1192 2980 1258 τῇ
3025 1190 3385 1262 Καππαδοκίᾳ

1823 1279 2058 1332 τοιοῦτον
2122 1278 2434 1342 ἐπίσκοπον,
2490 1272 2600 1330 οἷον
2665 1281 2758 1332 καὶ
2788 1279 2990 1347 ἑκάστη
3041 1279 3190 1350 χώρα
3244 1281 3386 1353 ἔχειν

1826 1371 2063 1442 εὔχεται.
2093 1370 2212 1438 Ipse
2246 1371 2381 1423 enim
2419 1369 2711 1440 (Basilius).
2749 1380 2801 1422 ut
2835 1373 3056 1438 conﬁdo,
3087 1388 3202 1423 cum
3233 1374 3383 1440 inﬁr-

1824 1466 1920 1516 mis
1950 1461 2275 1527 inﬁrmatur,
2313 1470 2368 1511 ut
2400 1461 2637 1527 inﬁrmos
2661 1461 2974 1527 lucrifaciat.
3005 1462 3189 1515 Dilecti
3213 1475 3384 1516 autem

1827 1551 1993 1606 nostri
2037 1550 2364 1619 respicientes
2412 1552 2479 1600 ad
2526 1552 2847 1615 propositam
2888 1553 3119 1604 veritatis
3164 1551 3307 1604 illius
3339 1563 3386 1604 et

1825 1644 2184 1706 wconontiam,
2228 1640 2521 1711 gloriﬁcent
2564 1641 2863 1705 Dominum,
2903 1643 2991 1710 qui
3032 1642 3185 1695 talem
3244 1642 3385 1696 dedit

1824 1733 2164 1800 Cappadocia:
2188 1735 2505 1800 episcoimm,
2535 1732 2737 1799 qualem
2771 1748 3092 1801 unaqutt‘que
3131 1733 3267 1800 regio
3295 1750 3387 1785 cu-

169 1832 294 1889 rius.
321 1844 448 1882 cum
474 1829 771 1896 przesertim
829 1838 993 1878 totam
1025 1825 1166 1877 hanc
1209 1825 1514 1892 historiam,
1562 1838 1721 1892 quam
1758 1818 1798 1870 Il
1827 1827 1897 1893 pit
1931 1825 2136 1878 habere.
2196 1826 2250 1878 In
2306 1827 2549 1880 eamdem
2590 1827 2912 1878 sententiam
2974 1826 3030 1880 S.
3062 1825 3386 1880 Athanasius

165 1921 315 1973 modo
345 1920 715 1981 narravimus,
757 1919 878 1971 lmic
912 1931 1051 1971 anno
1078 1917 1175 1971 571
1203 1920 1523 1973 necessariae
1561 1916 1723 1968 ratio-

165 2026 253 2064 nes
308 2011 587 2063 addicant.
634 2009 841 2063 Nullum
872 2012 1012 2063 enim
1049 2010 1190 2064 aliud
1223 2019 1430 2076 tempus
1456 2010 1716 2072 occurrit,

168 2103 217 2156 iu
253 2119 362 2171 quo
388 2104 678 2156 instantem
732 2102 939 2158 hostem
964 2101 1353 2168 exspectaverit
1388 2098 1638 2163 Basilius,
1672 2111 1725 2154 et

163 2195 408 2248 exsilium
436 2207 526 2246 aut
557 2195 755 2265 aliquid
805 2196 1020 2261 gravius
1069 2210 1134 2248 ex
1171 2192 1352 2263 prmlio
1403 2193 1719 2260 Speravarit.

161 2292 692 2360 ApprOpinquantem
739 2287 978 2340 Valentis
1005 2287 1289 2338 adventura
1323 2281 1725 2353 designatGrc-

163 2386 339 2451 gorius
367 2383 469 2448 fa),
499 2399 617 2435 cum
651 2380 726 2432 ait
775 2380 826 2432 in
874 2378 1140 2440 convivio,
1195 2379 1372 2447 ingens
1407 2377 1542 2429 circa
1574 2375 1726 2429 Basi-

162 2475 282 2528 liam
311 2491 424 2530 esse
447 2472 658 2533 bellum,
689 2470 868 2523 uicinis
897 2474 1135 2526 omnibus
1181 2471 1343 2536 captis
1389 2483 1434 2522 et
1471 2469 1722 2537 subjuga-

163 2565 243 2618 tis.
265 2559 557 2625 Prretere'a,
603 2561 780 2628 sijam
827 2562 1057 2617 Basilius
1099 2578 1217 2615 cum
1247 2560 1466 2615 Valente
1506 2561 1725 2628 ejusque

166 2651 430 2705 ministris
481 2660 814 2721 pugnasset,
868 2667 995 2703 nttm
1039 2650 1265 2719 ignavia:
1303 2650 1508 2702 crimen
1560 2649 1722 2701 futuri

165 2743 325 2810 pr:elii
371 2741 742 2812 promissione
785 2740 1115 2810 repelleret?
1162 2737 1366 2805 Quibus
1409 2741 1552 2792 enim
1584 2738 1726 2790 illius

167 2835 319 2888 tidem
351 2836 624 2903 praeterita
656 2834 956 2888 certamina
984 2847 1088 2886 non
1115 2833 1526 2900 approbassem,
1558 2829 1724 2883 multa

168 2928 342 2980 minus
374 2931 608 2980 nondum
644 2929 932 2983 commissa
965 2929 1346 2997 approbarent.
1373 2925 1549 2979 Aliam
1580 2924 1725 2977 addit

169 3017 430 3070 rationem
463 3016 841 3069 Tillemontius
869 3036 882 3069 :
912 3017 1117 3071 scilicet
1148 3016 1402 3070 Basilimn
1431 3023 1549 3084 post
1580 3013 1727 3066 Sasi-

170 3126 384 3163 menscs
425 3109 700 3162 molestias
751 3109 930 3160 dicere
979 3124 1083 3160 non
1125 3110 1386 3176 potuisse,
1446 3127 1498 3160 se
1532 3107 1724 3159 nullius

168 3196 266 3248 sibi
307 3197 358 3248 in
397 3193 708 3263 Gregorium
742 3211 900 3264 neque
929 3197 1073 3264 parvi
1120 3213 1279 3266 neque
1306 3197 1523 3266 majoris
1553 3197 1727 3250 delicti

171 3303 277 3340 esse
309 3289 599 3340 conscium.
663 3287 766 3339 Sed
827 3303 932 3340 non
966 3287 1120 3340 video
1167 3302 1262 3339 cur
1306 3287 1534 3340 Basilius
1567 3289 1728 3340 etiam

172 3391 287 3450 post
344 3381 535 3434 turbas
585 3378 923 3433 Sasimenses
975 3382 1112 3434 hanc
1173 3381 1423 3434 amicitia!
1458 3396 1727 3450 nunquam

175 3475 378 3529 riolatzr
415 3475 630 3525 laudem
685 3472 785 3524 sibi
831 3473 1107 3526 vindicare
1146 3486 1253 3526 non
1295 3473 1548 3541 potuerit,
1607 3488 1728 3527 cum

169 3568 465 3634 przesertim
507 3565 621 3632 ipse
660 3564 951 3632 Gregorius
1004 3564 1243 3633 pluribus
1303 3565 1432 3618 locis
1472 3564 1549 3634 (ὁ)
1587 3565 1730 3618 dicat

168 3657 460 3710 amicitiam
523 3655 627 3710 hac
686 3656 738 3708 in
799 3670 856 3710 re
912 3653 1168 3710 Basiliam
1239 3654 1460 3724 Spiritui
1512 3654 1722 3720 postha-

167 3745 365 3800 buisse.

239 3836 300 3891 V.
361 3836 750 3890 Monachorum
809 3838 873 3891 de
927 3836 1125 3890 Basilio
1159 3835 1390 3905 querela:
1443 3835 1509 3890 ad
1560 3835 1729 3890 sancti

173 3927 453 3981 Athanasii
487 3941 649 3982 aures
686 3936 1064 3995 pervenerunt,
1094 3927 1249 3996 eique
1277 3927 1614 3982 occasionem
1643 3927 1732 3981 de-

172 4016 361 4071 derunt
389 4015 577 4069 Basilii
620 4016 955 4071 defendendi.
978 4014 1110 4070 Nam
1141 4031 1262 4070 cum
1287 4017 1334 4071 ei
1364 4015 1584 4070 Dianius
1611 4017 1731 4085 qui-

171 4108 290 4160 dam
321 4108 554 4162 dixisset
590 4107 882 4160 monachos
926 4107 1286 4162 Cmsarienses
1318 4121 1635 4162 succensere
1681 4117 1734 4161 et

169 4198 435 4254 obluctari
469 4199 693 4264 Basilio,
722 4197 943 4267 scripsit
974 4199 1055 4253 eis
1104 4200 1448 4264 Athanasius,
1483 4209 1538 4251 ut
1592 4199 1731 4266 patri

175 4293 459 4346 obedireut
491 4303 746 4360 tauquam
804 4290 920 4354 filii,
972 4305 1071 4345 nec
1104 4291 1152 4344 ei
1191 4290 1603 4345 obluctarentur
1633 4291 1731 4344 do-

172 4387 335 4439 centi.
375 4383 433 4439 Si
460 4387 609 4438 enim
641 4394 920 4454 suspectus
976 4392 1122 4436 esset
1159 4383 1388 4437 Basilius
1441 4385 1492 4436 in
1521 4385 1584 4436 iis
1617 4398 1736 4451 qua:

1826 1915 2062 1984 loquitur
2111 1916 2162 1967 in
2223 1917 2449 1983 epistola
2502 1920 2566 1971 ad
2617 1913 2880 1971 Joannem
2929 1924 2981 1969 et
3022 1918 3385 1972 Antiochum:

1826 2009 1973 2061 Πάνυ
2008 2007 2063 2060 δὲ
2091 2007 2409 2078 τεθαύμακα
2439 2009 2534 2079 τὴν
2565 2010 2874 2082 Θρασύτητα
2919 2009 3024 2063 τῶν
3073 2009 3387 2080 τολμώντων

1823 2102 2001 2154 λαλεῖν
2030 2104 2169 2155 κατὰ
2201 2100 2292 2154 τοῦ
2323 2103 2603 2172 ἀγαπητοῦ
2644 2103 2818 2172 ἡμῶν,
2849 2102 2941 2156 τοῦ
2988 2101 3199 2173 ἀληθῶς
3255 2101 3388 2156 Θεοῦ

1825 2193 2034 2255 δούλου,
2063 2193 2337 2246 Βασιλείου
2359 2192 2452 2247 τοῦ
2474 2195 2790 2246 ἐπισκόπουο
2819 2197 2880 2248 ἐκ
2896 2196 3003 2266 γὰρ
3025 2198 3121 2266 τῆς
3136 2197 3391 2266 τοιαύτης

1828 2283 2090 2353 φλυαρίας
2113 2284 2426 2354 ἐλέγχεσθαι
2455 2286 2790 2358 δυνήσονται,
2812 2285 2887 2349 ὡς
2919 2288 3036 2339 οὐδὲ
3070 2286 3177 2340 τῶν
3211 2287 3385 2342 Πατέ-

1830 2393 1936 2445 ρων
1953 2375 2270 2443 ἀγαπῶντες
2298 2378 2396 2446 τὴν
2410 2378 2713 2447 ὁμολογίαν.
2733 2377 2959 2431 Omnino
2991 2379 3152 2429 miror
3178 2378 3389 2430 (erueri-

1826 2480 1979 2522 tatem
2004 2485 2202 2531 eorum,
2230 2468 2317 2533 qui
2360 2468 2547 2519 dilecto
2594 2479 2791 2529 nostro,
2863 2486 2979 2521 vero
3017 2467 3110 2521 Dei
3163 2467 3388 2536 formdo,

1828 2561 2029 2614 Basilio
2066 2563 2306 2627 episcopo
2333 2562 2618 2612 obtrectare
2663 2559 2854 2612 audent
2883 2576 2899 2611 :
2945 2577 3008 2612 ex
3035 2560 3224 2612 tatibus
3251 2559 3388 2612 enim

1828 2654 1975 2719 nugis
2002 2653 2153 2721 argui
2193 2660 2458 2720 poterunt,
2514 2651 2650 2721 quod
2683 2666 2743 2703 ne
2774 2648 2994 2702 Patrum
3036 2650 3239 2719 quidem
3266 2649 3391 2701 dili-

1827 2754 1950 2811 gunt
1995 2744 2392 2810 confessionem.

1901 2834 2191 2887 Palladium
2233 2837 2505 2890 existimat
2553 2835 2927 2889 Tillemontius
2978 2850 3096 2889 eum
3135 2848 3256 2888 esse
3299 2833 3392 2902 qui

1829 2928 2045 2995 scripsit
2099 2925 2273 2978 Vitam
2325 2929 2498 2980 sancti
2528 2927 2747 2982 Joannis
2773 2928 3158 2996 Cbrysostomi.
3195 2929 3241 2980 ls
3271 2942 3391 2979 cum

1830 3017 2135 3071 Innocentio
2177 3017 2304 3070 llalo
2325 3017 2616 3071 solitariam
2641 3019 2800 3068 vitam
2834 3017 3042 3086 agebat.
3082 3017 3159 3069 Ad
3188 3026 3394 3069 utrum-

1831 3125 1937 3179 que
1962 3121 2140 3164 exstat
2179 3111 2362 3164 Basilii
2396 3113 2620 3179 cpistola
2672 3112 2795 3166 2.59.
2830 3111 3157 3167 Antiochum
3211 3120 3390 3166 autem

1834 3205 2124 3258 verisimile
2143 3214 2226 3258 est
2250 3205 2422 3259 Sancti
2448 3205 2661 3259 Eusebii
2695 3206 3092 3260 Samosatcnsis
3120 3205 3302 3258 fratris
3331 3204 3394 3258 ll-

1833 3296 1960 3350 lium
1989 3312 2127 3360 esse,
2152 3299 2216 3351 de
2234 3313 2338 3365 quo
2362 3297 2495 3352 alius
2520 3309 2765 3352 occurret
2790 3297 3000 3350 dicendi
3029 3297 3198 3352 locus.

1902 3391 2046 3456 Quos
2084 3389 2412 3444 Athanasius
2448 3399 2603 3442 vocat
2648 3389 3010 3442 Czesarieuses
3057 3388 3350 3442 monachos
3377 3429 3390 3453 ,

1834 3484 1990 3538 valde
2026 3484 2210 3536 dubito
2241 3493 2420 3535 utrum
2455 3498 2518 3536 ex
2555 3482 2871 3537 Caesariensi
2917 3485 3247 3536 monasterio
3275 3480 3391 3536 fue-

1834 3578 1960 3641 rint,
1991 3593 2058 3629 an
2086 3592 2149 3629 ex
2183 3577 2302 3630 aliis
2332 3577 2680 3645 (Iappadocize
2711 3577 3071 3632 monasteriis.
3111 3575 3242 3630 Nam
3277 3576 3393 3632 Ca:-

1833 3668 2100 3720 sarienscs
2146 3678 2338 3721 ascetae
2383 3669 2630 3721 videntur
2677 3666 2875 3722 Basilio
2924 3683 3136 3736 semper
3177 3667 3392 3720 amicis-

1835 3760 1956 3814 simi
1990 3759 2190 3826 fuisse;
2227 3771 2420 3815 etcum
2457 3761 2651 3815 factam
2683 3762 2730 3814 ei
2759 3762 2825 3813 ab
2853 3761 3084 3814 Eusebio
3127 3761 3384 3829 episcopo

1837 3852 2084 3920 injuriant
2117 3852 2249 3905 ultra
2270 3853 2434 3922 legem
2454 3863 2508 3907 et
2539 3853 2753 3906 modum
2777 3851 3135 3916 defenderint,
3165 3867 3380 3907 eorum-

1839 3960 1948 4012 que
1980 3947 2215 3999 studium
2249 3945 2503 3999 enituerit
2525 3945 2576 3997 in
2612 3945 2968 4010 promovenda
3003 3945 3140 3997 illius
3161 3944 3388 3997 electio-

1837 4049 1937 4100 ne;
1971 4035 2261 4088 verisimile
2287 4050 2389 4087 non
2422 4044 2503 4087 est
2533 4044 2641 4086 tam
2665 4034 2771 4087 cito
2791 4051 2883 4087 eos
2901 4037 2967 4088 ab
2995 4035 3085 4089 illo
3113 4034 3394 4088 abaliena-

1838 4137 1921 4178 tos
1962 4125 2146 4184 fuisse,
2193 4133 2246 4176 et
2298 4124 2519 4192 ignavia:
2566 4125 2768 4179 crimen
2819 4125 3084 4190 intulisse,
3119 4139 3229 4177 tum
3273 4137 3397 4178 cum

1837 4229 1895 4268 se
1933 4215 1999 4266 ad
2031 4212 2405 4282 gravissimum
2432 4224 2701 4269 certamen
2741 4213 2954 4268 fortiter
2978 4223 3213 4282 pararet.

1913 4305 2111 4359 Przeter
2135 4306 2230 4359 hos
2261 4307 2694 4374 reprehensores,
2722 4307 2810 4359 alii
2842 4306 3003 4359 etiam
3034 4307 3171 4362 inter
3196 4307 3396 4363 Catho-

1843 4398 1972 4451 licos
2003 4399 2281 4462 exstitere,
2315 4400 2403 4467 qui
2429 4409 2480 4454 et
2529 4400 2786 4453 Basilium
2815 4408 2869 4452 et
2913 4399 3228 4469 Gregorium
3283 4417 3390 4454 non

174 4479 238 4530 ad
274 4478 560 4532 veritatem
601 4487 865 4544 spectant,
897 4475 1216 4530 laudabilem
1246 4475 1361 4530 fore
1389 4489 1573 4528 eorum
1607 4490 1734 4528 con-
1769 4489 1812 4544 ι)
1843 4489 2160 4553 ιειηίαίιιιιίε,
2206 4491 2297 4543 sed
2341 4491 2634 4559 impietatis
2686 4501 3042 4554 accusarem,
3089 4507 3151 4545 ac
3197 4506 3265 4546 ne
3309 4492 3396 4561 pie

175 4569 492 4623 tentiouem.
529 4566 635 4620 Sed
656 4569 699 4622 si
727 4567 1001 4621 confidunt
1040 4567 1300 4635 (canidem
1325 4567 1424 4620 sibi
1476 4567 1729 4620 fiduciam

173 4674 294 4713 esse
318 4661 417 4728 ait)
445 4673 570 4712 eum
593 4671 714 4711 esse
739 4661 899 4712 decus
950 4667 1004 4712 et
1053 4670 1426 4712 ornamentum
1484 4656 1734 4712 Ecclesiae

173 4765 233 4801 ac
281 4751 453 4818 magis
478 4762 580 4819 pro
616 4749 840 4801 veritate
888 4757 1118 4812 certare,
1165 4755 1220 4800 et
1252 4761 1344 4800 eos
1367 4746 1455 4810 qui
1481 4746 1722 4799 doctrina

177 4841 422 4910 indigent
482 4842 751 4905 edocere;
804 4855 1138 4910 nequaquam
1187 4853 1308 4892 cum
1341 4837 1430 4890 tali
1481 4839 1596 4890 viro
1641 4853 1736 4905 pn-

173 4933 452 5003 gnandum
479 4947 622 4997 esse,
673 4933 766 4986 sed
817 4933 991 5000 potius
1023 4932 1215 4986 bonam
1273 4929 1412 4983 illius
1447 4928 1731 4982 conscien-

175 5027 306 5077 tiam
337 5024 763 5094 approbandam.
805 5022 918 5076 Non
954 5032 1127 5076 exstat
1162 5024 1275 5077 hanc
1311 5021 1588 5074 Athanasii
1623 5020 1737 5087 epi-

175 5114 313 5167 stola
350 5115 422 5166 ad
455 5114 750 5168 monachos
775 5113 1154 5177 Cwsarienses,
1203 5111 1292 5165 sed
1342 5111 1454 5164 lnec
1497 5109 1738 5163 eruimus

175 5225 240 5262 ιιι
276 5207 399 5261 aliis
433 5209 498 5260 ad
546 5205 839 5260 Palladium
882 5209 1253 5277 presbyterum
1307 5205 1524 5270 litteris,
1580 5220 1736 5272 quem

172 5299 530 5362 Athanasius,
559 5299 793 5366 acceptis
838 5301 904 5352 ab
965 5299 1054 5352 illo
1088 5299 1274 5351 eadem
1308 5299 1374 5351 de
1404 5312 1461 5350 re
1519 5296 1738 5357 litteris,

179 5400 357 5460 rogat,
394 5399 454 5442 ut
479 5390 594 5457 ipse
654 5389 818 5443 etiam
848 5390 1053 5444 scribat
1109 5392 1171 5442 ad
1215 5389 1504 5443 monachos
1562 5389 1739 5442 (3335a-

178 5499 416 5546 ricnses,
452 5494 516 5534 ac
551 5481 653 5534 sibi
714 5480 765 5533 in
805 5481 883 5536 eis
908 5481 1184 5536 ﬂectendis
1209 5496 1423 5551 operam
1450 5494 1626 5536 navet.
1659 5482 1736 5535 Ex

244 5658 328 5727 (ο)
359 5656 491 5710 Naz.
515 5671 601 5726 cp.
630 5656 718 5711 26.

248 5725 328 5798 ψ)
365 5730 457 5781 Ur.
488 5725 623 5792 ἤμει
646 5743 727 5781 or.
766 5725 856 5780 20.

1848 4581 2062 4650 quidem
2127 4581 2266 4650 loqui
2309 4583 2718 4647 existimarent;
2768 4598 2871 4635 non
2942 4585 3083 4651 quod
3132 4583 3396 4636 divinita-

1846 4684 1950 4725 tem
2015 4672 2186 4725 sancti
2239 4669 2478 4738 Spiritus
2531 4671 2597 4723 ab
2657 4672 2734 4725 eis
2788 4672 3007 4739 negari,
3069 4673 3161 4725 sed
3220 4673 3395 4740 petitis

1839 4760 1980 4829 quod
2043 4777 2137 4814 cos
2198 4762 2251 4813 iu
2310 4761 2412 4814 hoc
2471 4761 2715 4828 dogmate
2780 4761 3117 4828 praedicando
3184 4760 3394 4830 longius

1843 4853 1966 4906 ferri
2020 4854 2322 4907 crederent.
2380 4850 2529 4907 Unde
2585 4852 2876 4923 Gregorius
2919 4854 2987 4924 (c)
3038 4864 3191 4922 rogat
3239 4855 3396 4908 Basi-

1843 4947 1968 4998 liqu
2003 4954 2057 4998 ut
2082 4959 2138 4998 se
2169 4945 2381 5009 doceat,
2406 4961 2672 5014 quousque
2707 4947 2762 4999 in
2801 4946 3137 5014 pra'dicanda
3167 4946 3399 5014 Spiritus

1843 5035 2015 5096 sancti
2039 5035 2309 5086 divinitate
2349 5036 2610 5102 progredi,
2666 5051 2893 5104 quasque
2941 5050 3088 5087 voces
3118 5051 3396 5102 usurpare,

1844 5136 1891 5178 et
1916 5141 2177 5193 quousque
2209 5127 2492 5178 ozcouamia
2526 5127 2600 5178 uti
2640 5130 2904 5178 conveniat
2928 5163 2944 5188 ,
2978 5125 3227 5178 nimirum
3262 5136 3318 5178 ut
3344 5135 3401 5178 et

1845 5218 1909 5268 iis
1944 5217 2257 5280 satislieret,
2289 5217 2376 5284 qui
2421 5217 2844 5287 nimiumjcjune
2863 5216 3198 5270 divinitatem
3223 5217 3393 5270 sancti

1847 5309 2079 5373 Spiritus
2117 5308 2420 5375 praedicari,
2456 5319 2510 5364 et
2543 5310 2605 5363 iis
2655 5311 2743 5377 qui
2791 5308 2910 5378 plus
2945 5324 3098 5378 aequo
3126 5308 3272 5362 illum
3297 5324 3390 5362 ex-

1849 5396 1966 5449 tolli
1996 5398 2382 5464 querebantur.
2439 5399 2686 5454 Nonnulli
2741 5400 2825 5452 his
2879 5399 3207 5465 temporibus
3253 5399 3395 5452 fere-

1848 5493 2042 5542 bantur
2107 5490 2364 5558 Spiritum
2421 5503 2660 5544 sanctmu
2717 5489 2862 5542 Patri
2919 5499 2970 5542 et
3013 5488 3147 5542 Filio
3194 5502 3401 5558 przepov-

1925 5663 1992 5732 (c)
2027 5661 2156 5716 Νη.
2189 5677 2269 5730 cp.
2296 5662 2383 5716 26.
