  <div class='ocr_page' id='page_1' title='image "/cluster/home/n/w/nwhite01/storage/ocr_20150623/29/pst.000005712274/082.png"; bbox 0 0 4068 6320; ppageno 0'>
   <div class='ocr_carea' id='block_1_1' title="bbox 1397 349 1956 416">
    <p class='ocr_par' dir='ltr' id='par_1_1' title="bbox 1397 349 1956 416">
     <span class='ocr_line' id='line_1_1' title="bbox 1397 349 1956 416; baseline 0.02 -14"><span class='ocrx_word' id='word_1_1' title='bbox 1397 349 1553 404; x_wconf 77' lang='lat' dir='ltr'><strong>Vl&#39;l&#39;A</strong></span> <span class='ocrx_word' id='word_1_2' title='bbox 1598 352 1651 404; x_wconf 82' lang='lat' dir='ltr'><strong>S.</strong></span> <span class='ocrx_word' id='word_1_3' title='bbox 1694 352 1775 407; x_wconf 70' lang='lat' dir='ltr'><strong>BA</strong></span> <span class='ocrx_word' id='word_1_4' title='bbox 1787 356 1956 416; x_wconf 69' lang='lat' dir='ltr'><strong>SILI].</strong></span> 
     </span>
    </p>
   </div>
   <div class='ocr_carea' id='block_1_2' title="bbox 3201 388 3339 426">
    <p class='ocr_par' dir='ltr' id='par_1_2' title="bbox 3201 388 3339 426">
     <span class='ocr_line' id='line_1_2' title="bbox 3201 388 3339 426; baseline 0 0"><span class='ocrx_word' id='word_1_5' title='bbox 3201 388 3339 426; x_wconf 72' lang='grc' dir='ltr'>ιιιν</span> 
     </span>
    </p>
   </div>
   <div class='ocr_carea' id='block_1_3' title="bbox 142 462 1693 548">
    <p class='ocr_par' dir='ltr' id='par_1_3' title="bbox 142 462 1682 534">
     <span class='ocr_line' id='line_1_3' title="bbox 142 462 1682 534; baseline 0.003 -19"><span class='ocrx_word' id='word_1_6' title='bbox 142 462 526 527; x_wconf 72' lang='lat' dir='ltr'><strong>transferretur,</strong></span> <span class='ocrx_word' id='word_1_7' title='bbox 554 477 714 531; x_wconf 90' lang='lat' dir='ltr'><strong>quem</strong></span> <span class='ocrx_word' id='word_1_8' title='bbox 761 463 933 518; x_wconf 92' lang='lat' dir='ltr'><strong>locum</strong></span> <span class='ocrx_word' id='word_1_9' title='bbox 971 476 1247 534; x_wconf 87' lang='lat' dir='ltr'><strong>comparat</strong></span> <span class='ocrx_word' id='word_1_10' title='bbox 1287 466 1513 521; x_wconf 84' lang='lat' dir='ltr'><strong>Basilius</strong></span> <span class='ocrx_word' id='word_1_11' title='bbox 1563 485 1682 521; x_wconf 88' lang='lat' dir='ltr'><strong>cum</strong></span> 
     </span>
    </p>
   </div>
   <div class='ocr_carea' id='block_1_4' title="bbox 1804 462 3342 548">
    <p class='ocr_par' dir='ltr' id='par_1_4' title="bbox 1804 472 3342 548">
     <span class='ocr_line' id='line_1_4' title="bbox 1804 472 3342 548; baseline 0.011 -22"><span class='ocrx_word' id='word_1_12' title='bbox 1804 472 1891 527; x_wconf 74' lang='grc' dir='ltr'><strong>[οι</strong></span> <span class='ocrx_word' id='word_1_13' title='bbox 1924 477 2066 529; x_wconf 90' lang='lat' dir='ltr'><strong>enim</strong></span> <span class='ocrx_word' id='word_1_14' title='bbox 2107 479 2297 532; x_wconf 77' lang='lat' dir='ltr'><strong>littera:</strong></span> <span class='ocrx_word' id='word_1_15' title='bbox 2318 480 2378 532; x_wconf 77' lang='lat' dir='ltr'><strong>&#39;in</strong></span> <span class='ocrx_word' id='word_1_16' title='bbox 2409 480 2582 534; x_wconf 87' lang='lat' dir='ltr'><strong>aulam</strong></span> <span class='ocrx_word' id='word_1_17' title='bbox 2619 490 2816 548; x_wconf 75' lang='lat' dir='ltr'><strong>missae,</strong></span> <span class='ocrx_word' id='word_1_18' title='bbox 2867 485 3098 540; x_wconf 91' lang='lat' dir='ltr'><strong>nondum</strong></span> <span class='ocrx_word' id='word_1_19' title='bbox 3127 489 3342 543; x_wconf 79' lang='lat' dir='ltr'><strong>venisse</strong></span> 
     </span>
    </p>
   </div>
   <div class='ocr_carea' id='block_1_5' title="bbox 141 553 1681 624">
    <p class='ocr_par' dir='ltr' id='par_1_5' title="bbox 141 553 1681 624">
     <span class='ocr_line' id='line_1_5' title="bbox 141 553 1681 624; baseline 0.002 -16"><span class='ocrx_word' id='word_1_20' title='bbox 141 555 286 608; x_wconf 77' lang='lat' dir='ltr'><strong>Ceade</strong></span> <span class='ocrx_word' id='word_1_21' title='bbox 309 553 612 622; x_wconf 85' lang='lat' dir='ltr'><strong>Lacomco,</strong></span> <span class='ocrx_word' id='word_1_22' title='bbox 667 565 755 608; x_wconf 91' lang='lat' dir='ltr'><strong>aut</strong></span> <span class='ocrx_word' id='word_1_23' title='bbox 810 555 1073 608; x_wconf 89' lang='lat' dir='ltr'><strong>barathris</strong></span> <span class='ocrx_word' id='word_1_24' title='bbox 1121 557 1223 609; x_wconf 88' lang='lat' dir='ltr'><strong>illis</strong></span> <span class='ocrx_word' id='word_1_25' title='bbox 1268 572 1385 624; x_wconf 83' lang='lat' dir='ltr'><strong>quae</strong></span> <span class='ocrx_word' id='word_1_26' title='bbox 1413 559 1681 612; x_wconf 80' lang='lat' dir='ltr'><strong>Charouia</strong></span> 
     </span>
    </p>
   </div>
   <div class='ocr_carea' id='block_1_6' title="bbox 141 648 1685 719">
    <p class='ocr_par' dir='ltr' id='par_1_6' title="bbox 141 648 1685 719">
     <span class='ocr_line' id='line_1_6' title="bbox 141 648 1685 719; baseline 0.003 -21"><span class='ocrx_word' id='word_1_27' title='bbox 141 648 461 706; x_wconf 87' lang='lat' dir='ltr'><strong>dicebantur,</strong></span> <span class='ocrx_word' id='word_1_28' title='bbox 497 656 612 699; x_wconf 92' lang='lat' dir='ltr'><strong>tum</strong></span> <span class='ocrx_word' id='word_1_29' title='bbox 643 662 772 700; x_wconf 84' lang='lat' dir='ltr'><strong>vero</strong></span> <span class='ocrx_word' id='word_1_30' title='bbox 813 661 938 715; x_wconf 89' lang='lat' dir='ltr'><strong>pars</strong></span> <span class='ocrx_word' id='word_1_31' title='bbox 988 658 1206 701; x_wconf 76' lang='lat' dir='ltr'><strong>senatus</strong></span> <span class='ocrx_word' id='word_1_32' title='bbox 1250 665 1352 702; x_wconf 92' lang='lat' dir='ltr'><strong>non</strong></span> <span class='ocrx_word' id='word_1_33' title='bbox 1403 649 1685 719; x_wconf 78' lang='lat' dir='ltr'><strong>ignobilior</strong></span> 
     </span>
    </p>
   </div>
   <div class='ocr_carea' id='block_1_7' title="bbox 142 735 1686 807">
    <p class='ocr_par' dir='ltr' id='par_1_7' title="bbox 142 735 1686 807">
     <span class='ocr_line' id='line_1_7' title="bbox 142 735 1686 807; baseline 0.001 -19"><span class='ocrx_word' id='word_1_34' title='bbox 142 739 294 805; x_wconf 78' lang='lat' dir='ltr'><strong>fugam</strong></span> <span class='ocrx_word' id='word_1_35' title='bbox 318 740 465 803; x_wconf 90' lang='lat' dir='ltr'><strong>cepit</strong></span> <span class='ocrx_word' id='word_1_36' title='bbox 490 752 617 790; x_wconf 90' lang='lat' dir='ltr'><strong>cum</strong></span> <span class='ocrx_word' id='word_1_37' title='bbox 657 739 909 790; x_wconf 78' lang='lat' dir='ltr'><strong>uxoribus</strong></span> <span class='ocrx_word' id='word_1_38' title='bbox 943 745 995 788; x_wconf 91' lang='lat' dir='ltr'><strong>et</strong></span> <span class='ocrx_word' id='word_1_39' title='bbox 1027 735 1182 800; x_wconf 80' lang='lat' dir='ltr'><strong>focis,</strong></span> <span class='ocrx_word' id='word_1_40' title='bbox 1206 749 1518 807; x_wconf 89' lang='lat' dir='ltr'><strong>perpetuum</strong></span> <span class='ocrx_word' id='word_1_41' title='bbox 1547 744 1686 793; x_wconf 78' lang='lat' dir='ltr'><strong>exsi-</strong></span> 
     </span>
    </p>
   </div>
   <div class='ocr_carea' id='block_1_8' title="bbox 142 827 1685 895">
    <p class='ocr_par' dir='ltr' id='par_1_8' title="bbox 142 827 1685 895">
     <span class='ocr_line' id='line_1_8' title="bbox 142 827 1685 895; baseline 0.005 -17"><span class='ocrx_word' id='word_1_42' title='bbox 142 830 245 881; x_wconf 85' lang='lat' dir='ltr'><strong>lium</strong></span> <span class='ocrx_word' id='word_1_43' title='bbox 271 829 393 881; x_wconf 86' lang='lat' dir='ltr'><strong>huic</strong></span> <span class='ocrx_word' id='word_1_44' title='bbox 424 829 544 882; x_wconf 89' lang='lat' dir='ltr'><strong>loco</strong></span> <span class='ocrx_word' id='word_1_45' title='bbox 583 828 874 895; x_wconf 74' lang='lat' dir='ltr'><strong>praeferens</strong></span> <span class='ocrx_word' id='word_1_46' title='bbox 897 827 970 895; x_wconf 82' lang='lat' dir='ltr'><strong>(al</strong></span> <span class='ocrx_word' id='word_1_47' title='bbox 998 841 1011 879; x_wconf 89' lang='lat'><strong>:</strong></span> <span class='ocrx_word' id='word_1_48' title='bbox 1064 828 1150 880; x_wconf 87' lang='lat' dir='ltr'><strong>alii</strong></span> <span class='ocrx_word' id='word_1_49' title='bbox 1183 831 1394 883; x_wconf 88' lang='lat' dir='ltr'><strong>abducti</strong></span> <span class='ocrx_word' id='word_1_50' title='bbox 1426 846 1489 886; x_wconf 90' lang='lat' dir='ltr'><strong>eo</strong></span> <span class='ocrx_word' id='word_1_51' title='bbox 1536 831 1685 886; x_wconf 81' lang='lat' dir='ltr'><strong>fuere</strong></span> 
     </span>
    </p>
   </div>
   <div class='ocr_carea' id='block_1_9' title="bbox 141 919 1686 988">
    <p class='ocr_par' dir='ltr' id='par_1_9' title="bbox 141 919 1686 988">
     <span class='ocr_line' id='line_1_9' title="bbox 141 919 1686 988; baseline 0.003 -18"><span class='ocrx_word' id='word_1_52' title='bbox 141 932 185 970; x_wconf 91' lang='grc' dir='ltr'><strong>ιιι</strong></span> <span class='ocrx_word' id='word_1_53' title='bbox 211 921 426 988; x_wconf 85' lang='lat' dir='ltr'><strong>captivi,</strong></span> <span class='ocrx_word' id='word_1_54' title='bbox 467 921 832 974; x_wconf 76' lang='lat' dir='ltr'><strong>miserandum</strong></span> <span class='ocrx_word' id='word_1_55' title='bbox 862 919 1111 972; x_wconf 90' lang='lat' dir='ltr'><strong>omnibus</strong></span> <span class='ocrx_word' id='word_1_56' title='bbox 1158 923 1519 987; x_wconf 75' lang='lat' dir='ltr'><strong>spectaculum</strong></span> <span class='ocrx_word' id='word_1_57' title='bbox 1547 932 1686 976; x_wconf 89' lang='lat' dir='ltr'><strong>:ter-</strong></span> 
     </span>
    </p>
   </div>
   <div class='ocr_carea' id='block_1_10' title="bbox 143 1011 1685 1080">
    <p class='ocr_par' dir='ltr' id='par_1_10' title="bbox 143 1011 1685 1080">
     <span class='ocr_line' id='line_1_10' title="bbox 143 1011 1685 1080; baseline 0.004 -19"><span class='ocrx_word' id='word_1_58' title='bbox 143 1014 202 1063; x_wconf 87' lang='lat' dir='ltr'><strong>tia</strong></span> <span class='ocrx_word' id='word_1_59' title='bbox 240 1027 360 1080; x_wconf 89' lang='lat' dir='ltr'><strong>pars</strong></span> <span class='ocrx_word' id='word_1_60' title='bbox 395 1013 450 1065; x_wconf 92' lang='lat' dir='ltr'><strong>in</strong></span> <span class='ocrx_word' id='word_1_61' title='bbox 516 1013 650 1065; x_wconf 84' lang='lat' dir='ltr'><strong>urbe</strong></span> <span class='ocrx_word' id='word_1_62' title='bbox 685 1011 866 1064; x_wconf 88' lang='lat' dir='ltr'><strong>relicta</strong></span> <span class='ocrx_word' id='word_1_63' title='bbox 895 1021 998 1074; x_wconf 89' lang='lat' dir='ltr'><strong>est,</strong></span> <span class='ocrx_word' id='word_1_64' title='bbox 1053 1013 1422 1066; x_wconf 74' lang='lat' dir='ltr'><strong>miserabiliter</strong></span> <span class='ocrx_word' id='word_1_65' title='bbox 1466 1027 1685 1080; x_wconf 78' lang='lat' dir='ltr'><strong>gemens</strong></span> 
     </span>
    </p>
   </div>
   <div class='ocr_carea' id='block_1_11' title="bbox 143 1102 1682 1172">
    <p class='ocr_par' dir='ltr' id='par_1_11' title="bbox 143 1102 1682 1172">
     <span class='ocr_line' id='line_1_11' title="bbox 143 1102 1682 1172; baseline 0.003 -18"><span class='ocrx_word' id='word_1_66' title='bbox 143 1102 453 1170; x_wconf 77' lang='lat' dir='ltr'><strong>collegarum</strong></span> <span class='ocrx_word' id='word_1_67' title='bbox 476 1103 743 1162; x_wconf 74' lang='lat' dir='ltr'><strong>discessu,</strong></span> <span class='ocrx_word' id='word_1_68' title='bbox 772 1117 831 1154; x_wconf 92' lang='lat' dir='ltr'><strong>ac</strong></span> <span class='ocrx_word' id='word_1_69' title='bbox 848 1105 1156 1156; x_wconf 89' lang='lat' dir='ltr'><strong>sustinendo</strong></span> <span class='ocrx_word' id='word_1_70' title='bbox 1184 1104 1516 1172; x_wconf 80' lang='lat' dir='ltr'><strong>negotiorum</strong></span> <span class='ocrx_word' id='word_1_71' title='bbox 1535 1107 1682 1158; x_wconf 88' lang='lat' dir='ltr'><strong>oneri</strong></span> 
     </span>
    </p>
   </div>
   <div class='ocr_carea' id='block_1_12' title="bbox 144 1194 1684 1264">
    <p class='ocr_par' dir='ltr' id='par_1_12' title="bbox 144 1194 1684 1264">
     <span class='ocr_line' id='line_1_12' title="bbox 144 1194 1684 1264; baseline 0.004 -19"><span class='ocrx_word' id='word_1_72' title='bbox 144 1211 347 1262; x_wconf 89' lang='lat' dir='ltr'><strong>prorsus</strong></span> <span class='ocrx_word' id='word_1_73' title='bbox 388 1195 583 1263; x_wconf 83' lang='lat' dir='ltr'><strong>impar.</strong></span> <span class='ocrx_word' id='word_1_74' title='bbox 613 1194 798 1247; x_wconf 69' lang='lat' dir='ltr'><strong>Citilis</strong></span> <span class='ocrx_word' id='word_1_75' title='bbox 824 1205 996 1248; x_wconf 72' lang='lat' dir='ltr'><strong>cmtus</strong></span> <span class='ocrx_word' id='word_1_76' title='bbox 1022 1197 1088 1248; x_wconf 91' lang='lat' dir='ltr'><strong>ob</strong></span> <span class='ocrx_word' id='word_1_77' title='bbox 1119 1210 1177 1247; x_wconf 88' lang='lat' dir='ltr'><strong>ea</strong></span> <span class='ocrx_word' id='word_1_78' title='bbox 1213 1211 1329 1264; x_wconf 72' lang='lat' dir='ltr'><strong>quae</strong></span> <span class='ocrx_word' id='word_1_79' title='bbox 1354 1197 1684 1262; x_wconf 77' lang='lat' dir='ltr'><strong>magistrati-</strong></span> 
     </span>
    </p>
   </div>
   <div class='ocr_carea' id='block_1_13' title="bbox 144 1287 1685 1348">
    <p class='ocr_par' dir='ltr' id='par_1_13' title="bbox 144 1287 1685 1348">
     <span class='ocr_line' id='line_1_13' title="bbox 144 1287 1685 1348; baseline 0.002 -8"><span class='ocrx_word' id='word_1_80' title='bbox 144 1290 228 1341; x_wconf 85' lang='lat' dir='ltr'><strong>bus</strong></span> <span class='ocrx_word' id='word_1_81' title='bbox 258 1289 599 1348; x_wconf 84' lang='lat' dir='ltr'><strong>acciderant,</strong></span> <span class='ocrx_word' id='word_1_82' title='bbox 648 1288 826 1342; x_wconf 90' lang='lat' dir='ltr'><strong>animo</strong></span> <span class='ocrx_word' id='word_1_83' title='bbox 871 1289 1178 1348; x_wconf 87' lang='lat' dir='ltr'><strong>concidens,</strong></span> <span class='ocrx_word' id='word_1_84' title='bbox 1225 1287 1430 1340; x_wconf 73' lang='lat' dir='ltr'><strong>relictis</strong></span> <span class='ocrx_word' id='word_1_85' title='bbox 1465 1289 1685 1343; x_wconf 88' lang='lat' dir='ltr'><strong>urbanis</strong></span> 
     </span>
    </p>
   </div>
   <div class='ocr_carea' id='block_1_14' title="bbox 148 1381 1688 1450">
    <p class='ocr_par' dir='ltr' id='par_1_14' title="bbox 148 1381 1688 1450">
     <span class='ocr_line' id='line_1_14' title="bbox 148 1381 1688 1450; baseline 0.001 -17"><span class='ocrx_word' id='word_1_86' title='bbox 148 1385 351 1444; x_wconf 78' lang='lat' dir='ltr'><strong>aedibus,</strong></span> <span class='ocrx_word' id='word_1_87' title='bbox 397 1397 495 1449; x_wconf 84' lang='lat' dir='ltr'><strong>per</strong></span> <span class='ocrx_word' id='word_1_88' title='bbox 527 1398 684 1446; x_wconf 66' lang='lat' dir='ltr'><strong>agros</strong></span> <span class='ocrx_word' id='word_1_89' title='bbox 715 1393 766 1435; x_wconf 92' lang='lat' dir='ltr'><strong>et</strong></span> <span class='ocrx_word' id='word_1_90' title='bbox 800 1399 919 1435; x_wconf 92' lang='lat' dir='ltr'><strong>rura</strong></span> <span class='ocrx_word' id='word_1_91' title='bbox 949 1383 1263 1448; x_wconf 71' lang='lat' dir='ltr'><strong>vagabatur.</strong></span> <span class='ocrx_word' id='word_1_92' title='bbox 1295 1381 1479 1450; x_wconf 86' lang='lat' dir='ltr'><strong>Itaque</strong></span> <span class='ocrx_word' id='word_1_93' title='bbox 1509 1383 1688 1438; x_wconf 69' lang='lat' dir='ltr'><strong>CaL‘Sa—</strong></span> 
     </span>
    </p>
   </div>
   <div class='ocr_carea' id='block_1_15' title="bbox 145 1475 1683 1541">
    <p class='ocr_par' dir='ltr' id='par_1_15' title="bbox 145 1475 1683 1541">
     <span class='ocr_line' id='line_1_15' title="bbox 145 1475 1683 1541; baseline -0.002 -13"><span class='ocrx_word' id='word_1_94' title='bbox 145 1492 216 1528; x_wconf 81' lang='lat' dir='ltr'><strong>rea</strong></span> <span class='ocrx_word' id='word_1_95' title='bbox 251 1476 297 1527; x_wconf 91' lang='lat' dir='ltr'><strong>in</strong></span> <span class='ocrx_word' id='word_1_96' title='bbox 334 1476 545 1526; x_wconf 85' lang='lat' dir='ltr'><strong>tristem</strong></span> <span class='ocrx_word' id='word_1_97' title='bbox 578 1475 917 1529; x_wconf 86' lang='lat' dir='ltr'><strong>solitudinem</strong></span> <span class='ocrx_word' id='word_1_98' title='bbox 950 1475 1157 1527; x_wconf 85' lang='lat' dir='ltr'><strong>redacta</strong></span> <span class='ocrx_word' id='word_1_99' title='bbox 1207 1485 1358 1538; x_wconf 87' lang='lat' dir='ltr'><strong>erat,</strong></span> <span class='ocrx_word' id='word_1_100' title='bbox 1395 1475 1547 1528; x_wconf 78' lang='lat' dir='ltr'><strong>nullae</strong></span> <span class='ocrx_word' id='word_1_101' title='bbox 1576 1475 1683 1541; x_wconf 82' lang='lat' dir='ltr'><strong>jam</strong></span> 
     </span>
    </p>
   </div>
   <div class='ocr_carea' id='block_1_16' title="bbox 147 1564 1683 1629">
    <p class='ocr_par' dir='ltr' id='par_1_16' title="bbox 147 1564 1683 1629">
     <span class='ocr_line' id='line_1_16' title="bbox 147 1564 1683 1629; baseline -0.004 -8"><span class='ocrx_word' id='word_1_102' title='bbox 147 1575 405 1621; x_wconf 63' lang='lat' dir='ltr'><strong>aucturum</strong></span> <span class='ocrx_word' id='word_1_103' title='bbox 436 1566 701 1629; x_wconf 82' lang='lat' dir='ltr'><strong>lucernae,</strong></span> <span class='ocrx_word' id='word_1_104' title='bbox 755 1568 896 1620; x_wconf 85' lang='lat' dir='ltr'><strong>nulla</strong></span> <span class='ocrx_word' id='word_1_105' title='bbox 938 1564 1264 1619; x_wconf 83' lang='lat' dir='ltr'><strong>eruditorum</strong></span> <span class='ocrx_word' id='word_1_106' title='bbox 1313 1566 1584 1619; x_wconf 86' lang='lat' dir='ltr'><strong>hominum</strong></span> <span class='ocrx_word' id='word_1_107' title='bbox 1633 1566 1683 1616; x_wconf 91' lang='lat' dir='ltr'><strong>in</strong></span> 
     </span>
    </p>
   </div>
   <div class='ocr_carea' id='block_1_17' title="bbox 146 1655 1682 1727">
    <p class='ocr_par' dir='ltr' id='par_1_17' title="bbox 146 1655 1682 1727">
     <span class='ocr_line' id='line_1_17' title="bbox 146 1655 1682 1727; baseline 0 -22"><span class='ocrx_word' id='word_1_108' title='bbox 146 1655 240 1707; x_wconf 80' lang='lat' dir='ltr'><strong>foro</strong></span> <span class='ocrx_word' id='word_1_109' title='bbox 262 1656 564 1726; x_wconf 86' lang='lat' dir='ltr'><strong>colloquia;</strong></span> <span class='ocrx_word' id='word_1_110' title='bbox 583 1658 795 1712; x_wconf 91' lang='lat' dir='ltr'><strong>occlusa</strong></span> <span class='ocrx_word' id='word_1_111' title='bbox 833 1655 1103 1727; x_wconf 78' lang='lat' dir='ltr'><strong>gymnasia</strong></span> <span class='ocrx_word' id='word_1_112' title='bbox 1131 1695 1144 1718; x_wconf 94' lang='lat'><strong>,</strong></span> <span class='ocrx_word' id='word_1_113' title='bbox 1171 1655 1315 1708; x_wconf 80' lang='lat' dir='ltr'><strong>nulla</strong></span> <span class='ocrx_word' id='word_1_114' title='bbox 1352 1656 1682 1709; x_wconf 88' lang='lat' dir='ltr'><strong>necessaria-</strong></span> 
     </span>
    </p>
   </div>
   <div class='ocr_carea' id='block_1_18' title="bbox 150 1744 1659 1814">
    <p class='ocr_par' dir='ltr' id='par_1_18' title="bbox 150 1744 1659 1814">
     <span class='ocr_line' id='line_1_18' title="bbox 150 1744 1659 1814; baseline -0.001 -18"><span class='ocrx_word' id='word_1_115' title='bbox 150 1761 244 1798; x_wconf 81' lang='lat' dir='ltr'><strong>rum</strong></span> <span class='ocrx_word' id='word_1_116' title='bbox 277 1763 460 1800; x_wconf 90' lang='lat' dir='ltr'><strong>rerum</strong></span> <span class='ocrx_word' id='word_1_117' title='bbox 502 1748 738 1814; x_wconf 78' lang='lat' dir='ltr'><strong>provisio</strong></span> <span class='ocrx_word' id='word_1_118' title='bbox 767 1762 827 1799; x_wconf 91' lang='lat' dir='ltr'><strong>ac</strong></span> <span class='ocrx_word' id='word_1_119' title='bbox 860 1744 1138 1810; x_wconf 83' lang='lat' dir='ltr'><strong>diSpositio</strong></span> <span class='ocrx_word' id='word_1_120' title='bbox 1160 1784 1176 1809; x_wconf 92' lang='lat'><strong>,</strong></span> <span class='ocrx_word' id='word_1_121' title='bbox 1203 1745 1293 1797; x_wconf 91' lang='lat' dir='ltr'><strong>sed</strong></span> <span class='ocrx_word' id='word_1_122' title='bbox 1331 1760 1432 1796; x_wconf 92' lang='lat' dir='ltr'><strong>una</strong></span> <span class='ocrx_word' id='word_1_123' title='bbox 1470 1759 1571 1796; x_wconf 76' lang='lat' dir='ltr'><strong>vox</strong></span> <span class='ocrx_word' id='word_1_124' title='bbox 1596 1759 1659 1794; x_wconf 90' lang='lat' dir='ltr'><strong>an</strong></span> 
     </span>
    </p>
   </div>
   <div class='ocr_carea' id='block_1_19' title="bbox 1790 565 3342 644">
    <p class='ocr_par' dir='ltr' id='par_1_19' title="bbox 1790 565 3342 644">
     <span class='ocr_line' id='line_1_19' title="bbox 1790 565 3342 644; baseline 0.011 -27"><span class='ocrx_word' id='word_1_125' title='bbox 1790 565 2068 621; x_wconf 86' lang='lat' dir='ltr'><strong>Valentem</strong></span> <span class='ocrx_word' id='word_1_126' title='bbox 2109 571 2358 637; x_wconf 92' lang='lat' dir='ltr'><strong>probant.</strong></span> <span class='ocrx_word' id='word_1_127' title='bbox 2412 571 2529 626; x_wconf 87' lang='lat' dir='ltr'><strong>.lam</strong></span> <span class='ocrx_word' id='word_1_128' title='bbox 2567 575 2740 628; x_wconf 82' lang='lat' dir='ltr'><strong>hiems</strong></span> <span class='ocrx_word' id='word_1_129' title='bbox 2792 579 3067 644; x_wconf 82' lang='lat' dir='ltr'><strong>inceperat</strong></span> <span class='ocrx_word' id='word_1_130' title='bbox 3110 590 3201 632; x_wconf 90' lang='lat' dir='ltr'><strong>aut</strong></span> <span class='ocrx_word' id='word_1_131' title='bbox 3230 581 3342 633; x_wconf 78' lang='lat' dir='ltr'><strong>sal-</strong></span> 
     </span>
    </p>
   </div>
   <div class='ocr_carea' id='block_1_20' title="bbox 1789 661 3338 727">
    <p class='ocr_par' dir='ltr' id='par_1_20' title="bbox 1789 661 3338 727">
     <span class='ocr_line' id='line_1_20' title="bbox 1789 661 3338 727; baseline 0.011 -17"><span class='ocrx_word' id='word_1_132' title='bbox 1789 667 1892 711; x_wconf 92' lang='lat' dir='ltr'><strong>tem</strong></span> <span class='ocrx_word' id='word_1_133' title='bbox 1929 661 2267 727; x_wconf 89' lang='lat' dir='ltr'><strong>imminebat,</strong></span> <span class='ocrx_word' id='word_1_134' title='bbox 2308 680 2428 717; x_wconf 91' lang='lat' dir='ltr'><strong>cum</strong></span> <span class='ocrx_word' id='word_1_135' title='bbox 2459 668 2626 721; x_wconf 91' lang='lat' dir='ltr'><strong>tristis</strong></span> <span class='ocrx_word' id='word_1_136' title='bbox 2655 669 2873 721; x_wconf 85' lang='lat' dir='ltr'><strong>nuntius</strong></span> <span class='ocrx_word' id='word_1_137' title='bbox 2903 669 3099 724; x_wconf 88' lang='lat' dir='ltr'><strong>Basilio</strong></span> <span class='ocrx_word' id='word_1_138' title='bbox 3124 673 3338 727; x_wconf 89' lang='lat' dir='ltr'><strong>allatus.</strong></span> 
     </span>
    </p>
   </div>
   <div class='ocr_carea' id='block_1_21' title="bbox 1787 748 3342 825">
    <p class='ocr_par' dir='ltr' id='par_1_21' title="bbox 1787 748 3342 825">
     <span class='ocr_line' id='line_1_21' title="bbox 1787 748 3342 825; baseline 0.01 -24"><span class='ocrx_word' id='word_1_139' title='bbox 1787 748 1936 816; x_wconf 85' lang='lat' dir='ltr'><strong>Quod</strong></span> <span class='ocrx_word' id='word_1_140' title='bbox 1962 753 2104 804; x_wconf 84' lang='lat' dir='ltr'><strong>enim</strong></span> <span class='ocrx_word' id='word_1_141' title='bbox 2145 756 2336 808; x_wconf 89' lang='lat' dir='ltr'><strong>metuit</strong></span> <span class='ocrx_word' id='word_1_142' title='bbox 2366 755 2596 811; x_wconf 80' lang='lat' dir='ltr'><strong>Basilius</strong></span> <span class='ocrx_word' id='word_1_143' title='bbox 2621 758 2698 825; x_wconf 77' lang='grc' dir='ltr'><strong>(ά)</strong></span> <span class='ocrx_word' id='word_1_144' title='bbox 2741 775 2806 814; x_wconf 90' lang='lat' dir='ltr'><strong>ne</strong></span> <span class='ocrx_word' id='word_1_145' title='bbox 2842 761 3221 817; x_wconf 85' lang='lat' dir='ltr'><strong>Martinianum</strong></span> <span class='ocrx_word' id='word_1_146' title='bbox 3247 765 3342 817; x_wconf 79' lang='lat' dir='ltr'><strong>de~</strong></span> 
     </span>
    </p>
   </div>
   <div class='ocr_carea' id='block_1_22' title="bbox 1789 845 3341 917">
    <p class='ocr_par' dir='ltr' id='par_1_22' title="bbox 1789 845 3341 917">
     <span class='ocr_line' id='line_1_22' title="bbox 1789 845 3341 917; baseline 0.01 -27"><span class='ocrx_word' id='word_1_147' title='bbox 1789 847 1982 891; x_wconf 89' lang='lat' dir='ltr'><strong>terreat</strong></span> <span class='ocrx_word' id='word_1_148' title='bbox 2013 849 2303 908; x_wconf 84' lang='lat' dir='ltr'><strong>tempestas</strong></span> <span class='ocrx_word' id='word_1_149' title='bbox 2339 845 2463 897; x_wconf 88' lang='lat' dir='ltr'><strong>anni</strong></span> <span class='ocrx_word' id='word_1_150' title='bbox 2492 855 2580 897; x_wconf 92' lang='lat' dir='ltr'><strong>aut</strong></span> <span class='ocrx_word' id='word_1_151' title='bbox 2602 856 2752 911; x_wconf 81' lang='lat' dir='ltr'><strong>aetas,</strong></span> <span class='ocrx_word' id='word_1_152' title='bbox 2782 852 3064 917; x_wconf 86' lang='lat' dir='ltr'><strong>quominus</strong></span> <span class='ocrx_word' id='word_1_153' title='bbox 3088 854 3140 906; x_wconf 93' lang='lat' dir='ltr'><strong>in</strong></span> <span class='ocrx_word' id='word_1_154' title='bbox 3167 854 3341 908; x_wconf 89' lang='lat' dir='ltr'><strong>aulam</strong></span> 
     </span>
    </p>
   </div>
   <div class='ocr_carea' id='block_1_23' title="bbox 1787 931 3345 1012">
    <p class='ocr_par' dir='ltr' id='par_1_23' title="bbox 1787 931 3345 1012">
     <span class='ocr_line' id='line_1_23' title="bbox 1787 931 3345 1012; baseline 0.01 -31"><span class='ocrx_word' id='word_1_155' title='bbox 1787 931 2195 998; x_wconf 82' lang='lat' dir='ltr'><strong>proﬁciscatur;</strong></span> <span class='ocrx_word' id='word_1_156' title='bbox 2230 934 2281 986; x_wconf 91' lang='lat' dir='ltr'><strong>id</strong></span> <span class='ocrx_word' id='word_1_157' title='bbox 2323 936 2389 988; x_wconf 90' lang='lat' dir='ltr'><strong>de</strong></span> <span class='ocrx_word' id='word_1_158' title='bbox 2420 947 2605 989; x_wconf 74' lang='lat' dir='ltr'><strong>aestate</strong></span> <span class='ocrx_word' id='word_1_159' title='bbox 2650 939 2852 994; x_wconf 86' lang='lat' dir='ltr'><strong>homini</strong></span> <span class='ocrx_word' id='word_1_160' title='bbox 2899 952 3055 997; x_wconf 76' lang='lat' dir='ltr'><strong>aetate</strong></span> <span class='ocrx_word' id='word_1_161' title='bbox 3087 959 3345 1012; x_wconf 88' lang='lat' dir='ltr'><strong>provecto</strong></span> 
     </span>
    </p>
   </div>
   <div class='ocr_carea' id='block_1_24' title="bbox 1789 1020 3346 1104">
    <p class='ocr_par' dir='ltr' id='par_1_24' title="bbox 1789 1020 3346 1104">
     <span class='ocr_line' id='line_1_24' title="bbox 1789 1020 3346 1104; baseline 0.012 -31"><span class='ocrx_word' id='word_1_162' title='bbox 1789 1020 1986 1074; x_wconf 88' lang='lat' dir='ltr'><strong>dictqu</strong></span> <span class='ocrx_word' id='word_1_163' title='bbox 2037 1037 2141 1076; x_wconf 90' lang='lat' dir='ltr'><strong>non</strong></span> <span class='ocrx_word' id='word_1_164' title='bbox 2186 1025 2421 1080; x_wconf 88' lang='lat' dir='ltr'><strong>videtur.</strong></span> <span class='ocrx_word' id='word_1_165' title='bbox 2464 1027 2567 1081; x_wconf 86' lang='lat' dir='ltr'><strong>Sed</strong></span> <span class='ocrx_word' id='word_1_166' title='bbox 2605 1039 2777 1082; x_wconf 84' lang='lat' dir='ltr'><strong>tamen</strong></span> <span class='ocrx_word' id='word_1_167' title='bbox 2828 1048 2932 1086; x_wconf 91' lang='lat' dir='ltr'><strong>non</strong></span> <span class='ocrx_word' id='word_1_168' title='bbox 2968 1035 3188 1088; x_wconf 90' lang='lat' dir='ltr'><strong>multum</strong></span> <span class='ocrx_word' id='word_1_169' title='bbox 3221 1052 3346 1104; x_wconf 89' lang='lat' dir='ltr'><strong>pro-</strong></span> 
     </span>
    </p>
   </div>
   <div class='ocr_carea' id='block_1_25' title="bbox 1787 1113 3346 1197">
    <p class='ocr_par' dir='ltr' id='par_1_25' title="bbox 1787 1113 3346 1197">
     <span class='ocr_line' id='line_1_25' title="bbox 1787 1113 3346 1197; baseline 0.01 -31"><span class='ocrx_word' id='word_1_170' title='bbox 1787 1123 2025 1166; x_wconf 85' lang='lat' dir='ltr'><strong>cesserat</strong></span> <span class='ocrx_word' id='word_1_171' title='bbox 2081 1113 2290 1180; x_wconf 89' lang='lat' dir='ltr'><strong>hiems,</strong></span> <span class='ocrx_word' id='word_1_172' title='bbox 2346 1119 2615 1186; x_wconf 85' lang='lat' dir='ltr'><strong>siquidem</strong></span> <span class='ocrx_word' id='word_1_173' title='bbox 2664 1121 2892 1177; x_wconf 88' lang='lat' dir='ltr'><strong>Basilius</strong></span> <span class='ocrx_word' id='word_1_174' title='bbox 2941 1133 3065 1180; x_wconf 94' lang='lat' dir='ltr'><strong>tunc</strong></span> <span class='ocrx_word' id='word_1_175' title='bbox 3120 1143 3346 1197; x_wconf 78' lang='lat' dir='ltr'><strong>peregre</strong></span> 
     </span>
    </p>
   </div>
   <div class='ocr_carea' id='block_1_26' title="bbox 1787 1206 3344 1281">
    <p class='ocr_par' dir='ltr' id='par_1_26' title="bbox 1787 1206 3344 1281">
     <span class='ocr_line' id='line_1_26' title="bbox 1787 1206 3344 1281; baseline 0.008 -24"><span class='ocrx_word' id='word_1_176' title='bbox 1787 1215 1922 1258; x_wconf 90' lang='lat' dir='ltr'><strong>erat.</strong></span> <span class='ocrx_word' id='word_1_177' title='bbox 1954 1206 2149 1259; x_wconf 82' lang='lat' dir='ltr'><strong>Eadem</strong></span> <span class='ocrx_word' id='word_1_178' title='bbox 2193 1209 2240 1260; x_wconf 93' lang='lat' dir='ltr'><strong>in</strong></span> <span class='ocrx_word' id='word_1_179' title='bbox 2274 1209 2543 1264; x_wconf 83' lang='lat' dir='ltr'><strong>Ecclesias</strong></span> <span class='ocrx_word' id='word_1_180' title='bbox 2573 1212 2928 1281; x_wconf 76' lang='lat' dir='ltr'><strong>Cappadociae</strong></span> <span class='ocrx_word' id='word_1_181' title='bbox 2987 1218 3202 1270; x_wconf 88' lang='lat' dir='ltr'><strong>imlucta</strong></span> <span class='ocrx_word' id='word_1_182' title='bbox 3243 1222 3344 1272; x_wconf 82' lang='lat' dir='ltr'><strong>im-</strong></span> 
     </span>
    </p>
   </div>
   <div class='ocr_carea' id='block_1_27' title="bbox 1789 1299 3348 1367">
    <p class='ocr_par' dir='ltr' id='par_1_27' title="bbox 1789 1299 3348 1367">
     <span class='ocr_line' id='line_1_27' title="bbox 1789 1299 3348 1367; baseline 0.01 -19"><span class='ocrx_word' id='word_1_183' title='bbox 1789 1299 2016 1350; x_wconf 76' lang='lat' dir='ltr'><strong>mutatio</strong></span> <span class='ocrx_word' id='word_1_184' title='bbox 2048 1314 2191 1351; x_wconf 89' lang='lat' dir='ltr'><strong>anno</strong></span> <span class='ocrx_word' id='word_1_185' title='bbox 2230 1300 2331 1353; x_wconf 74' lang='lat'><strong>572</strong></span> <span class='ocrx_word' id='word_1_186' title='bbox 2364 1302 2602 1367; x_wconf 79' lang='lat' dir='ltr'><strong>ineunte,</strong></span> <span class='ocrx_word' id='word_1_187' title='bbox 2641 1313 2697 1357; x_wconf 94' lang='lat' dir='ltr'><strong>ut</strong></span> <span class='ocrx_word' id='word_1_188' title='bbox 2747 1305 2884 1358; x_wconf 83' lang='lat' dir='ltr'><strong>infra</strong></span> <span class='ocrx_word' id='word_1_189' title='bbox 2919 1306 3231 1362; x_wconf 76' lang='lat' dir='ltr'><strong>videbimus.</strong></span> <span class='ocrx_word' id='word_1_190' title='bbox 3279 1313 3348 1363; x_wconf 86' lang='lat' dir='ltr'><strong>At</strong></span> 
     </span>
    </p>
   </div>
   <div class='ocr_carea' id='block_1_28' title="bbox 1787 1387 3348 1461">
    <p class='ocr_par' dir='ltr' id='par_1_28' title="bbox 1787 1387 3348 1461">
     <span class='ocr_line' id='line_1_28' title="bbox 1787 1387 3348 1461; baseline 0.01 -23"><span class='ocrx_word' id='word_1_191' title='bbox 1787 1387 1962 1441; x_wconf 90' lang='lat' dir='ltr'><strong>civilis</strong></span> <span class='ocrx_word' id='word_1_192' title='bbox 1993 1389 2184 1444; x_wconf 71' lang='lat' dir='ltr'><strong>divisio</strong></span> <span class='ocrx_word' id='word_1_193' title='bbox 2234 1393 2650 1446; x_wconf 77' lang='lat' dir='ltr'><strong>ecclesiasticam</strong></span> <span class='ocrx_word' id='word_1_194' title='bbox 2694 1399 3005 1461; x_wconf 84' lang='lat' dir='ltr'><strong>antecessit,</strong></span> <span class='ocrx_word' id='word_1_195' title='bbox 3053 1409 3188 1452; x_wconf 81' lang='lat' dir='ltr'><strong>teste</strong></span> <span class='ocrx_word' id='word_1_196' title='bbox 3217 1399 3348 1454; x_wconf 53' lang='lat' dir='ltr'><strong>Cres</strong></span> 
     </span>
    </p>
   </div>
   <div class='ocr_carea' id='block_1_29' title="bbox 1787 1478 2427 1551">
    <p class='ocr_par' dir='ltr' id='par_1_29' title="bbox 1787 1478 2427 1551">
     <span class='ocr_line' id='line_1_29' title="bbox 1787 1478 2427 1551; baseline 0.013 -23"><span class='ocrx_word' id='word_1_197' title='bbox 1787 1478 1937 1545; x_wconf 79' lang='lat' dir='ltr'><strong>gorio</strong></span> <span class='ocrx_word' id='word_1_198' title='bbox 1974 1478 2312 1535; x_wconf 83' lang='lat' dir='ltr'><strong>Nazianzeno</strong></span> <span class='ocrx_word' id='word_1_199' title='bbox 2338 1481 2427 1551; x_wconf 88' lang='lat' dir='ltr'><strong>(e).</strong></span> 
     </span>
    </p>
   </div>
   <div class='ocr_carea' id='block_1_30' title="bbox 1870 1569 3348 1646">
    <p class='ocr_par' dir='ltr' id='par_1_30' title="bbox 1870 1569 3348 1646">
     <span class='ocr_line' id='line_1_30' title="bbox 1870 1569 3348 1646; baseline 0.012 -27"><span class='ocrx_word' id='word_1_200' title='bbox 1870 1569 1955 1621; x_wconf 83' lang='lat' dir='ltr'><strong>IV.</strong></span> <span class='ocrx_word' id='word_1_201' title='bbox 1986 1569 2093 1624; x_wconf 87' lang='lat' dir='ltr'><strong>Hoc</strong></span> <span class='ocrx_word' id='word_1_202' title='bbox 2118 1589 2258 1626; x_wconf 89' lang='lat' dir='ltr'><strong>anno</strong></span> <span class='ocrx_word' id='word_1_203' title='bbox 2305 1575 2400 1628; x_wconf 74' lang='grc' dir='ltr'><strong>δτι</strong></span> <span class='ocrx_word' id='word_1_204' title='bbox 2427 1615 2441 1638; x_wconf 86' lang='grc'>,</span> <span class='ocrx_word' id='word_1_205' title='bbox 2474 1584 2737 1629; x_wconf 81' lang='lat' dir='ltr'><strong>rectorem</strong></span> <span class='ocrx_word' id='word_1_206' title='bbox 2783 1577 3133 1646; x_wconf 69' lang='lat' dir='ltr'><strong>Cappadociae</strong></span> <span class='ocrx_word' id='word_1_207' title='bbox 3187 1582 3348 1636; x_wconf 81' lang='lat' dir='ltr'><strong>fuisse</strong></span> 
     </span>
    </p>
   </div>
   <div class='ocr_carea' id='block_1_31' title="bbox 1789 1656 3356 1742">
    <p class='ocr_par' dir='ltr' id='par_1_31' title="bbox 1789 1656 3356 1742">
     <span class='ocr_line' id='line_1_31' title="bbox 1789 1656 3356 1742; baseline 0.011 -35"><span class='ocrx_word' id='word_1_208' title='bbox 1789 1656 2107 1710; x_wconf 89' lang='lat' dir='ltr'><strong>Thcrasium</strong></span> <span class='ocrx_word' id='word_1_209' title='bbox 2134 1663 2507 1727; x_wconf 76' lang='lat' dir='ltr'><strong>cognoscimus</strong></span> <span class='ocrx_word' id='word_1_210' title='bbox 2535 1679 2598 1716; x_wconf 78' lang='lat' dir='ltr'><strong>ex</strong></span> <span class='ocrx_word' id='word_1_211' title='bbox 2625 1666 2852 1732; x_wconf 86' lang='lat' dir='ltr'><strong>epistola</strong></span> <span class='ocrx_word' id='word_1_212' title='bbox 2898 1667 2983 1731; x_wconf 88' lang='lat'><strong>77,</strong></span> <span class='ocrx_word' id='word_1_213' title='bbox 3027 1669 3076 1720; x_wconf 94' lang='lat' dir='ltr'><strong>in</strong></span> <span class='ocrx_word' id='word_1_214' title='bbox 3110 1686 3210 1734; x_wconf 89' lang='lat' dir='ltr'><strong>qua</strong></span> <span class='ocrx_word' id='word_1_215' title='bbox 3234 1673 3356 1742; x_wconf 76' lang='lat' dir='ltr'><strong>ejus</strong></span> 
     </span>
    </p>
   </div>
   <div class='ocr_carea' id='block_1_32' title="bbox 1789 1752 3351 1820">
    <p class='ocr_par' dir='ltr' id='par_1_32' title="bbox 1789 1752 3351 1820">
     <span class='ocr_line' id='line_1_32' title="bbox 1789 1752 3351 1820; baseline 0.01 -21"><span class='ocrx_word' id='word_1_216' title='bbox 1789 1764 2116 1803; x_wconf 59' lang='lat' dir='ltr'><strong>assessorem</strong></span> <span class='ocrx_word' id='word_1_217' title='bbox 2173 1759 2323 1820; x_wconf 81' lang='lat' dir='ltr'><strong>rogat</strong></span> <span class='ocrx_word' id='word_1_218' title='bbox 2347 1752 2595 1819; x_wconf 85' lang='lat' dir='ltr'><strong>Basilius,</strong></span> <span class='ocrx_word' id='word_1_219' title='bbox 2619 1767 2798 1810; x_wconf 89' lang='lat' dir='ltr'><strong>utnon</strong></span> <span class='ocrx_word' id='word_1_220' title='bbox 2831 1759 3068 1811; x_wconf 79' lang='lat' dir='ltr'><strong>discedat</strong></span> <span class='ocrx_word' id='word_1_221' title='bbox 3096 1763 3160 1812; x_wconf 89' lang='lat' dir='ltr'><strong>ab</strong></span> <span class='ocrx_word' id='word_1_222' title='bbox 3185 1762 3351 1814; x_wconf 88' lang='lat' dir='ltr'><strong>admi-</strong></span> 
     </span>
    </p>
   </div>
   <div class='ocr_carea' id='block_1_33' title="bbox 145 1825 3353 1912">
    <p class='ocr_par' dir='ltr' id='par_1_33' title="bbox 145 1825 3353 1912">
     <span class='ocr_line' id='line_1_33' title="bbox 145 1825 3353 1912; baseline 0.005 -23"><span class='ocrx_word' id='word_1_223' title='bbox 145 1835 400 1898; x_wconf 83' lang='lat' dir='ltr'><strong>dicbatur,</strong></span> <span class='ocrx_word' id='word_1_224' title='bbox 434 1847 742 1891; x_wconf 78' lang='lat' dir='ltr'><strong>exactorem</strong></span> <span class='ocrx_word' id='word_1_225' title='bbox 776 1848 823 1889; x_wconf 90' lang='lat' dir='ltr'><strong>et</strong></span> <span class='ocrx_word' id='word_1_226' title='bbox 857 1850 1042 1887; x_wconf 87' lang='lat' dir='ltr'><strong>eorum</strong></span> <span class='ocrx_word' id='word_1_227' title='bbox 1069 1852 1096 1888; x_wconf 88' lang='lat' dir='ltr'><strong>a</strong></span> <span class='ocrx_word' id='word_1_228' title='bbox 1131 1836 1322 1902; x_wconf 92' lang='lat' dir='ltr'><strong>quibus</strong></span> <span class='ocrx_word' id='word_1_229' title='bbox 1350 1835 1683 1902; x_wconf 84' lang='lat' dir='ltr'><strong>exigebatur,</strong></span> <span class='ocrx_word' id='word_1_230' title='bbox 1721 1825 1760 1880; x_wconf 69' lang='grc' dir='ltr'><strong>Β</strong></span> <span class='ocrx_word' id='word_1_231' title='bbox 1794 1839 1958 1892; x_wconf 92' lang='lat' dir='ltr'><strong>rando</strong></span> <span class='ocrx_word' id='word_1_232' title='bbox 2016 1840 2297 1903; x_wconf 84' lang='lat' dir='ltr'><strong>Therasio,</strong></span> <span class='ocrx_word' id='word_1_233' title='bbox 2330 1843 2541 1912; x_wconf 88' lang='lat' dir='ltr'><strong>sibique</strong></span> <span class='ocrx_word' id='word_1_234' title='bbox 2599 1846 2848 1899; x_wconf 87' lang='lat' dir='ltr'><strong>decorum</strong></span> <span class='ocrx_word' id='word_1_235' title='bbox 2904 1863 3024 1901; x_wconf 88' lang='lat' dir='ltr'><strong>esse</strong></span> <span class='ocrx_word' id='word_1_236' title='bbox 3079 1851 3353 1906; x_wconf 80' lang='lat' dir='ltr'><strong>existimet</strong></span> 
     </span>
    </p>
   </div>
   <div class='ocr_carea' id='block_1_34' title="bbox 148 1926 972 1998">
    <p class='ocr_par' dir='ltr' id='par_1_34' title="bbox 148 1926 972 1998">
     <span class='ocr_line' id='line_1_34' title="bbox 148 1926 972 1998; baseline -0.005 -18"><span class='ocrx_word' id='word_1_237' title='bbox 148 1929 327 1997; x_wconf 88' lang='lat' dir='ltr'><strong>quique</strong></span> <span class='ocrx_word' id='word_1_238' title='bbox 359 1926 589 1998; x_wconf 81' lang='lat' dir='ltr'><strong>ﬂagellis</strong></span> <span class='ocrx_word' id='word_1_239' title='bbox 614 1927 972 1981; x_wconf 71' lang='lat' dir='ltr'><strong>caedebantur.</strong></span> 
     </span>
    </p>
   </div>
   <div class='ocr_carea' id='block_1_35' title="bbox 209 2015 1691 2085">
    <p class='ocr_par' dir='ltr' id='par_1_35' title="bbox 209 2015 1691 2085">
     <span class='ocr_line' id='line_1_35' title="bbox 209 2015 1691 2085; baseline -0.003 -13"><span class='ocrx_word' id='word_1_240' title='bbox 209 2019 473 2085; x_wconf 81' lang='lat' dir='ltr'><strong>Quantum</strong></span> <span class='ocrx_word' id='word_1_241' title='bbox 513 2018 708 2070; x_wconf 87' lang='lat' dir='ltr'><strong>Basilio</strong></span> <span class='ocrx_word' id='word_1_242' title='bbox 763 2017 1014 2069; x_wconf 89' lang='lat' dir='ltr'><strong>inusserit</strong></span> <span class='ocrx_word' id='word_1_243' title='bbox 1053 2015 1271 2078; x_wconf 88' lang='lat' dir='ltr'><strong>doloris,</strong></span> <span class='ocrx_word' id='word_1_244' title='bbox 1326 2017 1511 2085; x_wconf 72' lang='lat' dir='ltr'><strong>patriae</strong></span> <span class='ocrx_word' id='word_1_245' title='bbox 1550 2017 1691 2069; x_wconf 87' lang='lat' dir='ltr'><strong>cala-</strong></span> 
     </span>
    </p>
   </div>
   <div class='ocr_carea' id='block_1_36' title="bbox 151 2107 1694 2180">
    <p class='ocr_par' dir='ltr' id='par_1_36' title="bbox 151 2107 1694 2180">
     <span class='ocr_line' id='line_1_36' title="bbox 151 2107 1694 2180; baseline -0.002 -17"><span class='ocrx_word' id='word_1_246' title='bbox 151 2113 327 2175; x_wconf 87' lang='lat' dir='ltr'><strong>mitas,</strong></span> <span class='ocrx_word' id='word_1_247' title='bbox 359 2111 590 2180; x_wconf 61' lang='lat' dir='ltr'><strong>perstrici</strong></span> <span class='ocrx_word' id='word_1_248' title='bbox 618 2117 786 2176; x_wconf 88' lang='lat' dir='ltr'><strong>potest</strong></span> <span class='ocrx_word' id='word_1_249' title='bbox 818 2109 1074 2161; x_wconf 81' lang='lat' dir='ltr'><strong>extribus</strong></span> <span class='ocrx_word' id='word_1_250' title='bbox 1113 2107 1308 2161; x_wconf 80' lang='lat' dir='ltr'><strong>litteris</strong></span> <span class='ocrx_word' id='word_1_251' title='bbox 1343 2107 1416 2176; x_wconf 90' lang='lat' dir='ltr'><strong>(b)</strong></span> <span class='ocrx_word' id='word_1_252' title='bbox 1454 2123 1514 2161; x_wconf 92' lang='lat' dir='ltr'><strong>ea</strong></span> <span class='ocrx_word' id='word_1_253' title='bbox 1543 2109 1608 2161; x_wconf 92' lang='lat' dir='ltr'><strong>de</strong></span> <span class='ocrx_word' id='word_1_254' title='bbox 1639 2125 1694 2160; x_wconf 86' lang='lat' dir='ltr'><strong>re</strong></span> 
     </span>
    </p>
   </div>
   <div class='ocr_carea' id='block_1_37' title="bbox 153 2197 1694 2271">
    <p class='ocr_par' dir='ltr' id='par_1_37' title="bbox 153 2197 1694 2271">
     <span class='ocr_line' id='line_1_37' title="bbox 153 2197 1694 2271; baseline -0.005 -15"><span class='ocrx_word' id='word_1_255' title='bbox 153 2204 371 2271; x_wconf 80' lang='lat' dir='ltr'><strong>scriptis.</strong></span> <span class='ocrx_word' id='word_1_256' title='bbox 403 2203 705 2266; x_wconf 80' lang='lat' dir='ltr'><strong>Antequam</strong></span> <span class='ocrx_word' id='word_1_257' title='bbox 742 2198 939 2252; x_wconf 87' lang='lat' dir='ltr'><strong>rediret</strong></span> <span class='ocrx_word' id='word_1_258' title='bbox 964 2198 1287 2264; x_wconf 63' lang='lat' dir='ltr'><strong>Catsaream,</strong></span> <span class='ocrx_word' id='word_1_259' title='bbox 1314 2199 1529 2266; x_wconf 82' lang='lat' dir='ltr'><strong>scripsit</strong></span> <span class='ocrx_word' id='word_1_260' title='bbox 1559 2197 1694 2250; x_wconf 80' lang='lat' dir='ltr'><strong>Mar-</strong></span> 
     </span>
    </p>
   </div>
   <div class='ocr_carea' id='block_1_38' title="bbox 155 2287 1693 2348">
    <p class='ocr_par' dir='ltr' id='par_1_38' title="bbox 155 2287 1693 2348">
     <span class='ocr_line' id='line_1_38' title="bbox 155 2287 1693 2348; baseline -0.005 -1"><span class='ocrx_word' id='word_1_261' title='bbox 155 2295 360 2347; x_wconf 82' lang='lat' dir='ltr'><strong>tiniano.</strong></span> <span class='ocrx_word' id='word_1_262' title='bbox 395 2291 504 2344; x_wconf 86' lang='lat' dir='ltr'><strong>Hac</strong></span> <span class='ocrx_word' id='word_1_263' title='bbox 539 2290 678 2342; x_wconf 83' lang='lat' dir='ltr'><strong>enim</strong></span> <span class='ocrx_word' id='word_1_264' title='bbox 714 2290 1062 2344; x_wconf 76' lang='lat' dir='ltr'><strong>excusatione</strong></span> <span class='ocrx_word' id='word_1_265' title='bbox 1086 2291 1270 2348; x_wconf 79' lang='lat' dir='ltr'><strong>utitur.</strong></span> <span class='ocrx_word' id='word_1_266' title='bbox 1305 2305 1519 2341; x_wconf 83' lang='lat' dir='ltr'><strong>curnon</strong></span> <span class='ocrx_word' id='word_1_267' title='bbox 1546 2287 1693 2339; x_wconf 91' lang='lat' dir='ltr'><strong>illum</strong></span> 
     </span>
    </p>
   </div>
   <div class='ocr_carea' id='block_1_39' title="bbox 158 2379 1693 2449">
    <p class='ocr_par' dir='ltr' id='par_1_39' title="bbox 158 2379 1693 2449">
     <span class='ocr_line' id='line_1_39' title="bbox 158 2379 1693 2449; baseline -0.002 -16"><span class='ocrx_word' id='word_1_268' title='bbox 158 2384 319 2443; x_wconf 78' lang='lat' dir='ltr'><strong>adeat,</strong></span> <span class='ocrx_word' id='word_1_269' title='bbox 357 2386 496 2447; x_wconf 88' lang='lat' dir='ltr'><strong>quod</strong></span> <span class='ocrx_word' id='word_1_270' title='bbox 532 2380 720 2449; x_wconf 79' lang='lat' dir='ltr'><strong>patriae</strong></span> <span class='ocrx_word' id='word_1_271' title='bbox 751 2395 878 2434; x_wconf 84' lang='lat' dir='ltr'><strong>voce</strong></span> <span class='ocrx_word' id='word_1_272' title='bbox 908 2392 1240 2433; x_wconf 88' lang='lat' dir='ltr'><strong>accersatur.</strong></span> <span class='ocrx_word' id='word_1_273' title='bbox 1283 2379 1433 2443; x_wconf 79' lang='lat' dir='ltr'><strong>Quod</strong></span> <span class='ocrx_word' id='word_1_274' title='bbox 1478 2380 1693 2444; x_wconf 76' lang='lat' dir='ltr'><strong>quidem</strong></span> 
     </span>
    </p>
   </div>
   <div class='ocr_carea' id='block_1_40' title="bbox 157 2470 1697 2542">
    <p class='ocr_par' dir='ltr' id='par_1_40' title="bbox 157 2470 1697 2542">
     <span class='ocr_line' id='line_1_40' title="bbox 157 2470 1697 2542; baseline -0.001 -18"><span class='ocrx_word' id='word_1_275' title='bbox 157 2483 451 2542; x_wconf 80' lang='lat' dir='ltr'><strong>argumento</strong></span> <span class='ocrx_word' id='word_1_276' title='bbox 475 2484 556 2525; x_wconf 90' lang='lat' dir='ltr'><strong>est</strong></span> <span class='ocrx_word' id='word_1_277' title='bbox 588 2472 962 2525; x_wconf 76' lang='lat' dir='ltr'><strong>Martinianum</strong></span> <span class='ocrx_word' id='word_1_278' title='bbox 992 2491 1095 2528; x_wconf 92' lang='lat' dir='ltr'><strong>non</strong></span> <span class='ocrx_word' id='word_1_279' title='bbox 1133 2474 1287 2540; x_wconf 81' lang='lat' dir='ltr'><strong>longe</strong></span> <span class='ocrx_word' id='word_1_280' title='bbox 1319 2470 1590 2524; x_wconf 88' lang='lat' dir='ltr'><strong>habitasse</strong></span> <span class='ocrx_word' id='word_1_281' title='bbox 1629 2471 1697 2523; x_wconf 87' lang='lat' dir='ltr'><strong>ab</strong></span> 
     </span>
    </p>
   </div>
   <div class='ocr_carea' id='block_1_41' title="bbox 158 2563 1699 2627">
    <p class='ocr_par' dir='ltr' id='par_1_41' title="bbox 158 2563 1699 2627">
     <span class='ocr_line' id='line_1_41' title="bbox 158 2563 1699 2627; baseline 0 -12"><span class='ocrx_word' id='word_1_282' title='bbox 158 2580 211 2617; x_wconf 77' lang='lat' dir='ltr'><strong>eo</strong></span> <span class='ocrx_word' id='word_1_283' title='bbox 241 2565 374 2627; x_wconf 91' lang='lat' dir='ltr'><strong>loco,</strong></span> <span class='ocrx_word' id='word_1_284' title='bbox 409 2566 496 2618; x_wconf 89' lang='lat' dir='ltr'><strong>ubi</strong></span> <span class='ocrx_word' id='word_1_285' title='bbox 533 2575 661 2618; x_wconf 87' lang='lat' dir='ltr'><strong>tunc</strong></span> <span class='ocrx_word' id='word_1_286' title='bbox 689 2565 1002 2618; x_wconf 85' lang='lat' dir='ltr'><strong>versabatur</strong></span> <span class='ocrx_word' id='word_1_287' title='bbox 1056 2563 1302 2619; x_wconf 86' lang='lat' dir='ltr'><strong>Basilius.</strong></span> <span class='ocrx_word' id='word_1_288' title='bbox 1348 2563 1474 2616; x_wconf 86' lang='lat' dir='ltr'><strong>Erat</strong></span> <span class='ocrx_word' id='word_1_289' title='bbox 1504 2563 1591 2617; x_wconf 92' lang='lat' dir='ltr'><strong>ille</strong></span> <span class='ocrx_word' id='word_1_290' title='bbox 1622 2566 1699 2616; x_wconf 86' lang='lat' dir='ltr'><strong>vir</strong></span> 
     </span>
    </p>
   </div>
   <div class='ocr_carea' id='block_1_42' title="bbox 159 2656 1698 2726">
    <p class='ocr_par' dir='ltr' id='par_1_42' title="bbox 159 2656 1698 2726">
     <span class='ocr_line' id='line_1_42' title="bbox 159 2656 1698 2726; baseline 0 -16"><span class='ocrx_word' id='word_1_291' title='bbox 159 2659 288 2710; x_wconf 86' lang='lat' dir='ltr'><strong>omni</strong></span> <span class='ocrx_word' id='word_1_292' title='bbox 321 2658 637 2712; x_wconf 83' lang='lat' dir='ltr'><strong>eruditionis</strong></span> <span class='ocrx_word' id='word_1_293' title='bbox 664 2658 819 2711; x_wconf 87' lang='lat' dir='ltr'><strong>laude</strong></span> <span class='ocrx_word' id='word_1_294' title='bbox 845 2656 1168 2719; x_wconf 88' lang='lat' dir='ltr'><strong>cumulatus,</strong></span> <span class='ocrx_word' id='word_1_295' title='bbox 1187 2667 1238 2709; x_wconf 91' lang='lat' dir='ltr'><strong>et</strong></span> <span class='ocrx_word' id='word_1_296' title='bbox 1269 2672 1386 2709; x_wconf 93' lang='lat' dir='ltr'><strong>cum</strong></span> <span class='ocrx_word' id='word_1_297' title='bbox 1417 2658 1698 2726; x_wconf 88' lang='lat' dir='ltr'><strong>plurimum</strong></span> 
     </span>
    </p>
   </div>
   <div class='ocr_carea' id='block_1_43' title="bbox 160 2747 1703 2816">
    <p class='ocr_par' dir='ltr' id='par_1_43' title="bbox 160 2747 1703 2816">
     <span class='ocr_line' id='line_1_43' title="bbox 160 2747 1703 2816; baseline 0.001 -15"><span class='ocrx_word' id='word_1_298' title='bbox 160 2759 322 2816; x_wconf 82' lang='lat' dir='ltr'><strong>posset</strong></span> <span class='ocrx_word' id='word_1_299' title='bbox 360 2749 496 2814; x_wconf 91' lang='lat' dir='ltr'><strong>apud</strong></span> <span class='ocrx_word' id='word_1_300' title='bbox 533 2750 948 2814; x_wconf 81' lang='lat' dir='ltr'><strong>imperatorem,</strong></span> <span class='ocrx_word' id='word_1_301' title='bbox 996 2747 1154 2801; x_wconf 82' lang='lat' dir='ltr'><strong>ﬂebili</strong></span> <span class='ocrx_word' id='word_1_302' title='bbox 1196 2754 1454 2802; x_wconf 90' lang='lat' dir='ltr'><strong>malorum</strong></span> <span class='ocrx_word' id='word_1_303' title='bbox 1503 2751 1703 2803; x_wconf 83' lang='lat' dir='ltr'><strong>descri-</strong></span> 
     </span>
    </p>
   </div>
   <div class='ocr_carea' id='block_1_44' title="bbox 163 2836 1699 2905">
    <p class='ocr_par' dir='ltr' id='par_1_44' title="bbox 163 2836 1699 2905">
     <span class='ocr_line' id='line_1_44' title="bbox 163 2836 1699 2905; baseline 0.001 -17"><span class='ocrx_word' id='word_1_304' title='bbox 163 2846 322 2905; x_wconf 66' lang='lat' dir='ltr'><strong>[tione</strong></span> <span class='ocrx_word' id='word_1_305' title='bbox 350 2846 576 2889; x_wconf 84' lang='lat' dir='ltr'><strong>conatur</strong></span> <span class='ocrx_word' id='word_1_306' title='bbox 606 2837 654 2886; x_wconf 87' lang='lat' dir='ltr'><strong>ei</strong></span> <span class='ocrx_word' id='word_1_307' title='bbox 687 2836 1003 2903; x_wconf 83' lang='lat' dir='ltr'><strong>persuadere</strong></span> <span class='ocrx_word' id='word_1_308' title='bbox 1036 2838 1283 2898; x_wconf 81' lang='lat' dir='ltr'><strong>Basilius,</strong></span> <span class='ocrx_word' id='word_1_309' title='bbox 1321 2848 1374 2889; x_wconf 92' lang='lat' dir='ltr'><strong>ut</strong></span> <span class='ocrx_word' id='word_1_310' title='bbox 1413 2838 1492 2891; x_wconf 82' lang='lat' dir='ltr'><strong>vel</strong></span> <span class='ocrx_word' id='word_1_311' title='bbox 1536 2840 1699 2905; x_wconf 88' lang='lat' dir='ltr'><strong>impe-</strong></span> 
     </span>
    </p>
   </div>
   <div class='ocr_carea' id='block_1_45' title="bbox 166 2928 1698 2997">
    <p class='ocr_par' dir='ltr' id='par_1_45' title="bbox 166 2928 1698 2997">
     <span class='ocr_line' id='line_1_45' title="bbox 166 2928 1698 2997; baseline 0 -17"><span class='ocrx_word' id='word_1_312' title='bbox 166 2940 374 2980; x_wconf 88' lang='lat' dir='ltr'><strong>ratorem</strong></span> <span class='ocrx_word' id='word_1_313' title='bbox 411 2929 590 2989; x_wconf 88' lang='lat' dir='ltr'><strong>adeat,</strong></span> <span class='ocrx_word' id='word_1_314' title='bbox 621 2928 758 2994; x_wconf 91' lang='lat' dir='ltr'><strong>quod</strong></span> <span class='ocrx_word' id='word_1_315' title='bbox 780 2930 993 2997; x_wconf 89' lang='lat' dir='ltr'><strong>quidem</strong></span> <span class='ocrx_word' id='word_1_316' title='bbox 1015 2930 1508 2983; x_wconf 84' lang='lat' dir='ltr'><strong>connuodissitnum</strong></span> <span class='ocrx_word' id='word_1_317' title='bbox 1540 2929 1698 2992; x_wconf 78' lang='lat' dir='ltr'><strong>foret,</strong></span> 
     </span>
    </p>
   </div>
   <div class='ocr_carea' id='block_1_46' title="bbox 167 3021 1703 3088">
    <p class='ocr_par' dir='ltr' id='par_1_46' title="bbox 167 3021 1703 3088">
     <span class='ocr_line' id='line_1_46' title="bbox 167 3021 1703 3088; baseline 0.001 -15"><span class='ocrx_word' id='word_1_318' title='bbox 167 3037 218 3073; x_wconf 91' lang='lat' dir='ltr'><strong>ac</strong></span> <span class='ocrx_word' id='word_1_319' title='bbox 257 3021 547 3073; x_wconf 80' lang='lat' dir='ltr'><strong>Martiaiaui</strong></span> <span class='ocrx_word' id='word_1_320' title='bbox 589 3021 846 3088; x_wconf 75' lang='lat' dir='ltr'><strong>praeclaro</strong></span> <span class='ocrx_word' id='word_1_321' title='bbox 882 3023 1001 3076; x_wconf 83' lang='lat' dir='ltr'><strong>vitae</strong></span> <span class='ocrx_word' id='word_1_322' title='bbox 1047 3023 1290 3075; x_wconf 74' lang='lat' dir='ltr'><strong>insritnto</strong></span> <span class='ocrx_word' id='word_1_323' title='bbox 1335 3022 1566 3074; x_wconf 77' lang='lat' dir='ltr'><strong>maxime</strong></span> <span class='ocrx_word' id='word_1_324' title='bbox 1617 3022 1703 3074; x_wconf 79' lang='lat' dir='ltr'><strong>de-</strong></span> 
     </span>
    </p>
   </div>
   <div class='ocr_carea' id='block_1_47' title="bbox 166 3110 1701 3180">
    <p class='ocr_par' dir='ltr' id='par_1_47' title="bbox 166 3110 1701 3180">
     <span class='ocr_line' id='line_1_47' title="bbox 166 3110 1701 3180; baseline 0.001 -16"><span class='ocrx_word' id='word_1_325' title='bbox 166 3127 350 3172; x_wconf 85' lang='lat' dir='ltr'><strong>corum,</strong></span> <span class='ocrx_word' id='word_1_326' title='bbox 378 3111 458 3162; x_wconf 82' lang='lat' dir='ltr'><strong>vel</strong></span> <span class='ocrx_word' id='word_1_327' title='bbox 495 3110 709 3175; x_wconf 79' lang='lat' dir='ltr'><strong>saltem,</strong></span> <span class='ocrx_word' id='word_1_328' title='bbox 740 3114 782 3165; x_wconf 93' lang='lat' dir='ltr'><strong>si</strong></span> <span class='ocrx_word' id='word_1_329' title='bbox 830 3113 880 3165; x_wconf 92' lang='lat' dir='ltr'><strong>id</strong></span> <span class='ocrx_word' id='word_1_330' title='bbox 933 3113 980 3166; x_wconf 89' lang='lat' dir='ltr'><strong>ei</strong></span> <span class='ocrx_word' id='word_1_331' title='bbox 1016 3126 1176 3180; x_wconf 82' lang='lat' dir='ltr'><strong>grave</strong></span> <span class='ocrx_word' id='word_1_332' title='bbox 1209 3111 1278 3163; x_wconf 92' lang='lat' dir='ltr'><strong>sit</strong></span> <span class='ocrx_word' id='word_1_333' title='bbox 1325 3119 1435 3163; x_wconf 88' lang='lat' dir='ltr'><strong>tmn</strong></span> <span class='ocrx_word' id='word_1_334' title='bbox 1483 3124 1701 3180; x_wconf 88' lang='lat' dir='ltr'><strong>propter</strong></span> 
     </span>
    </p>
   </div>
   <div class='ocr_carea' id='block_1_48' title="bbox 170 3207 1702 3275">
    <p class='ocr_par' dir='ltr' id='par_1_48' title="bbox 170 3207 1702 3275">
     <span class='ocr_line' id='line_1_48' title="bbox 170 3207 1702 3275; baseline 0 -17"><span class='ocrx_word' id='word_1_335' title='bbox 170 3208 280 3259; x_wconf 74' lang='lat' dir='ltr'><strong>anni</strong></span> <span class='ocrx_word' id='word_1_336' title='bbox 313 3215 707 3274; x_wconf 81' lang='lat' dir='ltr'><strong>tempestatem,</strong></span> <span class='ocrx_word' id='word_1_337' title='bbox 743 3217 849 3260; x_wconf 88' lang='lat' dir='ltr'><strong>tum</strong></span> <span class='ocrx_word' id='word_1_338' title='bbox 875 3218 1091 3275; x_wconf 89' lang='lat' dir='ltr'><strong>propter</strong></span> <span class='ocrx_word' id='word_1_339' title='bbox 1119 3214 1352 3266; x_wconf 80' lang='lat' dir='ltr'><strong>aetatem,</strong></span> <span class='ocrx_word' id='word_1_340' title='bbox 1378 3207 1563 3275; x_wconf 76' lang='lat' dir='ltr'><strong>patriae</strong></span> <span class='ocrx_word' id='word_1_341' title='bbox 1594 3222 1702 3259; x_wconf 82' lang='lat' dir='ltr'><strong>suae</strong></span> 
     </span>
    </p>
   </div>
   <div class='ocr_carea' id='block_1_49' title="bbox 169 3298 1702 3369">
    <p class='ocr_par' dir='ltr' id='par_1_49' title="bbox 169 3298 1702 3369">
     <span class='ocr_line' id='line_1_49' title="bbox 169 3298 1702 3369; baseline 0.001 -19"><span class='ocrx_word' id='word_1_342' title='bbox 169 3298 447 3352; x_wconf 86' lang='lat' dir='ltr'><strong>litterarum</strong></span> <span class='ocrx_word' id='word_1_343' title='bbox 508 3301 818 3369; x_wconf 83' lang='lat' dir='ltr'><strong>praesidium</strong></span> <span class='ocrx_word' id='word_1_344' title='bbox 880 3300 1187 3367; x_wconf 88' lang='lat' dir='ltr'><strong>impertiat,</strong></span> <span class='ocrx_word' id='word_1_345' title='bbox 1242 3314 1303 3352; x_wconf 93' lang='lat' dir='ltr'><strong>ac</strong></span> <span class='ocrx_word' id='word_1_346' title='bbox 1358 3315 1488 3352; x_wconf 79' lang='lat' dir='ltr'><strong>voce</strong></span> <span class='ocrx_word' id='word_1_347' title='bbox 1527 3315 1618 3351; x_wconf 90' lang='lat' dir='ltr'><strong>sua</strong></span> <span class='ocrx_word' id='word_1_348' title='bbox 1650 3309 1702 3352; x_wconf 88' lang='lat' dir='ltr'><strong>et</strong></span> 
     </span>
    </p>
   </div>
   <div class='ocr_carea' id='block_1_50' title="bbox 169 3389 1703 3458">
    <p class='ocr_par' dir='ltr' id='par_1_50' title="bbox 169 3389 1703 3458">
     <span class='ocr_line' id='line_1_50' title="bbox 169 3389 1703 3458; baseline -0.001 -19"><span class='ocrx_word' id='word_1_349' title='bbox 169 3391 291 3456; x_wconf 62' lang='lat' dir='ltr'><strong>iusta</strong></span> <span class='ocrx_word' id='word_1_350' title='bbox 330 3390 410 3443; x_wconf 90' lang='lat' dir='ltr'><strong>illa</strong></span> <span class='ocrx_word' id='word_1_351' title='bbox 443 3391 657 3444; x_wconf 90' lang='lat' dir='ltr'><strong>dicendi</strong></span> <span class='ocrx_word' id='word_1_352' title='bbox 693 3391 961 3456; x_wconf 87' lang='lat' dir='ltr'><strong>libertate,</strong></span> <span class='ocrx_word' id='word_1_353' title='bbox 1014 3406 1170 3458; x_wconf 91' lang='lat' dir='ltr'><strong>quam</strong></span> <span class='ocrx_word' id='word_1_354' title='bbox 1215 3406 1307 3443; x_wconf 90' lang='lat' dir='ltr'><strong>sua</strong></span> <span class='ocrx_word' id='word_1_355' title='bbox 1355 3391 1428 3442; x_wconf 93' lang='lat' dir='ltr'><strong>illi</strong></span> <span class='ocrx_word' id='word_1_356' title='bbox 1461 3391 1566 3440; x_wconf 86' lang='lat' dir='ltr'><strong>vita</strong></span> <span class='ocrx_word' id='word_1_357' title='bbox 1605 3389 1703 3438; x_wconf 87' lang='lat' dir='ltr'><strong>da—</strong></span> 
     </span>
    </p>
   </div>
   <div class='ocr_carea' id='block_1_51' title="bbox 173 3480 1705 3550">
    <p class='ocr_par' dir='ltr' id='par_1_51' title="bbox 173 3480 1705 3550">
     <span class='ocr_line' id='line_1_51' title="bbox 173 3480 1705 3550; baseline 0 -19"><span class='ocrx_word' id='word_1_358' title='bbox 173 3480 268 3542; x_wconf 80' lang='lat' dir='ltr'><strong>bat,</strong></span> <span class='ocrx_word' id='word_1_359' title='bbox 296 3484 540 3535; x_wconf 90' lang='lat' dir='ltr'><strong>omnibus</strong></span> <span class='ocrx_word' id='word_1_360' title='bbox 569 3483 825 3544; x_wconf 85' lang='lat' dir='ltr'><strong>declaret,</strong></span> <span class='ocrx_word' id='word_1_361' title='bbox 855 3491 982 3550; x_wconf 90' lang='lat' dir='ltr'><strong>quot</strong></span> <span class='ocrx_word' id='word_1_362' title='bbox 1012 3491 1065 3534; x_wconf 92' lang='lat' dir='ltr'><strong>et</strong></span> <span class='ocrx_word' id='word_1_363' title='bbox 1098 3493 1294 3549; x_wconf 90' lang='lat' dir='ltr'><strong>quanta</strong></span> <span class='ocrx_word' id='word_1_364' title='bbox 1343 3481 1476 3532; x_wconf 88' lang='lat' dir='ltr'><strong>mala</strong></span> <span class='ocrx_word' id='word_1_365' title='bbox 1504 3495 1568 3532; x_wconf 79' lang='lat' dir='ltr'><strong>ex</strong></span> <span class='ocrx_word' id='word_1_366' title='bbox 1607 3481 1705 3531; x_wconf 92' lang='lat' dir='ltr'><strong>hoc</strong></span> 
     </span>
    </p>
   </div>
   <div class='ocr_carea' id='block_1_52' title="bbox 177 3573 1371 3640">
    <p class='ocr_par' dir='ltr' id='par_1_52' title="bbox 177 3573 1371 3640">
     <span class='ocr_line' id='line_1_52' title="bbox 177 3573 1371 3640; baseline -0.003 -16"><span class='ocrx_word' id='word_1_367' title='bbox 177 3575 445 3625; x_wconf 71' lang='lat' dir='ltr'><strong>dividenda:</strong></span> <span class='ocrx_word' id='word_1_368' title='bbox 481 3575 829 3640; x_wconf 65' lang='lat' dir='ltr'><strong>Cappadociae</strong></span> <span class='ocrx_word' id='word_1_369' title='bbox 852 3573 1075 3625; x_wconf 89' lang='lat' dir='ltr'><strong>consilio</strong></span> <span class='ocrx_word' id='word_1_370' title='bbox 1108 3573 1371 3623; x_wconf 86' lang='lat' dir='ltr'><strong>oriantur.</strong></span> 
     </span>
    </p>
   </div>
   <div class='ocr_carea' id='block_1_53' title="bbox 232 3660 1705 3730">
    <p class='ocr_par' dir='ltr' id='par_1_53' title="bbox 232 3660 1705 3730">
     <span class='ocr_line' id='line_1_53' title="bbox 232 3660 1705 3730; baseline 0.002 -18"><span class='ocrx_word' id='word_1_371' title='bbox 232 3660 388 3715; x_wconf 88' lang='lat' dir='ltr'><strong>Probe</strong></span> <span class='ocrx_word' id='word_1_372' title='bbox 418 3662 631 3715; x_wconf 75' lang='lat' dir='ltr'><strong>videbat</strong></span> <span class='ocrx_word' id='word_1_373' title='bbox 674 3662 900 3714; x_wconf 83' lang='lat' dir='ltr'><strong>Basilius</strong></span> <span class='ocrx_word' id='word_1_374' title='bbox 953 3663 1034 3714; x_wconf 89' lang='lat' dir='ltr'><strong>his</strong></span> <span class='ocrx_word' id='word_1_375' title='bbox 1075 3662 1258 3730; x_wconf 85' lang='lat' dir='ltr'><strong>patriae</strong></span> <span class='ocrx_word' id='word_1_376' title='bbox 1311 3660 1705 3715; x_wconf 83' lang='lat' dir='ltr'><strong>Calamitatibus</strong></span> 
     </span>
    </p>
   </div>
   <div class='ocr_carea' id='block_1_54' title="bbox 178 3752 1699 3820">
    <p class='ocr_par' dir='ltr' id='par_1_54' title="bbox 178 3752 1699 3820">
     <span class='ocr_line' id='line_1_54' title="bbox 178 3752 1699 3820; baseline 0.001 -18"><span class='ocrx_word' id='word_1_377' title='bbox 178 3753 517 3806; x_wconf 73' lang='lat' dir='ltr'><strong>necessitatem</strong></span> <span class='ocrx_word' id='word_1_378' title='bbox 551 3752 650 3804; x_wconf 84' lang='lat' dir='ltr'><strong>sibi</strong></span> <span class='ocrx_word' id='word_1_379' title='bbox 680 3753 874 3820; x_wconf 92' lang='lat' dir='ltr'><strong>imponi</strong></span> <span class='ocrx_word' id='word_1_380' title='bbox 905 3752 954 3804; x_wconf 89' lang='lat' dir='ltr'><strong>in</strong></span> <span class='ocrx_word' id='word_1_381' title='bbox 987 3752 1160 3804; x_wconf 85' lang='lat' dir='ltr'><strong>aulam</strong></span> <span class='ocrx_word' id='word_1_382' title='bbox 1197 3752 1602 3820; x_wconf 81' lang='lat' dir='ltr'><strong>proﬁciscendi,</strong></span> <span class='ocrx_word' id='word_1_383' title='bbox 1639 3767 1699 3803; x_wconf 84' lang='lat' dir='ltr'><strong>ac</strong></span> 
     </span>
    </p>
   </div>
   <div class='ocr_carea' id='block_1_55' title="bbox 178 3842 1699 3910">
    <p class='ocr_par' dir='ltr' id='par_1_55' title="bbox 178 3842 1699 3910">
     <span class='ocr_line' id='line_1_55' title="bbox 178 3842 1699 3910; baseline 0.001 -19"><span class='ocrx_word' id='word_1_384' title='bbox 178 3845 451 3907; x_wconf 83' lang='lat' dir='ltr'><strong>potentibus</strong></span> <span class='ocrx_word' id='word_1_385' title='bbox 483 3844 672 3897; x_wconf 85' lang='lat' dir='ltr'><strong>amicis</strong></span> <span class='ocrx_word' id='word_1_386' title='bbox 696 3843 901 3910; x_wconf 74' lang='lat' dir='ltr'><strong>singula</strong></span> <span class='ocrx_word' id='word_1_387' title='bbox 939 3843 1214 3897; x_wconf 90' lang='lat' dir='ltr'><strong>narrandi.</strong></span> <span class='ocrx_word' id='word_1_388' title='bbox 1252 3842 1356 3895; x_wconf 86' lang='lat' dir='ltr'><strong>Sed</strong></span> <span class='ocrx_word' id='word_1_389' title='bbox 1389 3858 1508 3894; x_wconf 85' lang='lat' dir='ltr'><strong>cum</strong></span> <span class='ocrx_word' id='word_1_390' title='bbox 1553 3843 1699 3894; x_wconf 91' lang='lat' dir='ltr'><strong>illum</strong></span> 
     </span>
    </p>
   </div>
   <div class='ocr_carea' id='block_1_56' title="bbox 179 3933 1702 4000">
    <p class='ocr_par' dir='ltr' id='par_1_56' title="bbox 179 3933 1702 4000">
     <span class='ocr_line' id='line_1_56' title="bbox 179 3933 1702 4000; baseline -0.002 -16"><span class='ocrx_word' id='word_1_391' title='bbox 179 3936 391 4000; x_wconf 79' lang='lat' dir='ltr'><strong>corporis</strong></span> <span class='ocrx_word' id='word_1_392' title='bbox 443 3935 654 3988; x_wconf 85' lang='lat' dir='ltr'><strong>intirma</strong></span> <span class='ocrx_word' id='word_1_393' title='bbox 714 3936 982 3996; x_wconf 88' lang='lat' dir='ltr'><strong>valetudo,</strong></span> <span class='ocrx_word' id='word_1_394' title='bbox 1022 3949 1082 3988; x_wconf 89' lang='lat' dir='ltr'><strong>ac</strong></span> <span class='ocrx_word' id='word_1_395' title='bbox 1154 3933 1517 3986; x_wconf 77' lang='lat' dir='ltr'><strong>Ecclesiarum</strong></span> <span class='ocrx_word' id='word_1_396' title='bbox 1576 3947 1702 3984; x_wconf 89' lang='lat' dir='ltr'><strong>cura</strong></span> 
     </span>
    </p>
   </div>
   <div class='ocr_carea' id='block_1_57' title="bbox 183 4025 1704 4093">
    <p class='ocr_par' dir='ltr' id='par_1_57' title="bbox 183 4025 1704 4093">
     <span class='ocr_line' id='line_1_57' title="bbox 183 4025 1704 4093; baseline -0.001 -15"><span class='ocrx_word' id='word_1_397' title='bbox 183 4028 434 4086; x_wconf 78' lang='lat' dir='ltr'><strong>detineret.</strong></span> <span class='ocrx_word' id='word_1_398' title='bbox 471 4030 660 4082; x_wconf 85' lang='lat' dir='ltr'><strong>scribit</strong></span> <span class='ocrx_word' id='word_1_399' title='bbox 694 4029 757 4080; x_wconf 91' lang='lat' dir='ltr'><strong>ad</strong></span> <span class='ocrx_word' id='word_1_400' title='bbox 812 4028 944 4079; x_wconf 89' lang='lat' dir='ltr'><strong>duos</strong></span> <span class='ocrx_word' id='word_1_401' title='bbox 999 4029 1049 4076; x_wconf 94' lang='lat' dir='ltr'><strong>in</strong></span> <span class='ocrx_word' id='word_1_402' title='bbox 1108 4027 1224 4077; x_wconf 85' lang='lat' dir='ltr'><strong>aula</strong></span> <span class='ocrx_word' id='word_1_403' title='bbox 1260 4036 1503 4093; x_wconf 84' lang='lat' dir='ltr'><strong>potentes</strong></span> <span class='ocrx_word' id='word_1_404' title='bbox 1535 4025 1704 4086; x_wconf 89' lang='lat' dir='ltr'><strong>viros,</strong></span> 
     </span>
    </p>
   </div>
   <div class='ocr_carea' id='block_1_58' title="bbox 182 4114 1702 4187">
    <p class='ocr_par' dir='ltr' id='par_1_58' title="bbox 182 4114 1702 4187">
     <span class='ocr_line' id='line_1_58' title="bbox 182 4114 1702 4187; baseline -0.003 -19"><span class='ocrx_word' id='word_1_405' title='bbox 182 4118 445 4186; x_wconf 66' lang='lat' dir='ltr'><strong>Aburgium</strong></span> <span class='ocrx_word' id='word_1_406' title='bbox 492 4129 545 4169; x_wconf 89' lang='lat' dir='ltr'><strong>et</strong></span> <span class='ocrx_word' id='word_1_407' title='bbox 597 4119 958 4187; x_wconf 79' lang='lat' dir='ltr'><strong>Soplirouium</strong></span> <span class='ocrx_word' id='word_1_408' title='bbox 1007 4114 1318 4180; x_wconf 70' lang='lat' dir='ltr'><strong>Magistrum</strong></span> <span class='ocrx_word' id='word_1_409' title='bbox 1371 4115 1702 4174; x_wconf 79' lang='lat' dir='ltr'><strong>oiliciorum;</strong></span> 
     </span>
    </p>
   </div>
   <div class='ocr_carea' id='block_1_59' title="bbox 184 4206 1708 4275">
    <p class='ocr_par' dir='ltr' id='par_1_59' title="bbox 184 4206 1708 4275">
     <span class='ocr_line' id='line_1_59' title="bbox 184 4206 1708 4275; baseline -0.002 -16"><span class='ocrx_word' id='word_1_410' title='bbox 184 4221 355 4275; x_wconf 79' lang='lat' dir='ltr'><strong>eosque</strong></span> <span class='ocrx_word' id='word_1_411' title='bbox 409 4209 732 4273; x_wconf 86' lang='lat' dir='ltr'><strong>obtestatur,</strong></span> <span class='ocrx_word' id='word_1_412' title='bbox 792 4218 846 4261; x_wconf 91' lang='lat' dir='ltr'><strong>ut</strong></span> <span class='ocrx_word' id='word_1_413' title='bbox 900 4207 1166 4260; x_wconf 87' lang='lat' dir='ltr'><strong>communi</strong></span> <span class='ocrx_word' id='word_1_414' title='bbox 1228 4206 1413 4267; x_wconf 78' lang='lat' dir='ltr'><strong>patriae</strong></span> <span class='ocrx_word' id='word_1_415' title='bbox 1464 4210 1708 4274; x_wconf 90' lang='lat' dir='ltr'><strong>(uterque</strong></span> 
     </span>
    </p>
   </div>
   <div class='ocr_carea' id='block_1_60' title="bbox 184 4295 1711 4369">
    <p class='ocr_par' dir='ltr' id='par_1_60' title="bbox 184 4295 1711 4369">
     <span class='ocr_line' id='line_1_60' title="bbox 184 4295 1711 4369; baseline -0.001 -20"><span class='ocrx_word' id='word_1_416' title='bbox 184 4301 299 4352; x_wconf 86' lang='lat' dir='ltr'><strong>enim</strong></span> <span class='ocrx_word' id='word_1_417' title='bbox 355 4299 639 4369; x_wconf 65' lang='lat' dir='ltr'><strong>Carpadox</strong></span> <span class='ocrx_word' id='word_1_418' title='bbox 701 4299 835 4367; x_wconf 83' lang='lat' dir='ltr'><strong>erat)</strong></span> <span class='ocrx_word' id='word_1_419' title='bbox 901 4299 1205 4352; x_wconf 82' lang='lat' dir='ltr'><strong>tristissimo</strong></span> <span class='ocrx_word' id='word_1_420' title='bbox 1257 4295 1421 4348; x_wconf 70' lang='lat' dir='ltr'><strong>exitio</strong></span> <span class='ocrx_word' id='word_1_421' title='bbox 1469 4295 1711 4364; x_wconf 75' lang='lat' dir='ltr'><strong>t-ollapsac</strong></span> 
     </span>
    </p>
   </div>
   <div class='ocr_carea' id='block_1_61' title="bbox 184 4393 540 4456">
    <p class='ocr_par' dir='ltr' id='par_1_61' title="bbox 184 4393 540 4456">
     <span class='ocr_line' id='line_1_61' title="bbox 184 4393 540 4456; baseline 0.011 -18"><span class='ocrx_word' id='word_1_422' title='bbox 184 4406 311 4456; x_wconf 81' lang='lat' dir='ltr'><strong>opem</strong></span> <span class='ocrx_word' id='word_1_423' title='bbox 349 4393 540 4445; x_wconf 81' lang='lat' dir='ltr'><strong>ferant.</strong></span> 
     </span>
    </p>
   </div>
   <div class='ocr_carea' id='block_1_62' title="bbox 1791 1937 3351 2000">
    <p class='ocr_par' dir='ltr' id='par_1_62' title="bbox 1791 1937 3351 2000">
     <span class='ocr_line' id='line_1_62' title="bbox 1791 1937 3351 2000; baseline 0.008 -18"><span class='ocrx_word' id='word_1_424' title='bbox 1791 1945 1910 1982; x_wconf 85' lang='lat' dir='ltr'><strong>cum</strong></span> <span class='ocrx_word' id='word_1_425' title='bbox 1942 1943 2004 1984; x_wconf 88' lang='lat' dir='ltr'><strong>eo</strong></span> <span class='ocrx_word' id='word_1_426' title='bbox 2035 1941 2213 1984; x_wconf 78' lang='lat' dir='ltr'><strong>tantas</strong></span> <span class='ocrx_word' id='word_1_427' title='bbox 2246 1949 2402 1986; x_wconf 70' lang='lat' dir='ltr'><strong>cura:</strong></span> <span class='ocrx_word' id='word_1_428' title='bbox 2449 1937 2662 2000; x_wconf 78' lang='lat' dir='ltr'><strong>partiri.</strong></span> <span class='ocrx_word' id='word_1_429' title='bbox 2694 1937 2897 2000; x_wconf 87' lang='lat' dir='ltr'><strong>Quibus</strong></span> <span class='ocrx_word' id='word_1_430' title='bbox 2941 1940 3119 1993; x_wconf 90' lang='lat' dir='ltr'><strong>verbis</strong></span> <span class='ocrx_word' id='word_1_431' title='bbox 3149 1941 3351 1994; x_wconf 89' lang='lat' dir='ltr'><strong>indica-</strong></span> 
     </span>
    </p>
   </div>
   <div class='ocr_carea' id='block_1_63' title="bbox 1793 2022 3351 2098">
    <p class='ocr_par' dir='ltr' id='par_1_63' title="bbox 1793 2022 3351 2098">
     <span class='ocr_line' id='line_1_63' title="bbox 1793 2022 3351 2098; baseline 0.008 -25"><span class='ocrx_word' id='word_1_432' title='bbox 1793 2031 1878 2073; x_wconf 91' lang='lat' dir='ltr'><strong>tur</strong></span> <span class='ocrx_word' id='word_1_433' title='bbox 1909 2022 2252 2089; x_wconf 80' lang='lat' dir='ltr'><strong>gravissimas</strong></span> <span class='ocrx_word' id='word_1_434' title='bbox 2308 2027 2568 2092; x_wconf 86' lang='lat' dir='ltr'><strong>quasdam</strong></span> <span class='ocrx_word' id='word_1_435' title='bbox 2613 2043 2676 2079; x_wconf 88' lang='lat' dir='ltr'><strong>ac</strong></span> <span class='ocrx_word' id='word_1_436' title='bbox 2734 2030 2955 2084; x_wconf 90' lang='lat' dir='ltr'><strong>minime</strong></span> <span class='ocrx_word' id='word_1_437' title='bbox 3006 2032 3351 2098; x_wconf 84' lang='lat' dir='ltr'><strong>quotidianas</strong></span> 
     </span>
    </p>
   </div>
   <div class='ocr_carea' id='block_1_64' title="bbox 1793 2113 3351 2194">
    <p class='ocr_par' dir='ltr' id='par_1_64' title="bbox 1793 2113 3351 2194">
     <span class='ocr_line' id='line_1_64' title="bbox 1793 2113 3351 2194; baseline 0.009 -30"><span class='ocrx_word' id='word_1_438' title='bbox 1793 2113 2127 2167; x_wconf 83' lang='lat' dir='ltr'><strong>diiiicultates</strong></span> <span class='ocrx_word' id='word_1_439' title='bbox 2147 2117 2355 2182; x_wconf 77' lang='lat' dir='ltr'><strong>praesidi</strong></span> <span class='ocrx_word' id='word_1_440' title='bbox 2384 2117 2654 2172; x_wconf 90' lang='lat' dir='ltr'><strong>incidisse.</strong></span> <span class='ocrx_word' id='word_1_441' title='bbox 2683 2120 2952 2174; x_wconf 78' lang='lat' dir='ltr'><strong>Praeterea</strong></span> <span class='ocrx_word' id='word_1_442' title='bbox 2983 2139 3104 2176; x_wconf 89' lang='lat' dir='ltr'><strong>cum</strong></span> <span class='ocrx_word' id='word_1_443' title='bbox 3141 2125 3351 2194; x_wconf 82' lang='lat' dir='ltr'><strong>Cappa-</strong></span> 
     </span>
    </p>
   </div>
   <div class='ocr_carea' id='block_1_65' title="bbox 1795 2202 3353 2279">
    <p class='ocr_par' dir='ltr' id='par_1_65' title="bbox 1795 2202 3353 2279">
     <span class='ocr_line' id='line_1_65' title="bbox 1795 2202 3353 2279; baseline 0.011 -27"><span class='ocrx_word' id='word_1_444' title='bbox 1795 2202 1964 2256; x_wconf 72' lang='lat' dir='ltr'><strong>docia:</strong></span> <span class='ocrx_word' id='word_1_445' title='bbox 2001 2203 2268 2258; x_wconf 84' lang='lat' dir='ltr'><strong>divisione</strong></span> <span class='ocrx_word' id='word_1_446' title='bbox 2299 2208 2500 2273; x_wconf 86' lang='lat' dir='ltr'><strong>optime</strong></span> <span class='ocrx_word' id='word_1_447' title='bbox 2522 2222 2822 2276; x_wconf 79' lang='lat' dir='ltr'><strong>congruunt</strong></span> <span class='ocrx_word' id='word_1_448' title='bbox 2847 2223 2894 2264; x_wconf 88' lang='lat' dir='ltr'><strong>et</strong></span> <span class='ocrx_word' id='word_1_449' title='bbox 2935 2223 3143 2279; x_wconf 83' lang='lat' dir='ltr'><strong>tempus</strong></span> <span class='ocrx_word' id='word_1_450' title='bbox 3173 2203 3353 2268; x_wconf 44' lang='lat' dir='ltr'><strong>hiber;</strong></span> 
     </span>
    </p>
   </div>
   <div class='ocr_carea' id='block_1_66' title="bbox 1800 2293 3354 2373">
    <p class='ocr_par' dir='ltr' id='par_1_66' title="bbox 1800 2293 3354 2373">
     <span class='ocr_line' id='line_1_66' title="bbox 1800 2293 3354 2373; baseline 0.008 -29"><span class='ocrx_word' id='word_1_451' title='bbox 1800 2307 1947 2356; x_wconf 90' lang='lat' dir='ltr'><strong>num,</strong></span> <span class='ocrx_word' id='word_1_452' title='bbox 1990 2308 2096 2360; x_wconf 87' lang='lat' dir='ltr'><strong>quo</strong></span> <span class='ocrx_word' id='word_1_453' title='bbox 2116 2293 2226 2345; x_wconf 78' lang='lat' dir='ltr'><strong>haec</strong></span> <span class='ocrx_word' id='word_1_454' title='bbox 2257 2297 2459 2364; x_wconf 89' lang='lat' dir='ltr'><strong>scripta</strong></span> <span class='ocrx_word' id='word_1_455' title='bbox 2493 2307 2574 2350; x_wconf 91' lang='lat' dir='ltr'><strong>est</strong></span> <span class='ocrx_word' id='word_1_456' title='bbox 2608 2301 2927 2366; x_wconf 84' lang='lat' dir='ltr'><strong>epistola,et</strong></span> <span class='ocrx_word' id='word_1_457' title='bbox 2961 2319 3080 2368; x_wconf 66' lang='lat' dir='ltr'><strong>qua:</strong></span> <span class='ocrx_word' id='word_1_458' title='bbox 3109 2304 3354 2373; x_wconf 83' lang='lat' dir='ltr'><strong>leguntur</strong></span> 
     </span>
    </p>
   </div>
   <div class='ocr_carea' id='block_1_67' title="bbox 1797 2381 3351 2449">
    <p class='ocr_par' dir='ltr' id='par_1_67' title="bbox 1797 2381 3351 2449">
     <span class='ocr_line' id='line_1_67' title="bbox 1797 2381 3351 2449; baseline 0.01 -15"><span class='ocrx_word' id='word_1_459' title='bbox 1797 2382 1849 2435; x_wconf 92' lang='lat' dir='ltr'><strong>in</strong></span> <span class='ocrx_word' id='word_1_460' title='bbox 1878 2385 2000 2437; x_wconf 90' lang='lat' dir='ltr'><strong>line.</strong></span> <span class='ocrx_word' id='word_1_461' title='bbox 2057 2381 2185 2436; x_wconf 85' lang='lat' dir='ltr'><strong>Nam</strong></span> <span class='ocrx_word' id='word_1_462' title='bbox 2219 2401 2339 2438; x_wconf 90' lang='lat' dir='ltr'><strong>cum</strong></span> <span class='ocrx_word' id='word_1_463' title='bbox 2377 2389 2541 2440; x_wconf 89' lang='lat' dir='ltr'><strong>multa</strong></span> <span class='ocrx_word' id='word_1_464' title='bbox 2597 2391 2824 2444; x_wconf 74' lang='lat' dir='ltr'><strong>Basilius</strong></span> <span class='ocrx_word' id='word_1_465' title='bbox 2858 2393 3081 2448; x_wconf 89' lang='lat' dir='ltr'><strong>haberet</strong></span> <span class='ocrx_word' id='word_1_466' title='bbox 3129 2397 3351 2449; x_wconf 89' lang='lat' dir='ltr'><strong>dicenda</strong></span> 
     </span>
    </p>
   </div>
   <div class='ocr_carea' id='block_1_68' title="bbox 1798 2474 3352 2548">
    <p class='ocr_par' dir='ltr' id='par_1_68' title="bbox 1798 2474 3352 2548">
     <span class='ocr_line' id='line_1_68' title="bbox 1798 2474 3352 2548; baseline 0.006 -21"><span class='ocrx_word' id='word_1_467' title='bbox 1798 2474 1940 2528; x_wconf 88' lang='lat' dir='ltr'><strong>etde</strong></span> <span class='ocrx_word' id='word_1_468' title='bbox 1978 2476 2179 2539; x_wconf 90' lang='lat' dir='ltr'><strong>multis,</strong></span> <span class='ocrx_word' id='word_1_469' title='bbox 2218 2491 2278 2529; x_wconf 88' lang='lat' dir='ltr'><strong>ea</strong></span> <span class='ocrx_word' id='word_1_470' title='bbox 2309 2477 2359 2530; x_wconf 92' lang='lat' dir='ltr'><strong>in</strong></span> <span class='ocrx_word' id='word_1_471' title='bbox 2394 2494 2742 2548; x_wconf 68' lang='lat' dir='ltr'><strong>congressum</strong></span> <span class='ocrx_word' id='word_1_472' title='bbox 2773 2482 3002 2548; x_wconf 78' lang='lat' dir='ltr'><strong>distniit,</strong></span> <span class='ocrx_word' id='word_1_473' title='bbox 3040 2501 3144 2539; x_wconf 90' lang='lat' dir='ltr'><strong>non</strong></span> <span class='ocrx_word' id='word_1_474' title='bbox 3181 2495 3352 2540; x_wconf 92' lang='lat' dir='ltr'><strong>tutum</strong></span> 
     </span>
    </p>
   </div>
   <div class='ocr_carea' id='block_1_69' title="bbox 1799 2567 3354 2643">
    <p class='ocr_par' dir='ltr' id='par_1_69' title="bbox 1799 2567 3354 2643">
     <span class='ocr_line' id='line_1_69' title="bbox 1799 2567 3354 2643; baseline 0.007 -23"><span class='ocrx_word' id='word_1_475' title='bbox 1799 2581 1919 2620; x_wconf 91' lang='lat' dir='ltr'><strong>esse</strong></span> <span class='ocrx_word' id='word_1_476' title='bbox 1973 2567 2289 2622; x_wconf 73' lang='lat' dir='ltr'><strong>existimans</strong></span> <span class='ocrx_word' id='word_1_477' title='bbox 2338 2570 2577 2638; x_wconf 86' lang='lat' dir='ltr'><strong>epistolis</strong></span> <span class='ocrx_word' id='word_1_478' title='bbox 2625 2588 2711 2627; x_wconf 90' lang='lat' dir='ltr'><strong>res</strong></span> <span class='ocrx_word' id='word_1_479' title='bbox 2771 2576 3036 2643; x_wconf 74' lang='lat' dir='ltr'><strong>ejusmodi</strong></span> <span class='ocrx_word' id='word_1_480' title='bbox 3097 2579 3354 2631; x_wconf 83' lang='lat' dir='ltr'><strong>commit-</strong></span> 
     </span>
    </p>
   </div>
   <div class='ocr_carea' id='block_1_70' title="bbox 1801 2668 1931 2712">
    <p class='ocr_par' dir='ltr' id='par_1_70' title="bbox 1801 2668 1931 2712">
     <span class='ocr_line' id='line_1_70' title="bbox 1801 2668 1931 2712; baseline 0.023 -3"><span class='ocrx_word' id='word_1_481' title='bbox 1801 2668 1931 2712; x_wconf 88' lang='lat' dir='ltr'><strong>tere.</strong></span> 
     </span>
    </p>
   </div>
   <div class='ocr_carea' id='block_1_71' title="bbox 1871 2749 3358 2826">
    <p class='ocr_par' dir='ltr' id='par_1_71' title="bbox 1871 2749 3358 2826">
     <span class='ocr_line' id='line_1_71' title="bbox 1871 2749 3358 2826; baseline 0.012 -30"><span class='ocrx_word' id='word_1_482' title='bbox 1871 2749 1996 2812; x_wconf 71' lang='lat' dir='ltr'><strong>Quae</strong></span> <span class='ocrx_word' id='word_1_483' title='bbox 2030 2749 2080 2800; x_wconf 92' lang='lat' dir='ltr'><strong>iu</strong></span> <span class='ocrx_word' id='word_1_484' title='bbox 2116 2749 2214 2801; x_wconf 88' lang='lat' dir='ltr'><strong>hac</strong></span> <span class='ocrx_word' id='word_1_485' title='bbox 2240 2753 2461 2818; x_wconf 88' lang='lat' dir='ltr'><strong>epistola</strong></span> <span class='ocrx_word' id='word_1_486' title='bbox 2503 2755 2567 2806; x_wconf 91' lang='lat' dir='ltr'><strong>de</strong></span> <span class='ocrx_word' id='word_1_487' title='bbox 2602 2756 2981 2811; x_wconf 88' lang='lat' dir='ltr'><strong>communibus</strong></span> <span class='ocrx_word' id='word_1_488' title='bbox 3009 2759 3358 2826; x_wconf 72' lang='lat' dir='ltr'><strong>Cappadociae</strong></span> 
     </span>
    </p>
   </div>
   <div class='ocr_carea' id='block_1_72' title="bbox 1801 2838 3360 2904">
    <p class='ocr_par' dir='ltr' id='par_1_72' title="bbox 1801 2838 3360 2904">
     <span class='ocr_line' id='line_1_72' title="bbox 1801 2838 3360 2904; baseline 0.009 -15"><span class='ocrx_word' id='word_1_489' title='bbox 1801 2838 2059 2890; x_wconf 89' lang='lat' dir='ltr'><strong>molestiis</strong></span> <span class='ocrx_word' id='word_1_490' title='bbox 2089 2840 2417 2903; x_wconf 88' lang='lat' dir='ltr'><strong>iudicantur,</strong></span> <span class='ocrx_word' id='word_1_491' title='bbox 2454 2859 2515 2896; x_wconf 89' lang='lat' dir='ltr'><strong>ea</strong></span> <span class='ocrx_word' id='word_1_492' title='bbox 2553 2847 2729 2899; x_wconf 91' lang='lat' dir='ltr'><strong>minus</strong></span> <span class='ocrx_word' id='word_1_493' title='bbox 2765 2851 3043 2902; x_wconf 89' lang='lat' dir='ltr'><strong>commode</strong></span> <span class='ocrx_word' id='word_1_494' title='bbox 3075 2848 3360 2904; x_wconf 65' lang='lat' dir='ltr'><strong>Tillemonu</strong></span> 
     </span>
    </p>
   </div>
   <div class='ocr_carea' id='block_1_73' title="bbox 1803 2929 3356 3009">
    <p class='ocr_par' dir='ltr' id='par_1_73' title="bbox 1803 2929 3356 3009">
     <span class='ocr_line' id='line_1_73' title="bbox 1803 2929 3356 3009; baseline 0.01 -30"><span class='ocrx_word' id='word_1_495' title='bbox 1803 2929 1906 2981; x_wconf 89' lang='lat' dir='ltr'><strong>tius</strong></span> <span class='ocrx_word' id='word_1_496' title='bbox 1945 2931 2010 2983; x_wconf 90' lang='lat' dir='ltr'><strong>de</strong></span> <span class='ocrx_word' id='word_1_497' title='bbox 2058 2933 2290 2999; x_wconf 90' lang='lat' dir='ltr'><strong>propriis</strong></span> <span class='ocrx_word' id='word_1_498' title='bbox 2347 2934 2594 2989; x_wconf 87' lang='lat' dir='ltr'><strong>Therasii</strong></span> <span class='ocrx_word' id='word_1_499' title='bbox 2655 2940 2886 3007; x_wconf 85' lang='lat' dir='ltr'><strong>negotiis</strong></span> <span class='ocrx_word' id='word_1_500' title='bbox 2943 2941 3356 3009; x_wconf 72' lang='lat' dir='ltr'><strong>interpretatur,</strong></span> 
     </span>
    </p>
   </div>
   <div class='ocr_carea' id='block_1_74' title="bbox 1803 3022 3359 3092">
    <p class='ocr_par' dir='ltr' id='par_1_74' title="bbox 1803 3022 3359 3092">
     <span class='ocr_line' id='line_1_74' title="bbox 1803 3022 3359 3092; baseline 0.01 -21"><span class='ocrx_word' id='word_1_501' title='bbox 1803 3034 1960 3086; x_wconf 85' lang='lat' dir='ltr'><strong>quem</strong></span> <span class='ocrx_word' id='word_1_502' title='bbox 2001 3030 2053 3074; x_wconf 88' lang='lat' dir='ltr'><strong>et</strong></span> <span class='ocrx_word' id='word_1_503' title='bbox 2083 3022 2401 3089; x_wconf 82' lang='lat' dir='ltr'><strong>praefectura</strong></span> <span class='ocrx_word' id='word_1_504' title='bbox 2453 3026 2739 3092; x_wconf 82' lang='lat' dir='ltr'><strong>dejectum,</strong></span> <span class='ocrx_word' id='word_1_505' title='bbox 2787 3045 2909 3082; x_wconf 91' lang='lat' dir='ltr'><strong>cum</strong></span> <span class='ocrx_word' id='word_1_506' title='bbox 2944 3031 3055 3084; x_wconf 68' lang='lat' dir='ltr'><strong>haec</strong></span> <span class='ocrx_word' id='word_1_507' title='bbox 3097 3035 3359 3086; x_wconf 89' lang='lat' dir='ltr'><strong>scribere-</strong></span> 
     </span>
    </p>
   </div>
   <div class='ocr_carea' id='block_1_75' title="bbox 1807 3113 3358 3190">
    <p class='ocr_par' dir='ltr' id='par_1_75' title="bbox 1807 3113 3358 3190">
     <span class='ocr_line' id='line_1_75' title="bbox 1807 3113 3358 3190; baseline 0.008 -28"><span class='ocrx_word' id='word_1_508' title='bbox 1807 3119 1892 3162; x_wconf 93' lang='lat' dir='ltr'><strong>tur</strong></span> <span class='ocrx_word' id='word_1_509' title='bbox 1919 3113 2164 3176; x_wconf 88' lang='lat' dir='ltr'><strong>epistola,</strong></span> <span class='ocrx_word' id='word_1_510' title='bbox 2197 3123 2251 3165; x_wconf 91' lang='lat' dir='ltr'><strong>et</strong></span> <span class='ocrx_word' id='word_1_511' title='bbox 2282 3114 2333 3166; x_wconf 92' lang='lat' dir='ltr'><strong>in</strong></span> <span class='ocrx_word' id='word_1_512' title='bbox 2382 3115 2646 3182; x_wconf 81' lang='lat' dir='ltr'><strong>judicium</strong></span> <span class='ocrx_word' id='word_1_513' title='bbox 2697 3129 2942 3173; x_wconf 90' lang='lat' dir='ltr'><strong>vocatum</strong></span> <span class='ocrx_word' id='word_1_514' title='bbox 2996 3122 3160 3174; x_wconf 81' lang='lat' dir='ltr'><strong>fuisse</strong></span> <span class='ocrx_word' id='word_1_515' title='bbox 3188 3134 3358 3190; x_wconf 89' lang='lat' dir='ltr'><strong>putat.</strong></span> 
     </span>
    </p>
   </div>
   <div class='ocr_carea' id='block_1_76' title="bbox 1811 3201 3360 3279">
    <p class='ocr_par' dir='ltr' id='par_1_76' title="bbox 1811 3201 3360 3279">
     <span class='ocr_line' id='line_1_76' title="bbox 1811 3201 3360 3279; baseline 0.013 -35"><span class='ocrx_word' id='word_1_516' title='bbox 1811 3201 1957 3255; x_wconf 78' lang='lat' dir='ltr'><strong>unde</strong></span> <span class='ocrx_word' id='word_1_517' title='bbox 1989 3204 2149 3255; x_wconf 77' lang='lat' dir='ltr'><strong>etiam</strong></span> <span class='ocrx_word' id='word_1_518' title='bbox 2191 3203 2332 3256; x_wconf 88' lang='lat' dir='ltr'><strong>illius</strong></span> <span class='ocrx_word' id='word_1_519' title='bbox 2359 3208 2719 3272; x_wconf 83' lang='lat' dir='ltr'><strong>patrocinium</strong></span> <span class='ocrx_word' id='word_1_520' title='bbox 2747 3224 2774 3260; x_wconf 92' lang='lat' dir='ltr'><strong>a</strong></span> <span class='ocrx_word' id='word_1_521' title='bbox 2803 3209 2997 3260; x_wconf 90' lang='lat' dir='ltr'><strong>Basilio</strong></span> <span class='ocrx_word' id='word_1_522' title='bbox 3039 3211 3089 3261; x_wconf 92' lang='lat' dir='ltr'><strong>in</strong></span> <span class='ocrx_word' id='word_1_523' title='bbox 3136 3213 3360 3279; x_wconf 86' lang='lat' dir='ltr'><strong>epistola</strong></span> 
     </span>
    </p>
   </div>
   <div class='ocr_carea' id='block_1_77' title="bbox 1805 3291 3360 3362">
    <p class='ocr_par' dir='ltr' id='par_1_77' title="bbox 1805 3291 3360 3362">
     <span class='ocr_line' id='line_1_77' title="bbox 1805 3291 3360 3362; baseline 0.005 -18"><span class='ocrx_word' id='word_1_524' title='bbox 1805 3291 1872 3344; x_wconf 83' lang='lat'><strong>96</strong></span> <span class='ocrx_word' id='word_1_525' title='bbox 1897 3293 2092 3358; x_wconf 88' lang='lat' dir='ltr'><strong>suscipi</strong></span> <span class='ocrx_word' id='word_1_526' title='bbox 2126 3292 2421 3345; x_wconf 82' lang='lat' dir='ltr'><strong>existimat.</strong></span> <span class='ocrx_word' id='word_1_527' title='bbox 2451 3293 2554 3348; x_wconf 90' lang='lat' dir='ltr'><strong>Sed</strong></span> <span class='ocrx_word' id='word_1_528' title='bbox 2586 3295 2779 3362; x_wconf 82' lang='lat' dir='ltr'><strong>Eliam,</strong></span> <span class='ocrx_word' id='word_1_529' title='bbox 2807 3312 2910 3351; x_wconf 93' lang='lat' dir='ltr'><strong>nou</strong></span> <span class='ocrx_word' id='word_1_530' title='bbox 2948 3298 3266 3353; x_wconf 86' lang='lat' dir='ltr'><strong>Therasium</strong></span> <span class='ocrx_word' id='word_1_531' title='bbox 3310 3303 3360 3353; x_wconf 91' lang='lat' dir='ltr'><strong>in</strong></span> 
     </span>
    </p>
   </div>
   <div class='ocr_carea' id='block_1_78' title="bbox 1806 3383 3370 3450">
    <p class='ocr_par' dir='ltr' id='par_1_78' title="bbox 1806 3383 3370 3450">
     <span class='ocr_line' id='line_1_78' title="bbox 1806 3383 3370 3450; baseline 0.004 -13"><span class='ocrx_word' id='word_1_532' title='bbox 1806 3383 1894 3436; x_wconf 90' lang='lat' dir='ltr'><strong>illa</strong></span> <span class='ocrx_word' id='word_1_533' title='bbox 1920 3384 2144 3450; x_wconf 88' lang='lat' dir='ltr'><strong>epistola</strong></span> <span class='ocrx_word' id='word_1_534' title='bbox 2172 3384 2240 3438; x_wconf 83' lang='lat'><strong>96</strong></span> <span class='ocrx_word' id='word_1_535' title='bbox 2270 3388 2637 3440; x_wconf 89' lang='lat' dir='ltr'><strong>commendari</strong></span> <span class='ocrx_word' id='word_1_536' title='bbox 2684 3387 2822 3440; x_wconf 81' lang='lat' dir='ltr'><strong>infra</strong></span> <span class='ocrx_word' id='word_1_537' title='bbox 2859 3388 3176 3441; x_wconf 80' lang='lat' dir='ltr'><strong>videbimus.</strong></span> <span class='ocrx_word' id='word_1_538' title='bbox 3214 3390 3370 3443; x_wconf 65' lang='lat' dir='ltr'><strong>Nilne-</strong></span> 
     </span>
    </p>
   </div>
   <div class='ocr_carea' id='block_1_79' title="bbox 1805 3477 3364 3546">
    <p class='ocr_par' dir='ltr' id='par_1_79' title="bbox 1805 3477 3364 3546">
     <span class='ocr_line' id='line_1_79' title="bbox 1805 3477 3364 3546; baseline 0.004 -19"><span class='ocrx_word' id='word_1_539' title='bbox 1805 3486 1984 3527; x_wconf 83' lang='lat' dir='ltr'><strong>autem</strong></span> <span class='ocrx_word' id='word_1_540' title='bbox 2017 3477 2150 3529; x_wconf 88' lang='lat' dir='ltr'><strong>satis</strong></span> <span class='ocrx_word' id='word_1_541' title='bbox 2173 3487 2252 3531; x_wconf 90' lang='lat' dir='ltr'><strong>est</strong></span> <span class='ocrx_word' id='word_1_542' title='bbox 2286 3479 2576 3531; x_wconf 88' lang='lat' dir='ltr'><strong>observare</strong></span> <span class='ocrx_word' id='word_1_543' title='bbox 2611 3493 2946 3546; x_wconf 89' lang='lat' dir='ltr'><strong>nequaquam</strong></span> <span class='ocrx_word' id='word_1_544' title='bbox 2983 3480 3190 3546; x_wconf 54' lang='lat' dir='ltr'><strong>praesidi</strong></span> <span class='ocrx_word' id='word_1_545' title='bbox 3217 3484 3364 3534; x_wconf 85' lang='lat' dir='ltr'><strong>abro-</strong></span> 
     </span>
    </p>
   </div>
   <div class='ocr_carea' id='block_1_80' title="bbox 1806 3569 3365 3641">
    <p class='ocr_par' dir='ltr' id='par_1_80' title="bbox 1806 3569 3365 3641">
     <span class='ocr_line' id='line_1_80' title="bbox 1806 3569 3365 3641; baseline 0.004 -23"><span class='ocrx_word' id='word_1_546' title='bbox 1806 3578 1983 3634; x_wconf 75' lang='lat' dir='ltr'><strong>gatum</strong></span> <span class='ocrx_word' id='word_1_547' title='bbox 2015 3569 2178 3621; x_wconf 80' lang='lat' dir='ltr'><strong>fuisse</strong></span> <span class='ocrx_word' id='word_1_548' title='bbox 2208 3571 2605 3636; x_wconf 69' lang='lat' dir='ltr'><strong>prmfecturam,</strong></span> <span class='ocrx_word' id='word_1_549' title='bbox 2638 3587 2758 3622; x_wconf 91' lang='lat' dir='ltr'><strong>cum</strong></span> <span class='ocrx_word' id='word_1_550' title='bbox 2805 3569 3034 3624; x_wconf 83' lang='lat' dir='ltr'><strong>Basilius</strong></span> <span class='ocrx_word' id='word_1_551' title='bbox 3075 3574 3210 3626; x_wconf 88' lang='lat' dir='ltr'><strong>hanc</strong></span> <span class='ocrx_word' id='word_1_552' title='bbox 3250 3577 3365 3641; x_wconf 56' lang='lat' dir='ltr'><strong>epiv</strong></span> 
     </span>
    </p>
   </div>
   <div class='ocr_carea' id='block_1_81' title="bbox 1808 3659 3368 3723">
    <p class='ocr_par' dir='ltr' id='par_1_81' title="bbox 1808 3659 3368 3723">
     <span class='ocr_line' id='line_1_81' title="bbox 1808 3659 3368 3723; baseline 0.003 -13"><span class='ocrx_word' id='word_1_553' title='bbox 1808 3659 2003 3711; x_wconf 88' lang='lat' dir='ltr'><strong>stolam</strong></span> <span class='ocrx_word' id='word_1_554' title='bbox 2034 3659 2096 3710; x_wconf 80' lang='grc' dir='ltr'><strong>’Π</strong></span> <span class='ocrx_word' id='word_1_555' title='bbox 2135 3660 2413 3712; x_wconf 87' lang='lat' dir='ltr'><strong>scriberet.</strong></span> <span class='ocrx_word' id='word_1_556' title='bbox 2447 3659 2702 3712; x_wconf 86' lang='lat' dir='ltr'><strong>Hortatur</strong></span> <span class='ocrx_word' id='word_1_557' title='bbox 2736 3659 2876 3711; x_wconf 86' lang='lat' dir='ltr'><strong>enim</strong></span> <span class='ocrx_word' id='word_1_558' title='bbox 2927 3675 3274 3723; x_wconf 89' lang='lat' dir='ltr'><strong>assessorem,</strong></span> <span class='ocrx_word' id='word_1_559' title='bbox 3311 3672 3368 3714; x_wconf 92' lang='lat' dir='ltr'><strong>nt</strong></span> 
     </span>
    </p>
   </div>
   <div class='ocr_carea' id='block_1_82' title="bbox 1817 3754 3370 3821">
    <p class='ocr_par' dir='ltr' id='par_1_82' title="bbox 1817 3754 3370 3821">
     <span class='ocr_line' id='line_1_82' title="bbox 1817 3754 3370 3821; baseline -0.001 -15"><span class='ocrx_word' id='word_1_560' title='bbox 1817 3754 2225 3807; x_wconf 87' lang='lat' dir='ltr'><strong>cumTherasio</strong></span> <span class='ocrx_word' id='word_1_561' title='bbox 2281 3764 2459 3808; x_wconf 90' lang='lat' dir='ltr'><strong>tantas</strong></span> <span class='ocrx_word' id='word_1_562' title='bbox 2512 3767 2672 3807; x_wconf 87' lang='lat' dir='ltr'><strong>curas</strong></span> <span class='ocrx_word' id='word_1_563' title='bbox 2721 3755 3001 3821; x_wconf 90' lang='lat' dir='ltr'><strong>partiatur,</strong></span> <span class='ocrx_word' id='word_1_564' title='bbox 3048 3770 3110 3807; x_wconf 87' lang='lat' dir='ltr'><strong>ac</strong></span> <span class='ocrx_word' id='word_1_565' title='bbox 3143 3754 3370 3808; x_wconf 83' lang='lat' dir='ltr'><strong>libenter</strong></span> 
     </span>
    </p>
   </div>
   <div class='ocr_carea' id='block_1_83' title="bbox 1814 3846 3370 3914">
    <p class='ocr_par' dir='ltr' id='par_1_83' title="bbox 1814 3846 3370 3914">
     <span class='ocr_line' id='line_1_83' title="bbox 1814 3846 3370 3914; baseline 0 -16"><span class='ocrx_word' id='word_1_566' title='bbox 1814 3846 2075 3914; x_wconf 86' lang='lat' dir='ltr'><strong>ejusmodi</strong></span> <span class='ocrx_word' id='word_1_567' title='bbox 2107 3848 2445 3901; x_wconf 84' lang='lat' dir='ltr'><strong>occasionem</strong></span> <span class='ocrx_word' id='word_1_568' title='bbox 2492 3847 2770 3914; x_wconf 88' lang='lat' dir='ltr'><strong>suscipiat,</strong></span> <span class='ocrx_word' id='word_1_569' title='bbox 2825 3863 2889 3898; x_wconf 77' lang='lat' dir='ltr'><strong>ex</strong></span> <span class='ocrx_word' id='word_1_570' title='bbox 2943 3862 3047 3914; x_wconf 91' lang='lat' dir='ltr'><strong>qua</strong></span> <span class='ocrx_word' id='word_1_571' title='bbox 3082 3857 3133 3898; x_wconf 92' lang='lat' dir='ltr'><strong>et</strong></span> <span class='ocrx_word' id='word_1_572' title='bbox 3167 3848 3370 3898; x_wconf 87' lang='lat' dir='ltr'><strong>amicos</strong></span> 
     </span>
    </p>
   </div>
   <div class='ocr_carea' id='block_1_84' title="bbox 1815 3937 3365 3992">
    <p class='ocr_par' dir='ltr' id='par_1_84' title="bbox 1815 3937 3365 3992">
     <span class='ocr_line' id='line_1_84' title="bbox 1815 3937 3365 3992; baseline 0.003 -7"><span class='ocrx_word' id='word_1_573' title='bbox 1815 3938 1998 3989; x_wconf 86' lang='lat' dir='ltr'><strong>videre</strong></span> <span class='ocrx_word' id='word_1_574' title='bbox 2022 3945 2074 3989; x_wconf 88' lang='lat' dir='ltr'><strong>et</strong></span> <span class='ocrx_word' id='word_1_575' title='bbox 2111 3937 2176 3989; x_wconf 88' lang='lat' dir='ltr'><strong>ab</strong></span> <span class='ocrx_word' id='word_1_576' title='bbox 2213 3939 2289 3989; x_wconf 89' lang='lat' dir='ltr'><strong>eis</strong></span> <span class='ocrx_word' id='word_1_577' title='bbox 2327 3938 2494 3988; x_wconf 81' lang='lat' dir='ltr'><strong>videri</strong></span> <span class='ocrx_word' id='word_1_578' title='bbox 2548 3937 2724 3992; x_wconf 90' lang='lat' dir='ltr'><strong>liceat.</strong></span> <span class='ocrx_word' id='word_1_579' title='bbox 2771 3937 2925 3990; x_wconf 84' lang='lat' dir='ltr'><strong>initio</strong></span> <span class='ocrx_word' id='word_1_580' title='bbox 2967 3939 3176 3989; x_wconf 83' lang='lat' dir='ltr'><strong>dixerat</strong></span> <span class='ocrx_word' id='word_1_581' title='bbox 3216 3952 3273 3992; x_wconf 86' lang='lat' dir='ltr'><strong>se</strong></span> <span class='ocrx_word' id='word_1_582' title='bbox 3303 3953 3365 3990; x_wconf 76' lang='lat' dir='ltr'><strong>ex</strong></span> 
     </span>
    </p>
   </div>
   <div class='ocr_carea' id='block_1_85' title="bbox 1811 4025 3369 4095">
    <p class='ocr_par' dir='ltr' id='par_1_85' title="bbox 1811 4025 3369 4095">
     <span class='ocr_line' id='line_1_85' title="bbox 1811 4025 3369 4095; baseline 0.001 -16"><span class='ocrx_word' id='word_1_583' title='bbox 1811 4027 1994 4095; x_wconf 83' lang='lat' dir='ltr'><strong>magni</strong></span> <span class='ocrx_word' id='word_1_584' title='bbox 2025 4027 2273 4080; x_wconf 82' lang='lat' dir='ltr'><strong>Therasii</strong></span> <span class='ocrx_word' id='word_1_585' title='bbox 2325 4027 2639 4093; x_wconf 56' lang='lat' dir='ltr'><strong>prat’fectura</strong></span> <span class='ocrx_word' id='word_1_586' title='bbox 2701 4025 2824 4077; x_wconf 89' lang='lat' dir='ltr'><strong>illud</strong></span> <span class='ocrx_word' id='word_1_587' title='bbox 2872 4027 3136 4079; x_wconf 80' lang='lat' dir='ltr'><strong>commodi</strong></span> <span class='ocrx_word' id='word_1_588' title='bbox 3183 4042 3369 4094; x_wconf 88' lang='lat' dir='ltr'><strong>perce-</strong></span> 
     </span>
    </p>
   </div>
   <div class='ocr_carea' id='block_1_86' title="bbox 1812 4116 3371 4185">
    <p class='ocr_par' dir='ltr' id='par_1_86' title="bbox 1812 4116 3371 4185">
     <span class='ocr_line' id='line_1_86' title="bbox 1812 4116 3371 4185; baseline 0 -15"><span class='ocrx_word' id='word_1_589' title='bbox 1812 4120 1969 4185; x_wconf 87' lang='lat' dir='ltr'><strong>pisse,</strong></span> <span class='ocrx_word' id='word_1_590' title='bbox 2009 4129 2065 4170; x_wconf 90' lang='lat' dir='ltr'><strong>ut</strong></span> <span class='ocrx_word' id='word_1_591' title='bbox 2095 4134 2232 4180; x_wconf 78' lang='lat' dir='ltr'><strong>saeue</strong></span> <span class='ocrx_word' id='word_1_592' title='bbox 2260 4127 2397 4170; x_wconf 79' lang='lat' dir='ltr'><strong>hunc.</strong></span> <span class='ocrx_word' id='word_1_593' title='bbox 2431 4133 2755 4171; x_wconf 86' lang='lat' dir='ltr'><strong>assessorem</strong></span> <span class='ocrx_word' id='word_1_594' title='bbox 2788 4117 3032 4169; x_wconf 80' lang='lat' dir='ltr'><strong>videret:</strong></span> <span class='ocrx_word' id='word_1_595' title='bbox 3069 4116 3256 4170; x_wconf 83' lang='lat' dir='ltr'><strong>Verum</strong></span> <span class='ocrx_word' id='word_1_596' title='bbox 3276 4120 3371 4170; x_wconf 82' lang='lat' dir='ltr'><strong>hoc</strong></span> 
     </span>
    </p>
   </div>
   <div class='ocr_carea' id='block_1_87' title="bbox 1811 4208 3373 4278">
    <p class='ocr_par' dir='ltr' id='par_1_87' title="bbox 1811 4208 3373 4278">
     <span class='ocr_line' id='line_1_87' title="bbox 1811 4208 3373 4278; baseline -0.001 -16"><span class='ocrx_word' id='word_1_597' title='bbox 1811 4213 1978 4278; x_wconf 77' lang='lat' dir='ltr'><strong>ipsum</strong></span> <span class='ocrx_word' id='word_1_598' title='bbox 2019 4212 2306 4272; x_wconf 71' lang='lat' dir='ltr'><strong>amisimus,</strong></span> <span class='ocrx_word' id='word_1_599' title='bbox 2330 4210 2520 4277; x_wconf 87' lang='lat' dir='ltr'><strong>inquit,</strong></span> <span class='ocrx_word' id='word_1_600' title='bbox 2549 4209 2768 4276; x_wconf 72' lang='lat' dir='ltr'><strong>pra’side</strong></span> <span class='ocrx_word' id='word_1_601' title='bbox 2789 4208 2996 4271; x_wconf 75' lang='lat' dir='ltr'><strong>privati.</strong></span> <span class='ocrx_word' id='word_1_602' title='bbox 3021 4209 3216 4260; x_wconf 75' lang='lat' dir='ltr'><strong>Aberat</strong></span> <span class='ocrx_word' id='word_1_603' title='bbox 3243 4224 3373 4276; x_wconf 78' lang='lat' dir='ltr'><strong>ergo</strong></span> 
     </span>
    </p>
   </div>
   <div class='ocr_carea' id='block_1_88' title="bbox 1816 4299 3372 4367">
    <p class='ocr_par' dir='ltr' id='par_1_88' title="bbox 1816 4299 3372 4367">
     <span class='ocr_line' id='line_1_88' title="bbox 1816 4299 3372 4367; baseline -0.003 -15"><span class='ocrx_word' id='word_1_604' title='bbox 1816 4303 1881 4353; x_wconf 89' lang='lat' dir='ltr'><strong>ad</strong></span> <span class='ocrx_word' id='word_1_605' title='bbox 1915 4314 2120 4366; x_wconf 88' lang='lat' dir='ltr'><strong>tempus</strong></span> <span class='ocrx_word' id='word_1_606' title='bbox 2145 4317 2366 4367; x_wconf 69' lang='lat' dir='ltr'><strong>prrcscs,</strong></span> <span class='ocrx_word' id='word_1_607' title='bbox 2395 4318 2492 4354; x_wconf 87' lang='lat' dir='ltr'><strong>nec</strong></span> <span class='ocrx_word' id='word_1_608' title='bbox 2515 4302 2731 4354; x_wconf 89' lang='lat' dir='ltr'><strong>dubiqu</strong></span> <span class='ocrx_word' id='word_1_609' title='bbox 2752 4311 2864 4352; x_wconf 86' lang='lat' dir='ltr'><strong>erat</strong></span> <span class='ocrx_word' id='word_1_610' title='bbox 2893 4299 3105 4361; x_wconf 72' lang='lat' dir='ltr'><strong>Basilio,</strong></span> <span class='ocrx_word' id='word_1_611' title='bbox 3134 4301 3256 4367; x_wconf 88' lang='lat' dir='ltr'><strong>quin</strong></span> <span class='ocrx_word' id='word_1_612' title='bbox 3286 4314 3372 4350; x_wconf 87' lang='lat' dir='ltr'><strong>re-</strong></span> 
     </span>
    </p>
   </div>
   <div class='ocr_carea' id='block_1_89' title="bbox 1818 4391 3374 4453">
    <p class='ocr_par' dir='ltr' id='par_1_89' title="bbox 1818 4391 3374 4453">
     <span class='ocr_line' id='line_1_89' title="bbox 1818 4391 3374 4453; baseline -0.003 -8"><span class='ocrx_word' id='word_1_613' title='bbox 1818 4393 2024 4446; x_wconf 86' lang='lat' dir='ltr'><strong>diturus</strong></span> <span class='ocrx_word' id='word_1_614' title='bbox 2053 4401 2197 4444; x_wconf 83' lang='lat' dir='ltr'><strong>esset</strong></span> <span class='ocrx_word' id='word_1_615' title='bbox 2231 4392 2532 4444; x_wconf 86' lang='lat' dir='ltr'><strong>C:esaream</strong></span> <span class='ocrx_word' id='word_1_616' title='bbox 2553 4408 2566 4453; x_wconf 82' lang='lat'>;</span> <span class='ocrx_word' id='word_1_617' title='bbox 2590 4391 2731 4444; x_wconf 87' lang='lat' dir='ltr'><strong>unde</strong></span> <span class='ocrx_word' id='word_1_618' title='bbox 2754 4407 3082 4444; x_wconf 83' lang='lat' dir='ltr'><strong>assessorem</strong></span> <span class='ocrx_word' id='word_1_619' title='bbox 3104 4391 3374 4449; x_wconf 86' lang='lat' dir='ltr'><strong>hortatur,</strong></span> 
     </span>
    </p>
   </div>
   <div class='ocr_carea' id='block_1_90' title="bbox 245 4477 3379 4556">
    <p class='ocr_par' dir='ltr' id='par_1_90' title="bbox 245 4477 3379 4556">
     <span class='ocr_line' id='line_1_90' title="bbox 245 4477 3379 4556; baseline -0 -24"><span class='ocrx_word' id='word_1_620' title='bbox 245 4480 345 4532; x_wconf 71' lang='lat' dir='ltr'><strong>Non</strong></span> <span class='ocrx_word' id='word_1_621' title='bbox 374 4494 580 4535; x_wconf 91' lang='lat' dir='ltr'><strong>tantum</strong></span> <span class='ocrx_word' id='word_1_622' title='bbox 611 4479 784 4547; x_wconf 83' lang='lat' dir='ltr'><strong>gratia</strong></span> <span class='ocrx_word' id='word_1_623' title='bbox 830 4489 882 4532; x_wconf 88' lang='lat' dir='ltr'><strong>et</strong></span> <span class='ocrx_word' id='word_1_624' title='bbox 920 4482 1239 4535; x_wconf 78' lang='lat' dir='ltr'><strong>auctoritate</strong></span> <span class='ocrx_word' id='word_1_625' title='bbox 1270 4479 1433 4533; x_wconf 88' lang='lat' dir='ltr'><strong>valuit</strong></span> <span class='ocrx_word' id='word_1_626' title='bbox 1462 4477 1688 4530; x_wconf 88' lang='lat' dir='ltr'><strong>Basilius</strong></span> <span class='ocrx_word' id='word_1_627' title='bbox 1747 4505 1787 4556; x_wconf 76' lang='grc' dir='ltr'>υ</span> <span class='ocrx_word' id='word_1_628' title='bbox 1821 4494 1877 4533; x_wconf 88' lang='grc' dir='ltr'><strong>ιιι</strong></span> <span class='ocrx_word' id='word_1_629' title='bbox 1910 4483 1975 4533; x_wconf 90' lang='lat' dir='ltr'><strong>ab</strong></span> <span class='ocrx_word' id='word_1_630' title='bbox 2021 4496 2084 4534; x_wconf 90' lang='lat' dir='ltr'><strong>eo</strong></span> <span class='ocrx_word' id='word_1_631' title='bbox 2118 4500 2220 4534; x_wconf 86' lang='lat' dir='ltr'><strong>non</strong></span> <span class='ocrx_word' id='word_1_632' title='bbox 2274 4482 2536 4542; x_wconf 81' lang='lat' dir='ltr'><strong>discedat,</strong></span> <span class='ocrx_word' id='word_1_633' title='bbox 2570 4496 2632 4534; x_wconf 89' lang='lat' dir='ltr'><strong>ac</strong></span> <span class='ocrx_word' id='word_1_634' title='bbox 2689 4482 2912 4535; x_wconf 79' lang='lat' dir='ltr'><strong>libenter</strong></span> <span class='ocrx_word' id='word_1_635' title='bbox 2961 4483 3009 4532; x_wconf 90' lang='lat' dir='ltr'><strong>in</strong></span> <span class='ocrx_word' id='word_1_636' title='bbox 3061 4497 3125 4533; x_wconf 85' lang='lat' dir='ltr'><strong>eo</strong></span> <span class='ocrx_word' id='word_1_637' title='bbox 3177 4491 3379 4548; x_wconf 84' lang='lat' dir='ltr'><strong>perstet</strong></span> 
     </span>
    </p>
   </div>
   <div class='ocr_carea' id='block_1_91' title="bbox 189 4570 1711 4639">
    <p class='ocr_par' dir='ltr' id='par_1_91' title="bbox 189 4570 1711 4639">
     <span class='ocr_line' id='line_1_91' title="bbox 189 4570 1711 4639; baseline 0 -18"><span class='ocrx_word' id='word_1_638' title='bbox 189 4571 608 4626; x_wconf 81' lang='lat' dir='ltr'><strong>utcalatnitatetn</strong></span> <span class='ocrx_word' id='word_1_639' title='bbox 643 4571 780 4622; x_wconf 90' lang='lat' dir='ltr'><strong>hanc</strong></span> <span class='ocrx_word' id='word_1_640' title='bbox 806 4586 832 4620; x_wconf 69' lang='grc' dir='ltr'><strong>ιι</strong></span> <span class='ocrx_word' id='word_1_641' title='bbox 862 4582 1027 4639; x_wconf 79' lang='lat' dir='ltr'><strong>patria</strong></span> <span class='ocrx_word' id='word_1_642' title='bbox 1068 4583 1334 4625; x_wconf 67' lang='lat' dir='ltr'><strong>averteret</strong></span> <span class='ocrx_word' id='word_1_643' title='bbox 1373 4590 1382 4623; x_wconf 91' lang='lat'>:</span> <span class='ocrx_word' id='word_1_644' title='bbox 1415 4570 1503 4623; x_wconf 92' lang='lat' dir='ltr'><strong>scd</strong></span> <span class='ocrx_word' id='word_1_645' title='bbox 1539 4581 1711 4624; x_wconf 79' lang='lat' dir='ltr'><strong>tamen</strong></span> 
     </span>
    </p>
   </div>
   <div class='ocr_carea' id='block_1_92' title="bbox 190 4661 1714 4727">
    <p class='ocr_par' dir='ltr' id='par_1_92' title="bbox 190 4661 1714 4727">
     <span class='ocr_line' id='line_1_92' title="bbox 190 4661 1714 4727; baseline 0.001 -17"><span class='ocrx_word' id='word_1_646' title='bbox 190 4661 398 4727; x_wconf 85' lang='lat' dir='ltr'><strong>aliquam</strong></span> <span class='ocrx_word' id='word_1_647' title='bbox 436 4664 556 4715; x_wconf 90' lang='lat' dir='ltr'><strong>mali</strong></span> <span class='ocrx_word' id='word_1_648' title='bbox 594 4661 909 4714; x_wconf 85' lang='lat' dir='ltr'><strong>levationem</strong></span> <span class='ocrx_word' id='word_1_649' title='bbox 960 4664 1167 4714; x_wconf 85' lang='lat' dir='ltr'><strong>videtur</strong></span> <span class='ocrx_word' id='word_1_650' title='bbox 1206 4671 1544 4716; x_wconf 86' lang='lat' dir='ltr'><strong>consecutus.</strong></span> <span class='ocrx_word' id='word_1_651' title='bbox 1581 4661 1714 4714; x_wconf 74' lang='lat' dir='ltr'><strong>Nam</strong></span> 
     </span>
    </p>
   </div>
   <div class='ocr_carea' id='block_1_93' title="bbox 195 4753 1704 4822">
    <p class='ocr_par' dir='ltr' id='par_1_93' title="bbox 195 4753 1704 4822">
     <span class='ocr_line' id='line_1_93' title="bbox 195 4753 1704 4822; baseline 0.003 -18"><span class='ocrx_word' id='word_1_652' title='bbox 195 4769 312 4805; x_wconf 90' lang='lat' dir='ltr'><strong>unus</strong></span> <span class='ocrx_word' id='word_1_653' title='bbox 334 4768 394 4805; x_wconf 81' lang='lat' dir='ltr'><strong>ex</strong></span> <span class='ocrx_word' id='word_1_654' title='bbox 428 4757 737 4821; x_wconf 86' lang='lat' dir='ltr'><strong>potentibus</strong></span> <span class='ocrx_word' id='word_1_655' title='bbox 760 4753 945 4805; x_wconf 89' lang='lat' dir='ltr'><strong>amicis</strong></span> <span class='ocrx_word' id='word_1_656' title='bbox 971 4755 1033 4807; x_wconf 89' lang='lat' dir='ltr'><strong>ad</strong></span> <span class='ocrx_word' id='word_1_657' title='bbox 1061 4772 1194 4822; x_wconf 89' lang='lat' dir='ltr'><strong>quos</strong></span> <span class='ocrx_word' id='word_1_658' title='bbox 1229 4754 1441 4820; x_wconf 85' lang='lat' dir='ltr'><strong>scripsit</strong></span> <span class='ocrx_word' id='word_1_659' title='bbox 1461 4753 1548 4820; x_wconf 83' lang='lat' dir='ltr'><strong>(c),</strong></span> <span class='ocrx_word' id='word_1_660' title='bbox 1574 4753 1704 4808; x_wconf 71' lang='lat' dir='ltr'><strong>fot‘tf</strong></span> 
     </span>
    </p>
   </div>
   <div class='ocr_carea' id='block_1_94' title="bbox 195 4845 1720 4914">
    <p class='ocr_par' dir='ltr' id='par_1_94' title="bbox 195 4845 1720 4914">
     <span class='ocr_line' id='line_1_94' title="bbox 195 4845 1720 4914; baseline 0.003 -20"><span class='ocrx_word' id='word_1_661' title='bbox 195 4845 456 4914; x_wconf 79' lang='lat' dir='ltr'><strong>Aburgius,</strong></span> <span class='ocrx_word' id='word_1_662' title='bbox 495 4845 749 4912; x_wconf 68' lang='lat' dir='ltr'><strong>pra-fectu</strong></span> <span class='ocrx_word' id='word_1_663' title='bbox 801 4845 1148 4899; x_wconf 88' lang='lat' dir='ltr'><strong>humanitatis</strong></span> <span class='ocrx_word' id='word_1_664' title='bbox 1173 4849 1515 4900; x_wconf 75' lang='lat' dir='ltr'><strong>ostendenda:</strong></span> <span class='ocrx_word' id='word_1_665' title='bbox 1567 4861 1720 4898; x_wconf 79' lang='lat' dir='ltr'><strong>oeca-</strong></span> 
     </span>
    </p>
   </div>
   <div class='ocr_carea' id='block_1_95' title="bbox 199 4936 1718 4993">
    <p class='ocr_par' dir='ltr' id='par_1_95' title="bbox 199 4936 1718 4993">
     <span class='ocr_line' id='line_1_95' title="bbox 199 4936 1718 4993; baseline 0.005 -7"><span class='ocrx_word' id='word_1_666' title='bbox 199 4937 376 4988; x_wconf 83' lang='lat' dir='ltr'><strong>sionem</strong></span> <span class='ocrx_word' id='word_1_667' title='bbox 412 4936 863 4990; x_wconf 71' lang='lat' dir='ltr'><strong>sublatiuistravit.</strong></span> <span class='ocrx_word' id='word_1_668' title='bbox 894 4936 1050 4989; x_wconf 77' lang='lat' dir='ltr'><strong>Forte</strong></span> <span class='ocrx_word' id='word_1_669' title='bbox 1084 4939 1191 4992; x_wconf 74' lang='lat' dir='ltr'><strong>haec</strong></span> <span class='ocrx_word' id='word_1_670' title='bbox 1240 4940 1545 4991; x_wconf 84' lang='lat' dir='ltr'><strong>humanitas</strong></span> <span class='ocrx_word' id='word_1_671' title='bbox 1579 4939 1629 4989; x_wconf 89' lang='lat' dir='ltr'><strong>in</strong></span> <span class='ocrx_word' id='word_1_672' title='bbox 1655 4955 1718 4993; x_wconf 86' lang='lat' dir='ltr'><strong>eo</strong></span> 
     </span>
    </p>
   </div>
   <div class='ocr_carea' id='block_1_96' title="bbox 202 5029 1721 5097">
    <p class='ocr_par' dir='ltr' id='par_1_96' title="bbox 202 5029 1721 5097">
     <span class='ocr_line' id='line_1_96' title="bbox 202 5029 1721 5097; baseline 0.005 -22"><span class='ocrx_word' id='word_1_673' title='bbox 202 5029 346 5092; x_wconf 82' lang='lat' dir='ltr'><strong>posita</strong></span> <span class='ocrx_word' id='word_1_674' title='bbox 378 5029 492 5094; x_wconf 80' lang='lat' dir='ltr'><strong>fuit,</strong></span> <span class='ocrx_word' id='word_1_675' title='bbox 522 5029 666 5097; x_wconf 86' lang='lat' dir='ltr'><strong>quod</strong></span> <span class='ocrx_word' id='word_1_676' title='bbox 698 5033 930 5084; x_wconf 77' lang='lat' dir='ltr'><strong>secunda</strong></span> <span class='ocrx_word' id='word_1_677' title='bbox 963 5032 1274 5096; x_wconf 87' lang='lat' dir='ltr'><strong>metropolis</strong></span> <span class='ocrx_word' id='word_1_678' title='bbox 1320 5047 1422 5082; x_wconf 89' lang='lat' dir='ltr'><strong>non</strong></span> <span class='ocrx_word' id='word_1_679' title='bbox 1461 5029 1721 5092; x_wconf 79' lang='lat' dir='ltr'><strong>I’odandi,</strong></span> 
     </span>
    </p>
   </div>
   <div class='ocr_carea' id='block_1_97' title="bbox 204 5101 1722 5186">
    <p class='ocr_par' dir='ltr' id='par_1_97' title="bbox 204 5101 1722 5186">
     <span class='ocr_line' id='line_1_97' title="bbox 204 5101 1722 5186; baseline 0.004 -20"><span class='ocrx_word' id='word_1_680' title='bbox 204 5129 249 5167; x_wconf 93' lang='lat' dir='ltr'><strong>ut</strong></span> <span class='ocrx_word' id='word_1_681' title='bbox 273 5119 432 5186; x_wconf 86' lang='lat' dir='ltr'><strong>primo</strong></span> <span class='ocrx_word' id='word_1_682' title='bbox 463 5120 728 5172; x_wconf 88' lang='lat' dir='ltr'><strong>sancitum</strong></span> <span class='ocrx_word' id='word_1_683' title='bbox 765 5101 1076 5185; x_wconf 55' lang='lat' dir='ltr'><strong>i&#39;ueratt,&#39;setl</strong></span> <span class='ocrx_word' id='word_1_684' title='bbox 1113 5120 1320 5174; x_wconf 86' lang='lat' dir='ltr'><strong>meliori</strong></span> <span class='ocrx_word' id='word_1_685' title='bbox 1348 5120 1398 5173; x_wconf 89' lang='lat' dir='ltr'><strong>in</strong></span> <span class='ocrx_word' id='word_1_686' title='bbox 1432 5118 1722 5179; x_wconf 85' lang='lat' dir='ltr'><strong>loco.Tva-</strong></span> 
     </span>
    </p>
   </div>
   <div class='ocr_carea' id='block_1_98' title="bbox 207 5208 601 5263">
    <p class='ocr_par' dir='ltr' id='par_1_98' title="bbox 207 5208 601 5263">
     <span class='ocr_line' id='line_1_98' title="bbox 207 5208 601 5263; baseline 0.018 -8"><span class='ocrx_word' id='word_1_687' title='bbox 207 5208 271 5259; x_wconf 88' lang='lat' dir='ltr'><strong>uis</strong></span> <span class='ocrx_word' id='word_1_688' title='bbox 298 5211 601 5263; x_wconf 85' lang='lat' dir='ltr'><strong>constituta.</strong></span> 
     </span>
    </p>
   </div>
   <div class='ocr_carea' id='block_1_99' title="bbox 265 5296 1724 5373">
    <p class='ocr_par' dir='ltr' id='par_1_99' title="bbox 265 5296 1724 5373">
     <span class='ocr_line' id='line_1_99' title="bbox 265 5296 1724 5373; baseline 0.003 -24"><span class='ocrx_word' id='word_1_689' title='bbox 265 5296 372 5353; x_wconf 76' lang='lat' dir='ltr'><strong>llaec</strong></span> <span class='ocrx_word' id='word_1_690' title='bbox 401 5315 574 5354; x_wconf 90' lang='lat' dir='ltr'><strong>autem</strong></span> <span class='ocrx_word' id='word_1_691' title='bbox 613 5317 753 5355; x_wconf 92' lang='lat' dir='ltr'><strong>anno</strong></span> <span class='ocrx_word' id='word_1_692' title='bbox 804 5301 900 5355; x_wconf 78' lang='lat'><strong>371</strong></span> <span class='ocrx_word' id='word_1_693' title='bbox 952 5311 1100 5373; x_wconf 80' lang='lat' dir='ltr'><strong>gesta</strong></span> <span class='ocrx_word' id='word_1_694' title='bbox 1133 5315 1270 5365; x_wconf 87' lang='lat' dir='ltr'><strong>esse,</strong></span> <span class='ocrx_word' id='word_1_695' title='bbox 1304 5314 1587 5370; x_wconf 89' lang='lat' dir='ltr'><strong>antequam</strong></span> <span class='ocrx_word' id='word_1_696' title='bbox 1625 5302 1724 5353; x_wconf 80' lang='lat' dir='ltr'><strong>Va-</strong></span> 
     </span>
    </p>
   </div>
   <div class='ocr_carea' id='block_1_100' title="bbox 211 5383 1714 5462">
    <p class='ocr_par' dir='ltr' id='par_1_100' title="bbox 211 5383 1714 5462">
     <span class='ocr_line' id='line_1_100' title="bbox 211 5383 1714 5462; baseline 0.008 -28"><span class='ocrx_word' id='word_1_697' title='bbox 211 5383 301 5441; x_wconf 85' lang='lat' dir='ltr'><strong>lens</strong></span> <span class='ocrx_word' id='word_1_698' title='bbox 327 5391 615 5446; x_wconf 75' lang='lat' dir='ltr'><strong>Caesaream</strong></span> <span class='ocrx_word' id='word_1_699' title='bbox 648 5395 874 5457; x_wconf 87' lang='lat' dir='ltr'><strong>veniret,</strong></span> <span class='ocrx_word' id='word_1_700' title='bbox 908 5395 1038 5448; x_wconf 84' lang='lat' dir='ltr'><strong>satis</strong></span> <span class='ocrx_word' id='word_1_701' title='bbox 1065 5408 1128 5445; x_wconf 72' lang='lat' dir='ltr'><strong>ex</strong></span> <span class='ocrx_word' id='word_1_702' title='bbox 1171 5395 1324 5448; x_wconf 91' lang='lat' dir='ltr'><strong>dictis</strong></span> <span class='ocrx_word' id='word_1_703' title='bbox 1378 5393 1714 5462; x_wconf 68' lang='lat' dir='ltr'><strong>perspicitur.</strong></span> 
     </span>
    </p>
   </div>
   <div class='ocr_carea' id='block_1_101' title="bbox 269 5590 547 5658">
    <p class='ocr_par' dir='ltr' id='par_1_101' title="bbox 269 5590 547 5658">
     <span class='ocr_line' id='line_1_101' title="bbox 269 5590 547 5658; baseline -0.025 -10"><span class='ocrx_word' id='word_1_704' title='bbox 269 5594 329 5648; x_wconf 79' lang='lat' dir='ltr'><strong>(rt)</strong></span> <span class='ocrx_word' id='word_1_705' title='bbox 353 5590 437 5658; x_wconf 77' lang='lat' dir='ltr'><strong>Ep.</strong></span> <span class='ocrx_word' id='word_1_706' title='bbox 466 5593 547 5644; x_wconf 67' lang='lat'><strong>73$.</strong></span> 
     </span>
    </p>
   </div>
   <div class='ocr_carea' id='block_1_102' title="bbox 269 5659 877 5730">
    <p class='ocr_par' dir='ltr' id='par_1_102' title="bbox 269 5659 877 5730">
     <span class='ocr_line' id='line_1_102' title="bbox 269 5659 877 5730; baseline 0.013 -24"><span class='ocrx_word' id='word_1_707' title='bbox 269 5659 503 5724; x_wconf 56' lang='grc' dir='ltr'><strong>(ϋμένιδι.</strong></span> <span class='ocrx_word' id='word_1_708' title='bbox 545 5664 631 5729; x_wconf 63' lang='grc'><strong>71,</strong></span> <span class='ocrx_word' id='word_1_709' title='bbox 667 5665 756 5730; x_wconf 64' lang='grc'><strong>75,</strong></span> <span class='ocrx_word' id='word_1_710' title='bbox 792 5664 877 5716; x_wconf 73' lang='grc'><strong>76.</strong></span> 
     </span>
    </p>
   </div>
   <div class='ocr_carea' id='block_1_103' title="bbox 267 5731 562 5799">
    <p class='ocr_par' dir='ltr' id='par_1_103' title="bbox 267 5731 562 5799">
     <span class='ocr_line' id='line_1_103' title="bbox 267 5731 562 5799; baseline 0.007 -17"><span class='ocrx_word' id='word_1_711' title='bbox 267 5737 324 5796; x_wconf 71' lang='grc' dir='ltr'><strong>(ί)</strong></span> <span class='ocrx_word' id='word_1_712' title='bbox 351 5731 440 5799; x_wconf 67' lang='grc' dir='ltr'>[ιιι.</span> <span class='ocrx_word' id='word_1_713' title='bbox 479 5736 562 5788; x_wconf 75' lang='grc' dir='ltr'><strong>ἷ8.</strong></span> 
     </span>
    </p>
   </div>
   <div class='ocr_carea' id='block_1_104' title="bbox 1821 4569 3375 4635">
    <p class='ocr_par' dir='ltr' id='par_1_104' title="bbox 1821 4569 3375 4635">
     <span class='ocr_line' id='line_1_104' title="bbox 1821 4569 3375 4635; baseline -0.003 -11"><span class='ocrx_word' id='word_1_714' title='bbox 1821 4584 2075 4630; x_wconf 88' lang='lat' dir='ltr'><strong>munere,</strong></span> <span class='ocrx_word' id='word_1_715' title='bbox 2127 4587 2190 4622; x_wconf 69' lang='lat' dir='ltr'><strong>ex</strong></span> <span class='ocrx_word' id='word_1_716' title='bbox 2255 4585 2359 4635; x_wconf 89' lang='lat' dir='ltr'><strong>quo</strong></span> <span class='ocrx_word' id='word_1_717' title='bbox 2415 4569 2765 4623; x_wconf 81' lang='lat' dir='ltr'><strong>videndorum</strong></span> <span class='ocrx_word' id='word_1_718' title='bbox 2824 4571 3115 4622; x_wconf 86' lang='lat' dir='ltr'><strong>amicorqu</strong></span> <span class='ocrx_word' id='word_1_719' title='bbox 3164 4569 3375 4620; x_wconf 83' lang='lat' dir='ltr'><strong>occasio</strong></span> 
     </span>
    </p>
   </div>
   <div class='ocr_carea' id='block_1_105' title="bbox 1821 4674 2089 4716">
    <p class='ocr_par' dir='ltr' id='par_1_105' title="bbox 1821 4674 2089 4716">
     <span class='ocr_line' id='line_1_105' title="bbox 1821 4674 2089 4716; baseline 0.007 -2"><span class='ocrx_word' id='word_1_720' title='bbox 1821 4674 2089 4716; x_wconf 66' lang='grc' dir='ltr'><strong>ηηςοδιυτ.</strong></span> 
     </span>
    </p>
   </div>
   <div class='ocr_carea' id='block_1_106' title="bbox 1891 4751 3379 4818">
    <p class='ocr_par' dir='ltr' id='par_1_106' title="bbox 1891 4751 3379 4818">
     <span class='ocr_line' id='line_1_106' title="bbox 1891 4751 3379 4818; baseline -0.003 -14"><span class='ocrx_word' id='word_1_721' title='bbox 1891 4751 1954 4804; x_wconf 74' lang='lat' dir='ltr'><strong>V&#39;.</strong></span> <span class='ocrx_word' id='word_1_722' title='bbox 1988 4753 2136 4805; x_wconf 81' lang='lat' dir='ltr'><strong>liunc</strong></span> <span class='ocrx_word' id='word_1_723' title='bbox 2173 4761 2347 4805; x_wconf 92' lang='lat' dir='ltr'><strong>autem</strong></span> <span class='ocrx_word' id='word_1_724' title='bbox 2399 4767 2721 4805; x_wconf 88' lang='lat' dir='ltr'><strong>assessorem</strong></span> <span class='ocrx_word' id='word_1_725' title='bbox 2768 4751 3027 4818; x_wconf 69' lang='lat' dir='ltr'><strong>Elpiclium</strong></span> <span class='ocrx_word' id='word_1_726' title='bbox 3055 4751 3233 4812; x_wconf 80' lang='lat' dir='ltr'><strong>fuisse,</strong></span> <span class='ocrx_word' id='word_1_727' title='bbox 3277 4765 3379 4800; x_wconf 79' lang='lat' dir='ltr'><strong>non</strong></span> 
     </span>
    </p>
   </div>
   <div class='ocr_carea' id='block_1_107' title="bbox 1823 4840 3378 4910">
    <p class='ocr_par' dir='ltr' id='par_1_107' title="bbox 1823 4840 3378 4910">
     <span class='ocr_line' id='line_1_107' title="bbox 1823 4840 3378 4910; baseline -0.003 -13"><span class='ocrx_word' id='word_1_728' title='bbox 1823 4846 2063 4899; x_wconf 89' lang='lat' dir='ltr'><strong>obscuris</strong></span> <span class='ocrx_word' id='word_1_729' title='bbox 2113 4845 2239 4898; x_wconf 91' lang='lat' dir='ltr'><strong>mihi</strong></span> <span class='ocrx_word' id='word_1_730' title='bbox 2287 4846 2469 4897; x_wconf 81' lang='lat' dir='ltr'><strong>videor</strong></span> <span class='ocrx_word' id='word_1_731' title='bbox 2499 4843 2768 4910; x_wconf 85' lang='lat' dir='ltr'><strong>conjicere</strong></span> <span class='ocrx_word' id='word_1_732' title='bbox 2811 4845 3125 4897; x_wconf 83' lang='lat' dir='ltr'><strong>rationibus.</strong></span> <span class='ocrx_word' id='word_1_733' title='bbox 3161 4840 3378 4908; x_wconf 70' lang='lat' dir='ltr'><strong>Natum</strong></span> 
     </span>
    </p>
   </div>
   <div class='ocr_carea' id='block_1_108' title="bbox 1825 4936 3374 5004">
    <p class='ocr_par' dir='ltr' id='par_1_108' title="bbox 1825 4936 3374 5004">
     <span class='ocr_line' id='line_1_108' title="bbox 1825 4936 3374 5004; baseline -0.001 -16"><span class='ocrx_word' id='word_1_734' title='bbox 1825 4936 2062 5003; x_wconf 68' lang='lat' dir='ltr'><strong>lilpidius</strong></span> <span class='ocrx_word' id='word_1_735' title='bbox 2090 4938 2139 4988; x_wconf 93' lang='lat' dir='ltr'><strong>in</strong></span> <span class='ocrx_word' id='word_1_736' title='bbox 2160 4936 2494 5003; x_wconf 85' lang='lat' dir='ltr'><strong>Cappadocia</strong></span> <span class='ocrx_word' id='word_1_737' title='bbox 2519 4953 2766 5004; x_wconf 70' lang='lat' dir='ltr'><strong>maguum</strong></span> <span class='ocrx_word' id='word_1_738' title='bbox 2795 4937 3001 5003; x_wconf 83' lang='lat' dir='ltr'><strong>aliquod</strong></span> <span class='ocrx_word' id='word_1_739' title='bbox 3028 4951 3219 4988; x_wconf 86' lang='lat' dir='ltr'><strong>IllllllllS</strong></span> <span class='ocrx_word' id='word_1_740' title='bbox 3251 4936 3374 5003; x_wconf 73' lang='lat' dir='ltr'><strong>abji-</strong></span> 
     </span>
    </p>
   </div>
   <div class='ocr_carea' id='block_1_109' title="bbox 1824 5027 3387 5095">
    <p class='ocr_par' dir='ltr' id='par_1_109' title="bbox 1824 5027 3387 5095">
     <span class='ocr_line' id='line_1_109' title="bbox 1824 5027 3387 5095; baseline -0.002 -15"><span class='ocrx_word' id='word_1_741' title='bbox 1824 5042 1948 5080; x_wconf 83' lang='lat' dir='ltr'><strong>Ccrc</strong></span> <span class='ocrx_word' id='word_1_742' title='bbox 1976 5041 2029 5079; x_wconf 86' lang='lat' dir='ltr'><strong>et</strong></span> <span class='ocrx_word' id='word_1_743' title='bbox 2059 5028 2389 5095; x_wconf 81' lang='lat' dir='ltr'><strong>Cappadocia</strong></span> <span class='ocrx_word' id='word_1_744' title='bbox 2419 5029 2705 5082; x_wconf 79' lang='lat' dir='ltr'><strong>abscedere</strong></span> <span class='ocrx_word' id='word_1_745' title='bbox 2734 5027 2962 5088; x_wconf 85' lang='lat' dir='ltr'><strong>volebat,</strong></span> <span class='ocrx_word' id='word_1_746' title='bbox 2991 5042 3096 5093; x_wconf 91' lang='lat' dir='ltr'><strong>quo</strong></span> <span class='ocrx_word' id='word_1_747' title='bbox 3149 5040 3387 5091; x_wconf 81' lang='lat' dir='ltr'><strong>tempore</strong></span> 
     </span>
    </p>
   </div>
   <div class='ocr_carea' id='block_1_110' title="bbox 1828 5117 3391 5185">
    <p class='ocr_par' dir='ltr' id='par_1_110' title="bbox 1828 5117 3391 5185">
     <span class='ocr_line' id='line_1_110' title="bbox 1828 5117 3391 5185; baseline -0.003 -15"><span class='ocrx_word' id='word_1_748' title='bbox 1828 5117 2071 5170; x_wconf 77' lang='lat' dir='ltr'><strong>infaustae</strong></span> <span class='ocrx_word' id='word_1_749' title='bbox 2103 5134 2185 5170; x_wconf 90' lang='lat' dir='ltr'><strong>res</strong></span> <span class='ocrx_word' id='word_1_750' title='bbox 2229 5129 2384 5171; x_wconf 87' lang='lat' dir='ltr'><strong>erant</strong></span> <span class='ocrx_word' id='word_1_751' title='bbox 2419 5117 2810 5185; x_wconf 87' lang='lat' dir='ltr'><strong>Cappadocum,</strong></span> <span class='ocrx_word' id='word_1_752' title='bbox 2844 5132 2904 5169; x_wconf 90' lang='lat' dir='ltr'><strong>ac</strong></span> <span class='ocrx_word' id='word_1_753' title='bbox 2935 5117 3089 5184; x_wconf 88' lang='lat' dir='ltr'><strong>paulo</strong></span> <span class='ocrx_word' id='word_1_754' title='bbox 3128 5124 3246 5182; x_wconf 85' lang='lat' dir='ltr'><strong>post</strong></span> <span class='ocrx_word' id='word_1_755' title='bbox 3291 5117 3391 5168; x_wconf 86' lang='lat' dir='ltr'><strong>hu-</strong></span> 
     </span>
    </p>
   </div>
   <div class='ocr_carea' id='block_1_111' title="bbox 1829 5208 3393 5278">
    <p class='ocr_par' dir='ltr' id='par_1_111' title="bbox 1829 5208 3393 5278">
     <span class='ocr_line' id='line_1_111' title="bbox 1829 5208 3393 5278; baseline -0.003 -16"><span class='ocrx_word' id='word_1_756' title='bbox 1829 5214 2136 5263; x_wconf 81' lang='lat' dir='ltr'><strong>manitatem</strong></span> <span class='ocrx_word' id='word_1_757' title='bbox 2177 5211 2404 5278; x_wconf 88' lang='lat' dir='ltr'><strong>aliquam</strong></span> <span class='ocrx_word' id='word_1_758' title='bbox 2443 5212 2492 5263; x_wconf 92' lang='lat' dir='ltr'><strong>in</strong></span> <span class='ocrx_word' id='word_1_759' title='bbox 2531 5209 2870 5278; x_wconf 80' lang='lat' dir='ltr'><strong>Cappadoces</strong></span> <span class='ocrx_word' id='word_1_760' title='bbox 2900 5226 2926 5260; x_wconf 91' lang='lat' dir='ltr'><strong>a</strong></span> <span class='ocrx_word' id='word_1_761' title='bbox 2959 5209 3204 5276; x_wconf 76' lang='lat' dir='ltr'><strong>praelecto</strong></span> <span class='ocrx_word' id='word_1_762' title='bbox 3244 5208 3393 5259; x_wconf 68' lang='lat' dir='ltr'><strong>eahi-</strong></span> 
     </span>
    </p>
   </div>
   <div class='ocr_carea' id='block_1_112' title="bbox 1829 5301 3388 5369">
    <p class='ocr_par' dir='ltr' id='par_1_112' title="bbox 1829 5301 3388 5369">
     <span class='ocr_line' id='line_1_112' title="bbox 1829 5301 3388 5369; baseline -0.004 -14"><span class='ocrx_word' id='word_1_763' title='bbox 1829 5304 2014 5363; x_wconf 88' lang='lat' dir='ltr'><strong>bitam,</strong></span> <span class='ocrx_word' id='word_1_764' title='bbox 2049 5304 2098 5355; x_wconf 86' lang='lat' dir='ltr'><strong>id</strong></span> <span class='ocrx_word' id='word_1_765' title='bbox 2133 5313 2233 5365; x_wconf 80' lang='lat' dir='ltr'><strong>t&#39;sl,</strong></span> <span class='ocrx_word' id='word_1_766' title='bbox 2255 5314 2310 5354; x_wconf 92' lang='lat' dir='ltr'><strong>ut</strong></span> <span class='ocrx_word' id='word_1_767' title='bbox 2343 5303 2676 5369; x_wconf 62' lang='lat' dir='ltr'><strong>conﬁcimus,</strong></span> <span class='ocrx_word' id='word_1_768' title='bbox 2702 5314 2974 5367; x_wconf 59' lang='lat' dir='ltr'><strong>postquam</strong></span> <span class='ocrx_word' id='word_1_769' title='bbox 3006 5301 3284 5366; x_wconf 76' lang='lat' dir='ltr'><strong>praefectus</strong></span> <span class='ocrx_word' id='word_1_770' title='bbox 3307 5314 3388 5349; x_wconf 83' lang='lat' dir='ltr'><strong>se-</strong></span> 
     </span>
    </p>
   </div>
   <div class='ocr_carea' id='block_1_113' title="bbox 1830 5389 3389 5462">
    <p class='ocr_par' dir='ltr' id='par_1_113' title="bbox 1830 5389 3389 5462">
     <span class='ocr_line' id='line_1_113' title="bbox 1830 5389 3389 5462; baseline -0.006 -16"><span class='ocrx_word' id='word_1_771' title='bbox 1830 5394 2056 5446; x_wconf 78' lang='lat' dir='ltr'><strong>cundam</strong></span> <span class='ocrx_word' id='word_1_772' title='bbox 2110 5394 2460 5459; x_wconf 90' lang='lat' dir='ltr'><strong>metropolim,</strong></span> <span class='ocrx_word' id='word_1_773' title='bbox 2517 5409 2632 5462; x_wconf 71' lang='lat' dir='ltr'><strong>qua:</strong></span> <span class='ocrx_word' id='word_1_774' title='bbox 2685 5390 2920 5446; x_wconf 78' lang='lat' dir='ltr'><strong>Podandi</strong></span> <span class='ocrx_word' id='word_1_775' title='bbox 2969 5391 3135 5441; x_wconf 76' lang='lat' dir='ltr'><strong>locata</strong></span> <span class='ocrx_word' id='word_1_776' title='bbox 3195 5389 3389 5449; x_wconf 63' lang='lat' dir='ltr'><strong>fuerat,</strong></span> 
     </span>
    </p>
   </div>
   <div class='ocr_carea' id='block_1_114' title="bbox 1917 5595 2418 5661">
    <p class='ocr_par' dir='ltr' id='par_1_114' title="bbox 1917 5595 2418 5661">
     <span class='ocr_line' id='line_1_114' title="bbox 1917 5595 2418 5661; baseline -0.002 -17"><span class='ocrx_word' id='word_1_777' title='bbox 1917 5597 1991 5661; x_wconf 69' lang='grc' dir='ltr'><strong>(ά)</strong></span> <span class='ocrx_word' id='word_1_778' title='bbox 2030 5595 2123 5660; x_wconf 81' lang='lat' dir='ltr'><strong>Ep.</strong></span> <span class='ocrx_word' id='word_1_779' title='bbox 2154 5595 2240 5656; x_wconf 66' lang='grc'><strong>74,</strong></span> <span class='ocrx_word' id='word_1_780' title='bbox 2274 5613 2324 5645; x_wconf 93' lang='lat' dir='ltr'><strong>n.</strong></span> <span class='ocrx_word' id='word_1_781' title='bbox 2370 5595 2418 5647; x_wconf 75' lang='grc'><strong>5.</strong></span> 
     </span>
    </p>
   </div>
   <div class='ocr_carea' id='block_1_115' title="bbox 1911 5665 2361 5736">
    <p class='ocr_par' dir='ltr' id='par_1_115' title="bbox 1911 5665 2361 5736">
     <span class='ocr_line' id='line_1_115' title="bbox 1911 5665 2361 5736; baseline 0.011 -23"><span class='ocrx_word' id='word_1_782' title='bbox 1911 5669 1977 5736; x_wconf 71' lang='grc' dir='ltr'><strong>(ε)</strong></span> <span class='ocrx_word' id='word_1_783' title='bbox 2019 5665 2142 5736; x_wconf 62' lang='lat' dir='ltr'><strong>Naz.</strong></span> <span class='ocrx_word' id='word_1_784' title='bbox 2174 5682 2252 5717; x_wconf 90' lang='lat' dir='ltr'><strong>or.</strong></span> <span class='ocrx_word' id='word_1_785' title='bbox 2278 5665 2361 5718; x_wconf 71' lang='lat'><strong>:10.</strong></span> 
     </span>
    </p>
   </div>
   <div class='ocr_carea' id='block_1_116' title="bbox 1908 5735 2217 5803">
    <p class='ocr_par' dir='ltr' id='par_1_116' title="bbox 1908 5735 2217 5803">
     <span class='ocr_line' id='line_1_116' title="bbox 1908 5735 2217 5803; baseline 0.006 -2"><span class='ocrx_word' id='word_1_786' title='bbox 1908 5736 1974 5802; x_wconf 74' lang='lat' dir='ltr'><strong>tl)</strong></span> <span class='ocrx_word' id='word_1_787' title='bbox 2007 5738 2096 5803; x_wconf 63' lang='grc' dir='ltr'><strong>ιψ-</strong></span> <span class='ocrx_word' id='word_1_788' title='bbox 2134 5735 2217 5787; x_wconf 69' lang='lat'><strong>78-</strong></span> 
     </span>
    </p>
   </div>
  </div>
