4074 6312
664 338 822 377 ιῑινι

666 533 718 586 itt
752 530 897 585 illum
936 546 1286 593 assessorem,
1325 547 1482 602 quem
1520 547 1550 586 e
1583 531 1919 601 Cappadocia
1945 532 2233 587 abscedere

666 621 1045 675 molestissimo
1082 630 1317 689 tempore
1371 622 1719 676 meditantem
1770 618 1997 675 Basilius
2037 622 2105 674 ab
2134 622 2234 676 hoc

663 712 889 770 consilio
918 712 971 767 in
998 715 1154 781 epist.
1186 713 1255 767 77
1292 713 1627 768 dehortatur.
1660 711 1716 766 In
1744 727 1970 783 utraque
2008 711 2233 782 epistola

664 807 1091 877 praestantissimi
1120 808 1217 861 viri
1259 824 1343 861 res
1380 809 1557 878 agitur
1586 817 1638 863 et
1676 806 1867 862 Basilio
1897 807 2051 861 amici
2081 817 2134 861 et
2167 808 2233 860 ad

665 898 1042 951 sublevandam
1073 898 1459 967 Cappadociam
1507 900 1738 953 maxime
1768 899 1967 955 idonei.
1998 898 2235 968 Tempus

667 990 803 1045 idem
826 992 1105 1058 utriusque
1136 991 1394 1060 epistolaz,
1425 1006 1616 1061 magna
1653 990 1881 1060 quadam
1926 989 2234 1044 calamitate

666 1098 857 1138 recens
897 1083 949 1136 in
1001 1084 1391 1152 Cappadociam
1448 1085 1675 1139 invecta.
1732 1082 1871 1137 Idem
1926 1084 1974 1136 in
2009 1094 2234 1153 utraque

666 1172 890 1241 epistola
934 1174 1224 1227 assessoris
1274 1188 1488 1229 munus.
1540 1173 1711 1245 Rogat
1749 1174 1977 1227 amicum
2008 1173 2235 1229 Basilius

670 1266 722 1320 in
756 1268 1149 1336 septuagesima
1183 1268 1405 1335 septima
1437 1276 1493 1322 ut
1536 1283 1640 1321 non
1687 1268 1925 1322 discedat
1967 1266 2033 1320 ab
2065 1268 2234 1322 admi-

670 1359 839 1411 rando
868 1358 1149 1421 Therasio,
1181 1361 1276 1412 sed
1310 1374 1431 1414 cum
1470 1375 1534 1413 eo
1557 1368 1733 1413 tantas
1760 1374 1918 1411 curas
1949 1360 2228 1427 partiatur.

670 1451 724 1503 In
773 1453 1160 1519 septuagesima
1202 1464 1376 1505 autem
1409 1464 1594 1505 octava
1629 1452 1679 1504 id
1713 1451 1842 1518 agit,
1878 1460 1933 1503 ιιι
1975 1450 2231 1518 Elpidius,

668 1557 733 1594 ex
751 1557 851 1609 quo
879 1548 986 1593 tota
1016 1556 1143 1609 pene
1189 1541 1510 1606 publicarunt
1549 1542 1870 1609 negotiorum
1898 1556 2024 1592 cura
2050 1539 2234 1593 deuen-

669 1634 776 1696 det,
804 1634 988 1701 patria:
1032 1631 1357 1700 pratilciatur
1408 1640 1460 1685 et
1520 1631 1570 1685 itt
1606 1630 1940 1701 Cappadocia
1985 1630 2236 1701 jnbeatur

670 1740 969 1778 remanere.

744 1815 895 1883 Quod
928 1824 1103 1869 autem
1145 1824 1293 1884 rogat
1322 1814 1570 1877 Basilius,
1597 1825 1653 1869 ιιι
1690 1813 1923 1884 Elpidius
1954 1814 2234 1884 Cappado-

673 1907 769 1963 ciae
803 1909 1142 1978 prteliciatur,
1178 1924 1281 1961 non
1319 1908 1441 1961 inde
1474 1908 1713 1975 sequitur
1740 1924 1860 1964 eum
1886 1909 2162 1976 prazsidem
2188 1913 2241 1960 et

674 2010 938 2054 rectorem
974 2000 1150 2071 potius
1200 2014 1359 2067 quam
1404 2013 1731 2053 assessorem
1782 1998 2025 2065 pratsidis
2056 1995 2237 2051 fuisse.

675 2090 809 2146 Nam
841 2105 1171 2145 assessorum
1200 2105 1391 2161 magna
1424 2101 1542 2143 erat
1583 2090 1897 2144 auctoritas.
1942 2088 2079 2140 Hinc
2104 2086 2240 2141 Cre-

676 2185 857 2253 gorius
904 2183 1273 2238 Nazianzenus
1319 2197 1647 2237 assessorem
1680 2189 1833 2235 vocat
1856 2181 2027 2251 ἀρχῆς
2056 2197 2242 2233 κοινω-

676 2275 767 2328 νόν
790 2276 841 2328 in
880 2274 1097 2342 epistola
1127 2274 1217 2337 48,
1251 2274 1584 2345 συνάρχοντα
1610 2273 1661 2328 in
1694 2273 1851 2343 epist.
1884 2272 1986 2327 126
2013 2286 2242 2341 eumque

677 2382 799 2420 cum
828 2366 1052 2435 praeside
1077 2364 1353 2434 coniungit
1387 2375 1441 2418 ut
1467 2364 1673 2419 Julaum
1709 2380 1829 2419 cum
1861 2364 2100 2425 Hercule.
2122 2364 2245 2419 Pro-

680 2466 850 2511 retam
876 2472 994 2510 cum
1037 2456 1416 2523 gubernatore,
1451 2456 1607 2527 epist.
1643 2454 1761 2509 127.
1800 2456 1936 2521 Quin
1964 2455 2124 2508 etiam
2157 2469 2243 2508 as-

680 2562 942 2603 sessorem
991 2547 1254 2617 Elpidium
1288 2548 1469 2611 fuisse,
1512 2562 1616 2600 non
1648 2545 1927 2614 praesidem
1964 2544 2246 2599 confirmat

679 2642 925 2704 Basilius,
958 2642 1082 2695 dum
1115 2641 1190 2694 ait
1228 2649 1391 2694 totam
1416 2652 1551 2707 pene
1581 2652 1757 2691 rerum
1790 2635 2119 2704 publicarum
2148 2650 2244 2689 cu-

680 2750 797 2789 ram
820 2749 885 2789 ex
910 2749 975 2788 eo
995 2734 1247 2803 pendere.
1290 2731 1342 2785 Id
1368 2731 1509 2786 enim
1554 2730 1621 2783 de
1651 2742 1927 2783 assessore
1972 2727 2101 2780 satis
2126 2734 2245 2794 apte

684 2827 902 2891 dicitur,
932 2840 1051 2880 cum
1089 2840 1183 2893 pro
1214 2839 1309 2879 sua
1334 2822 1662 2892 experientia
1695 2834 1759 2875 ac
1784 2818 2052 2888 diligentia
2088 2816 2247 2887 pluri-

681 2934 798 2973 mas
827 2916 1310 2972 administrationis
1333 2923 1512 2983 partes
1540 2913 1799 2967 sustinet:
1824 2914 1964 2964 atde
1988 2911 2241 2980 ,prreside,

682 3010 746 3064 ad
778 3025 935 3081 quem
966 3022 1171 3063 summa
1214 3006 1352 3060 redit
1394 3004 1555 3057 totius
1589 3003 1830 3071 regendae
1857 3000 2242 3071 provincize,id

683 3117 812 3157 sane
844 3101 1017 3155 minus
1038 3099 1316 3154 commode
1346 3097 1633 3150 diceretur.

754 3193 838 3248 Vl.
866 3191 1055 3249 Utrum
1096 3189 1323 3244 Basilius
1354 3190 1421 3244 ab
1460 3187 1667 3258 Elpidio
1690 3186 2074 3255 impetraverit,
2106 3195 2161 3236 ut
2192 3184 2242 3238 in

682 3281 1014 3349 Cappadocia
1043 3287 1371 3344 remaneret,
1417 3288 1506 3330 aut
1531 3292 1561 3331 a
1592 3276 1864 3346 praefecto,
1900 3284 1958 3329 ut
1984 3274 2244 3343 Elpidium

677 3373 891 3443 juberet
917 3383 1194 3425 remanere
1215 3410 1229 3433 ,
1262 3380 1499 3422 statuere
1531 3384 1631 3419 non
1666 3384 1965 3434 possumus.
1986 3368 2115 3422 Illud
2138 3382 2247 3420 cer-

688 3477 798 3520 tum
829 3474 883 3519 et
912 3465 1249 3534 perspicuum
1282 3470 1382 3521 est,
1411 3458 1729 3512 Tberasium
1773 3458 2117 3526 Cappadocia:
2150 3460 2245 3511 ad-

687 3557 1137 3613 ministrationem
1167 3563 1258 3607 aut
1288 3562 1476 3621 sponte
1498 3550 1777 3618 abjecisse,
1805 3560 1896 3602 aut
1936 3549 2070 3602 hanc
2095 3550 2142 3602 ei
2172 3549 2250 3602 di-

687 3650 945 3718 gnitatem
999 3648 1306 3717 abmgatam
1361 3648 1523 3700 fuisse
1579 3658 1721 3698 anno
1756 3642 1853 3697 37I
1901 3652 2128 3695 exeunte
2161 3651 2247 3694 ant

689 3744 903 3796 ineunte
928 3741 1050 3795 572.
1076 3738 1207 3793 Nam
1247 3738 1471 3808 epistola
1516 3738 1607 3799 95,
1639 3750 1779 3789 anno
1809 3734 1913 3790 572
1944 3748 2047 3786 ηοη
2088 3731 2252 3784 multo

690 3842 806 3901 post
839 3831 1075 3887 Valentis
1098 3846 1127 3885 e
1153 3829 1489 3899 Cappadocia
1522 3829 1818 3882 discessum
1843 3827 2041 3894 scripta
2074 3832 2156 3878 est
2186 3823 2251 3876 ad

691 3924 860 3978 Ellam
898 3921 1247 3991 Cappadocia:
1287 3930 1571 3985 rectorem,
1607 3920 1699 3986 qui
1733 3918 1798 3971 ad
1832 3916 2091 3987 regendos
2117 3915 2253 3983 Cap-

691 4017 942 4087 padoces,
1002 4013 1128 4068 licet
1177 4012 1407 4075 invitus,
1440 4010 1701 4063 adductus
1758 4008 1954 4073 fuerat,
1987 4016 2042 4060 ιιι
2087 4022 2251 4077 opera

692 4108 925 4176 collapsa
956 4108 1304 4166 instauraret,
1331 4104 1445 4158 loca
1472 4120 1577 4158 non
1614 4102 1851 4158 habitata
1890 4101 2074 4155 incolis
2108 4116 2255 4155 com-

695 4200 886 4267 plcret,
924 4213 1027 4251 uno
1071 4199 1231 4251 verbo
1256 4196 1569 4251 solitudines
1610 4196 1660 4248 itt
1702 4194 1863 4247 urbes
1900 4190 2252 4246 transforma-

695 4300 798 4345 ret.
829 4288 942 4343 Non
972 4288 1081 4357 jam
1104 4304 1232 4355 ergo
1264 4287 1658 4356 Cappadociam
1692 4288 1909 4356 regebat
1942 4284 2251 4351 'I‘Iterasius,

697 4384 790 4436 sed
818 4380 1105 4435 commissa
1137 4378 1311 4433 fuerat
1344 4380 1491 4442 Elian.
1525 4378 1615 4449 qui
1649 4392 1765 4432 eam
1808 4378 2172 4431 tristissimum
2200 4376 2251 4429 in

1949 319 2478 375 PROLEGOMENA.

667 440 905 511 Tltyanis
935 438 1232 495 constituit.
1269 438 1389 493 Haec
1432 447 1611 493 autem
1656 438 1881 493 mirifice
1907 440 2231 493 conveniunt
2258 448 2299 500 Α

2925 437 3150 496 CAPUT
3182 439 3299 495 XX.

2334 532 2374 586 I.
2414 533 2630 587 Initium
2650 535 3014 599 persecutionis
3044 538 3107 587 ab
3131 535 3350 586 adventu
3371 532 3705 588 Arianorum.
3732 531 3873 603 Euip

2402 605 2485 667 pio
2517 606 2923 656 communionem
2951 607 3167 671 denegat
3196 603 3445 655 Basilius.
3476 603 3536 656 II.
3572 604 3757 657 Basilii
3787 622 3886 657 cer-

2402 684 2570 725 tamen
2600 689 2736 741 cum
2759 674 2998 741 profecto
3025 691 3085 726 ac
3118 675 3307 725 deinde
3350 690 3464 725 cum
3498 675 3773 740 prmposito
3806 690 3889 726 co-

2399 758 2639 803 qnorunt.
2676 740 2760 793 III.
2794 739 2913 794 Non
2948 744 3179 809 interfuit
3215 743 3293 794 Itis
3327 744 3522 804 pra'l'iis
3565 740 3776 797 Valens.
3807 743 3892 796 IV.

2404 810 2621 877 Scriptw
2658 813 2709 863 in
2745 813 2840 863 ltnc
2878 814 3230 873 persecutione
3258 814 3487 871 epistolte
3523 812 3589 867 79
3616 825 3666 865 et
3705 813 3795 865 80.
3829 811 3893 865 V.

2418 880 2597 934 Valens
2626 882 2778 933 semel
2813 891 2858 933 et
2900 883 3081 934 iterum
3113 883 3243 934 venit
3278 884 3331 933 in
3370 885 3633 935 ecclesiam
3655 923 3669 947 ,
3701 893 3757 933 ut
3790 880 3896 934 Bn-

2404 952 2519 1004 silio
2563 952 2756 1019 [actam
2801 954 3049 1018 injur‘nm
3096 953 3307 1003 sarcias.
3355 950 3434 1003 Vl.
3478 951 3676 1005 Basilio
3714 964 3894 1017 postea

2401 1038 2598 1090 patriam
2649 1020 2817 1074 exsilii
2867 1021 3057 1090 inﬂigit
3102 1019 3166 1072 ab
3218 1020 3430 1076 Arianis
3492 1021 3893 1090 itttpttlsus,_sed

2405 1088 2545 1158 gravi
2600 1092 2774 1144 morbo
2822 1090 2917 1156 ﬁlii
2948 1089 3146 1156 cogitur
3184 1093 3487 1143 sentenIiom
3520 1088 3740 1143 mutare.
3779 1088 3895 1144 VII.

2412 1160 2611 1213 Rursus
2638 1162 2813 1212 statuit
2853 1159 3035 1225 ejicere
3064 1158 3341 1220 aniliunt,
3376 1164 3463 1214 sed
3485 1160 3716 1213 calamus
3739 1161 3896 1213 tertio

2403 1232 2704 1281 conteritur.
2744 1227 2873 1281 VIII.
2898 1226 3127 1296 Insignis
3155 1226 3384 1295 Gregorii
3411 1232 3551 1283 locus
3581 1231 3895 1297 explicatur,

2406 1316 2468 1350 or.
2523 1296 2781 1351 Valentem
2813 1300 2998 1350 iterum
3029 1299 3222 1351 venisse
3258 1301 3309 1350 itt
3336 1300 3603 1353 ecclesiam
3646 1296 3898 1366 probatur

2403 1379 2523 1419 ante
2556 1379 2769 1420 mortem
2802 1369 2921 1431 filii.
2960 1366 3047 1420 IX.
3086 1366 3401 1421 .Iliruculum
3427 1371 3747 1422 calamorum
3772 1368 3889 1420 Cm-

2403 1454 2569 1578 εαῖειιι
2601 1438 2814 1559 Luctum.
2862 1436 2929 1491 Χ.
2972 1435 3100 1491 Ηιῑισ
3144 1441 3428 1505 persecutio
3472 1439 3539 1493 ad
3567 1456 3758 1492 annum
3792 1438 3898 1493 572

2404 1525 2457 1561 re
2484 1523 2601 1561 eren
2643 1524 2695 1560 a.

2404 1523 2695 1561 reterenaa.

2409 1643 2445 1695 Ι.
2474 1641 2739 1695 Hactenus
2778 1641 2829 1694 in
2872 1639 2929 1696 S.
2959 1641 3139 1696 Basilii
3182 1622 3487 1710 episcopatu
3532 1640 3729 1693 nullum
3761 1651 3898 1693 tem-

2336 1749 2432 1801 pns
2462 1734 2719 1796 vidimus,
2748 1734 2888 1802 quod
2929 1748 2957 1785 a
2992 1733 3197 1801 magnis
3238 1734 3395 1789 rebus
3447 1733 3691 1796 gerendis
3729 1732 3900 1785 inter—

2339 1826 2646 1880 missionem
2681 1823 2947 1879 habuerit.
2985 1822 3090 1878 Sed
3126 1840 3263 1878 nunc
3295 1821 3620 1893 splendidius
3643 1821 3898 1890 quiddam

2339 1927 2391 1971 et
2425 1918 2682 1971 illustrius
2712 1918 3068 1972 enarrandum
3119 1916 3377 1979 occurrit,
3428 1923 3703 1985 proDterea
3754 1915 3901 1982 quod

2340 2008 2541 2077 majore
2574 2010 2748 2063 sonitu
2774 2011 3049 2080 praedicari
3080 2009 3269 2073 solent,
3293 2024 3410 2078 qua:
3441 2022 3535 2078 pro
3562 2006 3759 2062 Christi
3797 2004 3902 2060 fide

2342 2101 2392 2155 in
2425 2100 2751 2169 gravissimis
2796 2100 3042 2167 periculis
3080 2101 3293 2155 fortiter
3322 2110 3374 2154 et
3400 2108 3709 2154 constanter
3742 2096 3901 2161 fiunt,

2340 2207 2498 2263 quam
2532 2205 2648 2260 quae
2675 2199 2766 2242 aut
2798 2189 2862 2241 ad
2896 2188 3228 2257 disciplinam
3275 2190 3565 2258 prudenter
3604 2188 3905 2243 decernun-

2343 2293 2452 2345 tttr,
2484 2291 2574 2335 ant
2604 2280 2669 2333 ad
2706 2278 2979 2332 leniendas
3023 2278 3263 2333 inimicos
3308 2290 3363 2334 et
3401 2278 3759 2349 pacilicandas
3803 2277 3905 2331 Ec-

2344 2372 2538 2428 clesias
2591 2370 2860 2440 sapienter
2891 2376 2945 2421 et
2991 2367 3259 2421 moderate
3300 2370 3673 2437 suscipiuntur.
3716 2368 3769 2423 In
3823 2366 3907 2421 his

2342 2464 2520 2518 Basilii
2561 2460 2939 2517 certaminibus
2980 2456 3339 2511 describcndis
3364 2457 3624 2525 priecipne
3656 2458 3909 2511 videntur

2344 2555 2549 2623 antiqui
2582 2554 2872 2621 scriptores
2896 2550 3240 2616 elaborasse;
3274 2549 3365 2602 sed
3396 2562 3516 2602 cum
3542 2547 3592 2600 in
3631 2548 3906 2603 nonnullis

2342 2644 2763 2699 circumstantiis
2813 2645 2988 2696 minus
3041 2642 3179 2695 inter
3213 2654 3270 2695 se
3324 2639 3687 2700 COllscnIIaIlI,
3725 2638 3905 2691 danda

2342 2746 2425 2791 est
2453 2749 2636 2805 opera,
2668 2743 2727 2787 ut
2752 2748 2931 2789 rerum
2960 2732 3224 2797 ordinem,
3249 2746 3407 2801 quam
3444 2729 3556 2784 fieri
3586 2726 3781 2799 poterit
3817 2743 3911 2781 ac-

2341 2826 2697 2888 curatissime,
2724 2836 3030 2891 sequamur.

2413 2918 2483 2989 (b)
2505 2918 2800 2987 Imperator
2820 2912 3034 2978 Valens,
3063 2928 3181 2967 cum
3210 2912 3476 2982 prosperis
3502 2912 3758 2966 adversus
3777 2907 3906 2963 bar-

2343 3012 2502 3065 baros
2536 3009 2877 3064 successibus
2907 3007 3079 3062 elatus
3121 3011 3171 3060 In
3217 3006 3487 3060 Orientem
3542 3003 3681 3059 lento
3715 3002 3910 3056 itinere

2271 3128 2312 3185 ρ
2346 3103 2608 3165 tenderet,
2644 3101 2776 3154 satis
2806 3101 2893 3154 diu
2938 3098 3231 3168 interiectis
3276 3094 3789 3163 Constantinopolim
3829 3092 3910 3146 in-

2348 3204 2426 3247 ter
2444 3202 2498 3246 et
2514 3190 2899 3261 Cappadociam
2922 3189 3049 3243 locis
3066 3199 3422 3241 commoratus
3442 3197 3540 3240 est.
3557 3186 3629 3239 Ac
3651 3187 3702 3238 itt
3724 3185 3911 3256 Bithy-

2348 3286 2429 3338 nia
2454 3284 2664 3353 quidem
2696 3280 2971 3335 Itorrendte
3001 3279 3273 3349 ejusjussu
3300 3287 3431 3330 acta:
3464 3286 3587 3329 sunt
3613 3276 3909 3342 tragwdim,

2346 3387 2503 3445 atque
2538 3376 2674 3429 hanc
2705 3372 3033 3443 provinciam
3071 3367 3359 3437 improviso
3399 3366 3595 3433 impetu
3624 3379 3914 3434 aggressus

2346 3470 2559 3538 penitus
2607 3466 2871 3531 vastavit;
2914 3465 2964 3518 in
3003 3460 3208 3518 Galatia
3247 3468 3423 3513 autem
3457 3457 3653 3511 nullam
3683 3471 3914 3526 prorsus

2349 3577 2551 3615 moram
2580 3560 2812 3625 invenit,
2844 3572 2908 3613 ac
2946 3556 3115 3611 levem
3159 3563 3212 3610 et
3260 3552 3507 3613 mobilem
3538 3560 3747 3622 gentem
3792 3550 3915 3605 sine

2348 3652 2565 3719 pulvere
2598 3650 2810 3703 devicit.
2850 3647 2941 3701 llis
2971 3647 3206 3702 victoriis
3240 3643 3452 3699 inﬂatus
3479 3658 3625 3712 spem
3650 3641 3910 3711 frangen-

2350 3741 2400 3795 di
2437 3741 2610 3794 Basilii
2641 3750 2695 3794 et
2715 3740 2981 3808 capiendae
3005 3739 3346 3806 Cappadocia:
3371 3732 3719 3805 conccpit(c).
3755 3732 3912 3789 Hune

2351 3832 2491 3887 cnim
2526 3832 2751 3899 primunt
2774 3831 2986 3901 aggredi
3018 3845 3118 3883 non
3148 3843 3305 3881 ausus
3326 3836 3426 3889 est,
3467 3841 3532 3878 ne
3562 3825 3701 3879 illius
3727 3840 3915 3879 exem-

2352 3924 2494 3994 plum
2546 3924 2665 3979 aliis
2709 3923 2916 3977 animos
2970 3921 3187 3975 adderet
3218 3920 3316 3989 (tt).
3356 3916 3459 3970 Sed
3492 3930 3611 3969 cum
3658 3917 3913 3972 finitimos

2350 4030 2535 4070 omnes
2574 4015 2864 4084 impietatis
2886 4013 3093 4068 viribus
3131 4012 3445 4076 domuisset,
3474 4026 3535 4065 ac
3584 4012 3771 4067 ditioni
3800 4024 3915 4063 sua:

2352 4108 2668 4175 subjecisset
2692 4108 2945 4178 quidquid
2980 4108 3196 4162 obvium
3230 4104 3511 4168 habuerat,
3561 4116 3713 4174 turpe
3746 4113 3801 4156 et
3828 4104 3915 4157 itt-

2352 4202 2567 4271 dignum
2593 4200 2818 4253 ducebat
2852 4200 2919 4252 ab
2945 4216 3050 4252 uno
3081 4196 3297 4251 homine
3332 4206 3385 4249 et
3416 4212 3517 4249 tina
3548 4196 3765 4252 civitate
3796 4193 3918 4247 vin-

2351 4296 2419 4349 ci.
2449 4294 2630 4360 Itaque
2652 4306 2771 4345 cum
2819 4291 3149 4345 meminisset
3191 4302 3249 4342 se
3280 4302 3419 4343 anno
3452 4290 3576 4353 505,
3610 4302 3669 4340 re
3716 4284 3917 4340 infecta

2352 4389 2419 4439 ah
2460 4386 2561 4438 bac
2590 4385 2720 4437 urbe
2752 4383 3083 4443 discessisse,
3113 4394 3229 4435 cum
3283 4382 3485 4451 majore
3534 4378 3807 4445 impietate
3855 4393 3919 4432 ac

697 4482 895 4527 statum
942 4472 1210 4527 redactam
1263 4482 1561 4538 acceperat.
1598 4470 1749 4527 Unde
1798 4469 1942 4524 illum
1978 4477 2255 4536 comparat
2288 4483 2331 4542 ι)
2360 4476 2677 4532 fers-entiam
2707 4477 2821 4530 acie
2867 4473 3100 4536 rediens,
3136 4482 3387 4541 acceptas
3434 4472 3616 4523 clades
3666 4483 3920 4537 reparare

698 4563 928 4619 Basilius
949 4578 1068 4617 cum
1095 4562 1375 4629 Nauclero,
1402 4562 1489 4631 qni
1519 4577 1703 4616 navem
1732 4576 1901 4631 nuper
1925 4569 2255 4629 compactam

702 4660 755 4711 in
806 4670 993 4725 magna
1035 4654 1296 4723 gubernat
1342 4663 1678 4723 tempestate.
1710 4654 1825 4709 Non
1882 4653 2097 4708 dubiutn
2151 4660 2254 4717 cst,

702 4751 830 4817 quin
862 4762 1015 4801 suum
1055 4744 1312 4800 Therasio
1344 4755 1549 4815 tempus
1583 4745 1634 4798 in
1670 4744 2001 4814 Cappadocia
2025 4744 2255 4797 admini-

705 4842 920 4894 stranda
948 4840 1230 4894 emeritum
1262 4851 1365 4891 non
1398 4834 1573 4900 fuerit,
1610 4849 1730 4889 cunt
1760 4835 1896 4890 hanc
1929 4834 2252 4905 provinciam

705 4928 941 4996 reliquit.
992 4927 1253 4997 Sperabat
1300 4926 1442 4980 enim
1499 4925 1725 4979 Basilius
1783 4925 2041 4994 Elpidium
2082 4926 2149 4978 ab
2193 4938 2258 4977 eo

705 5037 812 5075 non
845 5021 1224 5086 discessurum,
1271 5029 1325 5073 et
1351 5019 1398 5073 ei
1440 5018 1490 5070 in
1526 5017 1778 5071 sanandis
1828 5019 2114 5087 provincia:
2145 5016 2259 5069 vul-

708 5114 927 5168 neribus
952 5128 1166 5182 operam
1197 5113 1464 5167 daturum.
1490 5109 1593 5164 Sed
1621 5120 1795 5163 tamen
1810 5110 2031 5176 ,videtur
2063 5122 2257 5163 anmnn

635 5235 638 5239 ι
704 5211 816 5279 jam
848 5208 1049 5262 rexisse
1068 5206 1477 5275 Cappadociam,
1503 5220 1622 5259 cum
1664 5204 1875 5259 decreta
1913 5214 1994 5259 est
2020 5204 2209 5258 divisio
2241 5219 2255 5255 :

712 5317 834 5356 nam
868 5315 1006 5367 saepe
1034 5298 1259 5353 Basilius
1282 5299 1355 5368 (α)
1386 5312 1712 5352 assessorem
1747 5296 1953 5350 viderat
1985 5296 2261 5359 Caesareae,

711 5410 868 5463 quem
902 5401 1074 5446 tamen
1102 5406 1206 5446 non
1235 5391 1467 5455 videbat,
1495 5389 1597 5445 nisi
1632 5402 1829 5460 praeses
1854 5387 2146 5444 Caesaream
2178 5399 2265 5439 ve-

713 5488 869 5541 ttiret.

780 5624 855 5692 (τι)
891 5623 984 5688 Ep.
1022 5623 1106 5676 77.

782 5694 854 5760 ib)
892 5692 1046 5760 Nyss.
1082 5710 1097 5746 ι
1134 5692 1354 5745 Eunoni.

786 5768 855 5823 tr)
893 5761 1213 5818 Thcodoret.
1237 5764 1327 5816 lib.
1357 5776 1427 5827 tv,
1456 5775 1505 5815 c.
1537 5761 1624 5814 I9.

2362 4569 2529 4621 voluit
2561 4569 2650 4640 (e).
2682 4564 3022 4622 Praecedebat
3051 4581 3166 4620 eum
3214 4562 3485 4619 Modestus
3516 4562 3748 4629 prmtorii
3773 4576 3914 4627 pra:-

2362 4660 2551 4727 fectus,
2584 4661 2662 4713 vir
2691 4667 2743 4711 et
2777 4654 3062 4710 Catholicis
3093 4654 3328 4709 infensus
3355 4664 3408 4707 et
3434 4652 3647 4707 Arianis
3680 4652 3919 4712 deditus,

2362 4751 2429 4803 ab
2452 4752 2623 4820 iisque
2653 4749 2952 4819 baptizatus
2984 4762 2999 4800 :
3031 4748 3120 4816 qui
3167 4747 3302 4800 hanc
3348 4759 3529 4798 curam
3557 4752 3609 4798 et
3658 4742 3922 4799 sollicitu-

2362 4842 2535 4897 dinem
2565 4844 2705 4895 inter
2749 4838 3042 4909 prmripuas
3069 4834 3551 4891 administrationis
3594 4850 3702 4890 suae
3738 4844 3923 4903 partes

2357 4933 2674 4988 numerabat
2696 4972 2709 4993 ,
2738 4940 2796 4985 ιιι
2825 4930 2997 4985 nullus
3050 4930 3170 4983 fidei
3216 4926 3461 4981 defensor
3490 4928 3629 4980 domi
3658 4933 3920 4988 maneret,

2359 5028 2448 5081 sed
2476 5024 2641 5095 pulsis
2678 5022 2925 5077 omnibus
2948 5018 3261 5076 orthodoxis
3288 5018 3692 5073 intruderentur
3721 5014 3925 5071 doctri-

2360 5132 2442 5171 nae
2470 5114 2803 5185 imperatoris
2842 5113 3235 5184 astipulatores,
3266 5110 3548 5179 impiorum
3586 5104 3925 5177 syngrapboo

2365 5224 2480 5263 rnm
2501 5218 2798 5272 exactores,
2832 5208 2911 5260 vel
2941 5204 3265 5260 deteriorum
3289 5206 3447 5257 etiam
3480 5202 3798 5271 scriptorum
3830 5214 3925 5252 su-

2363 5309 2561 5356 ctores.
2588 5298 2691 5353 Sed
2724 5306 2847 5351 ante
2875 5296 3045 5363 ipsum
3073 5292 3379 5362 pnefectnm
3408 5300 3666 5345 venerunt
3700 5288 3753 5340 in
3783 5287 3924 5358 Cap-

2365 5390 2640 5459 padociam
2669 5387 2848 5441 Ariani
2879 5385 3132 5456 cpiscOpi,
3151 5398 3374 5453 quorum
3398 5381 3497 5437 dus
3527 5380 3735 5435 videtur
3759 5378 3925 5434 misse

2369 5480 2644 5549 Euippius.

2447 5617 2520 5689 ((1)
2562 5616 2686 5689 naz.
2710 5630 2791 5689 ος,
2818 5614 2907 5689 eo.

2448 5681 2516 5756 (ο)
2560 5686 2710 5755 Nysa.
2742 5686 2882 5750 Sl‘z;
2918 5682 3047 5737 Νη.
3076 5681 3197 5737 348.
