  <div class='ocr_page' id='page_1' title='image "/cluster/home/n/w/nwhite01/storage/ocr_20150623/29/pst.000005712274/084.png"; bbox 0 0 4094 6308; ppageno 0'>
   <div class='ocr_carea' id='block_1_1' title="bbox 1424 348 1981 407">
    <p class='ocr_par' dir='ltr' id='par_1_1' title="bbox 1424 348 1981 407">
     <span class='ocr_line' id='line_1_1' title="bbox 1424 348 1981 407; baseline 0.005 -4"><span class='ocrx_word' id='word_1_1' title='bbox 1424 348 1577 404; x_wconf 76' lang='grc' dir='ltr'><strong>νιτΑ</strong></span> <span class='ocrx_word' id='word_1_2' title='bbox 1619 350 1677 405; x_wconf 89' lang='lat' dir='ltr'><strong>S.</strong></span> <span class='ocrx_word' id='word_1_3' title='bbox 1713 350 1981 407; x_wconf 77' lang='lat' dir='ltr'><strong>BASILH.</strong></span> 
     </span>
    </p>
   </div>
   <div class='ocr_carea' id='block_1_2' title="bbox 3173 367 3357 411">
    <p class='ocr_par' dir='ltr' id='par_1_2' title="bbox 3173 367 3357 411">
     <span class='ocr_line' id='line_1_2' title="bbox 3173 367 3357 411; baseline -0.027 0"><span class='ocrx_word' id='word_1_4' title='bbox 3173 367 3357 411; x_wconf 67' lang='grc' dir='ltr'>ιιιιΊι</span> 
     </span>
    </p>
   </div>
   <div class='ocr_carea' id='block_1_3' title="bbox 205 456 3358 538">
    <p class='ocr_par' dir='ltr' id='par_1_3' title="bbox 205 456 3358 538">
     <span class='ocr_line' id='line_1_3' title="bbox 205 456 3358 538; baseline 0.003 -24"><span class='ocrx_word' id='word_1_5' title='bbox 205 456 527 515; x_wconf 72' lang='lat' dir='ltr'><strong>Numer-ator</strong></span> <span class='ocrx_word' id='word_1_6' title='bbox 550 476 580 513; x_wconf 90' lang='lat' dir='ltr'><strong>a</strong></span> <span class='ocrx_word' id='word_1_7' title='bbox 625 462 820 519; x_wconf 78' lang='lat' dir='ltr'><strong>Basilio</strong></span> <span class='ocrx_word' id='word_1_8' title='bbox 861 463 935 535; x_wconf 83' lang='grc' dir='ltr'><strong>(η)</strong></span> <span class='ocrx_word' id='word_1_9' title='bbox 965 463 1219 536; x_wconf 83' lang='lat' dir='ltr'><strong>Enippins</strong></span> <span class='ocrx_word' id='word_1_10' title='bbox 1249 466 1386 521; x_wconf 87' lang='lat' dir='ltr'><strong>inter</strong></span> <span class='ocrx_word' id='word_1_11' title='bbox 1415 467 1693 538; x_wconf 79' lang='lat' dir='ltr'><strong>signiferos</strong></span> <span class='ocrx_word' id='word_1_12' title='bbox 1720 476 1767 530; x_wconf 75' lang='grc' dir='ltr'>Α</span> <span class='ocrx_word' id='word_1_13' title='bbox 1795 470 2167 525; x_wconf 62' lang='lat' dir='ltr'><strong>haereticorum</strong></span> <span class='ocrx_word' id='word_1_14' title='bbox 2194 468 2523 538; x_wconf 73' lang='lat' dir='ltr'><strong>exspectatio</strong></span> <span class='ocrx_word' id='word_1_15' title='bbox 2547 483 2754 525; x_wconf 82' lang='lat' dir='ltr'><strong>animos</strong></span> <span class='ocrx_word' id='word_1_16' title='bbox 2774 469 3036 524; x_wconf 87' lang='lat' dir='ltr'><strong>movebat.</strong></span> <span class='ocrx_word' id='word_1_17' title='bbox 3068 468 3179 524; x_wconf 88' lang='lat' dir='ltr'><strong>Cur</strong></span> <span class='ocrx_word' id='word_1_18' title='bbox 3209 478 3358 526; x_wconf 89' lang='lat' dir='ltr'><strong>tanto</strong></span> 
     </span>
    </p>
   </div>
   <div class='ocr_carea' id='block_1_4' title="bbox 150 551 1699 629">
    <p class='ocr_par' dir='ltr' id='par_1_4' title="bbox 150 551 1699 629">
     <span class='ocr_line' id='line_1_4' title="bbox 150 551 1699 629; baseline 0.004 -21"><span class='ocrx_word' id='word_1_19' title='bbox 150 553 391 617; x_wconf 71' lang='lat' dir='ltr'><strong>inmrubte</strong></span> <span class='ocrx_word' id='word_1_20' title='bbox 422 551 697 619; x_wconf 78' lang='lat' dir='ltr'><strong>factionis,</strong></span> <span class='ocrx_word' id='word_1_21' title='bbox 714 570 830 624; x_wconf 69' lang='lat' dir='ltr'><strong>qua:</strong></span> <span class='ocrx_word' id='word_1_22' title='bbox 852 556 1187 612; x_wconf 84' lang='lat' dir='ltr'><strong>Eustathinm</strong></span> <span class='ocrx_word' id='word_1_23' title='bbox 1216 568 1265 613; x_wconf 91' lang='lat' dir='ltr'><strong>et</strong></span> <span class='ocrx_word' id='word_1_24' title='bbox 1289 558 1545 629; x_wconf 88' lang='lat' dir='ltr'><strong>plurimos</strong></span> <span class='ocrx_word' id='word_1_25' title='bbox 1569 559 1699 614; x_wconf 84' lang='lat' dir='ltr'><strong>alios</strong></span> 
     </span>
    </p>
   </div>
   <div class='ocr_carea' id='block_1_5' title="bbox 150 645 1698 721">
    <p class='ocr_par' dir='ltr' id='par_1_5' title="bbox 150 645 1698 721">
     <span class='ocr_line' id='line_1_5' title="bbox 150 645 1698 721; baseline 0.006 -24"><span class='ocrx_word' id='word_1_26' title='bbox 150 645 379 713; x_wconf 64' lang='lat' dir='ltr'><strong>ili-posuit</strong></span> <span class='ocrx_word' id='word_1_27' title='bbox 426 662 569 701; x_wconf 89' lang='lat' dir='ltr'><strong>anno</strong></span> <span class='ocrx_word' id='word_1_28' title='bbox 602 645 704 701; x_wconf 80' lang='lat'><strong>360</strong></span> <span class='ocrx_word' id='word_1_29' title='bbox 734 648 784 701; x_wconf 90' lang='lat' dir='ltr'><strong>in</strong></span> <span class='ocrx_word' id='word_1_30' title='bbox 825 649 1051 704; x_wconf 90' lang='lat' dir='ltr'><strong>concilio</strong></span> <span class='ocrx_word' id='word_1_31' title='bbox 1095 650 1698 721; x_wconf 85' lang='lat' dir='ltr'><strong>Constantinopolitano.</strong></span> 
     </span>
    </p>
   </div>
   <div class='ocr_carea' id='block_1_6' title="bbox 151 733 1701 810">
    <p class='ocr_par' dir='ltr' id='par_1_6' title="bbox 151 733 1701 810">
     <span class='ocr_line' id='line_1_6' title="bbox 151 733 1701 810; baseline 0.006 -23"><span class='ocrx_word' id='word_1_32' title='bbox 151 734 193 787; x_wconf 92' lang='lat' dir='ltr'><strong>In</strong></span> <span class='ocrx_word' id='word_1_33' title='bbox 221 733 336 802; x_wconf 72' lang='lat' dir='ltr'><strong>eius</strong></span> <span class='ocrx_word' id='word_1_34' title='bbox 367 738 704 804; x_wconf 85' lang='lat' dir='ltr'><strong>potissimum</strong></span> <span class='ocrx_word' id='word_1_35' title='bbox 745 753 934 793; x_wconf 85' lang='lat' dir='ltr'><strong>nomen</strong></span> <span class='ocrx_word' id='word_1_36' title='bbox 970 750 1257 809; x_wconf 90' lang='lat' dir='ltr'><strong>eruperunt</strong></span> <span class='ocrx_word' id='word_1_37' title='bbox 1283 742 1542 797; x_wconf 84' lang='lat' dir='ltr'><strong>Eustathii</strong></span> <span class='ocrx_word' id='word_1_38' title='bbox 1572 756 1701 810; x_wconf 88' lang='lat' dir='ltr'><strong>que-</strong></span> 
     </span>
    </p>
   </div>
   <div class='ocr_carea' id='block_1_7' title="bbox 151 823 1698 894">
    <p class='ocr_par' dir='ltr' id='par_1_7' title="bbox 151 823 1698 894">
     <span class='ocr_line' id='line_1_7' title="bbox 151 823 1698 894; baseline 0.007 -20"><span class='ocrx_word' id='word_1_39' title='bbox 151 823 279 888; x_wconf 66' lang='lat' dir='ltr'><strong>relas,</strong></span> <span class='ocrx_word' id='word_1_40' title='bbox 316 828 400 878; x_wconf 80' lang='lat' dir='ltr'><strong>vel</strong></span> <span class='ocrx_word' id='word_1_41' title='bbox 440 827 621 894; x_wconf 86' lang='lat' dir='ltr'><strong>potius</strong></span> <span class='ocrx_word' id='word_1_42' title='bbox 656 828 933 883; x_wconf 80' lang='lat' dir='ltr'><strong>horrenda:</strong></span> <span class='ocrx_word' id='word_1_43' title='bbox 966 830 1369 886; x_wconf 74' lang='lat' dir='ltr'><strong>criminationes</strong></span> <span class='ocrx_word' id='word_1_44' title='bbox 1400 830 1589 885; x_wconf 90' lang='lat' dir='ltr'><strong>litteris</strong></span> <span class='ocrx_word' id='word_1_45' title='bbox 1632 832 1698 885; x_wconf 92' lang='lat' dir='ltr'><strong>ad</strong></span> 
     </span>
    </p>
   </div>
   <div class='ocr_carea' id='block_1_8' title="bbox 150 916 1699 991">
    <p class='ocr_par' dir='ltr' id='par_1_8' title="bbox 150 916 1699 991">
     <span class='ocr_line' id='line_1_8' title="bbox 150 916 1699 991; baseline 0.006 -25"><span class='ocrx_word' id='word_1_46' title='bbox 150 916 417 970; x_wconf 81' lang='lat' dir='ltr'><strong>universas</strong></span> <span class='ocrx_word' id='word_1_47' title='bbox 449 916 718 973; x_wconf 78' lang='lat' dir='ltr'><strong>Ecelesias</strong></span> <span class='ocrx_word' id='word_1_48' title='bbox 781 919 956 974; x_wconf 86' lang='lat' dir='ltr'><strong>missis</strong></span> <span class='ocrx_word' id='word_1_49' title='bbox 1004 922 1347 991; x_wconf 72' lang='lat' dir='ltr'><strong>consignatae.</strong></span> <span class='ocrx_word' id='word_1_50' title='bbox 1397 921 1619 975; x_wconf 86' lang='lat' dir='ltr'><strong>Videtur</strong></span> <span class='ocrx_word' id='word_1_51' title='bbox 1649 923 1699 975; x_wconf 89' lang='lat' dir='ltr'><strong>in</strong></span> 
     </span>
    </p>
   </div>
   <div class='ocr_carea' id='block_1_9' title="bbox 150 1004 1707 1082">
    <p class='ocr_par' dir='ltr' id='par_1_9' title="bbox 150 1004 1707 1082">
     <span class='ocr_line' id='line_1_9' title="bbox 150 1004 1707 1082; baseline 0.004 -23"><span class='ocrx_word' id='word_1_52' title='bbox 150 1004 343 1059; x_wconf 75' lang='lat' dir='ltr'><strong>Galatia</strong></span> <span class='ocrx_word' id='word_1_53' title='bbox 380 1009 661 1077; x_wconf 89' lang='lat' dir='ltr'><strong>episcopus</strong></span> <span class='ocrx_word' id='word_1_54' title='bbox 685 1009 865 1065; x_wconf 85' lang='lat' dir='ltr'><strong>luisse.</strong></span> <span class='ocrx_word' id='word_1_55' title='bbox 904 1009 1033 1065; x_wconf 83' lang='lat' dir='ltr'><strong>Nam</strong></span> <span class='ocrx_word' id='word_1_56' title='bbox 1060 1027 1180 1066; x_wconf 91' lang='lat' dir='ltr'><strong>cum</strong></span> <span class='ocrx_word' id='word_1_57' title='bbox 1210 1012 1433 1066; x_wconf 82' lang='lat' dir='ltr'><strong>Arianos</strong></span> <span class='ocrx_word' id='word_1_58' title='bbox 1455 1028 1484 1065; x_wconf 91' lang='lat' dir='ltr'><strong>e</strong></span> <span class='ocrx_word' id='word_1_59' title='bbox 1507 1012 1581 1082; x_wconf 78' lang='grc' dir='ltr'><strong>(ὁ)</strong></span> <span class='ocrx_word' id='word_1_60' title='bbox 1604 1011 1707 1065; x_wconf 80' lang='lat' dir='ltr'><strong>Ga-</strong></span> 
     </span>
    </p>
   </div>
   <div class='ocr_carea' id='block_1_10' title="bbox 151 1096 1707 1170">
    <p class='ocr_par' dir='ltr' id='par_1_10' title="bbox 151 1096 1707 1170">
     <span class='ocr_line' id='line_1_10' title="bbox 151 1096 1707 1170; baseline 0.005 -23"><span class='ocrx_word' id='word_1_61' title='bbox 151 1096 266 1150; x_wconf 87' lang='lat' dir='ltr'><strong>latia</strong></span> <span class='ocrx_word' id='word_1_62' title='bbox 321 1098 695 1154; x_wconf 85' lang='lat' dir='ltr'><strong>accersivisset</strong></span> <span class='ocrx_word' id='word_1_63' title='bbox 727 1099 1073 1166; x_wconf 74' lang='lat' dir='ltr'><strong>Eustathius;</strong></span> <span class='ocrx_word' id='word_1_64' title='bbox 1128 1104 1358 1170; x_wconf 88' lang='lat' dir='ltr'><strong>exagitat</strong></span> <span class='ocrx_word' id='word_1_65' title='bbox 1399 1118 1516 1156; x_wconf 89' lang='lat' dir='ltr'><strong>enm</strong></span> <span class='ocrx_word' id='word_1_66' title='bbox 1560 1102 1707 1156; x_wconf 82' lang='lat' dir='ltr'><strong>Basi-</strong></span> 
     </span>
    </p>
   </div>
   <div class='ocr_carea' id='block_1_11' title="bbox 153 1189 1704 1263">
    <p class='ocr_par' dir='ltr' id='par_1_11' title="bbox 153 1189 1704 1263">
     <span class='ocr_line' id='line_1_11' title="bbox 153 1189 1704 1263; baseline 0.006 -22"><span class='ocrx_word' id='word_1_67' title='bbox 153 1189 240 1243; x_wconf 86' lang='lat' dir='ltr'><strong>lius</strong></span> <span class='ocrx_word' id='word_1_68' title='bbox 318 1191 461 1260; x_wconf 86' lang='lat' dir='ltr'><strong>quod</strong></span> <span class='ocrx_word' id='word_1_69' title='bbox 516 1193 605 1262; x_wconf 91' lang='lat' dir='ltr'><strong>qui</strong></span> <span class='ocrx_word' id='word_1_70' title='bbox 663 1191 787 1246; x_wconf 93' lang='lat' dir='ltr'><strong>olim</strong></span> <span class='ocrx_word' id='word_1_71' title='bbox 852 1192 1131 1263; x_wconf 86' lang='lat' dir='ltr'><strong>Euippium</strong></span> <span class='ocrx_word' id='word_1_72' title='bbox 1200 1195 1500 1263; x_wconf 85' lang='lat' dir='ltr'><strong>episc0punt</strong></span> <span class='ocrx_word' id='word_1_73' title='bbox 1585 1210 1704 1252; x_wconf 89' lang='lat' dir='ltr'><strong>esse</strong></span> 
     </span>
    </p>
   </div>
   <div class='ocr_carea' id='block_1_12' title="bbox 152 1287 1702 1355">
    <p class='ocr_par' dir='ltr' id='par_1_12' title="bbox 152 1287 1702 1355">
     <span class='ocr_line' id='line_1_12' title="bbox 152 1287 1702 1355; baseline 0.006 -21"><span class='ocrx_word' id='word_1_74' title='bbox 152 1292 453 1352; x_wconf 90' lang='lat' dir='ltr'><strong>negaverat,</strong></span> <span class='ocrx_word' id='word_1_75' title='bbox 487 1299 623 1337; x_wconf 89' lang='lat' dir='ltr'><strong>nunc</strong></span> <span class='ocrx_word' id='word_1_76' title='bbox 651 1298 857 1349; x_wconf 90' lang='lat' dir='ltr'><strong>eorum,</strong></span> <span class='ocrx_word' id='word_1_77' title='bbox 891 1287 979 1353; x_wconf 86' lang='lat' dir='ltr'><strong>qui</strong></span> <span class='ocrx_word' id='word_1_78' title='bbox 1030 1289 1096 1341; x_wconf 90' lang='lat' dir='ltr'><strong>ab</strong></span> <span class='ocrx_word' id='word_1_79' title='bbox 1148 1288 1238 1341; x_wconf 90' lang='lat' dir='ltr'><strong>illo</strong></span> <span class='ocrx_word' id='word_1_80' title='bbox 1271 1290 1495 1342; x_wconf 85' lang='lat' dir='ltr'><strong>ordinati</strong></span> <span class='ocrx_word' id='word_1_81' title='bbox 1555 1300 1702 1355; x_wconf 90' lang='lat' dir='ltr'><strong>stmt,</strong></span> 
     </span>
    </p>
   </div>
   <div class='ocr_carea' id='block_1_13' title="bbox 152 1356 1705 1446">
    <p class='ocr_par' dir='ltr' id='par_1_13' title="bbox 152 1356 1705 1446">
     <span class='ocr_line' id='line_1_13' title="bbox 152 1356 1705 1446; baseline 0.006 -21"><span class='ocrx_word' id='word_1_82' title='bbox 152 1376 567 1428; x_wconf 83' lang='lat' dir='ltr'><strong>communionem</strong></span> <span class='ocrx_word' id='word_1_83' title='bbox 614 1375 835 1430; x_wconf 85' lang='lat' dir='ltr'><strong>ambiat.</strong></span> <span class='ocrx_word' id='word_1_84' title='bbox 878 1378 1088 1433; x_wconf 89' lang='lat' dir='ltr'><strong>Initium</strong></span> <span class='ocrx_word' id='word_1_85' title='bbox 1128 1356 1313 1431; x_wconf 61' lang='lat' dir='ltr'><strong>autent</strong></span> <span class='ocrx_word' id='word_1_86' title='bbox 1342 1384 1596 1446; x_wconf 72' lang='lat' dir='ltr'><strong>praeclare.</strong></span> <span class='ocrx_word' id='word_1_87' title='bbox 1628 1381 1705 1435; x_wconf 80' lang='lat' dir='ltr'><strong>fa-</strong></span> 
     </span>
    </p>
   </div>
   <div class='ocr_carea' id='block_1_14' title="bbox 154 1464 1705 1539">
    <p class='ocr_par' dir='ltr' id='par_1_14' title="bbox 154 1464 1705 1539">
     <span class='ocr_line' id='line_1_14' title="bbox 154 1464 1705 1539; baseline 0.007 -23"><span class='ocrx_word' id='word_1_88' title='bbox 154 1477 377 1526; x_wconf 87' lang='lat' dir='ltr'><strong>ctorum,</strong></span> <span class='ocrx_word' id='word_1_89' title='bbox 404 1481 521 1533; x_wconf 71' lang='lat' dir='ltr'><strong>quae</strong></span> <span class='ocrx_word' id='word_1_90' title='bbox 556 1464 783 1523; x_wconf 73' lang='lat' dir='ltr'><strong>BoSlllUS</strong></span> <span class='ocrx_word' id='word_1_91' title='bbox 816 1470 866 1522; x_wconf 96' lang='lat' dir='ltr'><strong>in</strong></span> <span class='ocrx_word' id='word_1_92' title='bbox 897 1470 997 1524; x_wconf 87' lang='lat' dir='ltr'><strong>bac</strong></span> <span class='ocrx_word' id='word_1_93' title='bbox 1023 1470 1391 1539; x_wconf 86' lang='lat' dir='ltr'><strong>persecutione</strong></span> <span class='ocrx_word' id='word_1_94' title='bbox 1430 1474 1618 1537; x_wconf 82' lang='lat' dir='ltr'><strong>edidit,</strong></span> <span class='ocrx_word' id='word_1_95' title='bbox 1638 1473 1705 1527; x_wconf 86' lang='lat' dir='ltr'><strong>ab</strong></span> 
     </span>
    </p>
   </div>
   <div class='ocr_carea' id='block_1_15' title="bbox 155 1557 1707 1623">
    <p class='ocr_par' dir='ltr' id='par_1_15' title="bbox 155 1557 1707 1623">
     <span class='ocr_line' id='line_1_15' title="bbox 155 1557 1707 1623; baseline 0.004 -14"><span class='ocrx_word' id='word_1_96' title='bbox 155 1557 301 1623; x_wconf 71' lang='lat' dir='ltr'><strong>huius</strong></span> <span class='ocrx_word' id='word_1_97' title='bbox 331 1558 569 1612; x_wconf 82' lang='lat' dir='ltr'><strong>hominis</strong></span> <span class='ocrx_word' id='word_1_98' title='bbox 597 1560 825 1615; x_wconf 89' lang='lat' dir='ltr'><strong>adventu</strong></span> <span class='ocrx_word' id='word_1_99' title='bbox 850 1562 1146 1616; x_wconf 89' lang='lat' dir='ltr'><strong>ducendum</strong></span> <span class='ocrx_word' id='word_1_100' title='bbox 1186 1571 1289 1617; x_wconf 87' lang='lat' dir='ltr'><strong>est.</strong></span> <span class='ocrx_word' id='word_1_101' title='bbox 1324 1562 1453 1617; x_wconf 84' lang='lat' dir='ltr'><strong>Nam</strong></span> <span class='ocrx_word' id='word_1_102' title='bbox 1494 1580 1590 1619; x_wconf 88' lang='lat' dir='ltr'><strong>nec</strong></span> <span class='ocrx_word' id='word_1_103' title='bbox 1620 1566 1707 1617; x_wconf 82' lang='lat' dir='ltr'><strong>ca-</strong></span> 
     </span>
    </p>
   </div>
   <div class='ocr_carea' id='block_1_16' title="bbox 156 1648 1702 1719">
    <p class='ocr_par' dir='ltr' id='par_1_16' title="bbox 156 1648 1702 1719">
     <span class='ocr_line' id='line_1_16' title="bbox 156 1648 1702 1719; baseline 0.005 -20"><span class='ocrx_word' id='word_1_104' title='bbox 156 1650 323 1701; x_wconf 86' lang='lat' dir='ltr'><strong>nitiem</strong></span> <span class='ocrx_word' id='word_1_105' title='bbox 355 1648 590 1719; x_wconf 79' lang='lat' dir='ltr'><strong>Enippii,</strong></span> <span class='ocrx_word' id='word_1_106' title='bbox 628 1668 725 1706; x_wconf 89' lang='lat' dir='ltr'><strong>nee</strong></span> <span class='ocrx_word' id='word_1_107' title='bbox 746 1653 1097 1711; x_wconf 83' lang='lat' dir='ltr'><strong>eruditionem</strong></span> <span class='ocrx_word' id='word_1_108' title='bbox 1139 1655 1402 1710; x_wconf 80' lang='lat' dir='ltr'><strong>reveritus</strong></span> <span class='ocrx_word' id='word_1_109' title='bbox 1440 1666 1521 1710; x_wconf 89' lang='lat' dir='ltr'><strong>est</strong></span> <span class='ocrx_word' id='word_1_110' title='bbox 1554 1656 1702 1708; x_wconf 84' lang='lat' dir='ltr'><strong>Basi-</strong></span> 
     </span>
    </p>
   </div>
   <div class='ocr_carea' id='block_1_17' title="bbox 155 1738 1703 1812">
    <p class='ocr_par' dir='ltr' id='par_1_17' title="bbox 155 1738 1703 1812">
     <span class='ocr_line' id='line_1_17' title="bbox 155 1738 1703 1812; baseline 0.006 -25"><span class='ocrx_word' id='word_1_111' title='bbox 155 1738 263 1800; x_wconf 78' lang='lat' dir='ltr'><strong>lius,</strong></span> <span class='ocrx_word' id='word_1_112' title='bbox 299 1754 399 1792; x_wconf 90' lang='lat' dir='ltr'><strong>nec</strong></span> <span class='ocrx_word' id='word_1_113' title='bbox 431 1739 543 1807; x_wconf 85' lang='lat' dir='ltr'><strong>ipsa</strong></span> <span class='ocrx_word' id='word_1_114' title='bbox 590 1742 749 1795; x_wconf 87' lang='lat' dir='ltr'><strong>etiam</strong></span> <span class='ocrx_word' id='word_1_115' title='bbox 801 1742 1048 1795; x_wconf 76' lang='lat' dir='ltr'><strong>amicitia:</strong></span> <span class='ocrx_word' id='word_1_116' title='bbox 1086 1740 1228 1810; x_wconf 86' lang='lat' dir='ltr'><strong>jura,</strong></span> <span class='ocrx_word' id='word_1_117' title='bbox 1253 1760 1371 1812; x_wconf 70' lang='lat' dir='ltr'><strong>qua:</strong></span> <span class='ocrx_word' id='word_1_118' title='bbox 1401 1760 1577 1798; x_wconf 83' lang='lat' dir='ltr'><strong>secum</strong></span> <span class='ocrx_word' id='word_1_119' title='bbox 1610 1745 1703 1797; x_wconf 89' lang='lat' dir='ltr'><strong>ha-</strong></span> 
     </span>
    </p>
   </div>
   <div class='ocr_carea' id='block_1_18' title="bbox 155 1806 1775 1904">
    <p class='ocr_par' dir='ltr' id='par_1_18' title="bbox 155 1806 1775 1904">
     <span class='ocr_line' id='line_1_18' title="bbox 155 1806 1775 1904; baseline 0.008 -27"><span class='ocrx_word' id='word_1_120' title='bbox 155 1826 331 1882; x_wconf 69' lang='lat' dir='ltr'><strong>iebat:</strong></span> <span class='ocrx_word' id='word_1_121' title='bbox 375 1831 469 1883; x_wconf 88' lang='lat' dir='ltr'><strong>sed</strong></span> <span class='ocrx_word' id='word_1_122' title='bbox 499 1846 648 1884; x_wconf 88' lang='lat' dir='ltr'><strong>suam</strong></span> <span class='ocrx_word' id='word_1_123' title='bbox 681 1832 725 1885; x_wconf 91' lang='lat' dir='ltr'><strong>ei</strong></span> <span class='ocrx_word' id='word_1_124' title='bbox 761 1832 1182 1887; x_wconf 88' lang='lat' dir='ltr'><strong>communionem</strong></span> <span class='ocrx_word' id='word_1_125' title='bbox 1206 1845 1508 1889; x_wconf 81' lang='lat' dir='ltr'><strong>constanter</strong></span> <span class='ocrx_word' id='word_1_126' title='bbox 1537 1850 1698 1904; x_wconf 85' lang='lat' dir='ltr'><strong>nega-</strong></span> <span class='ocrx_word' id='word_1_127' title='bbox 1735 1806 1775 1863; x_wconf 70' lang='grc' dir='ltr'>Β</span> 
     </span>
    </p>
   </div>
   <div class='ocr_carea' id='block_1_19' title="bbox 154 1919 1702 1994">
    <p class='ocr_par' dir='ltr' id='par_1_19' title="bbox 154 1919 1702 1994">
     <span class='ocr_line' id='line_1_19' title="bbox 154 1919 1702 1994; baseline 0.008 -27"><span class='ocrx_word' id='word_1_128' title='bbox 154 1919 237 1979; x_wconf 87' lang='lat' dir='ltr'><strong>vit,</strong></span> <span class='ocrx_word' id='word_1_129' title='bbox 263 1929 317 1971; x_wconf 88' lang='lat' dir='ltr'><strong>ut</strong></span> <span class='ocrx_word' id='word_1_130' title='bbox 347 1920 463 1989; x_wconf 88' lang='lat' dir='ltr'><strong>ipse</strong></span> <span class='ocrx_word' id='word_1_131' title='bbox 496 1931 678 1974; x_wconf 88' lang='lat' dir='ltr'><strong>narrat</strong></span> <span class='ocrx_word' id='word_1_132' title='bbox 714 1921 761 1972; x_wconf 92' lang='lat' dir='ltr'><strong>in</strong></span> <span class='ocrx_word' id='word_1_133' title='bbox 788 1923 943 1989; x_wconf 68' lang='lat' dir='ltr'><strong>epist.</strong></span> <span class='ocrx_word' id='word_1_134' title='bbox 972 1923 1091 1978; x_wconf 75' lang='grc'><strong>128.</strong></span> <span class='ocrx_word' id='word_1_135' title='bbox 1121 1922 1232 1977; x_wconf 78' lang='lat' dir='ltr'><strong>Non</strong></span> <span class='ocrx_word' id='word_1_136' title='bbox 1274 1924 1438 1979; x_wconf 87' lang='lat' dir='ltr'><strong>multo</strong></span> <span class='ocrx_word' id='word_1_137' title='bbox 1463 1936 1578 1994; x_wconf 85' lang='lat' dir='ltr'><strong>post</strong></span> <span class='ocrx_word' id='word_1_138' title='bbox 1605 1927 1702 1980; x_wconf 86' lang='lat' dir='ltr'><strong>bos</strong></span> 
     </span>
    </p>
   </div>
   <div class='ocr_carea' id='block_1_20' title="bbox 156 2010 1701 2085">
    <p class='ocr_par' dir='ltr' id='par_1_20' title="bbox 156 2010 1701 2085">
     <span class='ocr_line' id='line_1_20' title="bbox 156 2010 1701 2085; baseline 0.006 -25"><span class='ocrx_word' id='word_1_139' title='bbox 156 2019 313 2063; x_wconf 79' lang='lat' dir='ltr'><strong>motus</strong></span> <span class='ocrx_word' id='word_1_140' title='bbox 344 2011 414 2063; x_wconf 86' lang='lat' dir='ltr'><strong>ad</strong></span> <span class='ocrx_word' id='word_1_141' title='bbox 451 2010 679 2064; x_wconf 84' lang='lat' dir='ltr'><strong>tribunal</strong></span> <span class='ocrx_word' id='word_1_142' title='bbox 708 2010 901 2065; x_wconf 81' lang='lat' dir='ltr'><strong>Christi</strong></span> <span class='ocrx_word' id='word_1_143' title='bbox 945 2024 1126 2083; x_wconf 88' lang='lat' dir='ltr'><strong>raptus</strong></span> <span class='ocrx_word' id='word_1_144' title='bbox 1166 2026 1247 2070; x_wconf 89' lang='lat' dir='ltr'><strong>est</strong></span> <span class='ocrx_word' id='word_1_145' title='bbox 1283 2014 1554 2085; x_wconf 86' lang='lat' dir='ltr'><strong>Euippius.</strong></span> <span class='ocrx_word' id='word_1_146' title='bbox 1585 2016 1701 2071; x_wconf 78' lang='lat' dir='ltr'><strong>lant</strong></span> 
     </span>
    </p>
   </div>
   <div class='ocr_carea' id='block_1_21' title="bbox 154 2102 1701 2178">
    <p class='ocr_par' dir='ltr' id='par_1_21' title="bbox 154 2102 1701 2178">
     <span class='ocr_line' id='line_1_21' title="bbox 154 2102 1701 2178; baseline 0.007 -26"><span class='ocrx_word' id='word_1_147' title='bbox 154 2102 279 2153; x_wconf 86' lang='lat' dir='ltr'><strong>enim</strong></span> <span class='ocrx_word' id='word_1_148' title='bbox 305 2102 538 2163; x_wconf 89' lang='lat' dir='ltr'><strong>obierat,</strong></span> <span class='ocrx_word' id='word_1_149' title='bbox 573 2116 693 2154; x_wconf 92' lang='lat' dir='ltr'><strong>cum</strong></span> <span class='ocrx_word' id='word_1_150' title='bbox 733 2104 994 2158; x_wconf 81' lang='lat' dir='ltr'><strong>scriberet</strong></span> <span class='ocrx_word' id='word_1_151' title='bbox 1038 2104 1268 2161; x_wconf 90' lang='lat' dir='ltr'><strong>Basilius</strong></span> <span class='ocrx_word' id='word_1_152' title='bbox 1298 2122 1437 2161; x_wconf 90' lang='lat' dir='ltr'><strong>anno</strong></span> <span class='ocrx_word' id='word_1_153' title='bbox 1466 2108 1568 2163; x_wconf 77' lang='lat'><strong>375</strong></span> <span class='ocrx_word' id='word_1_154' title='bbox 1594 2110 1701 2178; x_wconf 86' lang='lat' dir='ltr'><strong>epi-</strong></span> 
     </span>
    </p>
   </div>
   <div class='ocr_carea' id='block_1_22' title="bbox 156 2193 1707 2268">
    <p class='ocr_par' dir='ltr' id='par_1_22' title="bbox 156 2193 1707 2268">
     <span class='ocr_line' id='line_1_22' title="bbox 156 2193 1707 2268; baseline 0.006 -24"><span class='ocrx_word' id='word_1_155' title='bbox 156 2193 329 2245; x_wconf 86' lang='lat' dir='ltr'><strong>stolam</strong></span> <span class='ocrx_word' id='word_1_156' title='bbox 355 2208 482 2245; x_wconf 88' lang='lat' dir='ltr'><strong>mox</strong></span> <span class='ocrx_word' id='word_1_157' title='bbox 509 2193 745 2247; x_wconf 89' lang='lat' dir='ltr'><strong>citatam.</strong></span> <span class='ocrx_word' id='word_1_158' title='bbox 771 2194 1225 2261; x_wconf 76' lang='lat' dir='ltr'><strong>Quemadmodum</strong></span> <span class='ocrx_word' id='word_1_159' title='bbox 1259 2199 1399 2253; x_wconf 91' lang='lat' dir='ltr'><strong>enim</strong></span> <span class='ocrx_word' id='word_1_160' title='bbox 1435 2200 1485 2253; x_wconf 93' lang='lat' dir='ltr'><strong>in</strong></span> <span class='ocrx_word' id='word_1_161' title='bbox 1512 2201 1707 2268; x_wconf 80' lang='lat' dir='ltr'><strong>episto‘</strong></span> 
     </span>
    </p>
   </div>
   <div class='ocr_carea' id='block_1_23' title="bbox 156 2282 1699 2355">
    <p class='ocr_par' dir='ltr' id='par_1_23' title="bbox 156 2282 1699 2355">
     <span class='ocr_line' id='line_1_23' title="bbox 156 2282 1699 2355; baseline 0.005 -20"><span class='ocrx_word' id='word_1_162' title='bbox 156 2282 213 2337; x_wconf 88' lang='lat' dir='ltr'><strong>lis</strong></span> <span class='ocrx_word' id='word_1_163' title='bbox 242 2284 362 2337; x_wconf 89' lang='lat' dir='ltr'><strong>anni</strong></span> <span class='ocrx_word' id='word_1_164' title='bbox 388 2282 494 2337; x_wconf 81' lang='lat'><strong>376</strong></span> <span class='ocrx_word' id='word_1_165' title='bbox 527 2300 628 2337; x_wconf 92' lang='lat' dir='ltr'><strong>non</strong></span> <span class='ocrx_word' id='word_1_166' title='bbox 661 2288 942 2355; x_wconf 82' lang='lat' dir='ltr'><strong>exprobrat</strong></span> <span class='ocrx_word' id='word_1_167' title='bbox 964 2288 1241 2345; x_wconf 75' lang='lat' dir='ltr'><strong>Enstathio</strong></span> <span class='ocrx_word' id='word_1_168' title='bbox 1272 2292 1699 2344; x_wconf 89' lang='lat' dir='ltr'><strong>communionem</strong></span> 
     </span>
    </p>
   </div>
   <div class='ocr_carea' id='block_1_24' title="bbox 157 2376 1699 2450">
    <p class='ocr_par' dir='ltr' id='par_1_24' title="bbox 157 2376 1699 2450">
     <span class='ocr_line' id='line_1_24' title="bbox 157 2376 1699 2450; baseline 0.003 -21"><span class='ocrx_word' id='word_1_169' title='bbox 157 2390 260 2429; x_wconf 85' lang='lat' dir='ltr'><strong>cum</strong></span> <span class='ocrx_word' id='word_1_170' title='bbox 284 2376 536 2445; x_wconf 79' lang='lat' dir='ltr'><strong>Euippio,</strong></span> <span class='ocrx_word' id='word_1_171' title='bbox 569 2378 662 2431; x_wconf 89' lang='lat' dir='ltr'><strong>sed</strong></span> <span class='ocrx_word' id='word_1_172' title='bbox 698 2394 818 2433; x_wconf 88' lang='lat' dir='ltr'><strong>cum</strong></span> <span class='ocrx_word' id='word_1_173' title='bbox 864 2378 1166 2435; x_wconf 87' lang='lat' dir='ltr'><strong>hominibus</strong></span> <span class='ocrx_word' id='word_1_174' title='bbox 1194 2383 1261 2433; x_wconf 89' lang='lat' dir='ltr'><strong>ab</strong></span> <span class='ocrx_word' id='word_1_175' title='bbox 1298 2381 1521 2450; x_wconf 87' lang='lat' dir='ltr'><strong>Euippio</strong></span> <span class='ocrx_word' id='word_1_176' title='bbox 1553 2383 1699 2435; x_wconf 91' lang='lat' dir='ltr'><strong>ordi-</strong></span> 
     </span>
    </p>
   </div>
   <div class='ocr_carea' id='block_1_25' title="bbox 157 2469 1702 2542">
    <p class='ocr_par' dir='ltr' id='par_1_25' title="bbox 157 2469 1702 2542">
     <span class='ocr_line' id='line_1_25' title="bbox 157 2469 1702 2542; baseline 0.003 -22"><span class='ocrx_word' id='word_1_177' title='bbox 157 2469 296 2529; x_wconf 83' lang='lat' dir='ltr'><strong>natis,</strong></span> <span class='ocrx_word' id='word_1_178' title='bbox 321 2469 466 2535; x_wconf 90' lang='lat' dir='ltr'><strong>quod</strong></span> <span class='ocrx_word' id='word_1_179' title='bbox 493 2480 807 2537; x_wconf 89' lang='lat' dir='ltr'><strong>argumento</strong></span> <span class='ocrx_word' id='word_1_180' title='bbox 843 2479 944 2534; x_wconf 90' lang='lat' dir='ltr'><strong>est,</strong></span> <span class='ocrx_word' id='word_1_181' title='bbox 973 2471 1118 2524; x_wconf 92' lang='lat' dir='ltr'><strong>illum</strong></span> <span class='ocrx_word' id='word_1_182' title='bbox 1141 2472 1336 2525; x_wconf 90' lang='lat' dir='ltr'><strong>obiisse</strong></span> <span class='ocrx_word' id='word_1_183' title='bbox 1361 2488 1374 2535; x_wconf 86' lang='lat'>;</span> <span class='ocrx_word' id='word_1_184' title='bbox 1409 2472 1480 2525; x_wconf 89' lang='lat' dir='ltr'><strong>ita</strong></span> <span class='ocrx_word' id='word_1_185' title='bbox 1510 2472 1559 2525; x_wconf 93' lang='lat' dir='ltr'><strong>in</strong></span> <span class='ocrx_word' id='word_1_186' title='bbox 1588 2473 1702 2542; x_wconf 84' lang='lat' dir='ltr'><strong>epi-</strong></span> 
     </span>
    </p>
   </div>
   <div class='ocr_carea' id='block_1_26' title="bbox 160 2560 1705 2631">
    <p class='ocr_par' dir='ltr' id='par_1_26' title="bbox 160 2560 1705 2631">
     <span class='ocr_line' id='line_1_26' title="bbox 160 2560 1705 2631; baseline 0.005 -20"><span class='ocrx_word' id='word_1_187' title='bbox 160 2560 273 2613; x_wconf 85' lang='lat' dir='ltr'><strong>stola</strong></span> <span class='ocrx_word' id='word_1_188' title='bbox 303 2561 409 2616; x_wconf 67' lang='grc'><strong>128</strong></span> <span class='ocrx_word' id='word_1_189' title='bbox 429 2578 551 2630; x_wconf 68' lang='lat' dir='ltr'><strong>quae</strong></span> <span class='ocrx_word' id='word_1_190' title='bbox 585 2564 778 2631; x_wconf 89' lang='lat' dir='ltr'><strong>scripta</strong></span> <span class='ocrx_word' id='word_1_191' title='bbox 813 2573 894 2616; x_wconf 80' lang='lat' dir='ltr'><strong>est</strong></span> <span class='ocrx_word' id='word_1_192' title='bbox 919 2577 1057 2616; x_wconf 89' lang='lat' dir='ltr'><strong>anno</strong></span> <span class='ocrx_word' id='word_1_193' title='bbox 1078 2563 1203 2627; x_wconf 77' lang='lat'><strong>573,</strong></span> <span class='ocrx_word' id='word_1_194' title='bbox 1226 2563 1462 2617; x_wconf 85' lang='lat' dir='ltr'><strong>declarat</strong></span> <span class='ocrx_word' id='word_1_195' title='bbox 1497 2580 1554 2619; x_wconf 88' lang='lat' dir='ltr'><strong>se</strong></span> <span class='ocrx_word' id='word_1_196' title='bbox 1595 2582 1705 2619; x_wconf 78' lang='lat' dir='ltr'><strong>letll</strong></span> 
     </span>
    </p>
   </div>
   <div class='ocr_carea' id='block_1_27' title="bbox 162 2653 1708 2725">
    <p class='ocr_par' dir='ltr' id='par_1_27' title="bbox 162 2653 1708 2725">
     <span class='ocr_line' id='line_1_27' title="bbox 162 2653 1708 2725; baseline 0.005 -22"><span class='ocrx_word' id='word_1_197' title='bbox 162 2654 428 2708; x_wconf 84' lang='lat' dir='ltr'><strong>absurdam</strong></span> <span class='ocrx_word' id='word_1_198' title='bbox 448 2653 792 2721; x_wconf 81' lang='lat' dir='ltr'><strong>facturum,si</strong></span> <span class='ocrx_word' id='word_1_199' title='bbox 818 2666 933 2724; x_wconf 88' lang='lat' dir='ltr'><strong>post</strong></span> <span class='ocrx_word' id='word_1_200' title='bbox 961 2667 1199 2722; x_wconf 83' lang='lat' dir='ltr'><strong>negatam</strong></span> <span class='ocrx_word' id='word_1_201' title='bbox 1224 2657 1450 2725; x_wconf 84' lang='lat' dir='ltr'><strong>Euippio</strong></span> <span class='ocrx_word' id='word_1_202' title='bbox 1478 2674 1708 2711; x_wconf 89' lang='lat' dir='ltr'><strong>commu-</strong></span> 
     </span>
    </p>
   </div>
   <div class='ocr_carea' id='block_1_28' title="bbox 163 2744 1708 2816">
    <p class='ocr_par' dir='ltr' id='par_1_28' title="bbox 163 2744 1708 2816">
     <span class='ocr_line' id='line_1_28' title="bbox 163 2744 1708 2816; baseline 0.008 -23"><span class='ocrx_word' id='word_1_203' title='bbox 163 2744 377 2809; x_wconf 81' lang='lat' dir='ltr'><strong>nionem,</strong></span> <span class='ocrx_word' id='word_1_204' title='bbox 402 2760 527 2798; x_wconf 89' lang='lat' dir='ltr'><strong>cum</strong></span> <span class='ocrx_word' id='word_1_205' title='bbox 552 2745 851 2798; x_wconf 89' lang='lat' dir='ltr'><strong>hominibus</strong></span> <span class='ocrx_word' id='word_1_206' title='bbox 869 2747 1005 2800; x_wconf 90' lang='lat' dir='ltr'><strong>idem</strong></span> <span class='ocrx_word' id='word_1_207' title='bbox 1025 2748 1245 2816; x_wconf 85' lang='lat' dir='ltr'><strong>Euippio</strong></span> <span class='ocrx_word' id='word_1_208' title='bbox 1268 2750 1635 2812; x_wconf 87' lang='lat' dir='ltr'><strong>sentientibus,</strong></span> <span class='ocrx_word' id='word_1_209' title='bbox 1659 2752 1708 2805; x_wconf 90' lang='lat' dir='ltr'><strong>id</strong></span> 
     </span>
    </p>
   </div>
   <div class='ocr_carea' id='block_1_29' title="bbox 164 2835 1709 2907">
    <p class='ocr_par' dir='ltr' id='par_1_29' title="bbox 164 2835 1709 2907">
     <span class='ocr_line' id='line_1_29' title="bbox 164 2835 1709 2907; baseline 0.006 -24"><span class='ocrx_word' id='word_1_210' title='bbox 164 2846 232 2886; x_wconf 77' lang='lat' dir='ltr'><strong>est</strong></span> <span class='ocrx_word' id='word_1_211' title='bbox 254 2850 370 2889; x_wconf 83' lang='lat' dir='ltr'><strong>cum</strong></span> <span class='ocrx_word' id='word_1_212' title='bbox 389 2835 605 2889; x_wconf 83' lang='lat' dir='ltr'><strong>Arianis</strong></span> <span class='ocrx_word' id='word_1_213' title='bbox 632 2851 724 2905; x_wconf 90' lang='lat' dir='ltr'><strong>per</strong></span> <span class='ocrx_word' id='word_1_214' title='bbox 749 2836 1099 2902; x_wconf 84' lang='lat' dir='ltr'><strong>Eustathiunt,</strong></span> <span class='ocrx_word' id='word_1_215' title='bbox 1126 2840 1215 2907; x_wconf 89' lang='lat' dir='ltr'><strong>qui</strong></span> <span class='ocrx_word' id='word_1_216' title='bbox 1243 2841 1445 2893; x_wconf 89' lang='lat' dir='ltr'><strong>medius</strong></span> <span class='ocrx_word' id='word_1_217' title='bbox 1470 2856 1588 2895; x_wconf 92' lang='lat' dir='ltr'><strong>esse</strong></span> <span class='ocrx_word' id='word_1_218' title='bbox 1604 2840 1709 2893; x_wconf 84' lang='lat' dir='ltr'><strong>Ca-</strong></span> 
     </span>
    </p>
   </div>
   <div class='ocr_carea' id='block_1_30' title="bbox 165 2928 1706 2999">
    <p class='ocr_par' dir='ltr' id='par_1_30' title="bbox 165 2928 1706 2999">
     <span class='ocr_line' id='line_1_30' title="bbox 165 2928 1706 2999; baseline 0.003 -18"><span class='ocrx_word' id='word_1_219' title='bbox 165 2929 374 2985; x_wconf 82' lang='lat' dir='ltr'><strong>tbolicos</strong></span> <span class='ocrx_word' id='word_1_220' title='bbox 400 2930 541 2983; x_wconf 89' lang='lat' dir='ltr'><strong>inter</strong></span> <span class='ocrx_word' id='word_1_221' title='bbox 571 2928 865 2983; x_wconf 81' lang='lat' dir='ltr'><strong>ctArianos</strong></span> <span class='ocrx_word' id='word_1_222' title='bbox 900 2929 1123 2993; x_wconf 89' lang='lat' dir='ltr'><strong>volebat,</strong></span> <span class='ocrx_word' id='word_1_223' title='bbox 1144 2930 1389 2999; x_wconf 67' lang='lat' dir='ltr'><strong>coniungi</strong></span> <span class='ocrx_word' id='word_1_224' title='bbox 1420 2932 1706 2985; x_wconf 79' lang='lat' dir='ltr'><strong>videretur.</strong></span> 
     </span>
    </p>
   </div>
   <div class='ocr_carea' id='block_1_31' title="bbox 226 3019 1712 3091">
    <p class='ocr_par' dir='ltr' id='par_1_31' title="bbox 226 3019 1712 3091">
     <span class='ocr_line' id='line_1_31' title="bbox 226 3019 1712 3091; baseline 0.003 -20"><span class='ocrx_word' id='word_1_225' title='bbox 226 3022 474 3087; x_wconf 76' lang='lat' dir='ltr'><strong>Quamvis</strong></span> <span class='ocrx_word' id='word_1_226' title='bbox 509 3019 689 3073; x_wconf 64' lang='lat' dir='ltr'><strong>Basilii</strong></span> <span class='ocrx_word' id='word_1_227' title='bbox 740 3035 926 3089; x_wconf 71' lang='lat' dir='ltr'><strong>pugna:</strong></span> <span class='ocrx_word' id='word_1_228' title='bbox 960 3036 1078 3073; x_wconf 84' lang='lat' dir='ltr'><strong>cum</strong></span> <span class='ocrx_word' id='word_1_229' title='bbox 1130 3022 1334 3091; x_wconf 83' lang='lat' dir='ltr'><strong>magnis</strong></span> <span class='ocrx_word' id='word_1_230' title='bbox 1362 3024 1712 3090; x_wconf 82' lang='lat' dir='ltr'><strong>potestatibus</strong></span> 
     </span>
    </p>
   </div>
   <div class='ocr_carea' id='block_1_32' title="bbox 166 3110 1711 3177">
    <p class='ocr_par' dir='ltr' id='par_1_32' title="bbox 166 3110 1711 3177">
     <span class='ocr_line' id='line_1_32' title="bbox 166 3110 1711 3177; baseline 0.003 -13"><span class='ocrx_word' id='word_1_231' title='bbox 166 3126 257 3165; x_wconf 87' lang='lat' dir='ltr'><strong>non</strong></span> <span class='ocrx_word' id='word_1_232' title='bbox 288 3112 572 3166; x_wconf 84' lang='lat' dir='ltr'><strong>videantur</strong></span> <span class='ocrx_word' id='word_1_233' title='bbox 624 3121 748 3164; x_wconf 82' lang='lat' dir='ltr'><strong>ante</strong></span> <span class='ocrx_word' id='word_1_234' title='bbox 792 3125 1025 3164; x_wconf 89' lang='lat' dir='ltr'><strong>mensem</strong></span> <span class='ocrx_word' id='word_1_235' title='bbox 1052 3110 1398 3167; x_wconf 85' lang='lat' dir='ltr'><strong>Novembretn</strong></span> <span class='ocrx_word' id='word_1_236' title='bbox 1447 3114 1711 3177; x_wconf 85' lang='lat' dir='ltr'><strong>evenisse,</strong></span> 
     </span>
    </p>
   </div>
   <div class='ocr_carea' id='block_1_33' title="bbox 171 3200 1712 3276">
    <p class='ocr_par' dir='ltr' id='par_1_33' title="bbox 171 3200 1712 3276">
     <span class='ocr_line' id='line_1_33' title="bbox 171 3200 1712 3276; baseline 0.004 -24"><span class='ocrx_word' id='word_1_237' title='bbox 171 3204 393 3270; x_wconf 81' lang='lat' dir='ltr'><strong>(peregre</strong></span> <span class='ocrx_word' id='word_1_238' title='bbox 426 3202 569 3254; x_wconf 89' lang='lat' dir='ltr'><strong>enim</strong></span> <span class='ocrx_word' id='word_1_239' title='bbox 604 3210 721 3255; x_wconf 91' lang='lat' dir='ltr'><strong>erat</strong></span> <span class='ocrx_word' id='word_1_240' title='bbox 761 3200 983 3255; x_wconf 85' lang='lat' dir='ltr'><strong>Basilius</strong></span> <span class='ocrx_word' id='word_1_241' title='bbox 1014 3204 1243 3256; x_wconf 86' lang='lat' dir='ltr'><strong>instante</strong></span> <span class='ocrx_word' id='word_1_242' title='bbox 1276 3203 1470 3276; x_wconf 87' lang='lat' dir='ltr'><strong>hieme)</strong></span> <span class='ocrx_word' id='word_1_243' title='bbox 1505 3204 1712 3275; x_wconf 86' lang='lat' dir='ltr'><strong>Enippii</strong></span> 
     </span>
    </p>
   </div>
   <div class='ocr_carea' id='block_1_34' title="bbox 171 3294 1716 3367">
    <p class='ocr_par' dir='ltr' id='par_1_34' title="bbox 171 3294 1716 3367">
     <span class='ocr_line' id='line_1_34' title="bbox 171 3294 1716 3367; baseline 0.001 -20"><span class='ocrx_word' id='word_1_244' title='bbox 171 3294 613 3348; x_wconf 85' lang='lat' dir='ltr'><strong>tatnenadveutus</strong></span> <span class='ocrx_word' id='word_1_245' title='bbox 648 3296 712 3347; x_wconf 88' lang='lat' dir='ltr'><strong>ad</strong></span> <span class='ocrx_word' id='word_1_246' title='bbox 736 3294 883 3348; x_wconf 89' lang='lat' dir='ltr'><strong>initia</strong></span> <span class='ocrx_word' id='word_1_247' title='bbox 910 3296 1237 3367; x_wconf 83' lang='lat' dir='ltr'><strong>Septembris</strong></span> <span class='ocrx_word' id='word_1_248' title='bbox 1267 3296 1597 3354; x_wconf 75' lang='lat' dir='ltr'><strong>referendus.</strong></span> <span class='ocrx_word' id='word_1_249' title='bbox 1630 3298 1716 3351; x_wconf 91' lang='lat' dir='ltr'><strong>Di-</strong></span> 
     </span>
    </p>
   </div>
   <div class='ocr_carea' id='block_1_35' title="bbox 174 3386 1715 3454">
    <p class='ocr_par' dir='ltr' id='par_1_35' title="bbox 174 3386 1715 3454">
     <span class='ocr_line' id='line_1_35' title="bbox 174 3386 1715 3454; baseline 0.003 -17"><span class='ocrx_word' id='word_1_250' title='bbox 174 3387 351 3439; x_wconf 81' lang='lat' dir='ltr'><strong>scinms</strong></span> <span class='ocrx_word' id='word_1_251' title='bbox 386 3387 530 3439; x_wconf 84' lang='lat' dir='ltr'><strong>ettitn</strong></span> <span class='ocrx_word' id='word_1_252' title='bbox 554 3402 618 3441; x_wconf 83' lang='lat' dir='ltr'><strong>ex</strong></span> <span class='ocrx_word' id='word_1_253' title='bbox 641 3386 898 3454; x_wconf 80' lang='lat' dir='ltr'><strong>Gregorio</strong></span> <span class='ocrx_word' id='word_1_254' title='bbox 938 3387 1272 3443; x_wconf 82' lang='lat' dir='ltr'><strong>Nazianzeno</strong></span> <span class='ocrx_word' id='word_1_255' title='bbox 1306 3391 1589 3444; x_wconf 72' lang='lat' dir='ltr'><strong>luereticos</strong></span> <span class='ocrx_word' id='word_1_256' title='bbox 1626 3390 1715 3442; x_wconf 88' lang='lat' dir='ltr'><strong>die</strong></span> 
     </span>
    </p>
   </div>
   <div class='ocr_carea' id='block_1_36' title="bbox 176 3475 1714 3547">
    <p class='ocr_par' dir='ltr' id='par_1_36' title="bbox 176 3475 1714 3547">
     <span class='ocr_line' id='line_1_36' title="bbox 176 3475 1714 3547; baseline 0.001 -20"><span class='ocrx_word' id='word_1_257' title='bbox 176 3476 292 3530; x_wconf 79' lang='lat' dir='ltr'><strong>testo</strong></span> <span class='ocrx_word' id='word_1_258' title='bbox 314 3476 369 3531; x_wconf 91' lang='lat' dir='ltr'><strong>S.</strong></span> <span class='ocrx_word' id='word_1_259' title='bbox 404 3477 712 3547; x_wconf 82' lang='lat' dir='ltr'><strong>Eupsyebii,</strong></span> <span class='ocrx_word' id='word_1_260' title='bbox 731 3478 819 3545; x_wconf 86' lang='lat' dir='ltr'><strong>qui</strong></span> <span class='ocrx_word' id='word_1_261' title='bbox 849 3479 1103 3547; x_wconf 87' lang='lat' dir='ltr'><strong>septimus</strong></span> <span class='ocrx_word' id='word_1_262' title='bbox 1133 3490 1244 3532; x_wconf 86' lang='lat' dir='ltr'><strong>erat</strong></span> <span class='ocrx_word' id='word_1_263' title='bbox 1273 3478 1631 3546; x_wconf 78' lang='lat' dir='ltr'><strong>Septembris,</strong></span> <span class='ocrx_word' id='word_1_264' title='bbox 1662 3475 1714 3529; x_wconf 87' lang='lat' dir='ltr'><strong>itt</strong></span> 
     </span>
    </p>
   </div>
   <div class='ocr_carea' id='block_1_37' title="bbox 178 3567 1719 3638">
    <p class='ocr_par' dir='ltr' id='par_1_37' title="bbox 178 3567 1719 3638">
     <span class='ocr_line' id='line_1_37' title="bbox 178 3567 1719 3638; baseline 0.001 -18"><span class='ocrx_word' id='word_1_265' title='bbox 178 3570 363 3623; x_wconf 81' lang='lat' dir='ltr'><strong>insidiis</strong></span> <span class='ocrx_word' id='word_1_266' title='bbox 392 3570 677 3623; x_wconf 65' lang='lat' dir='ltr'><strong>Culter-atas</strong></span> <span class='ocrx_word' id='word_1_267' title='bbox 708 3568 872 3622; x_wconf 81' lang='lat' dir='ltr'><strong>fuisse</strong></span> <span class='ocrx_word' id='word_1_268' title='bbox 900 3570 990 3638; x_wconf 89' lang='lat' dir='ltr'><strong>(c),</strong></span> <span class='ocrx_word' id='word_1_269' title='bbox 1035 3584 1375 3638; x_wconf 80' lang='lat' dir='ltr'><strong>magnumque</strong></span> <span class='ocrx_word' id='word_1_270' title='bbox 1399 3569 1537 3621; x_wconf 86' lang='lat' dir='ltr'><strong>circa</strong></span> <span class='ocrx_word' id='word_1_271' title='bbox 1568 3567 1719 3623; x_wconf 79' lang='lat' dir='ltr'><strong>Basi-</strong></span> 
     </span>
    </p>
   </div>
   <div class='ocr_carea' id='block_1_38' title="bbox 177 3658 1718 3722">
    <p class='ocr_par' dir='ltr' id='par_1_38' title="bbox 177 3658 1718 3722">
     <span class='ocr_line' id='line_1_38' title="bbox 177 3658 1718 3722; baseline 0.004 -12"><span class='ocrx_word' id='word_1_272' title='bbox 177 3661 284 3711; x_wconf 68' lang='lat' dir='ltr'><strong>liam</strong></span> <span class='ocrx_word' id='word_1_273' title='bbox 315 3660 575 3711; x_wconf 73' lang='lat' dir='ltr'><strong>exstitisse</strong></span> <span class='ocrx_word' id='word_1_274' title='bbox 604 3659 813 3722; x_wconf 86' lang='lat' dir='ltr'><strong>bellum,</strong></span> <span class='ocrx_word' id='word_1_275' title='bbox 845 3658 1159 3722; x_wconf 77' lang='lat' dir='ltr'><strong>cupientibus</strong></span> <span class='ocrx_word' id='word_1_276' title='bbox 1190 3659 1430 3713; x_wconf 80' lang='lat' dir='ltr'><strong>nimirum</strong></span> <span class='ocrx_word' id='word_1_277' title='bbox 1461 3660 1718 3716; x_wconf 64' lang='lat' dir='ltr'><strong>hareticis</strong></span> 
     </span>
    </p>
   </div>
   <div class='ocr_carea' id='block_1_39' title="bbox 178 3750 1719 3818">
    <p class='ocr_par' dir='ltr' id='par_1_39' title="bbox 178 3750 1719 3818">
     <span class='ocr_line' id='line_1_39' title="bbox 178 3750 1719 3818; baseline 0.001 -17"><span class='ocrx_word' id='word_1_278' title='bbox 178 3752 348 3802; x_wconf 68' lang='lat' dir='ltr'><strong>tendant</strong></span> <span class='ocrx_word' id='word_1_279' title='bbox 364 3759 414 3803; x_wconf 82' lang='lat' dir='ltr'><strong>et</strong></span> <span class='ocrx_word' id='word_1_280' title='bbox 436 3762 665 3817; x_wconf 85' lang='lat' dir='ltr'><strong>apertam</strong></span> <span class='ocrx_word' id='word_1_281' title='bbox 693 3765 860 3802; x_wconf 74' lang='lat' dir='ltr'><strong>uocem</strong></span> <span class='ocrx_word' id='word_1_282' title='bbox 886 3766 950 3805; x_wconf 68' lang='grc' dir='ltr'><strong>εκ</strong></span> <span class='ocrx_word' id='word_1_283' title='bbox 978 3750 1235 3818; x_wconf 75' lang='lat' dir='ltr'><strong>ipsiusmct</strong></span> <span class='ocrx_word' id='word_1_284' title='bbox 1260 3750 1439 3805; x_wconf 77' lang='lat' dir='ltr'><strong>Basilii</strong></span> <span class='ocrx_word' id='word_1_285' title='bbox 1475 3769 1562 3805; x_wconf 87' lang='lat' dir='ltr'><strong>ore</strong></span> <span class='ocrx_word' id='word_1_286' title='bbox 1584 3754 1719 3805; x_wconf 53' lang='lat' dir='ltr'><strong>arri.</strong></span> 
     </span>
    </p>
   </div>
   <div class='ocr_carea' id='block_1_40' title="bbox 179 3840 1719 3913">
    <p class='ocr_par' dir='ltr' id='par_1_40' title="bbox 179 3840 1719 3913">
     <span class='ocr_line' id='line_1_40' title="bbox 179 3840 1719 3913; baseline 0.003 -21"><span class='ocrx_word' id='word_1_287' title='bbox 179 3857 293 3907; x_wconf 82' lang='lat' dir='ltr'><strong>pm,</strong></span> <span class='ocrx_word' id='word_1_288' title='bbox 319 3854 374 3895; x_wconf 71' lang='lat' dir='ltr'><strong>at</strong></span> <span class='ocrx_word' id='word_1_289' title='bbox 422 3843 530 3907; x_wconf 86' lang='lat' dir='ltr'><strong>ipse</strong></span> <span class='ocrx_word' id='word_1_290' title='bbox 556 3858 619 3895; x_wconf 78' lang='lat' dir='ltr'><strong>ea:</strong></span> <span class='ocrx_word' id='word_1_291' title='bbox 653 3840 885 3895; x_wconf 78' lang='lat' dir='ltr'><strong>Ecclesia</strong></span> <span class='ocrx_word' id='word_1_292' title='bbox 916 3842 1277 3911; x_wconf 71' lang='lat' dir='ltr'><strong>expelleretur,</strong></span> <span class='ocrx_word' id='word_1_293' title='bbox 1301 3845 1389 3913; x_wconf 81' lang='lat' dir='ltr'><strong>qui</strong></span> <span class='ocrx_word' id='word_1_294' title='bbox 1415 3842 1556 3897; x_wconf 87' lang='lat' dir='ltr'><strong>solus</strong></span> <span class='ocrx_word' id='word_1_295' title='bbox 1590 3859 1719 3910; x_wconf 85' lang='lat' dir='ltr'><strong>pene</strong></span> 
     </span>
    </p>
   </div>
   <div class='ocr_carea' id='block_1_41' title="bbox 181 3935 1719 4006">
    <p class='ocr_par' dir='ltr' id='par_1_41' title="bbox 181 3935 1719 4006">
     <span class='ocr_line' id='line_1_41' title="bbox 181 3935 1719 4006; baseline 0.002 -21"><span class='ocrx_word' id='word_1_296' title='bbox 181 3935 389 3988; x_wconf 79' lang='lat' dir='ltr'><strong>reritatis</strong></span> <span class='ocrx_word' id='word_1_297' title='bbox 420 3935 677 4006; x_wconf 84' lang='lat' dir='ltr'><strong>igniculus</strong></span> <span class='ocrx_word' id='word_1_298' title='bbox 712 3935 957 4000; x_wconf 83' lang='lat' dir='ltr'><strong>restabat,</strong></span> <span class='ocrx_word' id='word_1_299' title='bbox 994 3936 1174 3990; x_wconf 81' lang='lat' dir='ltr'><strong>uicinis</strong></span> <span class='ocrx_word' id='word_1_300' title='bbox 1207 3935 1440 3989; x_wconf 82' lang='lat' dir='ltr'><strong>omnibus</strong></span> <span class='ocrx_word' id='word_1_301' title='bbox 1466 3936 1631 4003; x_wconf 87' lang='lat' dir='ltr'><strong>raptis</strong></span> <span class='ocrx_word' id='word_1_302' title='bbox 1659 3952 1719 3988; x_wconf 87' lang='lat' dir='ltr'><strong>ac</strong></span> 
     </span>
    </p>
   </div>
   <div class='ocr_carea' id='block_1_42' title="bbox 180 4025 1721 4098">
    <p class='ocr_par' dir='ltr' id='par_1_42' title="bbox 180 4025 1721 4098">
     <span class='ocr_line' id='line_1_42' title="bbox 180 4025 1721 4098; baseline 0 -20"><span class='ocrx_word' id='word_1_303' title='bbox 180 4030 468 4095; x_wconf 75' lang='lat' dir='ltr'><strong>tubjugatis.</strong></span> <span class='ocrx_word' id='word_1_304' title='bbox 531 4028 650 4082; x_wconf 73' lang='lat' dir='ltr'><strong>llmc</strong></span> <span class='ocrx_word' id='word_1_305' title='bbox 690 4028 897 4082; x_wconf 86' lang='lat' dir='ltr'><strong>dicebat</strong></span> <span class='ocrx_word' id='word_1_306' title='bbox 937 4026 1225 4098; x_wconf 88' lang='lat' dir='ltr'><strong>Gregorius</strong></span> <span class='ocrx_word' id='word_1_307' title='bbox 1253 4036 1538 4095; x_wconf 76' lang='lat' dir='ltr'><strong>antequam</strong></span> <span class='ocrx_word' id='word_1_308' title='bbox 1571 4025 1721 4078; x_wconf 71' lang='lat' dir='ltr'><strong>Basi-</strong></span> 
     </span>
    </p>
   </div>
   <div class='ocr_carea' id='block_1_43' title="bbox 181 4117 1721 4187">
    <p class='ocr_par' dir='ltr' id='par_1_43' title="bbox 181 4117 1721 4187">
     <span class='ocr_line' id='line_1_43' title="bbox 181 4117 1721 4187; baseline 0.001 -17"><span class='ocrx_word' id='word_1_309' title='bbox 181 4118 287 4170; x_wconf 81' lang='lat' dir='ltr'><strong>liam</strong></span> <span class='ocrx_word' id='word_1_310' title='bbox 327 4117 611 4186; x_wconf 71' lang='lat' dir='ltr'><strong>prml&#39;ectus</strong></span> <span class='ocrx_word' id='word_1_311' title='bbox 644 4127 1000 4187; x_wconf 76' lang='lat' dir='ltr'><strong>oppugnatum</strong></span> <span class='ocrx_word' id='word_1_312' title='bbox 1038 4119 1298 4179; x_wconf 81' lang='lat' dir='ltr'><strong>venisset;</strong></span> <span class='ocrx_word' id='word_1_313' title='bbox 1338 4118 1493 4186; x_wconf 85' lang='lat' dir='ltr'><strong>idque</strong></span> <span class='ocrx_word' id='word_1_314' title='bbox 1518 4117 1721 4187; x_wconf 82' lang='lat' dir='ltr'><strong>perspi-</strong></span> 
     </span>
    </p>
   </div>
   <div class='ocr_carea' id='block_1_44' title="bbox 184 4207 1722 4276">
    <p class='ocr_par' dir='ltr' id='par_1_44' title="bbox 184 4207 1722 4276">
     <span class='ocr_line' id='line_1_44' title="bbox 184 4207 1722 4276; baseline 0.002 -15"><span class='ocrx_word' id='word_1_315' title='bbox 184 4210 329 4262; x_wconf 87' lang='lat' dir='ltr'><strong>cimus</strong></span> <span class='ocrx_word' id='word_1_316' title='bbox 360 4222 429 4261; x_wconf 88' lang='lat' dir='ltr'><strong>ex</strong></span> <span class='ocrx_word' id='word_1_317' title='bbox 472 4210 692 4275; x_wconf 78' lang='lat' dir='ltr'><strong>epistola</strong></span> <span class='ocrx_word' id='word_1_318' title='bbox 737 4211 799 4264; x_wconf 81' lang='lat' dir='ltr'><strong>7t</strong></span> <span class='ocrx_word' id='word_1_319' title='bbox 831 4208 1030 4273; x_wconf 87' lang='lat' dir='ltr'><strong>Basilii,</strong></span> <span class='ocrx_word' id='word_1_320' title='bbox 1064 4208 1245 4276; x_wconf 91' lang='lat' dir='ltr'><strong>inqua</strong></span> <span class='ocrx_word' id='word_1_321' title='bbox 1282 4207 1506 4264; x_wconf 80' lang='lat' dir='ltr'><strong>Basilius</strong></span> <span class='ocrx_word' id='word_1_322' title='bbox 1528 4209 1722 4264; x_wconf 87' lang='lat' dir='ltr'><strong>litteris</strong></span> 
     </span>
    </p>
   </div>
   <div class='ocr_carea' id='block_1_45' title="bbox 184 4299 1721 4369">
    <p class='ocr_par' dir='ltr' id='par_1_45' title="bbox 184 4299 1721 4369">
     <span class='ocr_line' id='line_1_45' title="bbox 184 4299 1721 4369; baseline 0.001 -16"><span class='ocrx_word' id='word_1_323' title='bbox 184 4299 403 4369; x_wconf 74' lang='lat' dir='ltr'><strong>Gregorii</strong></span> <span class='ocrx_word' id='word_1_324' title='bbox 441 4300 601 4353; x_wconf 88' lang='lat' dir='ltr'><strong>modo</strong></span> <span class='ocrx_word' id='word_1_325' title='bbox 657 4302 835 4356; x_wconf 82' lang='lat' dir='ltr'><strong>citatis</strong></span> <span class='ocrx_word' id='word_1_326' title='bbox 883 4302 1228 4369; x_wconf 85' lang='lat' dir='ltr'><strong>respondens,</strong></span> <span class='ocrx_word' id='word_1_327' title='bbox 1263 4301 1452 4354; x_wconf 87' lang='lat' dir='ltr'><strong>invitat</strong></span> <span class='ocrx_word' id='word_1_328' title='bbox 1495 4310 1721 4365; x_wconf 84' lang='lat' dir='ltr'><strong>eum,ut</strong></span> 
     </span>
    </p>
   </div>
   <div class='ocr_carea' id='block_1_46' title="bbox 186 4392 1720 4460">
    <p class='ocr_par' dir='ltr' id='par_1_46' title="bbox 186 4392 1720 4460">
     <span class='ocr_line' id='line_1_46' title="bbox 186 4392 1720 4460; baseline 0.003 -18"><span class='ocrx_word' id='word_1_329' title='bbox 186 4392 265 4444; x_wconf 87' lang='lat' dir='ltr'><strong>sibi</strong></span> <span class='ocrx_word' id='word_1_330' title='bbox 296 4393 439 4447; x_wconf 89' lang='lat' dir='ltr'><strong>adsit</strong></span> <span class='ocrx_word' id='word_1_331' title='bbox 472 4392 540 4445; x_wconf 84' lang='lat' dir='ltr'><strong>ad</strong></span> <span class='ocrx_word' id='word_1_332' title='bbox 589 4394 914 4459; x_wconf 89' lang='lat' dir='ltr'><strong>propositum</strong></span> <span class='ocrx_word' id='word_1_333' title='bbox 955 4404 1247 4457; x_wconf 86' lang='lat' dir='ltr'><strong>certamen,</strong></span> <span class='ocrx_word' id='word_1_334' title='bbox 1283 4405 1445 4460; x_wconf 85' lang='lat' dir='ltr'><strong>seque</strong></span> <span class='ocrx_word' id='word_1_335' title='bbox 1492 4393 1720 4458; x_wconf 75' lang='lat' dir='ltr'><strong>ignavize</strong></span> 
     </span>
    </p>
   </div>
   <div class='ocr_carea' id='block_1_47' title="bbox 1802 561 3359 632">
    <p class='ocr_par' dir='ltr' id='par_1_47' title="bbox 1802 561 3359 632">
     <span class='ocr_line' id='line_1_47' title="bbox 1802 561 3359 632; baseline 0 -16"><span class='ocrx_word' id='word_1_336' title='bbox 1802 572 1925 616; x_wconf 88' lang='lat' dir='ltr'><strong>ante</strong></span> <span class='ocrx_word' id='word_1_337' title='bbox 1971 561 2205 616; x_wconf 64' lang='lat' dir='ltr'><strong>haeretici</strong></span> <span class='ocrx_word' id='word_1_338' title='bbox 2264 562 2626 632; x_wconf 78' lang='lat' dir='ltr'><strong>exploratores</strong></span> <span class='ocrx_word' id='word_1_339' title='bbox 2680 561 2945 623; x_wconf 84' lang='lat' dir='ltr'><strong>venirent,</strong></span> <span class='ocrx_word' id='word_1_340' title='bbox 2977 575 3080 614; x_wconf 92' lang='lat' dir='ltr'><strong>non</strong></span> <span class='ocrx_word' id='word_1_341' title='bbox 3130 561 3359 617; x_wconf 83' lang='lat' dir='ltr'><strong>obscura</strong></span> 
     </span>
    </p>
   </div>
   <div class='ocr_carea' id='block_1_48' title="bbox 1801 648 3358 721">
    <p class='ocr_par' dir='ltr' id='par_1_48' title="bbox 1801 648 3358 721">
     <span class='ocr_line' id='line_1_48' title="bbox 1801 648 3358 721; baseline 0 -16"><span class='ocrx_word' id='word_1_342' title='bbox 1801 664 1883 707; x_wconf 86' lang='lat' dir='ltr'><strong>est</strong></span> <span class='ocrx_word' id='word_1_343' title='bbox 1908 653 2061 707; x_wconf 88' lang='lat' dir='ltr'><strong>ratio.</strong></span> <span class='ocrx_word' id='word_1_344' title='bbox 2093 652 2227 707; x_wconf 88' lang='lat' dir='ltr'><strong>Cum</strong></span> <span class='ocrx_word' id='word_1_345' title='bbox 2261 668 2467 708; x_wconf 88' lang='lat' dir='ltr'><strong>summa</strong></span> <span class='ocrx_word' id='word_1_346' title='bbox 2488 661 2633 707; x_wconf 88' lang='lat' dir='ltr'><strong>esset</strong></span> <span class='ocrx_word' id='word_1_347' title='bbox 2657 650 2776 705; x_wconf 81' lang='lat' dir='ltr'><strong>festi</strong></span> <span class='ocrx_word' id='word_1_348' title='bbox 2816 648 2873 703; x_wconf 90' lang='lat' dir='ltr'><strong>S.</strong></span> <span class='ocrx_word' id='word_1_349' title='bbox 2903 650 3179 721; x_wconf 82' lang='lat' dir='ltr'><strong>Eupsycbii</strong></span> <span class='ocrx_word' id='word_1_350' title='bbox 3216 651 3358 706; x_wconf 82' lang='lat' dir='ltr'><strong>cele-</strong></span> 
     </span>
    </p>
   </div>
   <div class='ocr_carea' id='block_1_49' title="bbox 1800 740 3358 811">
    <p class='ocr_par' dir='ltr' id='par_1_49' title="bbox 1800 740 3358 811">
     <span class='ocr_line' id='line_1_49' title="bbox 1800 740 3358 811; baseline -0.001 -13"><span class='ocrx_word' id='word_1_351' title='bbox 1800 742 1989 804; x_wconf 87' lang='lat' dir='ltr'><strong>britas,</strong></span> <span class='ocrx_word' id='word_1_352' title='bbox 2020 756 2083 796; x_wconf 89' lang='lat' dir='ltr'><strong>ac</strong></span> <span class='ocrx_word' id='word_1_353' title='bbox 2113 757 2300 811; x_wconf 89' lang='lat' dir='ltr'><strong>magna</strong></span> <span class='ocrx_word' id='word_1_354' title='bbox 2329 742 2600 796; x_wconf 91' lang='lat' dir='ltr'><strong>hominum</strong></span> <span class='ocrx_word' id='word_1_355' title='bbox 2636 740 2931 807; x_wconf 80' lang='lat' dir='ltr'><strong>frequentia</strong></span> <span class='ocrx_word' id='word_1_356' title='bbox 2966 754 2996 793; x_wconf 93' lang='lat' dir='ltr'><strong>e</strong></span> <span class='ocrx_word' id='word_1_357' title='bbox 3036 740 3229 794; x_wconf 82' lang='lat' dir='ltr'><strong>vicinis</strong></span> <span class='ocrx_word' id='word_1_358' title='bbox 3273 757 3358 797; x_wconf 85' lang='lat' dir='ltr'><strong>re-</strong></span> 
     </span>
    </p>
   </div>
   <div class='ocr_carea' id='block_1_50' title="bbox 1801 831 3354 906">
    <p class='ocr_par' dir='ltr' id='par_1_50' title="bbox 1801 831 3354 906">
     <span class='ocr_line' id='line_1_50' title="bbox 1801 831 3354 906; baseline -0.002 -19"><span class='ocrx_word' id='word_1_359' title='bbox 1801 836 2044 906; x_wconf 88' lang='lat' dir='ltr'><strong>gionibus</strong></span> <span class='ocrx_word' id='word_1_360' title='bbox 2068 834 2335 889; x_wconf 82' lang='lat' dir='ltr'><strong>continere</strong></span> <span class='ocrx_word' id='word_1_361' title='bbox 2355 833 2653 887; x_wconf 73' lang='lat' dir='ltr'><strong>Ctesnream</strong></span> <span class='ocrx_word' id='word_1_362' title='bbox 2697 834 2760 883; x_wconf 89' lang='lat' dir='ltr'><strong>ad</strong></span> <span class='ocrx_word' id='word_1_363' title='bbox 2795 832 2934 883; x_wconf 88' lang='lat' dir='ltr'><strong>hunc</strong></span> <span class='ocrx_word' id='word_1_364' title='bbox 2965 831 3105 884; x_wconf 87' lang='lat' dir='ltr'><strong>diem</strong></span> <span class='ocrx_word' id='word_1_365' title='bbox 3131 832 3354 896; x_wconf 85' lang='lat' dir='ltr'><strong>soleret;</strong></span> 
     </span>
    </p>
   </div>
   <div class='ocr_carea' id='block_1_51' title="bbox 1802 920 3354 998">
    <p class='ocr_par' dir='ltr' id='par_1_51' title="bbox 1802 920 3354 998">
     <span class='ocr_line' id='line_1_51' title="bbox 1802 920 3354 998; baseline -0.005 -16"><span class='ocrx_word' id='word_1_366' title='bbox 1802 927 2207 998; x_wconf 65' lang='lat' dir='ltr'><strong>praeclarissima</strong></span> <span class='ocrx_word' id='word_1_367' title='bbox 2237 935 2354 980; x_wconf 89' lang='lat' dir='ltr'><strong>erat</strong></span> <span class='ocrx_word' id='word_1_368' title='bbox 2377 926 2592 980; x_wconf 86' lang='lat' dir='ltr'><strong>occasio</strong></span> <span class='ocrx_word' id='word_1_369' title='bbox 2621 920 3167 989; x_wconf 85' lang='lat' dir='ltr'><strong>observandiBasilii;</strong></span> <span class='ocrx_word' id='word_1_370' title='bbox 3197 938 3354 991; x_wconf 86' lang='lat' dir='ltr'><strong>quam</strong></span> 
     </span>
    </p>
   </div>
   <div class='ocr_carea' id='block_1_52' title="bbox 1802 1010 3359 1089">
    <p class='ocr_par' dir='ltr' id='par_1_52' title="bbox 1802 1010 3359 1089">
     <span class='ocr_line' id='line_1_52' title="bbox 1802 1010 3359 1089; baseline -0.006 -18"><span class='ocrx_word' id='word_1_371' title='bbox 1802 1019 2013 1089; x_wconf 87' lang='lat' dir='ltr'><strong>quidem</strong></span> <span class='ocrx_word' id='word_1_372' title='bbox 2054 1033 2154 1069; x_wconf 88' lang='lat' dir='ltr'><strong>non</strong></span> <span class='ocrx_word' id='word_1_373' title='bbox 2193 1016 2291 1069; x_wconf 89' lang='lat' dir='ltr'><strong>hoc</strong></span> <span class='ocrx_word' id='word_1_374' title='bbox 2320 1024 2527 1068; x_wconf 89' lang='lat' dir='ltr'><strong>tantum</strong></span> <span class='ocrx_word' id='word_1_375' title='bbox 2558 1030 2697 1067; x_wconf 87' lang='lat' dir='ltr'><strong>anno</strong></span> <span class='ocrx_word' id='word_1_376' title='bbox 2728 1012 3063 1079; x_wconf 83' lang='lat' dir='ltr'><strong>arripuerunt</strong></span> <span class='ocrx_word' id='word_1_377' title='bbox 3098 1010 3359 1073; x_wconf 71' lang='lat' dir='ltr'><strong>haeretici,</strong></span> 
     </span>
    </p>
   </div>
   <div class='ocr_carea' id='block_1_53' title="bbox 1803 1100 3358 1173">
    <p class='ocr_par' dir='ltr' id='par_1_53' title="bbox 1803 1100 3358 1173">
     <span class='ocr_line' id='line_1_53' title="bbox 1803 1100 3358 1173; baseline -0.005 -11"><span class='ocrx_word' id='word_1_378' title='bbox 1803 1109 1895 1163; x_wconf 88' lang='lat' dir='ltr'><strong>sed</strong></span> <span class='ocrx_word' id='word_1_379' title='bbox 1922 1108 2084 1161; x_wconf 91' lang='lat' dir='ltr'><strong>etiam</strong></span> <span class='ocrx_word' id='word_1_380' title='bbox 2109 1120 2250 1160; x_wconf 90' lang='lat' dir='ltr'><strong>anno</strong></span> <span class='ocrx_word' id='word_1_381' title='bbox 2281 1104 2383 1159; x_wconf 73' lang='grc'><strong>574</strong></span> <span class='ocrx_word' id='word_1_382' title='bbox 2413 1124 2425 1159; x_wconf 88' lang='lat'>:</span> <span class='ocrx_word' id='word_1_383' title='bbox 2458 1114 2615 1173; x_wconf 89' lang='lat' dir='ltr'><strong>atque</strong></span> <span class='ocrx_word' id='word_1_384' title='bbox 2650 1104 2786 1156; x_wconf 91' lang='lat' dir='ltr'><strong>haud</strong></span> <span class='ocrx_word' id='word_1_385' title='bbox 2822 1105 2932 1156; x_wconf 89' lang='lat' dir='ltr'><strong>scio</strong></span> <span class='ocrx_word' id='word_1_386' title='bbox 2958 1117 3020 1153; x_wconf 88' lang='lat' dir='ltr'><strong>an</strong></span> <span class='ocrx_word' id='word_1_387' title='bbox 3042 1100 3201 1154; x_wconf 90' lang='lat' dir='ltr'><strong>etiam</strong></span> <span class='ocrx_word' id='word_1_388' title='bbox 3232 1100 3358 1164; x_wconf 79' lang='lat'><strong>375,</strong></span> 
     </span>
    </p>
   </div>
   <div class='ocr_carea' id='block_1_54' title="bbox 1803 1191 3360 1263">
    <p class='ocr_par' dir='ltr' id='par_1_54' title="bbox 1803 1191 3360 1263">
     <span class='ocr_line' id='line_1_54' title="bbox 1803 1191 3360 1263; baseline -0.004 -10"><span class='ocrx_word' id='word_1_389' title='bbox 1803 1210 1859 1253; x_wconf 90' lang='lat' dir='ltr'><strong>ut</strong></span> <span class='ocrx_word' id='word_1_390' title='bbox 1880 1198 2017 1254; x_wconf 83' lang='lat' dir='ltr'><strong>infra</strong></span> <span class='ocrx_word' id='word_1_391' title='bbox 2048 1199 2284 1252; x_wconf 88' lang='lat' dir='ltr'><strong>dicemus</strong></span> <span class='ocrx_word' id='word_1_392' title='bbox 2320 1197 2372 1250; x_wconf 90' lang='lat' dir='ltr'><strong>in</strong></span> <span class='ocrx_word' id='word_1_393' title='bbox 2406 1198 2580 1263; x_wconf 83' lang='lat' dir='ltr'><strong>capite</strong></span> <span class='ocrx_word' id='word_1_394' title='bbox 2610 1196 2900 1248; x_wconf 84' lang='lat' dir='ltr'><strong>tricesimo.</strong></span> <span class='ocrx_word' id='word_1_395' title='bbox 2933 1192 3081 1259; x_wconf 90' lang='lat' dir='ltr'><strong>Quod</strong></span> <span class='ocrx_word' id='word_1_396' title='bbox 3106 1191 3149 1245; x_wconf 90' lang='lat' dir='ltr'><strong>si</strong></span> <span class='ocrx_word' id='word_1_397' title='bbox 3187 1192 3360 1246; x_wconf 76' lang='lat' dir='ltr'><strong>luere-</strong></span> 
     </span>
    </p>
   </div>
   <div class='ocr_carea' id='block_1_55' title="bbox 1805 1283 3356 1357">
    <p class='ocr_par' dir='ltr' id='par_1_55' title="bbox 1805 1283 3356 1357">
     <span class='ocr_line' id='line_1_55' title="bbox 1805 1283 3356 1357; baseline -0.005 -13"><span class='ocrx_word' id='word_1_398' title='bbox 1805 1290 1894 1345; x_wconf 88' lang='lat' dir='ltr'><strong>tici</strong></span> <span class='ocrx_word' id='word_1_399' title='bbox 1934 1305 2077 1344; x_wconf 86' lang='lat' dir='ltr'><strong>anno</strong></span> <span class='ocrx_word' id='word_1_400' title='bbox 2132 1289 2257 1356; x_wconf 70' lang='lat'><strong>574,</strong></span> <span class='ocrx_word' id='word_1_401' title='bbox 2288 1304 2395 1357; x_wconf 85' lang='lat' dir='ltr'><strong>quo</strong></span> <span class='ocrx_word' id='word_1_402' title='bbox 2447 1286 2644 1341; x_wconf 83' lang='lat' dir='ltr'><strong>Valens</strong></span> <span class='ocrx_word' id='word_1_403' title='bbox 2680 1289 2730 1339; x_wconf 92' lang='lat' dir='ltr'><strong>in</strong></span> <span class='ocrx_word' id='word_1_404' title='bbox 2769 1284 2987 1341; x_wconf 88' lang='lat' dir='ltr'><strong>Oriente</strong></span> <span class='ocrx_word' id='word_1_405' title='bbox 3026 1283 3356 1349; x_wconf 78' lang='lat' dir='ltr'><strong>versabatur,</strong></span> 
     </span>
    </p>
   </div>
   <div class='ocr_carea' id='block_1_56' title="bbox 1803 1375 3356 1446">
    <p class='ocr_par' dir='ltr' id='par_1_56' title="bbox 1803 1375 3356 1446">
     <span class='ocr_line' id='line_1_56' title="bbox 1803 1375 3356 1446; baseline -0.006 -8"><span class='ocrx_word' id='word_1_406' title='bbox 1803 1383 2097 1438; x_wconf 75' lang='lat' dir='ltr'><strong>Caesaream</strong></span> <span class='ocrx_word' id='word_1_407' title='bbox 2132 1381 2198 1435; x_wconf 92' lang='lat' dir='ltr'><strong>ad</strong></span> <span class='ocrx_word' id='word_1_408' title='bbox 2249 1381 2389 1434; x_wconf 89' lang='lat' dir='ltr'><strong>diem</strong></span> <span class='ocrx_word' id='word_1_409' title='bbox 2443 1380 2636 1433; x_wconf 80' lang='lat' dir='ltr'><strong>festum</strong></span> <span class='ocrx_word' id='word_1_410' title='bbox 2663 1377 2718 1431; x_wconf 91' lang='lat' dir='ltr'><strong>S.</strong></span> <span class='ocrx_word' id='word_1_411' title='bbox 2753 1375 3040 1446; x_wconf 74' lang='lat' dir='ltr'><strong>Eupsyrhii</strong></span> <span class='ocrx_word' id='word_1_412' title='bbox 3077 1386 3356 1441; x_wconf 87' lang='lat' dir='ltr'><strong>venerunt,</strong></span> 
     </span>
    </p>
   </div>
   <div class='ocr_carea' id='block_1_57' title="bbox 1803 1470 3359 1536">
    <p class='ocr_par' dir='ltr' id='par_1_57' title="bbox 1803 1470 3359 1536">
     <span class='ocr_line' id='line_1_57' title="bbox 1803 1470 3359 1536; baseline -0.003 -6"><span class='ocrx_word' id='word_1_413' title='bbox 1803 1486 1860 1530; x_wconf 92' lang='lat' dir='ltr'><strong>ut</strong></span> <span class='ocrx_word' id='word_1_414' title='bbox 1889 1474 2141 1529; x_wconf 85' lang='lat' dir='ltr'><strong>Basilinm</strong></span> <span class='ocrx_word' id='word_1_415' title='bbox 2180 1476 2550 1536; x_wconf 87' lang='lat' dir='ltr'><strong>observarent,</strong></span> <span class='ocrx_word' id='word_1_416' title='bbox 2595 1471 2763 1523; x_wconf 89' lang='lat' dir='ltr'><strong>multo</strong></span> <span class='ocrx_word' id='word_1_417' title='bbox 2812 1470 2860 1521; x_wconf 90' lang='lat' dir='ltr'><strong>id</strong></span> <span class='ocrx_word' id='word_1_418' title='bbox 2897 1472 3070 1526; x_wconf 91' lang='lat' dir='ltr'><strong>minus</strong></span> <span class='ocrx_word' id='word_1_419' title='bbox 3112 1471 3359 1525; x_wconf 86' lang='lat' dir='ltr'><strong>omittere</strong></span> 
     </span>
    </p>
   </div>
   <div class='ocr_carea' id='block_1_58' title="bbox 1805 1558 3361 1624">
    <p class='ocr_par' dir='ltr' id='par_1_58' title="bbox 1805 1558 3361 1624">
     <span class='ocr_line' id='line_1_58' title="bbox 1805 1558 3361 1624; baseline -0.004 -5"><span class='ocrx_word' id='word_1_420' title='bbox 1805 1565 1905 1619; x_wconf 92' lang='lat' dir='ltr'><strong>hoc</strong></span> <span class='ocrx_word' id='word_1_421' title='bbox 1928 1578 2069 1617; x_wconf 82' lang='lat' dir='ltr'><strong>anno</strong></span> <span class='ocrx_word' id='word_1_422' title='bbox 2094 1563 2191 1617; x_wconf 78' lang='lat' dir='ltr'><strong>37l</strong></span> <span class='ocrx_word' id='word_1_423' title='bbox 2243 1562 2560 1624; x_wconf 87' lang='lat' dir='ltr'><strong>delmernnt,</strong></span> <span class='ocrx_word' id='word_1_424' title='bbox 2608 1575 2728 1613; x_wconf 91' lang='lat' dir='ltr'><strong>cum</strong></span> <span class='ocrx_word' id='word_1_425' title='bbox 2772 1558 2950 1612; x_wconf 69' lang='lat' dir='ltr'><strong>Basilii</strong></span> <span class='ocrx_word' id='word_1_426' title='bbox 3000 1560 3361 1615; x_wconf 87' lang='lat' dir='ltr'><strong>accnsandiet</strong></span> 
     </span>
    </p>
   </div>
   <div class='ocr_carea' id='block_1_59' title="bbox 1803 1651 3359 1723">
    <p class='ocr_par' dir='ltr' id='par_1_59' title="bbox 1803 1651 3359 1723">
     <span class='ocr_line' id='line_1_59' title="bbox 1803 1651 3359 1723; baseline -0.002 -14"><span class='ocrx_word' id='word_1_427' title='bbox 1803 1656 2042 1721; x_wconf 84' lang='lat' dir='ltr'><strong>cjicicndi</strong></span> <span class='ocrx_word' id='word_1_428' title='bbox 2070 1656 2275 1723; x_wconf 90' lang='lat' dir='ltr'><strong>copiam</strong></span> <span class='ocrx_word' id='word_1_429' title='bbox 2305 1656 2457 1708; x_wconf 90' lang='lat' dir='ltr'><strong>daret</strong></span> <span class='ocrx_word' id='word_1_430' title='bbox 2499 1652 2833 1723; x_wconf 85' lang='lat' dir='ltr'><strong>imperatoris</strong></span> <span class='ocrx_word' id='word_1_431' title='bbox 2858 1652 2908 1705; x_wconf 96' lang='lat' dir='ltr'><strong>in</strong></span> <span class='ocrx_word' id='word_1_432' title='bbox 2934 1651 3157 1706; x_wconf 85' lang='lat' dir='ltr'><strong>linititna</strong></span> <span class='ocrx_word' id='word_1_433' title='bbox 3182 1652 3359 1723; x_wconf 86' lang='lat' dir='ltr'><strong>aliqua</strong></span> 
     </span>
    </p>
   </div>
   <div class='ocr_carea' id='block_1_60' title="bbox 1804 1743 2727 1815">
    <p class='ocr_par' dir='ltr' id='par_1_60' title="bbox 1804 1743 2727 1815">
     <span class='ocr_line' id='line_1_60' title="bbox 1804 1743 2727 1815; baseline -0.008 -14"><span class='ocrx_word' id='word_1_434' title='bbox 1804 1747 2021 1815; x_wconf 79' lang='lat' dir='ltr'><strong>regione</strong></span> <span class='ocrx_word' id='word_1_435' title='bbox 2044 1744 2430 1799; x_wconf 88' lang='lat' dir='ltr'><strong>commorantis</strong></span> <span class='ocrx_word' id='word_1_436' title='bbox 2460 1743 2727 1797; x_wconf 87' lang='lat' dir='ltr'><strong>vicinitas.</strong></span> 
     </span>
    </p>
   </div>
   <div class='ocr_carea' id='block_1_61' title="bbox 1877 1833 3363 1905">
    <p class='ocr_par' dir='ltr' id='par_1_61' title="bbox 1877 1833 3363 1905">
     <span class='ocr_line' id='line_1_61' title="bbox 1877 1833 3363 1905; baseline -0.001 -14"><span class='ocrx_word' id='word_1_437' title='bbox 1877 1837 1939 1891; x_wconf 91' lang='lat' dir='ltr'><strong>ll.</strong></span> <span class='ocrx_word' id='word_1_438' title='bbox 1974 1838 2238 1905; x_wconf 83' lang='lat' dir='ltr'><strong>Denegata</strong></span> <span class='ocrx_word' id='word_1_439' title='bbox 2278 1835 2499 1905; x_wconf 85' lang='lat' dir='ltr'><strong>Euippio</strong></span> <span class='ocrx_word' id='word_1_440' title='bbox 2525 1834 2747 1902; x_wconf 82' lang='lat' dir='ltr'><strong>ejusque</strong></span> <span class='ocrx_word' id='word_1_441' title='bbox 2772 1833 3033 1889; x_wconf 83' lang='lat' dir='ltr'><strong>similibus</strong></span> <span class='ocrx_word' id='word_1_442' title='bbox 3058 1833 3363 1890; x_wconf 89' lang='lat' dir='ltr'><strong>communio</strong></span> 
     </span>
    </p>
   </div>
   <div class='ocr_carea' id='block_1_62' title="bbox 1810 1925 3363 1996">
    <p class='ocr_par' dir='ltr' id='par_1_62' title="bbox 1810 1925 3363 1996">
     <span class='ocr_line' id='line_1_62' title="bbox 1810 1925 3363 1996; baseline -0.004 -11"><span class='ocrx_word' id='word_1_443' title='bbox 1810 1929 2141 1985; x_wconf 82' lang='lat' dir='ltr'><strong>stomachum</strong></span> <span class='ocrx_word' id='word_1_444' title='bbox 2173 1928 2390 1981; x_wconf 69' lang='lat' dir='ltr'><strong>haeresis</strong></span> <span class='ocrx_word' id='word_1_445' title='bbox 2422 1928 2659 1996; x_wconf 84' lang='lat' dir='ltr'><strong>patronis</strong></span> <span class='ocrx_word' id='word_1_446' title='bbox 2695 1925 2873 1980; x_wconf 79' lang='lat' dir='ltr'><strong>facere</strong></span> <span class='ocrx_word' id='word_1_447' title='bbox 2899 1927 3098 1980; x_wconf 86' lang='lat' dir='ltr'><strong>debuit.</strong></span> <span class='ocrx_word' id='word_1_448' title='bbox 3132 1926 3234 1981; x_wconf 84' lang='lat' dir='ltr'><strong>Sed</strong></span> <span class='ocrx_word' id='word_1_449' title='bbox 3280 1934 3363 1980; x_wconf 84' lang='lat' dir='ltr'><strong>ta-</strong></span> 
     </span>
    </p>
   </div>
   <div class='ocr_carea' id='block_1_63' title="bbox 1808 2018 3363 2090">
    <p class='ocr_par' dir='ltr' id='par_1_63' title="bbox 1808 2018 3363 2090">
     <span class='ocr_line' id='line_1_63' title="bbox 1808 2018 3363 2090; baseline -0.003 -14"><span class='ocrx_word' id='word_1_450' title='bbox 1808 2038 1928 2077; x_wconf 87' lang='lat' dir='ltr'><strong>men</strong></span> <span class='ocrx_word' id='word_1_451' title='bbox 1961 2022 2186 2090; x_wconf 90' lang='lat' dir='ltr'><strong>spatium</strong></span> <span class='ocrx_word' id='word_1_452' title='bbox 2221 2021 2436 2076; x_wconf 90' lang='lat' dir='ltr'><strong>interim</strong></span> <span class='ocrx_word' id='word_1_453' title='bbox 2478 2020 2662 2074; x_wconf 91' lang='lat' dir='ltr'><strong>habuit</strong></span> <span class='ocrx_word' id='word_1_454' title='bbox 2697 2018 2922 2073; x_wconf 86' lang='lat' dir='ltr'><strong>Basilius</strong></span> <span class='ocrx_word' id='word_1_455' title='bbox 2955 2019 3161 2073; x_wconf 90' lang='lat' dir='ltr'><strong>itineris</strong></span> <span class='ocrx_word' id='word_1_456' title='bbox 3194 2018 3363 2073; x_wconf 89' lang='lat' dir='ltr'><strong>alicu-</strong></span> 
     </span>
    </p>
   </div>
   <div class='ocr_carea' id='block_1_64' title="bbox 1803 2113 3364 2184">
    <p class='ocr_par' dir='ltr' id='par_1_64' title="bbox 1803 2113 3364 2184">
     <span class='ocr_line' id='line_1_64' title="bbox 1803 2113 3364 2184; baseline 0 -19"><span class='ocrx_word' id='word_1_457' title='bbox 1803 2114 1891 2184; x_wconf 85' lang='lat' dir='ltr'><strong>jus</strong></span> <span class='ocrx_word' id='word_1_458' title='bbox 1918 2113 2248 2177; x_wconf 82' lang='lat' dir='ltr'><strong>conﬁciendi,</strong></span> <span class='ocrx_word' id='word_1_459' title='bbox 2281 2128 2347 2166; x_wconf 86' lang='lat' dir='ltr'><strong>cx</strong></span> <span class='ocrx_word' id='word_1_460' title='bbox 2392 2127 2498 2182; x_wconf 88' lang='lat' dir='ltr'><strong>quo</strong></span> <span class='ocrx_word' id='word_1_461' title='bbox 2540 2129 2660 2167; x_wconf 89' lang='lat' dir='ltr'><strong>eum</strong></span> <span class='ocrx_word' id='word_1_462' title='bbox 2702 2113 2881 2167; x_wconf 86' lang='lat' dir='ltr'><strong>alllicti</strong></span> <span class='ocrx_word' id='word_1_463' title='bbox 2929 2113 3099 2175; x_wconf 87' lang='lat' dir='ltr'><strong>cives,</strong></span> <span class='ocrx_word' id='word_1_464' title='bbox 3124 2119 3181 2165; x_wconf 89' lang='lat' dir='ltr'><strong>ut</strong></span> <span class='ocrx_word' id='word_1_465' title='bbox 3203 2126 3364 2181; x_wconf 87' lang='lat' dir='ltr'><strong>supra</strong></span> 
     </span>
    </p>
   </div>
   <div class='ocr_carea' id='block_1_65' title="bbox 1810 2203 3363 2274">
    <p class='ocr_par' dir='ltr' id='par_1_65' title="bbox 1810 2203 3363 2274">
     <span class='ocr_line' id='line_1_65' title="bbox 1810 2203 3363 2274; baseline -0.002 -13"><span class='ocrx_word' id='word_1_466' title='bbox 1810 2208 2058 2273; x_wconf 76' lang='lat' dir='ltr'><strong>diximus,</strong></span> <span class='ocrx_word' id='word_1_467' title='bbox 2097 2208 2326 2260; x_wconf 80' lang='lat' dir='ltr'><strong>instante</strong></span> <span class='ocrx_word' id='word_1_468' title='bbox 2360 2206 2534 2260; x_wconf 89' lang='lat' dir='ltr'><strong>hieme</strong></span> <span class='ocrx_word' id='word_1_469' title='bbox 2567 2220 2661 2273; x_wconf 90' lang='lat' dir='ltr'><strong>per</strong></span> <span class='ocrx_word' id='word_1_470' title='bbox 2682 2205 2888 2259; x_wconf 90' lang='lat' dir='ltr'><strong>litteras</strong></span> <span class='ocrx_word' id='word_1_471' title='bbox 2920 2212 3241 2260; x_wconf 87' lang='lat' dir='ltr'><strong>revocarunt</strong></span> <span class='ocrx_word' id='word_1_472' title='bbox 3264 2203 3363 2274; x_wconf 77' lang='grc' dir='ltr'><strong>(ά).</strong></span> 
     </span>
    </p>
   </div>
   <div class='ocr_carea' id='block_1_66' title="bbox 1810 2296 3361 2367">
    <p class='ocr_par' dir='ltr' id='par_1_66' title="bbox 1810 2296 3361 2367">
     <span class='ocr_line' id='line_1_66' title="bbox 1810 2296 3361 2367; baseline -0.002 -14"><span class='ocrx_word' id='word_1_473' title='bbox 1810 2298 1925 2353; x_wconf 75' lang='lat' dir='ltr'><strong>Non</strong></span> <span class='ocrx_word' id='word_1_474' title='bbox 1952 2300 2119 2353; x_wconf 88' lang='lat' dir='ltr'><strong>multo</strong></span> <span class='ocrx_word' id='word_1_475' title='bbox 2142 2310 2260 2367; x_wconf 88' lang='lat' dir='ltr'><strong>post</strong></span> <span class='ocrx_word' id='word_1_476' title='bbox 2291 2299 2468 2367; x_wconf 90' lang='lat' dir='ltr'><strong>erupit</strong></span> <span class='ocrx_word' id='word_1_477' title='bbox 2509 2297 2560 2351; x_wconf 91' lang='lat' dir='ltr'><strong>in</strong></span> <span class='ocrx_word' id='word_1_478' title='bbox 2596 2297 2849 2351; x_wconf 85' lang='lat' dir='ltr'><strong>Basilium</strong></span> <span class='ocrx_word' id='word_1_479' title='bbox 2886 2298 3212 2366; x_wconf 87' lang='lat' dir='ltr'><strong>persecutio.</strong></span> <span class='ocrx_word' id='word_1_480' title='bbox 3249 2296 3361 2351; x_wconf 82' lang='lat' dir='ltr'><strong>Non</strong></span> 
     </span>
    </p>
   </div>
   <div class='ocr_carea' id='block_1_67' title="bbox 1810 2389 3371 2465">
    <p class='ocr_par' dir='ltr' id='par_1_67' title="bbox 1810 2389 3371 2465">
     <span class='ocr_line' id='line_1_67' title="bbox 1810 2389 3371 2465; baseline -0.003 -21"><span class='ocrx_word' id='word_1_481' title='bbox 1810 2406 1917 2444; x_wconf 89' lang='lat' dir='ltr'><strong>uno</strong></span> <span class='ocrx_word' id='word_1_482' title='bbox 1941 2401 2113 2443; x_wconf 89' lang='lat' dir='ltr'><strong>autem</strong></span> <span class='ocrx_word' id='word_1_483' title='bbox 2171 2389 2546 2465; x_wconf 86' lang='lat' dir='ltr'><strong>impugnarunt</strong></span> <span class='ocrx_word' id='word_1_484' title='bbox 2581 2390 2759 2450; x_wconf 88' lang='lat' dir='ltr'><strong>modo,</strong></span> <span class='ocrx_word' id='word_1_485' title='bbox 2806 2402 2979 2457; x_wconf 89' lang='lat' dir='ltr'><strong>neque</strong></span> <span class='ocrx_word' id='word_1_486' title='bbox 3019 2402 3121 2441; x_wconf 86' lang='lat' dir='ltr'><strong>una</strong></span> <span class='ocrx_word' id='word_1_487' title='bbox 3158 2402 3371 2456; x_wconf 84' lang='lat' dir='ltr'><strong>aggres-</strong></span> 
     </span>
    </p>
   </div>
   <div class='ocr_carea' id='block_1_68' title="bbox 1812 2480 3362 2549">
    <p class='ocr_par' dir='ltr' id='par_1_68' title="bbox 1812 2480 3362 2549">
     <span class='ocr_line' id='line_1_68' title="bbox 1812 2480 3362 2549; baseline -0.001 -14"><span class='ocrx_word' id='word_1_488' title='bbox 1812 2484 1978 2536; x_wconf 89' lang='lat' dir='ltr'><strong>sione.</strong></span> <span class='ocrx_word' id='word_1_489' title='bbox 2003 2482 2238 2535; x_wconf 80' lang='lat' dir='ltr'><strong>Adhibiti</strong></span> <span class='ocrx_word' id='word_1_490' title='bbox 2293 2480 2544 2543; x_wconf 85' lang='lat' dir='ltr'><strong>insnltus,</strong></span> <span class='ocrx_word' id='word_1_491' title='bbox 2601 2480 3015 2549; x_wconf 77' lang='lat' dir='ltr'><strong>pollicitationes</strong></span> <span class='ocrx_word' id='word_1_492' title='bbox 3075 2488 3130 2533; x_wconf 87' lang='lat' dir='ltr'><strong>et</strong></span> <span class='ocrx_word' id='word_1_493' title='bbox 3185 2480 3362 2534; x_wconf 78' lang='lat' dir='ltr'><strong>milite.</strong></span> 
     </span>
    </p>
   </div>
   <div class='ocr_carea' id='block_1_69' title="bbox 1813 2570 3369 2640">
    <p class='ocr_par' dir='ltr' id='par_1_69' title="bbox 1813 2570 3369 2640">
     <span class='ocr_line' id='line_1_69' title="bbox 1813 2570 3369 2640; baseline -0.006 -10"><span class='ocrx_word' id='word_1_494' title='bbox 1813 2573 1955 2630; x_wconf 66' lang='lat' dir='ltr'><strong>Missi</strong></span> <span class='ocrx_word' id='word_1_495' title='bbox 1986 2590 2049 2627; x_wconf 83' lang='lat' dir='ltr'><strong>cx</strong></span> <span class='ocrx_word' id='word_1_496' title='bbox 2079 2572 2317 2640; x_wconf 87' lang='lat' dir='ltr'><strong>jndicnm</strong></span> <span class='ocrx_word' id='word_1_497' title='bbox 2354 2572 2559 2635; x_wconf 86' lang='lat' dir='ltr'><strong>ordine,</strong></span> <span class='ocrx_word' id='word_1_498' title='bbox 2591 2587 2656 2625; x_wconf 83' lang='lat' dir='ltr'><strong>ex</strong></span> <span class='ocrx_word' id='word_1_499' title='bbox 2706 2570 2943 2635; x_wconf 90' lang='lat' dir='ltr'><strong>militari,</strong></span> <span class='ocrx_word' id='word_1_500' title='bbox 2993 2584 3058 2622; x_wconf 82' lang='lat' dir='ltr'><strong>ex</strong></span> <span class='ocrx_word' id='word_1_501' title='bbox 3107 2584 3369 2638; x_wconf 63' lang='lat' dir='ltr'><strong>gynaeca&#39;e</strong></span> 
     </span>
    </p>
   </div>
   <div class='ocr_carea' id='block_1_70' title="bbox 1813 2658 3369 2733">
    <p class='ocr_par' dir='ltr' id='par_1_70' title="bbox 1813 2658 3369 2733">
     <span class='ocr_line' id='line_1_70' title="bbox 1813 2658 3369 2733; baseline -0.006 -10"><span class='ocrx_word' id='word_1_502' title='bbox 1813 2670 1971 2723; x_wconf 89' lang='lat' dir='ltr'><strong>etiam</strong></span> <span class='ocrx_word' id='word_1_503' title='bbox 1995 2667 2248 2727; x_wconf 84' lang='lat' dir='ltr'><strong>eunuchi,</strong></span> <span class='ocrx_word' id='word_1_504' title='bbox 2283 2666 2372 2733; x_wconf 90' lang='lat' dir='ltr'><strong>qtti</strong></span> <span class='ocrx_word' id='word_1_505' title='bbox 2406 2682 2527 2719; x_wconf 88' lang='lat' dir='ltr'><strong>etttn</strong></span> <span class='ocrx_word' id='word_1_506' title='bbox 2560 2665 2774 2717; x_wconf 85' lang='lat' dir='ltr'><strong>ﬂectere</strong></span> <span class='ocrx_word' id='word_1_507' title='bbox 2803 2674 3141 2717; x_wconf 86' lang='lat' dir='ltr'><strong>conarentur.</strong></span> <span class='ocrx_word' id='word_1_508' title='bbox 3176 2658 3369 2715; x_wconf 78' lang='lat' dir='ltr'><strong>Missus</strong></span> 
     </span>
    </p>
   </div>
   <div class='ocr_carea' id='block_1_71' title="bbox 1814 2754 3369 2823">
    <p class='ocr_par' dir='ltr' id='par_1_71' title="bbox 1814 2754 3369 2823">
     <span class='ocr_line' id='line_1_71' title="bbox 1814 2754 3369 2823; baseline -0.005 -11"><span class='ocrx_word' id='word_1_509' title='bbox 1814 2759 1977 2813; x_wconf 86' lang='lat' dir='ltr'><strong>etiam</strong></span> <span class='ocrx_word' id='word_1_510' title='bbox 2030 2756 2116 2809; x_wconf 91' lang='lat' dir='ltr'><strong>ille</strong></span> <span class='ocrx_word' id='word_1_511' title='bbox 2160 2756 2533 2818; x_wconf 74' lang='lat' dir='ltr'><strong>Nabuzardan,</strong></span> <span class='ocrx_word' id='word_1_512' title='bbox 2582 2769 2872 2821; x_wconf 88' lang='lat' dir='ltr'><strong>coquorutn</strong></span> <span class='ocrx_word' id='word_1_513' title='bbox 2912 2754 3251 2823; x_wconf 58' lang='lat' dir='ltr'><strong>praepositus.</strong></span> <span class='ocrx_word' id='word_1_514' title='bbox 3280 2768 3369 2805; x_wconf 89' lang='lat' dir='ltr'><strong>ar-</strong></span> 
     </span>
    </p>
   </div>
   <div class='ocr_carea' id='block_1_72' title="bbox 1817 2841 3372 2914">
    <p class='ocr_par' dir='ltr' id='par_1_72' title="bbox 1817 2841 3372 2914">
     <span class='ocr_line' id='line_1_72' title="bbox 1817 2841 3372 2914; baseline -0.006 -12"><span class='ocrx_word' id='word_1_515' title='bbox 1817 2850 1882 2902; x_wconf 89' lang='lat' dir='ltr'><strong>tis</strong></span> <span class='ocrx_word' id='word_1_516' title='bbox 1914 2862 2022 2901; x_wconf 76' lang='lat' dir='ltr'><strong>suze</strong></span> <span class='ocrx_word' id='word_1_517' title='bbox 2059 2845 2263 2914; x_wconf 84' lang='lat' dir='ltr'><strong>gladios</strong></span> <span class='ocrx_word' id='word_1_518' title='bbox 2302 2844 2574 2896; x_wconf 86' lang='lat' dir='ltr'><strong>minitans.</strong></span> <span class='ocrx_word' id='word_1_519' title='bbox 2624 2842 2727 2895; x_wconf 88' lang='lat' dir='ltr'><strong>Sed</strong></span> <span class='ocrx_word' id='word_1_520' title='bbox 2756 2843 2860 2895; x_wconf 91' lang='lat' dir='ltr'><strong>duo</strong></span> <span class='ocrx_word' id='word_1_521' title='bbox 2890 2841 3153 2910; x_wconf 67' lang='lat' dir='ltr'><strong>praecipue</strong></span> <span class='ocrx_word' id='word_1_522' title='bbox 3196 2850 3372 2894; x_wconf 52' lang='lat' dir='ltr'><strong>certam</strong></span> 
     </span>
    </p>
   </div>
   <div class='ocr_carea' id='block_1_73' title="bbox 1814 2929 3373 3002">
    <p class='ocr_par' dir='ltr' id='par_1_73' title="bbox 1814 2929 3373 3002">
     <span class='ocr_line' id='line_1_73' title="bbox 1814 2929 3373 3002; baseline -0.006 -10"><span class='ocrx_word' id='word_1_523' title='bbox 1814 2939 1958 2992; x_wconf 86' lang='lat' dir='ltr'><strong>mina</strong></span> <span class='ocrx_word' id='word_1_524' title='bbox 1995 2944 2381 3001; x_wconf 86' lang='lat' dir='ltr'><strong>memorantur,</strong></span> <span class='ocrx_word' id='word_1_525' title='bbox 2412 2949 2640 3002; x_wconf 88' lang='lat' dir='ltr'><strong>quorum</strong></span> <span class='ocrx_word' id='word_1_526' title='bbox 2674 2933 2899 2987; x_wconf 76' lang='lat' dir='ltr'><strong>alterum</strong></span> <span class='ocrx_word' id='word_1_527' title='bbox 2932 2948 2961 2986; x_wconf 86' lang='lat' dir='ltr'><strong>a</strong></span> <span class='ocrx_word' id='word_1_528' title='bbox 2988 2931 3245 3002; x_wconf 77' lang='lat' dir='ltr'><strong>Gregorio</strong></span> <span class='ocrx_word' id='word_1_529' title='bbox 3269 2929 3373 2984; x_wconf 78' lang='lat' dir='ltr'><strong>Na-</strong></span> 
     </span>
    </p>
   </div>
   <div class='ocr_carea' id='block_1_74' title="bbox 1817 3022 3373 3097">
    <p class='ocr_par' dir='ltr' id='par_1_74' title="bbox 1817 3022 3373 3097">
     <span class='ocr_line' id='line_1_74' title="bbox 1817 3022 3373 3097; baseline -0.004 -13"><span class='ocrx_word' id='word_1_530' title='bbox 1817 3031 2073 3085; x_wconf 82' lang='lat' dir='ltr'><strong>zianzeno</strong></span> <span class='ocrx_word' id='word_1_531' title='bbox 2116 3028 2366 3090; x_wconf 75' lang='lat' dir='ltr'><strong>refertur,</strong></span> <span class='ocrx_word' id='word_1_532' title='bbox 2403 3037 2690 3097; x_wconf 89' lang='lat' dir='ltr'><strong>utrumque</strong></span> <span class='ocrx_word' id='word_1_533' title='bbox 2724 3043 2756 3081; x_wconf 84' lang='lat' dir='ltr'><strong>a</strong></span> <span class='ocrx_word' id='word_1_534' title='bbox 2802 3025 3064 3095; x_wconf 74' lang='lat' dir='ltr'><strong>Nysseno.</strong></span> <span class='ocrx_word' id='word_1_535' title='bbox 3100 3022 3191 3079; x_wconf 90' lang='lat' dir='ltr'><strong>Sic</strong></span> <span class='ocrx_word' id='word_1_536' title='bbox 3214 3023 3373 3094; x_wconf 84' lang='lat' dir='ltr'><strong>igitur</strong></span> 
     </span>
    </p>
   </div>
   <div class='ocr_carea' id='block_1_75' title="bbox 1817 3118 2533 3190">
    <p class='ocr_par' dir='ltr' id='par_1_75' title="bbox 1817 3118 2533 3190">
     <span class='ocr_line' id='line_1_75' title="bbox 1817 3118 2533 3190; baseline -0.006 -15"><span class='ocrx_word' id='word_1_537' title='bbox 1817 3135 1882 3175; x_wconf 82' lang='lat' dir='ltr'><strong>ex</strong></span> <span class='ocrx_word' id='word_1_538' title='bbox 1916 3118 2154 3190; x_wconf 81' lang='lat' dir='ltr'><strong>Nysseno</strong></span> <span class='ocrx_word' id='word_1_539' title='bbox 2180 3128 2326 3187; x_wconf 77' lang='lat' dir='ltr'><strong>gesta</strong></span> <span class='ocrx_word' id='word_1_540' title='bbox 2352 3133 2438 3171; x_wconf 85' lang='lat' dir='ltr'><strong>res</strong></span> <span class='ocrx_word' id='word_1_541' title='bbox 2455 3126 2533 3171; x_wconf 77' lang='lat' dir='ltr'><strong>es&#39;</strong></span> 
     </span>
    </p>
   </div>
   <div class='ocr_carea' id='block_1_76' title="bbox 1886 3202 3373 3281">
    <p class='ocr_par' dir='ltr' id='par_1_76' title="bbox 1886 3202 3373 3281">
     <span class='ocr_line' id='line_1_76' title="bbox 1886 3202 3373 3281; baseline -0.006 -17"><span class='ocrx_word' id='word_1_542' title='bbox 1886 3210 1955 3281; x_wconf 86' lang='lat' dir='ltr'><strong>(e)</strong></span> <span class='ocrx_word' id='word_1_543' title='bbox 1986 3212 2243 3263; x_wconf 75' lang='lat' dir='ltr'><strong>Auctores</strong></span> <span class='ocrx_word' id='word_1_544' title='bbox 2294 3209 2534 3261; x_wconf 90' lang='lat' dir='ltr'><strong>nonnulli</strong></span> <span class='ocrx_word' id='word_1_545' title='bbox 2589 3216 2745 3261; x_wconf 91' lang='lat' dir='ltr'><strong>erant</strong></span> <span class='ocrx_word' id='word_1_546' title='bbox 2805 3205 3019 3268; x_wconf 87' lang='lat' dir='ltr'><strong>Basilio,</strong></span> <span class='ocrx_word' id='word_1_547' title='bbox 3048 3213 3104 3257; x_wconf 89' lang='lat' dir='ltr'><strong>ut</strong></span> <span class='ocrx_word' id='word_1_548' title='bbox 3146 3202 3373 3271; x_wconf 81' lang='lat' dir='ltr'><strong>tempori</strong></span> 
     </span>
    </p>
   </div>
   <div class='ocr_carea' id='block_1_77' title="bbox 1816 3294 3375 3370">
    <p class='ocr_par' dir='ltr' id='par_1_77' title="bbox 1816 3294 3375 3370">
     <span class='ocr_line' id='line_1_77' title="bbox 1816 3294 3375 3370; baseline -0.004 -16"><span class='ocrx_word' id='word_1_549' title='bbox 1816 3302 1990 3370; x_wconf 90' lang='lat' dir='ltr'><strong>potius</strong></span> <span class='ocrx_word' id='word_1_550' title='bbox 2019 3300 2252 3361; x_wconf 89' lang='lat' dir='ltr'><strong>cederet,</strong></span> <span class='ocrx_word' id='word_1_551' title='bbox 2276 3314 2434 3365; x_wconf 88' lang='lat' dir='ltr'><strong>quam</strong></span> <span class='ocrx_word' id='word_1_552' title='bbox 2478 3313 2598 3351; x_wconf 87' lang='lat' dir='ltr'><strong>cum</strong></span> <span class='ocrx_word' id='word_1_553' title='bbox 2644 3296 2961 3349; x_wconf 87' lang='lat' dir='ltr'><strong>adversariis</strong></span> <span class='ocrx_word' id='word_1_554' title='bbox 3003 3304 3109 3349; x_wconf 87' lang='lat' dir='ltr'><strong>tam</strong></span> <span class='ocrx_word' id='word_1_555' title='bbox 3137 3294 3375 3347; x_wconf 84' lang='lat' dir='ltr'><strong>cruentis</strong></span> 
     </span>
    </p>
   </div>
   <div class='ocr_carea' id='block_1_78' title="bbox 1816 3386 3379 3457">
    <p class='ocr_par' dir='ltr' id='par_1_78' title="bbox 1816 3386 3379 3457">
     <span class='ocr_line' id='line_1_78' title="bbox 1816 3386 3379 3457; baseline -0.006 -12"><span class='ocrx_word' id='word_1_556' title='bbox 1816 3389 2233 3445; x_wconf 83' lang='lat' dir='ltr'><strong>conﬂictaretur.</strong></span> <span class='ocrx_word' id='word_1_557' title='bbox 2253 3387 2356 3443; x_wconf 91' lang='lat' dir='ltr'><strong>Sed</strong></span> <span class='ocrx_word' id='word_1_558' title='bbox 2386 3389 2645 3457; x_wconf 81' lang='lat' dir='ltr'><strong>ejusmodi</strong></span> <span class='ocrx_word' id='word_1_559' title='bbox 2681 3388 3021 3442; x_wconf 76' lang='lat' dir='ltr'><strong>consiliorum</strong></span> <span class='ocrx_word' id='word_1_560' title='bbox 3057 3386 3229 3439; x_wconf 89' lang='lat' dir='ltr'><strong>inanis</strong></span> <span class='ocrx_word' id='word_1_561' title='bbox 3250 3398 3379 3453; x_wconf 87' lang='lat' dir='ltr'><strong>ope-</strong></span> 
     </span>
    </p>
   </div>
   <div class='ocr_carea' id='block_1_79' title="bbox 1829 3473 3377 3546">
    <p class='ocr_par' dir='ltr' id='par_1_79' title="bbox 1829 3473 3377 3546">
     <span class='ocr_line' id='line_1_79' title="bbox 1829 3473 3377 3546; baseline -0.005 -14"><span class='ocrx_word' id='word_1_562' title='bbox 1829 3494 1906 3533; x_wconf 89' lang='lat' dir='ltr'><strong>ra.</strong></span> <span class='ocrx_word' id='word_1_563' title='bbox 1947 3477 2182 3532; x_wconf 83' lang='lat' dir='ltr'><strong>\&#39;ocatus</strong></span> <span class='ocrx_word' id='word_1_564' title='bbox 2212 3493 2239 3531; x_wconf 91' lang='lat' dir='ltr'><strong>a</strong></span> <span class='ocrx_word' id='word_1_565' title='bbox 2271 3477 2521 3546; x_wconf 70' lang='lat' dir='ltr'><strong>praelecto</strong></span> <span class='ocrx_word' id='word_1_566' title='bbox 2550 3478 2795 3540; x_wconf 86' lang='lat' dir='ltr'><strong>Basilius,</strong></span> <span class='ocrx_word' id='word_1_567' title='bbox 2815 3476 2975 3530; x_wconf 83' lang='lat' dir='ltr'><strong>veluti</strong></span> <span class='ocrx_word' id='word_1_568' title='bbox 3002 3474 3236 3527; x_wconf 90' lang='lat' dir='ltr'><strong>medicus</strong></span> <span class='ocrx_word' id='word_1_569' title='bbox 3257 3473 3377 3540; x_wconf 81' lang='lat' dir='ltr'><strong>qui-</strong></span> 
     </span>
    </p>
   </div>
   <div class='ocr_carea' id='block_1_80' title="bbox 1818 3566 3375 3633">
    <p class='ocr_par' dir='ltr' id='par_1_80' title="bbox 1818 3566 3375 3633">
     <span class='ocr_line' id='line_1_80' title="bbox 1818 3566 3375 3633; baseline -0.006 -8"><span class='ocrx_word' id='word_1_570' title='bbox 1818 3569 1937 3626; x_wconf 89' lang='lat' dir='ltr'><strong>dam</strong></span> <span class='ocrx_word' id='word_1_571' title='bbox 1958 3569 2358 3625; x_wconf 84' lang='lat' dir='ltr'><strong>etcsnsiliarins</strong></span> <span class='ocrx_word' id='word_1_572' title='bbox 2383 3568 2543 3623; x_wconf 86' lang='lat' dir='ltr'><strong>venit.</strong></span> <span class='ocrx_word' id='word_1_573' title='bbox 2568 3567 2761 3620; x_wconf 86' lang='lat' dir='ltr'><strong>Partim</strong></span> <span class='ocrx_word' id='word_1_574' title='bbox 2782 3566 3161 3627; x_wconf 80' lang='lat' dir='ltr'><strong>blandientem,</strong></span> <span class='ocrx_word' id='word_1_575' title='bbox 3181 3568 3375 3633; x_wconf 83' lang='lat' dir='ltr'><strong>parum</strong></span> 
     </span>
    </p>
   </div>
   <div class='ocr_carea' id='block_1_81' title="bbox 1826 3656 3376 3728">
    <p class='ocr_par' dir='ltr' id='par_1_81' title="bbox 1826 3656 3376 3728">
     <span class='ocr_line' id='line_1_81' title="bbox 1826 3656 3376 3728; baseline -0.007 -12"><span class='ocrx_word' id='word_1_576' title='bbox 1826 3662 2120 3716; x_wconf 90' lang='lat' dir='ltr'><strong>minantem</strong></span> <span class='ocrx_word' id='word_1_577' title='bbox 2148 3667 2349 3722; x_wconf 88' lang='lat' dir='ltr'><strong>monet,</strong></span> <span class='ocrx_word' id='word_1_578' title='bbox 2377 3659 2519 3713; x_wconf 92' lang='lat' dir='ltr'><strong>utob</strong></span> <span class='ocrx_word' id='word_1_579' title='bbox 2540 3660 2807 3728; x_wconf 61' lang='lat' dir='ltr'><strong>pratterita</strong></span> <span class='ocrx_word' id='word_1_580' title='bbox 2832 3656 3197 3725; x_wconf 67' lang='lat' dir='ltr'><strong>ptrttitetttiam</strong></span> <span class='ocrx_word' id='word_1_581' title='bbox 3218 3663 3376 3722; x_wconf 88' lang='lat' dir='ltr'><strong>agat,</strong></span> 
     </span>
    </p>
   </div>
   <div class='ocr_carea' id='block_1_82' title="bbox 1819 3746 3377 3820">
    <p class='ocr_par' dir='ltr' id='par_1_82' title="bbox 1819 3746 3377 3820">
     <span class='ocr_line' id='line_1_82' title="bbox 1819 3746 3377 3820; baseline -0.004 -14"><span class='ocrx_word' id='word_1_582' title='bbox 1819 3767 1883 3807; x_wconf 92' lang='lat' dir='ltr'><strong>ac</strong></span> <span class='ocrx_word' id='word_1_583' title='bbox 1905 3752 2154 3820; x_wconf 89' lang='lat' dir='ltr'><strong>deinceps</strong></span> <span class='ocrx_word' id='word_1_584' title='bbox 2174 3753 2488 3820; x_wconf 86' lang='lat' dir='ltr'><strong>sanguinem</strong></span> <span class='ocrx_word' id='word_1_585' title='bbox 2523 3766 2798 3804; x_wconf 89' lang='lat' dir='ltr'><strong>servorum</strong></span> <span class='ocrx_word' id='word_1_586' title='bbox 2836 3749 2923 3801; x_wconf 89' lang='lat' dir='ltr'><strong>Dei</strong></span> <span class='ocrx_word' id='word_1_587' title='bbox 2963 3748 3114 3801; x_wconf 87' lang='lat' dir='ltr'><strong>sitire</strong></span> <span class='ocrx_word' id='word_1_588' title='bbox 3146 3746 3377 3801; x_wconf 87' lang='lat' dir='ltr'><strong>desinat.</strong></span> 
     </span>
    </p>
   </div>
   <div class='ocr_carea' id='block_1_83' title="bbox 1818 3836 3377 3908">
    <p class='ocr_par' dir='ltr' id='par_1_83' title="bbox 1818 3836 3377 3908">
     <span class='ocr_line' id='line_1_83' title="bbox 1818 3836 3377 3908; baseline -0.004 -12"><span class='ocrx_word' id='word_1_589' title='bbox 1818 3840 1961 3897; x_wconf 80' lang='lat' dir='ltr'><strong>Nihil</strong></span> <span class='ocrx_word' id='word_1_590' title='bbox 1985 3842 2127 3895; x_wconf 91' lang='lat' dir='ltr'><strong>enim</strong></span> <span class='ocrx_word' id='word_1_591' title='bbox 2167 3841 2309 3895; x_wconf 91' lang='lat' dir='ltr'><strong>illum</strong></span> <span class='ocrx_word' id='word_1_592' title='bbox 2340 3842 2572 3908; x_wconf 89' lang='lat' dir='ltr'><strong>possein</strong></span> <span class='ocrx_word' id='word_1_593' title='bbox 2605 3854 2696 3893; x_wconf 87' lang='lat' dir='ltr'><strong>eos</strong></span> <span class='ocrx_word' id='word_1_594' title='bbox 2726 3840 2811 3907; x_wconf 89' lang='lat' dir='ltr'><strong>qtti</strong></span> <span class='ocrx_word' id='word_1_595' title='bbox 2843 3838 3012 3892; x_wconf 88' lang='lat' dir='ltr'><strong>solum</strong></span> <span class='ocrx_word' id='word_1_596' title='bbox 3041 3836 3131 3892; x_wconf 87' lang='lat' dir='ltr'><strong>Dei</strong></span> <span class='ocrx_word' id='word_1_597' title='bbox 3156 3851 3377 3906; x_wconf 87' lang='lat' dir='ltr'><strong>regnum</strong></span> 
     </span>
    </p>
   </div>
   <div class='ocr_carea' id='block_1_84' title="bbox 1819 3926 3378 3999">
    <p class='ocr_par' dir='ltr' id='par_1_84' title="bbox 1819 3926 3378 3999">
     <span class='ocr_line' id='line_1_84' title="bbox 1819 3926 3378 3999; baseline -0.001 -16"><span class='ocrx_word' id='word_1_598' title='bbox 1819 3941 2095 3999; x_wconf 86' lang='lat' dir='ltr'><strong>appetunt.</strong></span> <span class='ocrx_word' id='word_1_599' title='bbox 2131 3930 2248 3984; x_wconf 84' lang='lat' dir='ltr'><strong>Non</strong></span> <span class='ocrx_word' id='word_1_600' title='bbox 2280 3928 2395 3983; x_wconf 69' lang='lat' dir='ltr'><strong>ltedi</strong></span> <span class='ocrx_word' id='word_1_601' title='bbox 2433 3930 2691 3983; x_wconf 89' lang='lat' dir='ltr'><strong>bonorum</strong></span> <span class='ocrx_word' id='word_1_602' title='bbox 2719 3929 3080 3999; x_wconf 86' lang='lat' dir='ltr'><strong>publicatione</strong></span> <span class='ocrx_word' id='word_1_603' title='bbox 3121 3944 3265 3991; x_wconf 90' lang='lat' dir='ltr'><strong>eum,</strong></span> <span class='ocrx_word' id='word_1_604' title='bbox 3292 3926 3378 3981; x_wconf 87' lang='lat' dir='ltr'><strong>cui</strong></span> 
     </span>
    </p>
   </div>
   <div class='ocr_carea' id='block_1_85' title="bbox 1819 4015 3386 4089">
    <p class='ocr_par' dir='ltr' id='par_1_85' title="bbox 1819 4015 3386 4089">
     <span class='ocr_line' id='line_1_85' title="bbox 1819 4015 3386 4089; baseline -0.004 -15"><span class='ocrx_word' id='word_1_605' title='bbox 1819 4020 1952 4074; x_wconf 81' lang='lat' dir='ltr'><strong>ﬁdes</strong></span> <span class='ocrx_word' id='word_1_606' title='bbox 1974 4023 2084 4074; x_wconf 90' lang='lat' dir='ltr'><strong>sola</strong></span> <span class='ocrx_word' id='word_1_607' title='bbox 2113 4021 2376 4089; x_wconf 87' lang='lat' dir='ltr'><strong>possessio</strong></span> <span class='ocrx_word' id='word_1_608' title='bbox 2396 4028 2476 4073; x_wconf 90' lang='lat' dir='ltr'><strong>est</strong></span> <span class='ocrx_word' id='word_1_609' title='bbox 2503 4035 2518 4085; x_wconf 87' lang='lat'><strong>;</strong></span> <span class='ocrx_word' id='word_1_610' title='bbox 2548 4033 2650 4072; x_wconf 94' lang='lat' dir='ltr'><strong>non</strong></span> <span class='ocrx_word' id='word_1_611' title='bbox 2683 4019 2870 4072; x_wconf 75' lang='lat' dir='ltr'><strong>exsilio</strong></span> <span class='ocrx_word' id='word_1_612' title='bbox 2903 4016 3115 4081; x_wconf 88' lang='lat' dir='ltr'><strong>terreri,</strong></span> <span class='ocrx_word' id='word_1_613' title='bbox 3144 4016 3236 4085; x_wconf 87' lang='lat' dir='ltr'><strong>qui</strong></span> <span class='ocrx_word' id='word_1_614' title='bbox 3259 4015 3386 4068; x_wconf 85' lang='lat' dir='ltr'><strong>unl-</strong></span> 
     </span>
    </p>
   </div>
   <div class='ocr_carea' id='block_1_86' title="bbox 1820 4107 3382 4168">
    <p class='ocr_par' dir='ltr' id='par_1_86' title="bbox 1820 4107 3382 4168">
     <span class='ocr_line' id='line_1_86' title="bbox 1820 4107 3382 4168; baseline -0.002 -7"><span class='ocrx_word' id='word_1_615' title='bbox 1820 4124 2028 4163; x_wconf 84' lang='lat' dir='ltr'><strong>versam</strong></span> <span class='ocrx_word' id='word_1_616' title='bbox 2048 4118 2247 4164; x_wconf 87' lang='lat' dir='ltr'><strong>terram</strong></span> <span class='ocrx_word' id='word_1_617' title='bbox 2277 4110 2462 4166; x_wconf 90' lang='lat' dir='ltr'><strong>eadem</strong></span> <span class='ocrx_word' id='word_1_618' title='bbox 2488 4109 2648 4162; x_wconf 90' lang='lat' dir='ltr'><strong>animi</strong></span> <span class='ocrx_word' id='word_1_619' title='bbox 2679 4109 2944 4162; x_wconf 90' lang='lat' dir='ltr'><strong>sententia</strong></span> <span class='ocrx_word' id='word_1_620' title='bbox 2963 4107 3154 4168; x_wconf 90' lang='lat' dir='ltr'><strong>calcat,</strong></span> <span class='ocrx_word' id='word_1_621' title='bbox 3178 4119 3241 4158; x_wconf 90' lang='lat' dir='ltr'><strong>ac</strong></span> <span class='ocrx_word' id='word_1_622' title='bbox 3262 4116 3382 4158; x_wconf 76' lang='lat' dir='ltr'><strong>eam</strong></span> 
     </span>
    </p>
   </div>
   <div class='ocr_carea' id='block_1_87' title="bbox 1820 4200 3381 4273">
    <p class='ocr_par' dir='ltr' id='par_1_87' title="bbox 1820 4200 3381 4273">
     <span class='ocr_line' id='line_1_87' title="bbox 1820 4200 3381 4273; baseline -0.004 -17"><span class='ocrx_word' id='word_1_623' title='bbox 1820 4202 2012 4273; x_wconf 88' lang='lat' dir='ltr'><strong>partim</strong></span> <span class='ocrx_word' id='word_1_624' title='bbox 2060 4202 2288 4256; x_wconf 82' lang='lat' dir='ltr'><strong>alienam</strong></span> <span class='ocrx_word' id='word_1_625' title='bbox 2360 4202 2665 4262; x_wconf 75' lang='lat' dir='ltr'><strong>existimat,</strong></span> <span class='ocrx_word' id='word_1_626' title='bbox 2722 4200 2792 4253; x_wconf 91' lang='lat' dir='ltr'><strong>ob</strong></span> <span class='ocrx_word' id='word_1_627' title='bbox 2858 4200 3071 4253; x_wconf 87' lang='lat' dir='ltr'><strong>brevem</strong></span> <span class='ocrx_word' id='word_1_628' title='bbox 3139 4212 3381 4251; x_wconf 86' lang='lat' dir='ltr'><strong>commo-</strong></span> 
     </span>
    </p>
   </div>
   <div class='ocr_carea' id='block_1_88' title="bbox 1822 4288 3385 4362">
    <p class='ocr_par' dir='ltr' id='par_1_88' title="bbox 1822 4288 3385 4362">
     <span class='ocr_line' id='line_1_88' title="bbox 1822 4288 3385 4362; baseline -0.004 -14"><span class='ocrx_word' id='word_1_629' title='bbox 1822 4294 2106 4359; x_wconf 84' lang='lat' dir='ltr'><strong>rationem,</strong></span> <span class='ocrx_word' id='word_1_630' title='bbox 2137 4294 2332 4362; x_wconf 88' lang='lat' dir='ltr'><strong>partim</strong></span> <span class='ocrx_word' id='word_1_631' title='bbox 2367 4294 2658 4361; x_wconf 79' lang='lat' dir='ltr'><strong>propriam,</strong></span> <span class='ocrx_word' id='word_1_632' title='bbox 2689 4291 2812 4359; x_wconf 80' lang='lat' dir='ltr'><strong>quia</strong></span> <span class='ocrx_word' id='word_1_633' title='bbox 2834 4291 3011 4343; x_wconf 79' lang='lat' dir='ltr'><strong>omnia</strong></span> <span class='ocrx_word' id='word_1_634' title='bbox 3041 4288 3148 4342; x_wconf 92' lang='lat' dir='ltr'><strong>Deo</strong></span> <span class='ocrx_word' id='word_1_635' title='bbox 3180 4288 3385 4357; x_wconf 85' lang='lat' dir='ltr'><strong>pariter</strong></span> 
     </span>
    </p>
   </div>
   <div class='ocr_carea' id='block_1_89' title="bbox 1823 4383 3384 4452">
    <p class='ocr_par' dir='ltr' id='par_1_89' title="bbox 1823 4383 3384 4452">
     <span class='ocr_line' id='line_1_89' title="bbox 1823 4383 3384 4452; baseline -0.007 -11"><span class='ocrx_word' id='word_1_636' title='bbox 1823 4388 2082 4441; x_wconf 82' lang='lat' dir='ltr'><strong>serviunt.</strong></span> <span class='ocrx_word' id='word_1_637' title='bbox 2135 4385 2325 4452; x_wconf 79' lang='lat' dir='ltr'><strong>i’lagas</strong></span> <span class='ocrx_word' id='word_1_638' title='bbox 2361 4393 2536 4437; x_wconf 91' lang='lat' dir='ltr'><strong>autem</strong></span> <span class='ocrx_word' id='word_1_639' title='bbox 2584 4394 2639 4435; x_wconf 90' lang='lat' dir='ltr'><strong>et</strong></span> <span class='ocrx_word' id='word_1_640' title='bbox 2674 4383 2880 4437; x_wconf 78' lang='lat' dir='ltr'><strong>labores</strong></span> <span class='ocrx_word' id='word_1_641' title='bbox 2908 4396 2971 4434; x_wconf 90' lang='lat' dir='ltr'><strong>ac</strong></span> <span class='ocrx_word' id='word_1_642' title='bbox 3022 4390 3245 4434; x_wconf 90' lang='lat' dir='ltr'><strong>mortem</strong></span> <span class='ocrx_word' id='word_1_643' title='bbox 3285 4392 3384 4448; x_wconf 87' lang='lat' dir='ltr'><strong>pro</strong></span> 
     </span>
    </p>
   </div>
   <div class='ocr_carea' id='block_1_90' title="bbox 187 4469 3380 4557">
    <p class='ocr_par' dir='ltr' id='par_1_90' title="bbox 187 4469 3380 4557">
     <span class='ocr_line' id='line_1_90' title="bbox 187 4469 3380 4557; baseline -0.005 -30"><span class='ocrx_word' id='word_1_644' title='bbox 187 4490 343 4535; x_wconf 69' lang='lat' dir='ltr'><strong>notam</strong></span> <span class='ocrx_word' id='word_1_645' title='bbox 373 4500 403 4537; x_wconf 71' lang='grc' dir='ltr'>ει</span> <span class='ocrx_word' id='word_1_646' title='bbox 447 4483 714 4537; x_wconf 73' lang='grc' dir='ltr'>ιιοιιιιιιιιίε</span> <span class='ocrx_word' id='word_1_647' title='bbox 746 4482 1053 4539; x_wconf 74' lang='lat' dir='ltr'><strong>hominibus</strong></span> <span class='ocrx_word' id='word_1_648' title='bbox 1108 4486 1337 4539; x_wconf 69' lang='grc' dir='ltr'><strong>ίηυειειιη</strong></span> <span class='ocrx_word' id='word_1_649' title='bbox 1387 4485 1724 4552; x_wconf 67' lang='lat' dir='ltr'><strong>propulsat&quot;-</strong></span> <span class='ocrx_word' id='word_1_650' title='bbox 1753 4502 1798 4557; x_wconf 70' lang='grc' dir='ltr'>υ</span> <span class='ocrx_word' id='word_1_651' title='bbox 1826 4474 2051 4528; x_wconf 85' lang='lat' dir='ltr'><strong>veritate</strong></span> <span class='ocrx_word' id='word_1_652' title='bbox 2082 4474 2308 4541; x_wconf 87' lang='lat' dir='ltr'><strong>perpeti,</strong></span> <span class='ocrx_word' id='word_1_653' title='bbox 2344 4488 2409 4527; x_wconf 92' lang='lat' dir='ltr'><strong>ne</strong></span> <span class='ocrx_word' id='word_1_654' title='bbox 2446 4472 2757 4527; x_wconf 87' lang='lat' dir='ltr'><strong>mulieribus</strong></span> <span class='ocrx_word' id='word_1_655' title='bbox 2780 4470 2995 4540; x_wconf 82' lang='lat' dir='ltr'><strong>quidem</strong></span> <span class='ocrx_word' id='word_1_656' title='bbox 3035 4469 3273 4524; x_wconf 89' lang='lat' dir='ltr'><strong>terribile</strong></span> <span class='ocrx_word' id='word_1_657' title='bbox 3301 4469 3380 4519; x_wconf 89' lang='lat' dir='ltr'><strong>vi-</strong></span> 
     </span>
    </p>
   </div>
   <div class='ocr_carea' id='block_1_91' title="bbox 186 4575 1444 4647">
    <p class='ocr_par' dir='ltr' id='par_1_91' title="bbox 186 4575 1444 4647">
     <span class='ocr_line' id='line_1_91' title="bbox 186 4575 1444 4647; baseline 0.001 -22"><span class='ocrx_word' id='word_1_658' title='bbox 186 4587 283 4625; x_wconf 84' lang='lat' dir='ltr'><strong>rum</strong></span> <span class='ocrx_word' id='word_1_659' title='bbox 308 4584 515 4640; x_wconf 87' lang='lat' dir='ltr'><strong>sperat,</strong></span> <span class='ocrx_word' id='word_1_660' title='bbox 552 4590 670 4629; x_wconf 91' lang='lat' dir='ltr'><strong>cum</strong></span> <span class='ocrx_word' id='word_1_661' title='bbox 700 4576 964 4643; x_wconf 89' lang='lat' dir='ltr'><strong>pugnandi</strong></span> <span class='ocrx_word' id='word_1_662' title='bbox 1013 4586 1221 4647; x_wconf 90' lang='lat' dir='ltr'><strong>tempus</strong></span> <span class='ocrx_word' id='word_1_663' title='bbox 1252 4575 1444 4629; x_wconf 89' lang='lat' dir='ltr'><strong>aderit.</strong></span> 
     </span>
    </p>
   </div>
   <div class='ocr_carea' id='block_1_92' title="bbox 242 4663 1719 4736">
    <p class='ocr_par' dir='ltr' id='par_1_92' title="bbox 242 4663 1719 4736">
     <span class='ocr_line' id='line_1_92' title="bbox 242 4663 1719 4736; baseline 0.001 -19"><span class='ocrx_word' id='word_1_664' title='bbox 242 4663 558 4719; x_wconf 72' lang='lat' dir='ltr'><strong>iiazreticum</strong></span> <span class='ocrx_word' id='word_1_665' title='bbox 591 4680 775 4736; x_wconf 83' lang='lat' dir='ltr'><strong>agmen</strong></span> <span class='ocrx_word' id='word_1_666' title='bbox 815 4665 1109 4722; x_wconf 64' lang='lat' dir='ltr'><strong>Caesaream</strong></span> <span class='ocrx_word' id='word_1_667' title='bbox 1145 4678 1270 4723; x_wconf 90' lang='lat' dir='ltr'><strong>ante</strong></span> <span class='ocrx_word' id='word_1_668' title='bbox 1294 4666 1597 4736; x_wconf 77' lang='lat' dir='ltr'><strong>przefectum</strong></span> <span class='ocrx_word' id='word_1_669' title='bbox 1629 4680 1719 4720; x_wconf 82' lang='lat' dir='ltr'><strong>ve-</strong></span> 
     </span>
    </p>
   </div>
   <div class='ocr_carea' id='block_1_93' title="bbox 191 4754 1720 4824">
    <p class='ocr_par' dir='ltr' id='par_1_93' title="bbox 191 4754 1720 4824">
     <span class='ocr_line' id='line_1_93' title="bbox 191 4754 1720 4824; baseline 0.003 -16"><span class='ocrx_word' id='word_1_670' title='bbox 191 4756 314 4810; x_wconf 80' lang='lat' dir='ltr'><strong>nisse</strong></span> <span class='ocrx_word' id='word_1_671' title='bbox 344 4756 540 4824; x_wconf 90' lang='lat' dir='ltr'><strong>probat</strong></span> <span class='ocrx_word' id='word_1_672' title='bbox 574 4759 736 4812; x_wconf 90' lang='lat' dir='ltr'><strong>etiam</strong></span> <span class='ocrx_word' id='word_1_673' title='bbox 785 4754 967 4811; x_wconf 82' lang='lat' dir='ltr'><strong>Basilii</strong></span> <span class='ocrx_word' id='word_1_674' title='bbox 1015 4759 1233 4824; x_wconf 88' lang='lat' dir='ltr'><strong>cpistola</strong></span> <span class='ocrx_word' id='word_1_675' title='bbox 1271 4758 1338 4813; x_wconf 88' lang='lat'><strong>69</strong></span> <span class='ocrx_word' id='word_1_676' title='bbox 1368 4758 1431 4811; x_wconf 90' lang='lat' dir='ltr'><strong>ad</strong></span> <span class='ocrx_word' id='word_1_677' title='bbox 1471 4756 1525 4810; x_wconf 89' lang='lat' dir='ltr'><strong>S.</strong></span> <span class='ocrx_word' id='word_1_678' title='bbox 1559 4755 1720 4811; x_wconf 79' lang='lat' dir='ltr'><strong>Mele-</strong></span> 
     </span>
    </p>
   </div>
   <div class='ocr_carea' id='block_1_94' title="bbox 187 4845 1722 4918">
    <p class='ocr_par' dir='ltr' id='par_1_94' title="bbox 187 4845 1722 4918">
     <span class='ocr_line' id='line_1_94' title="bbox 187 4845 1722 4918; baseline 0.005 -22"><span class='ocrx_word' id='word_1_679' title='bbox 187 4845 319 4910; x_wconf 90' lang='lat' dir='ltr'><strong>tium,</strong></span> <span class='ocrx_word' id='word_1_680' title='bbox 354 4845 409 4899; x_wconf 86' lang='lat' dir='ltr'><strong>in</strong></span> <span class='ocrx_word' id='word_1_681' title='bbox 450 4860 553 4912; x_wconf 85' lang='lat' dir='ltr'><strong>qua</strong></span> <span class='ocrx_word' id='word_1_682' title='bbox 586 4849 663 4902; x_wconf 90' lang='lat' dir='ltr'><strong>sic</strong></span> <span class='ocrx_word' id='word_1_683' title='bbox 712 4848 984 4917; x_wconf 81' lang='lat' dir='ltr'><strong>loquitur:</strong></span> <span class='ocrx_word' id='word_1_684' title='bbox 1028 4846 1127 4900; x_wconf 83' lang='lat' dir='ltr'><strong>llic</strong></span> <span class='ocrx_word' id='word_1_685' title='bbox 1174 4860 1378 4915; x_wconf 89' lang='lat' dir='ltr'><strong>autem,</strong></span> <span class='ocrx_word' id='word_1_686' title='bbox 1410 4847 1599 4918; x_wconf 89' lang='lat' dir='ltr'><strong>inquit,</strong></span> <span class='ocrx_word' id='word_1_687' title='bbox 1640 4865 1722 4903; x_wconf 83' lang='lat' dir='ltr'><strong>res</strong></span> 
     </span>
    </p>
   </div>
   <div class='ocr_carea' id='block_1_95' title="bbox 186 4934 1721 5009">
    <p class='ocr_par' dir='ltr' id='par_1_95' title="bbox 186 4934 1721 5009">
     <span class='ocr_line' id='line_1_95' title="bbox 186 4934 1721 5009; baseline 0.006 -24"><span class='ocrx_word' id='word_1_688' title='bbox 186 4934 375 4990; x_wconf 65' lang='lat' dir='ltr'><strong>incerta</strong></span> <span class='ocrx_word' id='word_1_689' title='bbox 403 4936 575 4988; x_wconf 78' lang='lat' dir='ltr'><strong>adhuc</strong></span> <span class='ocrx_word' id='word_1_690' title='bbox 609 4947 657 4990; x_wconf 85' lang='lat' dir='ltr'><strong>et</strong></span> <span class='ocrx_word' id='word_1_691' title='bbox 680 4940 872 5001; x_wconf 70' lang='lat' dir='ltr'><strong>dubita,</strong></span> <span class='ocrx_word' id='word_1_692' title='bbox 895 4955 1010 4992; x_wconf 83' lang='lat' dir='ltr'><strong>cum</strong></span> <span class='ocrx_word' id='word_1_693' title='bbox 1040 4937 1291 5007; x_wconf 76' lang='lat' dir='ltr'><strong>Euippius</strong></span> <span class='ocrx_word' id='word_1_694' title='bbox 1315 4940 1585 5009; x_wconf 40' lang='lat' dir='ltr'><strong>.adreuerit</strong></span> <span class='ocrx_word' id='word_1_695' title='bbox 1607 4943 1721 5009; x_wconf 88' lang='lat' dir='ltr'><strong>qui-</strong></span> 
     </span>
    </p>
   </div>
   <div class='ocr_carea' id='block_1_96' title="bbox 185 5026 1723 5101">
    <p class='ocr_par' dir='ltr' id='par_1_96' title="bbox 185 5026 1723 5101">
     <span class='ocr_line' id='line_1_96' title="bbox 185 5026 1723 5101; baseline 0.007 -27"><span class='ocrx_word' id='word_1_696' title='bbox 185 5026 307 5089; x_wconf 81' lang='lat' dir='ltr'><strong>dem,</strong></span> <span class='ocrx_word' id='word_1_697' title='bbox 343 5029 435 5082; x_wconf 80' lang='lat' dir='ltr'><strong>sed</strong></span> <span class='ocrx_word' id='word_1_698' title='bbox 468 5029 695 5080; x_wconf 70' lang='lat' dir='ltr'><strong>nondum</strong></span> <span class='ocrx_word' id='word_1_699' title='bbox 718 5032 996 5101; x_wconf 81' lang='lat' dir='ltr'><strong>quidquam</strong></span> <span class='ocrx_word' id='word_1_700' title='bbox 1037 5032 1393 5085; x_wconf 74' lang='lat' dir='ltr'><strong>declararerit.</strong></span> <span class='ocrx_word' id='word_1_701' title='bbox 1450 5030 1723 5085; x_wconf 74' lang='lat' dir='ltr'><strong>Mittantur</strong></span> 
     </span>
    </p>
   </div>
   <div class='ocr_carea' id='block_1_97' title="bbox 186 5120 1719 5190">
    <p class='ocr_par' dir='ltr' id='par_1_97' title="bbox 186 5120 1719 5190">
     <span class='ocr_line' id='line_1_97' title="bbox 186 5120 1719 5190; baseline 0.004 -21"><span class='ocrx_word' id='word_1_702' title='bbox 186 5120 376 5179; x_wconf 69' lang='lat' dir='ltr'><strong>quidem</strong></span> <span class='ocrx_word' id='word_1_703' title='bbox 400 5132 447 5171; x_wconf 78' lang='lat' dir='ltr'><strong>et</strong></span> <span class='ocrx_word' id='word_1_704' title='bbox 475 5135 779 5174; x_wconf 72' lang='lat' dir='ltr'><strong>concursum</strong></span> <span class='ocrx_word' id='word_1_705' title='bbox 805 5124 1077 5189; x_wconf 85' lang='lat' dir='ltr'><strong>quemdam</strong></span> <span class='ocrx_word' id='word_1_706' title='bbox 1106 5138 1304 5186; x_wconf 88' lang='lat' dir='ltr'><strong>eorum,</strong></span> <span class='ocrx_word' id='word_1_707' title='bbox 1341 5126 1427 5190; x_wconf 83' lang='lat' dir='ltr'><strong>qui</strong></span> <span class='ocrx_word' id='word_1_708' title='bbox 1457 5124 1633 5175; x_wconf 82' lang='lat' dir='ltr'><strong>eadem</strong></span> <span class='ocrx_word' id='word_1_709' title='bbox 1657 5139 1719 5175; x_wconf 84' lang='lat' dir='ltr'><strong>ac</strong></span> 
     </span>
    </p>
   </div>
   <div class='ocr_carea' id='block_1_98' title="bbox 189 5207 1719 5281">
    <p class='ocr_par' dir='ltr' id='par_1_98' title="bbox 189 5207 1719 5281">
     <span class='ocr_line' id='line_1_98' title="bbox 189 5207 1719 5281; baseline 0.006 -23"><span class='ocrx_word' id='word_1_710' title='bbox 189 5207 258 5258; x_wconf 85' lang='lat' dir='ltr'><strong>illi</strong></span> <span class='ocrx_word' id='word_1_711' title='bbox 274 5214 519 5275; x_wconf 73' lang='lat' dir='ltr'><strong>sentiunt,</strong></span> <span class='ocrx_word' id='word_1_712' title='bbox 550 5229 615 5267; x_wconf 82' lang='lat' dir='ltr'><strong>ea:</strong></span> <span class='ocrx_word' id='word_1_713' title='bbox 636 5213 877 5266; x_wconf 68' lang='lat' dir='ltr'><strong>Armenia</strong></span> <span class='ocrx_word' id='word_1_714' title='bbox 912 5212 1169 5281; x_wconf 84' lang='lat' dir='ltr'><strong>Tetrapoli</strong></span> <span class='ocrx_word' id='word_1_715' title='bbox 1193 5225 1238 5269; x_wconf 84' lang='lat' dir='ltr'><strong>et</strong></span> <span class='ocrx_word' id='word_1_716' title='bbox 1259 5229 1322 5267; x_wconf 69' lang='lat' dir='ltr'><strong>ea:</strong></span> <span class='ocrx_word' id='word_1_717' title='bbox 1350 5213 1558 5269; x_wconf 86' lang='lat' dir='ltr'><strong>Cilicia.</strong></span> <span class='ocrx_word' id='word_1_718' title='bbox 1582 5214 1719 5268; x_wconf 81' lang='lat' dir='ltr'><strong>Non-</strong></span> 
     </span>
    </p>
   </div>
   <div class='ocr_carea' id='block_1_99' title="bbox 191 5300 1714 5374">
    <p class='ocr_par' dir='ltr' id='par_1_99' title="bbox 191 5300 1714 5374">
     <span class='ocr_line' id='line_1_99' title="bbox 191 5300 1714 5374; baseline 0.006 -24"><span class='ocrx_word' id='word_1_719' title='bbox 191 5300 298 5351; x_wconf 87' lang='lat' dir='ltr'><strong>dum</strong></span> <span class='ocrx_word' id='word_1_720' title='bbox 329 5318 460 5372; x_wconf 82' lang='lat' dir='ltr'><strong>ergo</strong></span> <span class='ocrx_word' id='word_1_721' title='bbox 493 5302 770 5373; x_wconf 73' lang='lat' dir='ltr'><strong>praefectus</strong></span> <span class='ocrx_word' id='word_1_722' title='bbox 801 5315 856 5357; x_wconf 88' lang='lat' dir='ltr'><strong>et</strong></span> <span class='ocrx_word' id='word_1_723' title='bbox 896 5307 1010 5359; x_wconf 64' lang='lat' dir='ltr'><strong>alite</strong></span> <span class='ocrx_word' id='word_1_724' title='bbox 1048 5314 1336 5374; x_wconf 87' lang='lat' dir='ltr'><strong>potestates</strong></span> <span class='ocrx_word' id='word_1_725' title='bbox 1360 5305 1714 5360; x_wconf 82' lang='lat' dir='ltr'><strong>advenerant:</strong></span> 
     </span>
    </p>
   </div>
   <div class='ocr_carea' id='block_1_100' title="bbox 193 5384 1718 5465">
    <p class='ocr_par' dir='ltr' id='par_1_100' title="bbox 193 5384 1718 5465">
     <span class='ocr_line' id='line_1_100' title="bbox 193 5384 1718 5465; baseline 0.009 -28"><span class='ocrx_word' id='word_1_726' title='bbox 193 5384 284 5441; x_wconf 76' lang='lat' dir='ltr'><strong>imo</strong></span> <span class='ocrx_word' id='word_1_727' title='bbox 305 5406 367 5444; x_wconf 83' lang='lat' dir='ltr'><strong>ne</strong></span> <span class='ocrx_word' id='word_1_728' title='bbox 387 5394 829 5461; x_wconf 80' lang='lat' dir='ltr'><strong>exspectabantur</strong></span> <span class='ocrx_word' id='word_1_729' title='bbox 858 5393 1087 5462; x_wconf 88' lang='lat' dir='ltr'><strong>quidem,</strong></span> <span class='ocrx_word' id='word_1_730' title='bbox 1105 5394 1291 5450; x_wconf 90' lang='lat' dir='ltr'><strong>saltem</strong></span> <span class='ocrx_word' id='word_1_731' title='bbox 1310 5405 1414 5451; x_wconf 89' lang='lat' dir='ltr'><strong>tam</strong></span> <span class='ocrx_word' id='word_1_732' title='bbox 1436 5399 1576 5465; x_wconf 88' lang='lat' dir='ltr'><strong>cito;</strong></span> <span class='ocrx_word' id='word_1_733' title='bbox 1607 5396 1718 5452; x_wconf 87' lang='lat' dir='ltr'><strong>sola</strong></span> 
     </span>
    </p>
   </div>
   <div class='ocr_carea' id='block_1_101' title="bbox 250 5588 894 5659">
    <p class='ocr_par' dir='ltr' id='par_1_101' title="bbox 250 5588 894 5659">
     <span class='ocr_line' id='line_1_101' title="bbox 250 5588 894 5659; baseline 0.009 -16"><span class='ocrx_word' id='word_1_734' title='bbox 250 5588 319 5657; x_wconf 67' lang='grc' dir='ltr'><strong>(ε)</strong></span> <span class='ocrx_word' id='word_1_735' title='bbox 356 5588 447 5659; x_wconf 78' lang='lat' dir='ltr'><strong>Ep.</strong></span> <span class='ocrx_word' id='word_1_736' title='bbox 470 5591 589 5656; x_wconf 74' lang='lat'><strong>251,</strong></span> <span class='ocrx_word' id='word_1_737' title='bbox 619 5609 671 5647; x_wconf 87' lang='grc' dir='ltr'>η.</span> <span class='ocrx_word' id='word_1_738' title='bbox 705 5592 742 5646; x_wconf 71' lang='grc'><strong>2</strong></span> <span class='ocrx_word' id='word_1_739' title='bbox 766 5602 817 5647; x_wconf 85' lang='lat' dir='ltr'><strong>et</strong></span> <span class='ocrx_word' id='word_1_740' title='bbox 842 5594 894 5649; x_wconf 76' lang='lat'><strong>3.</strong></span> 
     </span>
    </p>
   </div>
   <div class='ocr_carea' id='block_1_102' title="bbox 254 5659 1293 5732">
    <p class='ocr_par' dir='ltr' id='par_1_102' title="bbox 254 5659 1293 5732">
     <span class='ocr_line' id='line_1_102' title="bbox 254 5659 1293 5732; baseline 0.012 -23"><span class='ocrx_word' id='word_1_741' title='bbox 254 5661 320 5723; x_wconf 72' lang='grc' dir='ltr'><strong>(ὁ)</strong></span> <span class='ocrx_word' id='word_1_742' title='bbox 357 5659 448 5732; x_wconf 70' lang='lat' dir='ltr'><strong>l&#39;lp.</strong></span> <span class='ocrx_word' id='word_1_743' title='bbox 478 5662 602 5732; x_wconf 64' lang='grc' dir='ltr'><strong>ΞΗ.</strong></span> <span class='ocrx_word' id='word_1_744' title='bbox 622 5680 675 5732; x_wconf 87' lang='lat' dir='ltr'><strong>n.</strong></span> <span class='ocrx_word' id='word_1_745' title='bbox 708 5663 742 5717; x_wconf 70' lang='grc'><strong>4</strong></span> <span class='ocrx_word' id='word_1_746' title='bbox 768 5681 784 5727; x_wconf 85' lang='lat'><strong>;</strong></span> <span class='ocrx_word' id='word_1_747' title='bbox 815 5680 899 5732; x_wconf 79' lang='lat' dir='ltr'><strong>cp.</strong></span> <span class='ocrx_word' id='word_1_748' title='bbox 933 5664 1127 5732; x_wconf 67' lang='lat' dir='ltr'><strong>251m.</strong></span> <span class='ocrx_word' id='word_1_749' title='bbox 1161 5664 1216 5732; x_wconf 68' lang='grc' dir='ltr'><strong>Ξ,</strong></span> <span class='ocrx_word' id='word_1_750' title='bbox 1239 5666 1293 5721; x_wconf 80' lang='grc'>5.</span> 
     </span>
    </p>
   </div>
   <div class='ocr_carea' id='block_1_103' title="bbox 257 5729 993 5794">
    <p class='ocr_par' dir='ltr' id='par_1_103' title="bbox 257 5729 993 5794">
     <span class='ocr_line' id='line_1_103' title="bbox 257 5729 993 5794; baseline 0.005 -11"><span class='ocrx_word' id='word_1_751' title='bbox 257 5732 321 5788; x_wconf 81' lang='lat' dir='ltr'><strong>lc)</strong></span> <span class='ocrx_word' id='word_1_752' title='bbox 358 5729 448 5794; x_wconf 57' lang='lat' dir='ltr'><strong>lup.</strong></span> <span class='ocrx_word' id='word_1_753' title='bbox 472 5731 553 5785; x_wconf 71' lang='lat'><strong>26.</strong></span> <span class='ocrx_word' id='word_1_754' title='bbox 592 5731 722 5787; x_wconf 73' lang='lat' dir='ltr'><strong>Vide</strong></span> <span class='ocrx_word' id='word_1_755' title='bbox 745 5729 884 5786; x_wconf 81' lang='lat' dir='ltr'><strong>orat.</strong></span> <span class='ocrx_word' id='word_1_756' title='bbox 904 5734 993 5787; x_wconf 71' lang='grc'><strong>20.</strong></span> 
     </span>
    </p>
   </div>
   <div class='ocr_carea' id='block_1_104' title="bbox 1826 4561 3383 4633">
    <p class='ocr_par' dir='ltr' id='par_1_104' title="bbox 1826 4561 3383 4633">
     <span class='ocr_line' id='line_1_104' title="bbox 1826 4561 3383 4633; baseline -0.008 -11"><span class='ocrx_word' id='word_1_757' title='bbox 1826 4568 1961 4633; x_wconf 91' lang='lat' dir='ltr'><strong>deri,</strong></span> <span class='ocrx_word' id='word_1_758' title='bbox 1996 4566 2086 4620; x_wconf 91' lang='lat' dir='ltr'><strong>sed</strong></span> <span class='ocrx_word' id='word_1_759' title='bbox 2118 4566 2367 4619; x_wconf 90' lang='lat' dir='ltr'><strong>omnibus</strong></span> <span class='ocrx_word' id='word_1_760' title='bbox 2393 4564 2715 4619; x_wconf 87' lang='lat' dir='ltr'><strong>Christianis</strong></span> <span class='ocrx_word' id='word_1_761' title='bbox 2738 4563 2837 4616; x_wconf 92' lang='lat' dir='ltr'><strong>hoc</strong></span> <span class='ocrx_word' id='word_1_762' title='bbox 2864 4578 3130 4617; x_wconf 89' lang='lat' dir='ltr'><strong>summum</strong></span> <span class='ocrx_word' id='word_1_763' title='bbox 3155 4561 3383 4616; x_wconf 80' lang='lat' dir='ltr'><strong>felicita-</strong></span> 
     </span>
    </p>
   </div>
   <div class='ocr_carea' id='block_1_105' title="bbox 1827 4651 3383 4729">
    <p class='ocr_par' dir='ltr' id='par_1_105' title="bbox 1827 4651 3383 4729">
     <span class='ocr_line' id='line_1_105' title="bbox 1827 4651 3383 4729; baseline -0.004 -14"><span class='ocrx_word' id='word_1_764' title='bbox 1827 4661 1897 4715; x_wconf 90' lang='lat' dir='ltr'><strong>tis</strong></span> <span class='ocrx_word' id='word_1_765' title='bbox 1928 4672 2068 4721; x_wconf 86' lang='lat' dir='ltr'><strong>csse,</strong></span> <span class='ocrx_word' id='word_1_766' title='bbox 2106 4658 2150 4710; x_wconf 87' lang='lat' dir='ltr'><strong>si</strong></span> <span class='ocrx_word' id='word_1_767' title='bbox 2187 4659 2313 4727; x_wconf 88' lang='lat' dir='ltr'><strong>quid</strong></span> <span class='ocrx_word' id='word_1_768' title='bbox 2361 4674 2457 4729; x_wconf 91' lang='lat' dir='ltr'><strong>pro</strong></span> <span class='ocrx_word' id='word_1_769' title='bbox 2508 4660 2606 4712; x_wconf 91' lang='lat' dir='ltr'><strong>hac</strong></span> <span class='ocrx_word' id='word_1_770' title='bbox 2662 4670 2755 4724; x_wconf 91' lang='lat' dir='ltr'><strong>spe</strong></span> <span class='ocrx_word' id='word_1_771' title='bbox 2804 4656 3175 4724; x_wconf 85' lang='lat' dir='ltr'><strong>gravissimum</strong></span> <span class='ocrx_word' id='word_1_772' title='bbox 3212 4651 3383 4722; x_wconf 81' lang='lat' dir='ltr'><strong>perle-</strong></span> 
     </span>
    </p>
   </div>
   <div class='ocr_carea' id='block_1_106' title="bbox 1828 4748 3380 4817">
    <p class='ocr_par' dir='ltr' id='par_1_106' title="bbox 1828 4748 3380 4817">
     <span class='ocr_line' id='line_1_106' title="bbox 1828 4748 3380 4817; baseline -0.008 -10"><span class='ocrx_word' id='word_1_773' title='bbox 1828 4761 1967 4807; x_wconf 89' lang='lat' dir='ltr'><strong>rant.</strong></span> <span class='ocrx_word' id='word_1_774' title='bbox 2005 4748 2184 4804; x_wconf 80' lang='lat' dir='ltr'><strong>Basilii</strong></span> <span class='ocrx_word' id='word_1_775' title='bbox 2214 4751 2509 4805; x_wconf 88' lang='lat' dir='ltr'><strong>constantia</strong></span> <span class='ocrx_word' id='word_1_776' title='bbox 2549 4748 2607 4801; x_wconf 89' lang='lat' dir='ltr'><strong>lit</strong></span> <span class='ocrx_word' id='word_1_777' title='bbox 2636 4749 2900 4817; x_wconf 72' lang='lat' dir='ltr'><strong>qumdam,</strong></span> <span class='ocrx_word' id='word_1_778' title='bbox 2934 4748 3078 4802; x_wconf 85' lang='lat' dir='ltr'><strong>velut</strong></span> <span class='ocrx_word' id='word_1_779' title='bbox 3109 4748 3159 4799; x_wconf 92' lang='lat' dir='ltr'><strong>in</strong></span> <span class='ocrx_word' id='word_1_780' title='bbox 3200 4760 3380 4806; x_wconf 83' lang='lat' dir='ltr'><strong>scena,</strong></span> 
     </span>
    </p>
   </div>
   <div class='ocr_carea' id='block_1_107' title="bbox 1826 4833 3382 4914">
    <p class='ocr_par' dir='ltr' id='par_1_107' title="bbox 1826 4833 3382 4914">
     <span class='ocr_line' id='line_1_107' title="bbox 1826 4833 3382 4914; baseline -0.006 -16"><span class='ocrx_word' id='word_1_781' title='bbox 1826 4856 2174 4914; x_wconf 88' lang='lat' dir='ltr'><strong>personarum</strong></span> <span class='ocrx_word' id='word_1_782' title='bbox 2228 4840 2552 4905; x_wconf 83' lang='lat' dir='ltr'><strong>imamtatio,</strong></span> <span class='ocrx_word' id='word_1_783' title='bbox 2591 4855 2655 4894; x_wconf 90' lang='lat' dir='ltr'><strong>ac</strong></span> <span class='ocrx_word' id='word_1_784' title='bbox 2697 4842 2982 4895; x_wconf 91' lang='lat' dir='ltr'><strong>mitescens</strong></span> <span class='ocrx_word' id='word_1_785' title='bbox 3010 4838 3289 4907; x_wconf 80' lang='lat' dir='ltr'><strong>prtel’ectns</strong></span> <span class='ocrx_word' id='word_1_786' title='bbox 3314 4833 3382 4889; x_wconf 83' lang='lat' dir='ltr'><strong>ad</strong></span> 
     </span>
    </p>
   </div>
   <div class='ocr_carea' id='block_1_108' title="bbox 1826 4930 3381 4991">
    <p class='ocr_par' dir='ltr' id='par_1_108' title="bbox 1826 4930 3381 4991">
     <span class='ocr_line' id='line_1_108' title="bbox 1826 4930 3381 4991; baseline -0.005 0"><span class='ocrx_word' id='word_1_787' title='bbox 1826 4934 2202 4991; x_wconf 88' lang='lat' dir='ltr'><strong>biandiendum</strong></span> <span class='ocrx_word' id='word_1_788' title='bbox 2228 4943 2282 4987; x_wconf 93' lang='lat' dir='ltr'><strong>et</strong></span> <span class='ocrx_word' id='word_1_789' title='bbox 2328 4934 2709 4988; x_wconf 83' lang='lat' dir='ltr'><strong>assentandum</strong></span> <span class='ocrx_word' id='word_1_790' title='bbox 2752 4934 3099 4987; x_wconf 89' lang='lat' dir='ltr'><strong>convertitur.</strong></span> <span class='ocrx_word' id='word_1_791' title='bbox 3130 4930 3381 4984; x_wconf 87' lang='lat' dir='ltr'><strong>Basiliutn</strong></span> 
     </span>
    </p>
   </div>
   <div class='ocr_carea' id='block_1_109' title="bbox 1826 5025 3384 5097">
    <p class='ocr_par' dir='ltr' id='par_1_109' title="bbox 1826 5025 3384 5097">
     <span class='ocr_line' id='line_1_109' title="bbox 1826 5025 3384 5097; baseline -0.005 -14"><span class='ocrx_word' id='word_1_792' title='bbox 1826 5034 2000 5097; x_wconf 86' lang='lat' dir='ltr'><strong>rogat,</strong></span> <span class='ocrx_word' id='word_1_793' title='bbox 2038 5037 2097 5081; x_wconf 88' lang='lat' dir='ltr'><strong>ut</strong></span> <span class='ocrx_word' id='word_1_794' title='bbox 2128 5042 2193 5081; x_wconf 88' lang='lat' dir='ltr'><strong>ne</strong></span> <span class='ocrx_word' id='word_1_795' title='bbox 2228 5027 2435 5081; x_wconf 77' lang='lat' dir='ltr'><strong>modica</strong></span> <span class='ocrx_word' id='word_1_796' title='bbox 2467 5028 2538 5081; x_wconf 91' lang='lat' dir='ltr'><strong>illi</strong></span> <span class='ocrx_word' id='word_1_797' title='bbox 2574 5038 2626 5080; x_wconf 89' lang='lat' dir='ltr'><strong>et</strong></span> <span class='ocrx_word' id='word_1_798' title='bbox 2667 5025 3056 5080; x_wconf 89' lang='lat' dir='ltr'><strong>contemnenda</strong></span> <span class='ocrx_word' id='word_1_799' title='bbox 3088 5038 3173 5079; x_wconf 89' lang='lat' dir='ltr'><strong>res</strong></span> <span class='ocrx_word' id='word_1_800' title='bbox 3206 5025 3384 5077; x_wconf 80' lang='lat' dir='ltr'><strong>videa-</strong></span> 
     </span>
    </p>
   </div>
   <div class='ocr_carea' id='block_1_110' title="bbox 1828 5116 3381 5189">
    <p class='ocr_par' dir='ltr' id='par_1_110' title="bbox 1828 5116 3381 5189">
     <span class='ocr_line' id='line_1_110' title="bbox 1828 5116 3381 5189; baseline -0.005 -15"><span class='ocrx_word' id='word_1_801' title='bbox 1828 5129 1933 5183; x_wconf 90' lang='lat' dir='ltr'><strong>tur,</strong></span> <span class='ocrx_word' id='word_1_802' title='bbox 1969 5132 2220 5188; x_wconf 84' lang='lat' dir='ltr'><strong>magnum</strong></span> <span class='ocrx_word' id='word_1_803' title='bbox 2274 5134 2456 5189; x_wconf 89' lang='lat' dir='ltr'><strong>regem</strong></span> <span class='ocrx_word' id='word_1_804' title='bbox 2512 5119 2649 5188; x_wconf 90' lang='lat' dir='ltr'><strong>plebi</strong></span> <span class='ocrx_word' id='word_1_805' title='bbox 2682 5133 2789 5173; x_wconf 66' lang='lat' dir='ltr'><strong>suae</strong></span> <span class='ocrx_word' id='word_1_806' title='bbox 2820 5116 3132 5187; x_wconf 88' lang='lat' dir='ltr'><strong>permistutn</strong></span> <span class='ocrx_word' id='word_1_807' title='bbox 3164 5116 3381 5177; x_wconf 87' lang='lat' dir='ltr'><strong>habere,</strong></span> 
     </span>
    </p>
   </div>
   <div class='ocr_carea' id='block_1_111' title="bbox 1826 5206 3383 5281">
    <p class='ocr_par' dir='ltr' id='par_1_111' title="bbox 1826 5206 3383 5281">
     <span class='ocr_line' id='line_1_111' title="bbox 1826 5206 3383 5281; baseline -0.004 -16"><span class='ocrx_word' id='word_1_808' title='bbox 1826 5212 2047 5281; x_wconf 84' lang='lat' dir='ltr'><strong>ejusque</strong></span> <span class='ocrx_word' id='word_1_809' title='bbox 2090 5212 2403 5281; x_wconf 84' lang='lat' dir='ltr'><strong>magistrum</strong></span> <span class='ocrx_word' id='word_1_810' title='bbox 2435 5212 2547 5265; x_wconf 93' lang='lat' dir='ltr'><strong>tieri</strong></span> <span class='ocrx_word' id='word_1_811' title='bbox 2574 5228 2589 5279; x_wconf 83' lang='lat'><strong>;</strong></span> <span class='ocrx_word' id='word_1_812' title='bbox 2618 5220 2669 5263; x_wconf 91' lang='lat' dir='ltr'><strong>et</strong></span> <span class='ocrx_word' id='word_1_813' title='bbox 2703 5224 2821 5262; x_wconf 92' lang='lat' dir='ltr'><strong>cum</strong></span> <span class='ocrx_word' id='word_1_814' title='bbox 2852 5210 2953 5263; x_wconf 90' lang='lat' dir='ltr'><strong>hoc</strong></span> <span class='ocrx_word' id='word_1_815' title='bbox 2988 5206 3238 5277; x_wconf 79' lang='lat' dir='ltr'><strong>cooscqui</strong></span> <span class='ocrx_word' id='word_1_816' title='bbox 3263 5220 3383 5274; x_wconf 88' lang='lat' dir='ltr'><strong>pos-</strong></span> 
     </span>
    </p>
   </div>
   <div class='ocr_carea' id='block_1_112' title="bbox 1824 5299 3381 5372">
    <p class='ocr_par' dir='ltr' id='par_1_112' title="bbox 1824 5299 3381 5372">
     <span class='ocr_line' id='line_1_112' title="bbox 1824 5299 3381 5372; baseline -0.006 -14"><span class='ocrx_word' id='word_1_817' title='bbox 1824 5305 1895 5358; x_wconf 87' lang='lat' dir='ltr'><strong>sit</strong></span> <span class='ocrx_word' id='word_1_818' title='bbox 1929 5302 2040 5359; x_wconf 88' lang='lat' dir='ltr'><strong>sola</strong></span> <span class='ocrx_word' id='word_1_819' title='bbox 2073 5305 2546 5360; x_wconf 88' lang='lat' dir='ltr'><strong>consubstantialis</strong></span> <span class='ocrx_word' id='word_1_820' title='bbox 2576 5319 2703 5357; x_wconf 87' lang='lat' dir='ltr'><strong>voce</strong></span> <span class='ocrx_word' id='word_1_821' title='bbox 2741 5320 2803 5359; x_wconf 90' lang='lat' dir='ltr'><strong>ex</strong></span> <span class='ocrx_word' id='word_1_822' title='bbox 2841 5299 3081 5372; x_wconf 82' lang='lat' dir='ltr'><strong>symbolo</strong></span> <span class='ocrx_word' id='word_1_823' title='bbox 3121 5300 3381 5359; x_wconf 85' lang='lat' dir='ltr'><strong>detracta,</strong></span> 
     </span>
    </p>
   </div>
   <div class='ocr_carea' id='block_1_113' title="bbox 1824 5390 3387 5471">
    <p class='ocr_par' dir='ltr' id='par_1_113' title="bbox 1824 5390 3387 5471">
     <span class='ocr_line' id='line_1_113' title="bbox 1824 5390 3387 5471; baseline -0.002 -21"><span class='ocrx_word' id='word_1_824' title='bbox 1824 5398 1966 5467; x_wconf 87' lang='lat' dir='ltr'><strong>quod</strong></span> <span class='ocrx_word' id='word_1_825' title='bbox 1996 5413 2157 5453; x_wconf 91' lang='lat' dir='ltr'><strong>unum</strong></span> <span class='ocrx_word' id='word_1_826' title='bbox 2189 5403 2417 5470; x_wconf 89' lang='lat' dir='ltr'><strong>postulat</strong></span> <span class='ocrx_word' id='word_1_827' title='bbox 2446 5400 2734 5471; x_wconf 85' lang='lat' dir='ltr'><strong>imperator</strong></span> <span class='ocrx_word' id='word_1_828' title='bbox 2753 5438 2767 5464; x_wconf 95' lang='lat'><strong>,</strong></span> <span class='ocrx_word' id='word_1_829' title='bbox 2798 5396 3015 5451; x_wconf 88' lang='lat' dir='ltr'><strong>minime</strong></span> <span class='ocrx_word' id='word_1_830' title='bbox 3059 5400 3243 5450; x_wconf 85' lang='lat' dir='ltr'><strong>contra</strong></span> <span class='ocrx_word' id='word_1_831' title='bbox 3270 5390 3387 5459; x_wconf 81' lang='lat' dir='ltr'><strong>ejus</strong></span> 
     </span>
    </p>
   </div>
   <div class='ocr_carea' id='block_1_114' title="bbox 1896 5596 2295 5732">
    <p class='ocr_par' dir='ltr' id='par_1_114' title="bbox 1896 5596 2295 5732">
     <span class='ocr_line' id='line_1_114' title="bbox 1896 5596 2295 5732; baseline 0.015 -85"><span class='ocrx_word' id='word_1_832' title='bbox 1896 5596 1973 5732; x_wconf 47' lang='grc' dir='ltr'><strong>ἔα)</strong></span> <span class='ocrx_word' id='word_1_833' title='bbox 2012 5596 2141 5677; x_wconf 38' lang='lat' dir='ltr'><strong>Na‘z.</strong></span> <span class='ocrx_word' id='word_1_834' title='bbox 2170 5598 2295 5653; x_wconf 85' lang='lat' dir='ltr'><strong>ibitl.</strong></span> 
     </span>
     <span class='ocr_line' id='line_1_115' title="bbox 1918 5665 2273 5732; baseline 0.017 -16"><span class='ocrx_word' id='word_1_835' title='bbox 1918 5671 1967 5732; x_wconf 86' lang='lat' dir='ltr'><strong>e)</strong></span> <span class='ocrx_word' id='word_1_836' title='bbox 2008 5682 2022 5719; x_wconf 84' lang='grc' dir='ltr'><strong>ι</strong></span> <span class='ocrx_word' id='word_1_837' title='bbox 2052 5665 2273 5722; x_wconf 60' lang='lat' dir='ltr'><strong>tunam.</strong></span> 
     </span>
    </p>
   </div>
   <div class='ocr_carea' id='block_1_115' title="bbox 1918 5665 2273 5737">
    <p class='ocr_par' dir='ltr' id='par_1_115' title="bbox 1918 5665 2273 5737">
     <span class='ocr_line' id='line_1_116' title="bbox 1918 5665 2273 5737; baseline 0.017 -21"><span class='ocrx_word' id='word_1_838' title='bbox 1918 5671 1967 5737; x_wconf 83' lang='lat' dir='ltr'><strong>e)</strong></span> <span class='ocrx_word' id='word_1_839' title='bbox 2008 5682 2022 5719; x_wconf 84' lang='grc' dir='ltr'><strong>ι</strong></span> <span class='ocrx_word' id='word_1_840' title='bbox 2052 5665 2273 5722; x_wconf 72' lang='lat' dir='ltr'><strong>Eunoni.</strong></span> 
     </span>
    </p>
   </div>
  </div>
