4074 6312
698 354 904 394 ιὶκνῑξι

2049 338 2579 394 PROLEGOMENA.

695 465 1027 513 voluntatem
1080 461 1274 512 veniat.
1328 462 1407 514 Ad
1446 462 1558 516 hcce
1599 462 1846 525 Basilius,
1887 477 2138 531 magnum
2167 462 2266 515 sibi
2296 468 2340 520 Λ
2370 463 2516 516 illum
2547 464 2858 529 compellans
2895 464 3145 532 (nondum
3176 464 3310 515 enim
3354 479 3464 514 eum
3499 463 3788 528 epist-apum
3827 481 3916 514 co—

696 562 747 602 ct
787 551 1171 617 peroptaudum
1236 554 1427 614 videri,
1465 564 1521 606 ut
1558 555 1850 620 imperator
1900 554 2154 608 Ecclesia:
2195 557 2266 609 sit

696 643 1007 709 particeps:
1048 659 1293 707 magnum
1351 647 1491 696 enim
1551 647 1800 712 quiddam
1850 659 1968 698 esse
2028 647 2261 698 animam

697 730 926 791 saivare,
967 748 1068 783 non
1106 734 1260 785 modo
1291 735 1651 802 imperatoris,
1676 738 1766 788 sed
1791 738 1949 788 etiam
1982 735 2264 803 cujuslibet

695 817 945 874 hominis.
975 823 1077 875 Sed
1113 834 1316 875 tantum
1357 827 1564 889 abesse,
1599 840 1653 880 ut
1697 829 1814 879 lidei
1847 828 2085 881 formula:
2113 831 2265 897 quid-

695 927 852 978 quam
881 915 1076 966 addere
1128 915 1253 967 velit
1308 931 1398 969 aut
1431 919 1731 980 detrahere,
1775 929 1829 971 ut
1860 936 1924 973 ne
1954 921 2126 988 ipsum
2153 923 2265 987 qui--

695 1007 812 1055 dem
859 1006 1096 1057 ordinem
1145 1024 1328 1060 eorum
1391 1027 1507 1075 qu:e
1547 1013 1742 1079 St'l‘ipla
1797 1022 1936 1071 sunt,
1992 1009 2262 1064 immutari

695 1099 951 1164 patiatur.
991 1099 1390 1155 Narratdeiude
1407 1102 1677 1172 Nysseuus
1706 1104 1843 1155 aliud
1875 1104 2048 1156 Basilii
2092 1116 2264 1157 certa-

695 1206 815 1242 men
863 1206 980 1242 cum
1043 1208 1335 1261 coquorum
1403 1198 1685 1263 μηνυθείη)
1729 1196 2102 1260 Demosthene,
2149 1198 2258 1264 qui,

695 1294 911 1349 accepta
941 1301 967 1334 a
996 1283 1216 1338 Valente
1251 1288 1347 1339 hac
1374 1289 1666 1354 provincia,
1692 1288 1945 1340 Basilium
1976 1291 2262 1343 vehemen-

696 1375 801 1426 tius
851 1391 1134 1443 aggressus
1171 1390 1283 1440 est,
1343 1391 1602 1447 [ll'tl’Si‘lllc
1644 1396 1829 1431 rursus
1869 1380 2137 1446 pra-lecto,
2171 1381 2260 1433 sed

694 1466 862 1517 nihilo
905 1469 1070 1534 magis
1117 1473 1400 1537 promovit.
1450 1473 1649 1524 Aderat
1689 1472 1810 1524 huic
1854 1473 2132 1524 certamini
2163 1474 2260 1524 itii-

694 1559 812 1625 pius
859 1561 1070 1626 quidam
1113 1578 1175 1616 ex
1233 1563 1472 1632 lllyriro,
1509 1580 1666 1627 quem
1724 1563 1994 1616 Valentem
2048 1564 2258 1616 Mursia:

694 1664 812 1702 esse
866 1654 1167 1720 suspicatur
1216 1655 1603 1708 Tillemontius.
1639 1655 1748 1708 Non
1805 1658 1922 1709 sine
1980 1658 2158 1725 lepore
2190 1658 2263 1710 ait

695 1739 1159 1812 Nazianzenusta)
1195 1747 1334 1798 hunc
1374 1747 1800 1812 Demosthenem,
1832 1765 1951 1802 cum
1983 1753 2112 1804 artis
2154 1766 2261 1803 suae

693 1832 897 1897 gladios
920 1835 1227 1898 minaretur,
1248 1854 1274 1888 a
1303 1837 1495 1892 Basilio
1520 1839 1582 1891 ad
1615 1840 1787 1907 ignem
1815 1840 1912 1908 ipsi
1942 1839 2260 1894 coriVenieu-

696 1931 799 1973 tem
833 1927 1200 1978 transmissum
1236 1929 1417 1980 fuisse.

765 2014 913 2067 Nunt:
965 2019 1117 2070 nobis
1164 2021 1459 2073 audiendus
1525 2020 1813 2091 Gregorius
1878 2022 2260 2086 Nazianzenus,

694 2107 783 2171 qui
814 2109 1062 2159 omnibus
1091 2112 1246 2161 rebus
1269 2112 1428 2177 gestis
1449 2112 1682 2165 interfurit
1702 2113 1796 2183 (b).
1823 2113 2012 2167 Narrat
2038 2116 2146 2182 ipse
2172 2116 2262 2168 ad-

695 2199 863 2252 fuisse
893 2215 950 2252 se
979 2210 1031 2253 et
1062 2203 1311 2263 audiisse,
1351 2221 1468 2256 (.‘lllll
1500 2206 1728 2259 Basilius
1761 2222 1879 2258 cum
1915 2207 2130 2260 Valente
2164 2209 2260 2262 ite-

694 2308 809 2343 rum
849 2293 896 2344 in
943 2294 1221 2346 ecclesiam
1258 2296 1500 2348 veniente
1539 2296 1831 2349 collocutus
1877 2311 1977 2351 est.
2029 2299 2176 2363 Quod
2218 2299 2259 2351 si

695 2383 832 2434 idem
875 2383 940 2434 de
991 2386 1200 2436 ueteris
1244 2387 1402 2437 rebus
1451 2402 1552 2438 nor.
1584 2388 1744 2450 dicit,
1775 2404 1878 2440 non
1912 2390 2110 2443 idcirco
2144 2406 2259 2444 cre-

695 2472 901 2526 dendus
928 2485 1007 2526 est
1036 2475 1286 2527 abfuisse.
1321 2475 1451 2528 Nam
1478 2493 1596 2529 cum
1630 2479 1808 2531 Basilii
1839 2495 2115 2532 sermones
2144 2495 2260 2531 eum

695 2563 919 2617 Valente
951 2580 1053 2616 non
1084 2565 1316 2629 referat,
1364 2566 1452 2617 sed
1485 2567 1753 2620 mirabiles
1785 2583 1844 2619 ac
1876 2571 2263 2636 quodairunodo

695 2653 904 2707 divinos
953 2653 1117 2707 fui~se
1153 2665 1458 2716 assereret,
1494 2656 1681 2708 merito
1713 2655 1944 2708 adfuisse
1975 2672 2029 2708 se
2064 2669 2260 2722 ilionei,

695 2745 1080 2797 uttcstimonio
1104 2747 1265 2798 robur
1296 2747 1476 2797 addat.
1519 2753 1588 2798 At
1631 2747 1815 2798 cadent
1859 2748 2036 2799 cautio
2082 2763 2264 2800 neces-

695 2836 836 2885 saria
877 2851 981 2886 non
1033 2836 1132 2888 fuit
1175 2838 1224 2889 in
1277 2838 1569 2890 referendis
1617 2837 1796 2890 Basilii
1847 2855 1965 2891 cum
2014 2839 2264 2905 pra-fectu

696 2926 1054 2977 serinmiibus.
1101 2927 1278 2988 Quare
1341 2943 1457 2978 cum
1502 2928 1790 2995 Gregorius
1833 2930 2167 2995 promisisset
2207 2945 2263 2983 se

695 3031 1002 3081 venturum,
1037 3036 1138 3070 non
1169 3019 1321 3071 video
1343 3035 1439 3072 cur
1471 3023 1649 3072 statim
1686 3037 1786 3071 non
1822 3024 2042 3073 venerit.
2089 3023 2264 3076 Moras

2365 569 2486 605 care
2533 554 2866 621 dignabatur)
2902 564 2956 605 ut
2994 563 3137 606 tanto
3193 554 3489 620 imperatori
3529 554 3772 606 obsistere
3822 573 3918 605 au-

2365 642 2507 704 deas,
2538 649 2775 711 solusque
2795 644 3023 696 omnium
3048 645 3416 695 contumaciter
3447 655 3492 696 te
3527 645 3715 711 geras?
3746 643 3922 706 Quor-

2365 749 2497 795 sum,
2535 735 2795 799 respondit
2831 734 3088 797 Basilius,
3125 736 3232 787 Ittec
3257 738 3422 786 oratio
3462 745 3674 799 spectat,
3698 745 3743 786 et
3778 752 3919 797 qua:-

2366 839 2484 874 nant
2534 824 2642 876 ha'c
2683 827 3013 877 contumacia
3065 836 3111 878 et
3143 828 3481 892 arrogantia?
3515 827 3741 878 nondum
3782 829 3919 878 enim

2366 915 2418 965 id
2443 917 2568 968 satis
2607 917 2856 986 intelligo.
2905 917 3194 982 Quoniam,
3240 918 3401 982 inquit
3436 919 3548 981 ille,
3590 920 3919 983 imperatoris

2367 1005 2660 1074 religionem
2698 1009 2908 1060 minime
2948 1009 3095 1073 colis,
3131 1011 3367 1061 omnibus
3408 1010 3525 1060 aliis
3552 1012 3664 1076 jam
3698 1011 3902 1062 inclina

2366 1097 2430 1149 tis
2462 1114 2519 1148 ac
2549 1102 2820 1160 superatis.
2852 1099 2971 1151 Non
2996 1103 3154 1165 enim,
3185 1101 3351 1168 inquit
3384 1100 3630 1163 Basilius,
3667 1103 3776 1153 IttI’C
3813 1102 3917 1151 vult

2365 1191 2644 1255 imperator
2694 1207 2833 1242 meus
2890 1209 2906 1244 :
2958 1207 3045 1243 nec
3083 1208 3186 1242 rem
3220 1192 3380 1242 ullam
3426 1199 3650 1242 creatam
3698 1193 3922 1242 adorare

2364 1281 2614 1342 sustineo,
2640 1298 2750 1331 eum
2777 1296 2821 1332 et
2850 1286 2952 1350 ipse
2981 1301 3010 1333 α
3040 1282 3141 1334 Deo
3165 1294 3369 1335 creatus
3411 1284 3505 1334 sint
3526 1323 3538 1345 ,
3565 1295 3609 1334 et
3644 1284 3770 1334 deus
3812 1299 3922 1335 esse

2355 1375 2562 1444 jubcar.
2599 1374 2707 1427 Nos
2740 1393 2875 1442 vero,
2904 1378 3065 1444 inquit
3103 1378 3208 1437 ille,
3243 1378 3366 1445 quid
3399 1380 3601 1428 tondent
3644 1378 3736 1427 tibi
3784 1377 3923 1428 cide-

2364 1467 2517 1518 mur?
2551 1465 2701 1517 Nihil
2737 1484 2881 1530 sane,
2930 1469 3090 1535 inquit
3123 1467 3376 1527 Basilius,
3411 1470 3531 1518 dum
3568 1469 3674 1518 hare
3701 1469 3920 1534 jubetis.

2363 1557 2468 1625 Age
2521 1574 2667 1619 vero,
2714 1558 2878 1614 inquit
2910 1558 3018 1621 ille,
3061 1575 3158 1608 non
3204 1576 3444 1626 magnum
3493 1568 3538 1610 et
3580 1557 3849 1622 honoriﬁct
3877 1574 3923 1609 tu

2361 1651 2625 1702 existimas
2672 1649 2739 1700 ad
2782 1659 2984 1701 nostras
3023 1660 3192 1716 partes
3232 1651 3470 1716 adjungi,
3517 1652 3781 1718 sociosque
3831 1667 3923 1701 nos

2361 1741 2589 1795 habere?
2633 1742 2709 1793 Ad
2753 1740 2860 1793 Ιηιέ
2917 1739 3143 1791 Basilius
3191 1753 3208 1790 :

2363 1834 2504 1896 estis,
2534 1844 2578 1885 et
2618 1834 2824 1900 quidem
2875 1831 3135 1891 illustres,
3190 1845 3289 1880 non
3340 1828 3541 1893 inﬁcias
3601 1846 3679 1889 eo,
3714 1831 3927 1881 minime

2365 1938 2532 1978 tamen
2580 1927 2683 1979 Deo
2731 1927 3135 1993 pratstantiores.
3182 1921 3363 1976 Socios
3404 1933 3573 1972 autem
3620 1937 3706 1972 ros
3736 1922 3927 1974 habere

2364 2016 2490 2067 mihi
2526 2016 2730 2081 quidem
2777 2016 3002 2080 amplum
3051 2024 3096 2066 et
3150 2012 3490 2079 honoriﬁcum
3534 2011 3687 2077 fuerit
3719 2011 3927 2078 (quidni

2363 2110 2519 2169 enim,
2552 2123 2665 2157 cum
2702 2108 2796 2171 ipsi
2829 2124 3027 2174 quoque
3067 2107 3158 2158 Dei
3200 2114 3454 2157 creaturte
3484 2105 3694 2171 sitis?),
3731 2105 3824 2156 ssi!
3869 2115 3927 2155 ut

2362 2200 2493 2250 alios
2525 2198 2773 2265 quosdam
2807 2212 2869 2246 ex
2898 2196 2975 2246 his
2999 2234 3014 2258 ,
3043 2199 3129 2260 qui
3162 2197 3304 2247 nobis
3350 2196 3567 2261 subjecti
3613 2205 3751 2247 sunt.
3804 2194 3926 2246 Non

3277 1735 3378 1789 Vos
3437 1741 3637 1805 quidem
3687 1741 3925 1804 pratfecti

2361 2293 2494 2342 enim
2525 2303 2862 2356 personarum
2894 2285 3182 2352 dignitate.
3232 2289 3318 2333 sm!
3359 2289 3459 2353 ﬁde
3506 2287 3927 2338 chi-istisnismus

2364 2385 2668 2451 insignitur.
2720 2380 2832 2432 llac
2874 2379 3108 2430 oratione
3162 2391 3442 2428 commotus
3503 2378 3810 2442 profectus,
3866 2393 3929 2427 ac

2363 2471 2548 2541 majori
2590 2475 2665 2523 ira
2710 2486 3014 2525 succensus.
3065 2469 3126 2518 de
3169 2465 3412 2517 subsellio
3463 2470 3684 2517 surrexit
3713 2509 3725 2530 ,
3774 2478 3929 2532 atque

2365 2563 2710 2629 asperioribus
2764 2562 2927 2613 verbis
2963 2575 3077 2610 cum
3127 2574 3183 2610 eo
3235 2572 3383 2623 agere
3438 2558 3680 2618 perrexit.
3743 2557 3931 2620 Quid!

2367 2651 2679 2702 Potestatem
2725 2658 2855 2702 hanc
2901 2667 3001 2701 non
3045 2647 3400 2714 pertimescis?
3445 2643 3549 2696 Cur
3602 2661 3715 2696 vero
3765 2649 3929 2711 perti-

2365 2757 2658 2802 mescerent,
2696 2742 2859 2806 inquit
2909 2740 3179 2793 Basilius?
3214 2740 3349 2802 Quid
3386 2738 3466 2803 [iet
3490 2739 3512 2790 Σ)
3549 2737 3670 2803 quid
3709 2738 3930 2801 patiar.c

2366 2833 2503 2897 Quid
2527 2824 2789 2900 patieris?
2819 2831 2991 2882 intulit
3025 2831 3110 2880 ille
3133 2871 3145 2893 ,
3177 2847 3334 2882 unum
3375 2845 3400 2881 e
3437 2839 3539 2878 tam
3572 2825 3769 2885 multis,
3803 2843 3925 2892 qua:

2363 2942 2488 2978 mea:
2525 2934 2641 2977 sunt
2676 2924 2964 2989 potestatis.
3011 2925 3262 2985 Quantam
3305 2922 3450 2973 htec?
3473 2919 3740 2986 subjuna'it
3773 2916 3931 2969 Basi-

2365 3018 2498 3078 lius,
2544 3018 2626 3082 fac
2678 3019 2814 3068 enim
2853 3015 3224 3082 intelligamus.
3261 3012 3546 3075 Bonorum,
3597 3009 3759 3077 inquit
3798 3009 3929 3072 ,ille,

695 3111 769 3165 illi
801 3113 1042 3165 morbum
1091 3112 1278 3165 matris
1308 3111 1549 3165 attulisse
1587 3122 1734 3179 putat
1776 3111 2175 3177 'l'illemontius,
2213 3127 2264 3168 et
2292 3142 2330 3198 ο
2365 3109 2826 3173 proscriptionem,
2858 3107 3131 3167 exsilium,
3165 3107 3457 3164 cruciatus,
3497 3115 3731 3154 mortem.
3794 3099 3930 3151 Tum

695 3204 759 3255 ad
794 3205 842 3255 id
877 3212 1083 3271 tempus
1116 3203 1278 3256 refert
1303 3215 1547 3270 quartam
1580 3204 1718 3258 illius
1741 3204 2044 3270 epistolam,
2080 3207 2128 3257 in
2160 3222 2261 3275 qua

699 3298 839 3348 hunc
871 3297 1056 3346 matris
1093 3296 1331 3369 mqrbum
1362 3306 1600 3359 excusat,
1630 3315 1723 3350 cur
1749 3316 1777 3351 a
1815 3298 2014 3351 Basilio
2049 3311 2264 3353 voratus

699 3403 802 3439 non
833 3395 1099 3438 occurrat.
1137 3385 1238 3438 Sed
1274 3386 1419 3439 valde
1451 3387 1635 3439 dubito
1688 3404 1752 3439 an
1790 3389 1914 3442 huic
1955 3390 2132 3442 Basilii
2181 3394 2263 3444 vel

697 3479 872 3542 potius
918 3477 1165 3529 Ecclesia:
1205 3481 1425 3544 tempori
1473 3479 1715 3530 morbum
1769 3483 1953 3530 matris
2004 3485 2265 3546 praetulis—

697 3578 798 3621 set.
855 3568 1118 3619 i’rzetcreu
1174 3570 1305 3620 nihil
1342 3570 1500 3621 habet
1531 3571 1638 3622 haec
1667 3569 1891 3636 epistola
1919 3572 1982 3621 de
2014 3573 2266 3636 gravissi-

699 3664 800 3709 nzis
830 3660 1074 3711 veniendi
1123 3661 1328 3723 causis,
1385 3660 1514 3711 nihil
1563 3659 1626 3711 de
1665 3662 1940 3728 promissis
1981 3661 2262 3729 Gregorii:

701 3754 795 3803 sed
833 3769 1080 3817 maguum
1134 3752 1402 3819 significat
1438 3753 1647 3804 videndi
1698 3752 1876 3805 Basilii
1926 3754 2263 3814 desiderium,

701 3845 785 3894 eui
820 3843 1218 3895 satisfacturum
1255 3858 1310 3894 se
1349 3843 1495 3906 dicit,
1528 3843 1568 3895 si
1603 3843 1782 3896 Basilii
1824 3846 2070 3911 precibus
2103 3855 2269 3896 mater

703 3943 939 3982 sanetur.
974 3934 1147 3994 Quare
1178 3933 1288 3983 hate
1321 3933 1538 3998 cpistola
1570 3933 1634 3984 ad
1683 3933 1820 3984 aliud
1851 3943 2057 4001 tempus
2103 3935 2266 4001 perli-

706 4033 818 4083 nct,
856 4031 906 4072 et
954 4037 1070 4089 qua:
1097 4020 1387 4085 Gregorius
1422 4024 1602 4085 refert,
1648 4037 1706 4074 ea
1746 4024 1961 4076 auribus
1993 4028 2101 4077 suis
2135 4027 2267 4077 hau-

704 4115 837 4166 sis:e
869 4114 1164 4166 ecuseudus
1205 4123 1306 4165 est.
1342 4113 1543 4165 Idcirco
1596 4113 1857 4180 prolixum
1904 4131 1964 4166 ex
2006 4117 2118 4182 ejus
2149 4132 2266 4168 ora-

705 4207 848 4256 tione
881 4207 1124 4256 \'iCC>itllil
1157 4206 1326 4257 locum
1353 4206 1436 4258 hic
1463 4221 1786 4274 :q'ipouemus
1815 4223 1823 4255 :
1853 4206 2012 4256 lit-cui
2037 4206 2263 4268 tandem,

704 4297 895 4362 inquit,
936 4298 1226 4363 incognitus
1263 4298 1349 4348 ille
1403 4307 1497 4361 est,
1556 4298 1644 4364 qui
1691 4308 1796 4347 tum
1833 4298 1969 4362 apud
2020 4313 2108 4347 nos
2137 4313 2268 4360 prtvn

703 4390 820 4456 fecti
858 4405 1065 4441 munere
1091 4390 1420 4456 fungebatur,
1469 4407 1582 4441 cum
1621 4401 1800 4457 suapte
1829 4392 2052 4442 audacia
2085 4390 2263 4440 adrer-

2370 3195 2594 3247 Bdsilius
2623 3212 2638 3246 .'
2667 3194 2722 3245 Si
2756 3199 2877 3262 quid
2907 3198 3048 3246 aliud
3074 3197 3245 3254 habes,
3281 3195 3331 3244 id
3356 3195 3496 3245 nobis
3529 3193 3784 3244 minitare.
3818 3189 3931 3243 H9—

2366 3303 2480 3338 runt
2511 3288 2645 3339 enint
2668 3325 2681 3348 ,
2707 3301 2821 3354 qua:
2852 3285 3018 3335 adhuc
3047 3287 3455 3336 commemorasti
3477 3325 3488 3343 ,
3537 3284 3661 3334 nihil
3702 3301 3794 3336 nos
3846 3293 3931 3334 at-

2368 3378 2538 3444 tingit.
2573 3375 2810 3441 Quonam
2843 3376 3036 3427 modo?
3080 3375 3243 3440 inquit
3287 3375 3394 3437 ille,
3429 3374 3708 3437 Quoniam,
3758 3375 3929 3441 inquit

2368 3469 2618 3533 Basilius,
2669 3469 2920 3519 bonorum
2969 3466 3333 3532 proscripgioni
3390 3465 3638 3516 obnolius
3684 3482 3783 3516 non
3826 3481 3929 3529 est,

2367 3565 2455 3628 qui
2483 3562 2606 3612 nihil
2634 3561 2822 3612 habet:
2857 3560 2952 3610 nisi
2979 3558 3112 3625 forte
3146 3559 3329 3609 laceris
3345 3569 3386 3608 et
3416 3558 3614 3608 detritis
3636 3558 3930 3623 hiscepan-

2370 3653 2446 3702 nis
2478 3655 2674 3719 indiges
2711 3670 2769 3704 ac
2811 3655 2987 3716 paucis
3027 3651 3236 3714 libellis,
3277 3652 3326 3702 in
3363 3651 3544 3717 quibus
3575 3667 3745 3700 omnes
3798 3652 3930 3699 nis/ti

2370 3741 2640 3808 facultates
2682 3753 2725 3792 et
2765 3747 2923 3808 (ονξιυ
2963 3753 3103 3793 sttnt.
3155 3742 3408 3793 Exsilium
3449 3752 3615 3792 autem
3663 3744 3803 3791 haud
3842 3759 3930 3792 cu-

2371 3851 2584 3900 gnost‘o,
2620 3835 2706 3902 qui
2750 3836 2890 3884 nullo
2921 3837 3068 3884 modo
3106 3834 3520 3894 circumscriptus
3561 3849 3668 3882 smn
3693 3873 3706 3892 ,
3741 3851 3803 3882 ac
3837 3849 3922 3882 ne-

2371 3941 2464 3992 que
2496 3937 2680 3976 terram
2719 3927 2870 3986 hanc,
2903 3939 3055 3991 quam
3090 3939 3222 3973 nunc
3256 3923 3443 3982 incolo,
3471 3939 3634 3972 meam
3666 3923 3848 3982 habeo,
3880 3939 3923 3974 et

2368 4033 2479 4068 eum
2508 4033 2728 4076 omnem,
2768 4017 2819 4066 in
2842 4014 3268 4084 quamprojeclus
3298 4015 3464 4080 fuero,
3496 4028 3586 4076 pro
3611 4029 3720 4062 mea
3749 4016 3882 4063 duco
3909 4031 3926 4063 .·

2371 4108 2506 4169 imo,
2535 4117 2587 4157 ut
2635 4108 2821 4158 rectius
2867 4105 3080 4174 loquar,
3118 4106 3404 4155 universam
3451 4114 3635 4153 terram
3687 4103 3776 4155 Dei
3820 4122 3929 4156 esse

2369 4200 2496 4262 scio,
2530 4201 2674 4264 cujus
2725 4202 2921 4251 adrena
2960 4215 3050 4264 ego
3086 4213 3195 4249 sum
3234 4209 3276 4247 et
3310 4199 3622 4264 peregrinus.
3656 4196 3777 4247 Jam
3819 4209 3926 4246 lor-

2371 4301 2542 4340 menta
2569 4293 2692 4358 quid
2730 4293 2960 4354 accipere
2992 4299 3207 4354 queant,
3251 4305 3364 4340 cum
3411 4308 3591 4357 corpus
3619 4293 3778 4348 ,tlesit,
3827 4291 3929 4339 nisi

2373 4384 2506 4447 [orte
2574 4385 2792 4449 primam
2841 4384 3047 4448 plagam
3097 4382 3334 4435 dixeris:
3392 4385 3544 4443 huius
3597 4382 3727 4430 enini
3764 4386 3928 4434 solius

702 4499 788 4534 sus
821 4498 912 4533 nos
939 4481 1225 4545 pratsertint
1259 4482 1610 4548 inﬂammatus
1647 4487 1787 4546 (nam
1820 4484 1881 4533 ab
1921 4483 2027 4533 illis
2066 4497 2265 4547 quoque
2299 4485 2342 4539 ί)
2370 4493 2517 4541 penes
2547 4489 2592 4528 te
2631 4477 2909 4528 arbitrium
2948 4487 2991 4526 et
3037 4485 3264 4540 potestas
3295 4485 3390 4528 est.
3428 4475 3566 4526 Mors
3593 4490 3742 4536 porro
3778 4478 3927 4526 benc-

702 4573 962 4631 initiatus,
989 4575 1062 4621 rel
1085 4572 1252 4636 potius
1276 4571 1538 4633 confectus
1573 4571 1784 4637 fuerat),
1827 4583 1932 4623 tum
1967 4574 2120 4622 etiam
2157 4585 2266 4619 am-

703 4663 860 4729 plius,
910 4678 1065 4730 quant
1126 4678 1324 4712 necesse
1376 4673 1527 4721 esset,
1577 4663 1877 4726 imperatori
1918 4664 2263 4722 subserviens,

702 4765 855 4820 atque
883 4771 944 4804 ea:
983 4769 1039 4804 eo
1086 4753 1222 4818 quod
1261 4752 1337 4799 illi
1389 4752 1624 4802 omnibus
1668 4753 1720 4802 in
1758 4751 1904 4803 rebus
1958 4757 2267 4816 obsequere-

702 4854 807 4904 tur,
837 4845 1137 4895 diuturnius
1176 4845 1445 4906 intperium
1486 4845 1582 4894 sibi
1632 4847 1978 4896 conservans?
2010 4845 2089 4894 Atl
2133 4844 2268 4894 hunc

703 4936 951 4987 adrersus
989 4933 1276 4987 Ecclesium
1305 4933 1601 4998 frementem
1633 4935 1896 5004 leonirque
1918 4939 2133 5003 speci-1m
2161 4952 2268 5002 pra:

709 5042 760 5075 re
791 5026 1056 5090 ferentem,
1089 5043 1148 5075 ac
1193 5025 1354 5076 leonis
1398 5039 1536 5076 more
1572 5027 1894 5091 rugientem,
1929 5038 2077 5094 atque
2129 5028 2267 5092 ejus-

713 5117 879 5177 modi,
917 5127 969 5167 ut
1014 5134 1044 5167 a
1087 5115 1260 5169 multis
1307 5133 1368 5168 nc
1403 5117 1536 5168 adiri
1557 5119 1759 5184 quidem
1787 5129 1950 5181 posset
1973 5159 1986 5177 ,
2014 5121 2090 5171 vir
2116 5121 2265 5184 [ortis

701 5210 1006 5269 adducitur,
1041 5211 1143 5260 imo
1172 5225 1288 5260 vero
1317 5209 1630 5277 ingreditur,
1657 5212 1866 5273 perinde
1896 5227 1955 5261 ac
1999 5211 2043 5260 si
2068 5227 2169 5261 non
2199 5213 2266 5262 ad

699 5297 977 5364 judicium,
1015 5302 1100 5351 sed
1143 5301 1208 5349 ad
1246 5299 1428 5364 festum
1479 5310 1766 5351 vocaretur.
1807 5301 2042 5361 Quonam
2086 5310 2255 5352 autem

712 5396 884 5452 modo,
924 5393 997 5443 vel
1019 5393 1244 5458 prce/etii
1276 5396 1550 5446 audaciam
1575 5434 1586 5450 ,
1619 5394 1692 5445 rel
1729 5394 1912 5444 Basilii
1944 5395 2176 5444 rirtutcm
2207 5405 2253 5445 et

708 5484 1036 5547 sapientiam,
1068 5500 1166 5545 qua
1205 5485 1250 5534 ci
1288 5486 1491 5545 restitit,
1517 5485 1642 5536 satis
1668 5485 1821 5551 digna
1859 5489 2090 5535 oratione
2122 5500 2257 5533 com-

703 5572 940 5637 plectar?
977 5576 1102 5636 Qua:
1135 5588 1219 5626 tua
1256 5587 1346 5636 est,
1381 5580 1561 5644 inquit,
1600 5581 1753 5642 ratio,
1783 5577 1903 5630 heus
1945 5591 2019 5639 ttt,
2057 5580 2257 5630 nomine

776 5749 848 5815 (α)
881 5751 971 5804 0r.
996 5751 1083 5806 ~20.

2367 4571 2474 4633 ficii
2509 4572 2634 4620 mihi
2668 4569 2779 4619 loco
2823 4571 2916 4619 erit
2959 4583 2976 4618 .'
3010 4571 3159 4620 citius
3194 4570 3328 4619 enim
3356 4584 3432 4618 me
3465 4568 3529 4615 ad
3569 4565 3724 4615 [Icum
3753 4580 3929 4616 trans-

2366 4663 2526 4712 mittet
2551 4700 2563 4721 ,
2603 4659 2684 4710 cui
2725 4660 2864 4720 rivo,
2890 4672 2935 4712 et
2967 4678 3175 4711 munere
3211 4677 3319 4710 into
3352 4660 3566 4723 fungar,
3593 4660 3928 4722 maa'imaque

2363 4769 2425 4804 ea:
2473 4765 2618 4815 parte
2650 4762 2861 4802 mortem
2912 4752 3048 4804 obii.
3079 4762 3122 4801 et
3169 4756 3234 4800 ad
3269 4766 3416 4809 quem
3448 4750 3763 4816 jampridem
3805 4766 3928 4814 pro-

2364 4862 2504 4909 pero.
2540 4846 2652 4908 Quo
2690 4860 2921 4896 sermone
2968 4845 3348 4909 obstupefactus
3373 4845 3648 4910 prtct‘ectus
3677 4860 3694 4892 :
3733 4840 3923 4904 Nemo,

2367 4937 2551 5005 inquit,
2577 4953 2654 4987 me
2678 4936 2980 5002 (nomenque
3009 4953 3154 4986 suum
3192 4935 3453 5001 adjunxit)
3490 4938 3555 4986 ad
3590 4937 3726 4984 hunc
3765 4951 3927 5000 usque

2365 5030 2500 5079 diem
2531 5032 2602 5078 ita
2639 5039 2708 5078 est
2747 5028 3032 5088 allocutus,
3070 5044 3157 5077 nec
3195 5029 3309 5090 pari
3356 5028 3625 5078 verborum
3660 5026 3922 5079 libertate.

2369 5121 2732 5188 Nequeenim,
2775 5124 2842 5171 ait
2881 5118 3130 5179 Basilius,
3162 5120 3382 5183 fortasse
3422 5123 3474 5172 in
3518 5119 3814 5183 episcopum
3849 5122 3926 5171 in-

2365 5213 2558 5264 cidisti.
2606 5211 2808 5279 Alioqui
2848 5214 2940 5263 hoc
2988 5228 3201 5278 prorsus
3241 5215 3392 5264 modo
3438 5212 3800 5272 disseruisset,
3836 5232 3925 5279 pro

2366 5305 2662 5370 huiusmodi
2707 5305 2855 5354 rebus
2897 5305 2947 5353 in
2985 5312 3243 5354 certamen
3283 5306 3506 5354 veniens.
3542 5300 3679 5353 Nam
3723 5309 3924 5354 caneris

2363 5401 2565 5463 quidem
2597 5399 2646 5447 in
2676 5398 2846 5457 rebus,
2885 5414 2912 5447 ο
2944 5395 3204 5460 νγίιιίέαθ,
3242 5395 3490 5445 mansueti
3518 5404 3562 5444 et
3610 5395 3812 5458 placidi
3841 5413 3926 5447 su-

2364 5506 2500 5551 mus,
2540 5503 2689 5554 atque
2727 5489 2950 5538 omnium
2984 5487 3330 5551 abjccttssinti,
3363 5485 3803 5552 quemadmodum
3837 5491 3926 5538 hac

2367 5578 2511 5630 nobis
2545 5580 2648 5644 ἔθου
2701 5592 3051 5642 pi'tz'xrtp‘unt
3093 5587 3182 5638 cst,
3224 5595 3281 5628 (te
3320 5595 3418 5628 non
3466 5575 3632 5627 dicunt
3676 5579 3925 5628 udret'srts

2442 5752 2509 5818 (bl
2543 5749 2674 5805 ibid.
