4080 6312
1507 379 1661 434 VITA
1713 377 1767 430 S.
1815 377 2076 437 BASILII.

3228 414 3383 451 ιῐςι(

177 503 373 547 tantum
404 494 802 558 imperatorem,
833 498 919 548 sed
959 513 1018 548 ne
1073 496 1314 551 adversus
1348 497 1593 565 plebeium
1621 503 1730 567 qni~
1771 503 1812 554 Λ
1847 501 1978 554 vela.
2008 501 2211 557 Rursus
2244 502 2333 557 Dei
2365 507 2560 561 athleta
2592 507 2692 560 hoc
2721 520 2950 559 sccuuuo
2980 513 3158 578 pra-lio
3178 557 3191 579 ,
3227 518 3387 569 etiam

175 588 282 640 dem
317 601 627 652 quemquam
662 597 710 640 et
761 590 924 656 inﬁmi
965 589 1162 644 ordinis
1209 592 1466 644 hominem
1501 594 1730 660 superci-

175 681 293 730 liunt
327 677 638 733 attollimus.
682 679 869 731 Verum
911 681 996 731 ubi
1034 680 1171 736 Deus
1205 683 1348 736 nobis
1385 687 1728 750 periclitatur,

173 786 229 819 ac
259 769 585 836 proponitur,
625 785 730 824 tum
753 772 956 823 demum
979 775 1085 827 alia
1120 777 1292 828 omnia
1321 791 1412 841 pro
1452 778 1609 830 nihilo
1633 795 1730 845 pu-

172 868 355 923 tantes,
398 862 565 928 ipsum
600 863 767 914 solum
807 863 1086 920 intuemur.
1136 867 1280 932 Ignis
1317 879 1506 931 autem,
1547 872 1718 938 etgla-

170 949 284 1001 dius
305 990 319 1010 ,
352 964 400 1005 et
434 955 643 1017 bestitv,
676 963 724 1005 et
758 957 962 1024 ungulw
995 975 1201 1010 carnem
1241 959 1524 1016 lacerantes
1545 1004 1557 1024 ,
1588 963 1730 1016 volu-

169 1043 293 1103 ptati
346 1046 497 1096 nobis
543 1060 603 1097 ac
653 1046 855 1101 deliciis
899 1053 1068 1115 potius
1110 1059 1257 1114 sunt,
1307 1070 1461 1122 quant
1521 1057 1726 1110 terrori.

171 1133 398 1190 Proinde
422 1140 756 1195 contumeliis
783 1159 872 1195 nos
907 1143 1069 1209 ofﬁce,
1095 1147 1429 1212 comminare,
1457 1149 1541 1213 [ac
1572 1149 1726 1214 quid-

166 1231 281 1294 quid
316 1227 651 1296 collibuerit,
701 1243 950 1300 potestate
1000 1244 1087 1287 tua
1140 1236 1310 1303 fruere
1343 1239 1563 1290 :audiat
1620 1238 1726 1291 ha'c

167 1322 311 1373 etiam
338 1322 648 1386 imperator,
677 1341 995 1392 nequaquam
1030 1330 1260 1394 profecto
1287 1346 1379 1382 nos
1409 1331 1576 1381 vinces
1599 1371 1612 1389 .
1638 1348 1726 1384 nec

166 1415 375 1479 efﬁcies,
420 1426 475 1466 ut
525 1418 695 1484 impia:
742 1416 994 1471 doctrina:
1037 1422 1388 1472 assentiamur
1428 1437 1444 1473 :
1479 1438 1538 1472 ne
1570 1423 1612 1474 si
1646 1423 1726 1476 his

166 1505 360 1569 quidem
394 1509 659 1558 atrociora
686 1508 953 1560 miniteris.
992 1507 1121 1561 llwc
1148 1521 1418 1579 postquam
1449 1512 1723 1575 pra'fectus

166 1596 306 1660 dixit,
367 1610 524 1664 atque
565 1598 754 1660 audiit,
800 1601 1061 1669 ipsiusque
1122 1602 1495 1654 contentionem
1563 1607 1723 1657 animi

165 1705 263 1740 eam
299 1706 412 1742 esse
438 1692 695 1757 cognovit,
725 1703 780 1744 ut
812 1695 951 1746 nulla
989 1695 1061 1746 ris
1094 1711 1208 1746 eum
1243 1700 1638 1760 perterrefacere
1663 1715 1724 1749 ac

164 1795 402 1839 sitperare
454 1792 646 1844 posset,
693 1781 858 1849 ipsum
907 1787 1114 1850 quidem
1163 1783 1304 1849 foras
1355 1787 1528 1851 misit,
1574 1802 1725 1859 atque

1835 593 2025 660 prioris
2057 593 2280 662 gloriam
2333 598 2618 662 superavit.
2671 595 2822 650 Nulla
2866 598 2951 652 hic
2990 616 3118 656 sane
3160 606 3389 672 impera-

1833 686 1962 738 toris
2007 687 2302 752 praesentia:
2348 686 2570 752 insignia
2598 730 2611 750 ,
2665 692 2758 744 sed
2807 691 3064 758 quidquid
3097 698 3388 753 terribilius

1832 775 1946 836 fuit,
1987 776 2036 829 id
2068 778 2129 829 ad
2151 778 2385 846 judicent
2417 779 2576 832 refert
2611 781 2898 850 Gregorius
2929 781 3212 851 Nysseuus.

1901 867 1958 918 2ο
2006 868 2254 922 Testatur
2286 869 2574 936 Gregorius
2621 871 2984 931 Nazianzenus
3016 879 3088 947 (p.
3123 880 3243 948 551)
3280 886 3384 937 Va-

1832 957 2026 1010 lentem
2059 957 2370 1022 jamdudum
2409 961 2588 1014 Basilii
2633 966 2877 1021 audiendi
2920 972 3165 1040 cupidum
3203 974 3382 1040 fuisse,

1829 1063 1946 1099 cum
1981 1051 2028 1101 in
2066 1050 2346 1106 ecclesiam
2374 1056 2568 1107 iterum
2598 1057 2759 1118 venit,
2794 1069 2846 1110 et
2880 1076 2994 1114 cum
3032 1079 3095 1117 eo
3124 1063 3263 1117 intra
3299 1082 3387 1120 ve-

1830 1140 1936 1192 lqu
1969 1141 2261 1194 collocutus
2291 1153 2392 1197 est.
2423 1144 2668 1198 Nondum
2699 1162 2824 1215 ergo
2861 1148 3107 1204 Basilium
3145 1155 3388 1210 audierat

1827 1225 2206 1289 disserentem,
2241 1243 2303 1281 ac
2347 1231 2568 1297 proinde
2619 1250 2720 1285 non
2765 1236 3009 1290 adfuerat
3049 1256 3167 1293 cum
3209 1241 3386 1294 Μούρ-

1826 1327 1965 1370 stum
2008 1335 2070 1370 ac
2102 1320 2504 1376 Demosthenem
2537 1325 2765 1378 Basilius
2791 1337 2934 1379 tanta
2966 1333 3127 1385 animi
3170 1335 3387 1387 fortitu-

1825 1406 1949 1458 dine
1996 1410 2289 1473 superavit.
2339 1410 2474 1463 lliuc
2517 1414 2807 1484 Gregorius
2866 1429 3143 1486 postquam
3205 1422 3382 1476 Basilii

1825 1515 1945 1552 cum
1975 1500 2230 1566 praefecto
2266 1501 2500 1570 dialogos
2531 1507 2743 1571 retulit,
2773 1512 2964 1563 transit
2994 1513 3058 1563 ad
3096 1527 3153 1563 ea
3177 1529 3294 1581 qua:
3316 1519 3386 1568 ad

1824 1591 1990 1659 ipsum
2019 1590 2379 1656 imperatorem
2401 1594 2699 1661 prolocutus
2727 1609 2820 1654 est.

1894 1683 1947 1736 3°
1996 1681 2188 1735 Narrat
2237 1685 2375 1737 idem
2429 1684 2721 1755 Gregorius
2765 1692 2840 1756 (p.
2887 1693 3009 1764 350)
3062 1692 3383 1759 Modestum,

1825 1790 1982 1841 quam
2034 1775 2316 1830 celerrime
2370 1777 2556 1845 potuit,
2611 1779 2673 1831 ad
2726 1780 3098 1849 imperatorem
3149 1788 3384 1850 venisse,

163 1871 433 1934 ablegavit,
463 1888 564 1925 non
582 1875 695 1941 jam
726 1893 838 1957 cum
877 1877 1058 1926 iisdem
1093 1878 1246 1931 minis
1270 1919 1282 1940 ,
1310 1883 1398 1932 sed
1439 1899 1550 1934 cum
1588 1901 1708 1951 qna-

1825 1865 1979 1931 eique
2015 1883 2172 1934 quam
2209 1869 2438 1923 invictus
2471 1879 2614 1924 esset
2651 1888 2712 1925 ac
2745 1874 3118 1940 insuperabilis
3159 1878 3390 1954 Basilius

162 1961 271 2010 dam
323 1967 615 2017 reuerentia
670 1976 715 2017 et
763 1966 1118 2020 submissione.
1163 1968 1281 2036 Ipse
1316 1982 1520 2030 autem.
1563 1990 1719 2040 quant

161 2053 420 2107 celerrime
442 2058 634 2121 potuit,
658 2057 1016 2124 imperatorem
1059 2064 1237 2115 adiens
1264 2079 1280 2114 :
1306 2062 1616 2130 Imperator,
1641 2067 1720 2116 in-

158 2144 281 2208 quit,
309 2148 374 2196 ab
415 2147 575 2216 hujus
613 2146 856 2202 Ecclesia:
900 2156 1127 2206 antistite
1167 2157 1287 2206 victi
1322 2173 1527 2209 sumus:
1563 2158 1718 2211 Minis

161 2236 391 2298 superior
417 2248 514 2294 est.
542 2241 861 2292 sermonibus
898 2243 1121 2307 ﬁrmior,
1165 2246 1428 2298 verborum
1454 2247 1716 2304 blanditiis

160 2325 361 2392 fortior.
405 2327 740 2399 Ignaviorum
773 2335 908 2383 alius
963 2336 1217 2401 quispiam
1264 2341 1544 2392 lentandus
1593 2353 1665 2393 est
1696 2360 1714 2396 :

157 2425 264 2471 nuic
293 2433 491 2485 autem,
529 2434 620 2474 aut
645 2427 716 2476 vis
740 2436 913 2490 aperte
940 2428 1242 2496 inferenda,
1281 2443 1368 2483 aut
1403 2451 1502 2485 non
1539 2450 1717 2497 exspe-

157 2513 412 2566 ctandum.
446 2523 500 2563 ut
533 2516 683 2565 minis
707 2517 870 2568 cedat.

225 2600 304 2650 Ill.
343 2600 522 2654 Minus
551 2614 802 2656 accurate
834 2614 1077 2658 versatur
1123 2605 1491 2662 Tillemontius
1538 2610 1586 2662 iu
1622 2611 1717 2662 ha-

157 2704 260 2740 rum
316 2707 497 2744 rerum
557 2693 695 2745 serie
773 2693 1119 2764 disponenda.
1202 2695 1333 2754 Nam
1408 2697 1712 2764 praefecto-tu

155 2784 436 2844 existimat,
481 2797 601 2852 post
628 2787 853 2851 primunt
889 2797 1180 2849 certamen,
1209 2789 1272 2840 ad
1312 2789 1589 2842 Valentem
1626 2806 1713 2843 ac-

157 2874 396 2934 currisse,
423 2874 580 2941 eique
619 2876 666 2927 iu
700 2878 904 2939 urbem,
938 2889 990 2928 ut
1019 2880 1088 2928 ait
1110 2877 1475 2930 Theodoretus
1502 2879 1592 2932 lib.
1636 2895 1707 2941 tv,

158 2975 199 3012 c.
239 2961 320 3023 19,
373 2964 670 3016 introeunti
715 2977 982 3032 acceptam
1028 2967 1230 3018 cladem
1277 2984 1540 3021 narrasse.
1575 2969 1708 3022 Tum

159 3050 422 3105 Valentem
464 3055 684 3118 iratum,
731 3055 866 3123 quod
913 3071 1013 3107 non
1055 3058 1225 3123 primo
1270 3056 1467 3125 impetu
1512 3059 1710 3112 fractus

157 3156 282 3198 esset
312 3143 565 3209 Basilius,
599 3158 867 3201 certamen
897 3149 1098 3217 ingredi
1135 3147 1399 3212 voluisse,
1436 3157 1489 3199 et
1515 3163 1710 3216 coquo-

160 3253 259 3288 rum
302 3241 590 3306 prteposito
641 3239 978 3294 Demostheni
1010 3240 1110 3292 hoc.
1141 3255 1330 3292 tnumts
1357 3240 1706 3304 commisisse,

161 3328 466 3382 tztBasilium
503 3332 751 3383 audiente
782 3348 837 3383 se
870 3343 1217 3400 oppugnaret.

221 3420 316 3472 Sed
373 3423 514 3474 inter
562 3421 782 3488 primam
822 3423 960 3474 illam
1003 3438 1232 3492 pugnam
1275 3435 1328 3479 et
1374 3425 1710 3493 imperatoris

164 3513 432 3564 adtcnzum
472 3513 633 3564 multa
660 3515 1095 3578 intercesserunt,
1127 3517 1389 3586 imprimis
1419 3521 1706 3571 secundum

171 3602 281 3654 illud
325 3619 445 3656 eum
481 3620 772 3672 coquorum
829 3608 1106 3674 prarposito
1154 3618 1444 3672 certamen,
1490 3610 1570 3660 cui
1605 3625 1706 3661 non

163 3695 390 3748 interfuit
432 3696 746 3762 imperator.
824 3695 1089 3764 Decepere
1147 3697 1540 3750 Tillemontium
1599 3698 1709 3749 haec

158 3790 302 3839 verba
332 3787 561 3855 Nysseui
602 3787 674 3856 (p.
707 3787 850 3854 3H),
883 3786 995 3838 ἀλλ’
1025 3787 1299 3855 ἐκδέχεται
1331 3788 1530 3839 πάλινὸ
1559 3787 1709 3855 βασι-

157 3876 264 3936 λεὺς
300 3877 399 3945 τὴν
447 3881 642 3944 πεῖραν
682 3877 858 3937 αὑτός.
893 3875 997 3929 Sed
1044 3879 1229 3928 iterum
1283 3879 1545 3945 experitur
1601 3879 1708 3942 ipse

157 3969 445 4035 imperator.
494 3967 562 4019 At
613 3969 878 4034 quomodo
923 3977 1174 4034 expertus
1207 3968 1294 4032 sit,
1327 3969 1564 4022 iudicant
1592 3986 1707 4036 qua:

154 4071 438 4127 sequuntur
471 4075 483 4108 :
517 4057 962 4121 Quemadmodum
986 4061 1149 4126 igitur
1171 4077 1322 4126 Opera
1352 4063 1500 4129 coqui
1527 4059 1706 4114 Nabu-

155 4154 360 4213 zardan,
393 4149 588 4218 inquit,
621 4149 866 4217 Assyrius
895 4151 1017 4202 olim
1061 4150 1304 4215 lentplum
1345 4151 1704 4204 lsraelitarum

152 4247 312 4295 evertit
378 4263 394 4296 :
447 4245 523 4294 ita
566 4252 611 4294 et
659 4244 752 4293 iste
799 4243 1136 4294 Demostheni
1172 4246 1377 4294 cuidam
1426 4261 1703 4312 coquorunt

150 4336 437 4400 pra'posito,
467 4344 522 4385 nt
550 4334 668 4385 aliis
701 4333 975 4383 audaciori
997 4373 1010 4395 ,
1041 4336 1136 4384 hac
1169 4335 1415 4385 ntandata
1443 4335 1704 4391 provincia

149 4425 345 4484 putabat
407 4440 461 4474 se
523 4423 868 4488 perfecturum
926 4423 1179 4491 quidquid
1243 4440 1511 4491 aggressus
1568 4433 1702 4476 erat.

1825 1955 2128 2008 declarasse
2154 1974 2168 2020 ;
2194 1975 2360 2026 quare
2397 1969 2487 2011 aut
2518 1963 2620 2013 vim
2661 1963 2707 2014 ci
2740 1964 3067 2016 inferendam
3090 2009 3102 2030 ,
3146 1979 3236 2020 aut
3279 1987 3383 2022 non

1821 2046 2232 2113 exspectandum
2263 2064 2316 2102 ut
2341 2053 2496 2105 minis
2522 2053 2704 2106 cedat:
2733 2064 2838 2105 tum
2863 2071 2985 2107 vero
3015 2057 3384 2125 imperatorem

1823 2145 1980 2188 tanta:
2025 2139 2232 2191 virtutis
2267 2142 2620 2197 admiratione
2666 2159 2794 2198 sese
2846 2145 3143 2214 collegisse,
3183 2165 3242 2201 ac
3295 2164 3385 2202 ve-

1826 2228 1991 2280 tuisse
2019 2244 2083 2281 ne
2114 2229 2192 2282 vis
2225 2229 2421 2282 Basilio
2454 2234 2760 2298 inferretur,
2800 2249 2851 2289 et
2895 2254 3014 2289 cum
3066 2238 3206 2290 illius
3238 2253 3384 2291 com-

1824 2317 2131 2370 munionem
2184 2334 2286 2371 non
2339 2323 2561 2376 auderet
2592 2329 2836 2392 amplecti
2880 2328 3088 2394 (pudori
3135 2330 3274 2383 enim
3308 2331 3379 2382 illi

1819 2422 1930 2461 erat
1988 2413 2307 2484 immutatiO)
2365 2417 2597 2469 tuaxitue
2645 2419 2891 2470 decoram
2940 2422 2984 2472 ei
3020 2423 3381 2478 satisfaciendi

1818 2501 1954 2553 viam
1995 2506 2270 2570 qua-susse
2313 2492 2361 2559 et
2405 2507 2605 2560 ideirco
2654 2509 2705 2561 iu
2733 2510 3010 2562 C('('l:rsi;tttt
3045 2514 3271 2567 venisse.
3303 2515 3378 2568 Ex

1818 2597 2013 2661 quibus
2059 2599 2379 2663 perspicitur
2419 2618 2514 2652 nec
2559 2601 2849 2654 Modestum
2907 2606 3086 2655 statim
3120 2616 3236 2673 post
3266 2606 3378 2674 pri-

1818 2701 1959 2736 mum
1989 2697 2264 2738 certamen
2297 2688 2359 2737 ad
2395 2688 2767 2753 imperatorem
2798 2691 3004 2744 venisse
3031 2693 3200 2756 (ἰΗιιιη
3235 2694 3377 2746 enim

1816 2772 1968 2827 furiis
2019 2775 2251 2828 incendit
2297 2778 2407 2828 htee
2449 2777 2630 2842 primm
2679 2780 2843 2832 cladis
2892 2779 3227 2851 ignominia),
3279 2799 3378 2838 nec

1817 2866 2091 2921 Valentem
2141 2868 2294 2920 alteri
2337 2869 2643 2922 interfuisse
2678 2886 2898 2939 pagum;
2945 2874 3202 2940 siquidem
3247 2875 3377 2944 quid

1815 2960 1864 3011 iu
1890 2976 1949 3013 ea
1979 2971 2184 3028 gestum
2211 2972 2372 3024 esset,
2406 2977 2469 3015 ex
2499 2961 2752 3030 prrefecto
2773 2965 3039 3031 cognovit.

1884 3049 2063 3118 Neque
2085 3052 2244 3102 etiam
2291 3054 2735 3105 accuratissimus
2779 3054 2876 3107 fuit
2906 3054 3277 3109 Tillemontius
3320 3056 3374 3110 in

1820 3142 1995 3195 Basilii
2027 3143 2215 3212 pugnis
2243 3146 2609 3196 numerandis.
2637 3144 2762 3209 Qua:
2787 3147 2928 3198 enim
2954 3162 3133 3199 coram
3165 3164 3373 3215 ριγημο-

1812 3235 1916 3286 sito
1959 3249 2250 3301 coquorum
2296 3245 2439 3302 gesta
2495 3248 2680 3289 narrat
2732 3235 3024 3306 Nysscuus,
3071 3239 3181 3292 haec
3213 3239 3374 3292 Tille-

1812 3326 2046 3379 tuontius
2106 3326 2157 3378 in
2211 3327 2312 3378 duo
2359 3329 2566 3381 diversa
2619 3331 2798 3393 pra:|ia
2863 3330 3068 3390 dividit,
3125 3331 3374 3396 quamvis

1810 3431 1970 3468 nuum
2020 3432 2237 3484 prorsus
2265 3419 2555 3480 exstiterit,
2594 3420 2732 3484 quod
2770 3419 3006 3484 quidem,
3050 3421 3147 3470 etsi
3187 3420 3374 3486 princi-

1810 3523 1926 3575 pua:
1947 3507 2284 3574 oppugnandi
2326 3516 2501 3573 partes
2550 3507 2889 3559 Demostheni
2931 3508 3231 3560 commissa:
3259 3508 3372 3562 fue-

1808 3608 1952 3656 runt,
2006 3597 2246 3649 omnium
2303 3607 2475 3649 tamen
2530 3608 2832 3666 maguatum
2879 3598 3373 3666 frequentia,quos

1809 3689 2003 3756 impius
2035 3689 2250 3757 quidam
2287 3704 2348 3740 ex
2398 3689 2608 3758 Illyrico
2645 3692 2915 3758 profectus
2953 3705 3371 3757 convocaverat,

1808 3795 1870 3831 ac
1897 3781 2063 3846 ipsius
2088 3781 2321 3848 praefecti
2355 3782 2638 3848 praesentia
2672 3783 2997 3834 celebratum
3023 3781 3141 3836 fuit.
3169 3784 3371 3848 Quam-

1809 3872 1886 3924 vis
1910 3882 2084 3925 autem
2111 3873 2243 3925 duas
2275 3882 2479 3925 tantum
2509 3874 2746 3941 insignes
2781 3890 2983 3943 pugnas
3012 3875 3210 3929 referat
3243 3877 3370 3946 Nys-

1806 3979 1994 4028 seuus,
2022 3965 2309 4018 verisimile
2337 3977 2419 4019 est
2456 3975 2632 4018 tamen
2666 3966 2842 4034 plures
2886 3968 3015 4020 alias
3047 3969 3369 4022 sustinuisse

1805 4059 2058 4110 Basilium
2103 4075 2116 4109 :
2150 4057 2307 4124 idque
2361 4059 2472 4126 ipse
2518 4074 2620 4110 non
2655 4061 2886 4111 obscure
2934 4061 3134 4111 iudicat
3169 4064 3219 4110 iit
3249 4060 3366 4127 epi-

1805 4150 1937 4202 stola
1974 4149 2034 4200 ad
2061 4149 2421 4211 EuStathintu,
2457 4150 2541 4200 cui
2571 4160 2752 4200 narrat
2780 4150 2878 4200 sibi
2901 4150 3010 4216 jam
3055 4165 3256 4217 pugnas
3277 4150 3367 4204 ali-

1804 4254 1956 4306 quas,
1990 4254 2183 4299 easque
2230 4240 2360 4290 satis
2398 4241 2739 4292 vehementes
2777 4240 2939 4292 fuisse
2989 4255 3105 4293 cum
3157 4243 3367 4308 magnis

1804 4332 2174 4400 potestatibus,
2221 4328 2474 4397 praefecto
2517 4339 2571 4381 et
2616 4312 2844 4382 cubiculi
2897 4331 3205 4399 praiposito.
3258 4331 3364 4383 Na-

1804 4425 2090 4476 zianzenus
2136 4431 2189 4475 et
2224 4437 2287 4475 ex
2336 4421 2576 4488 judicum
2628 4422 2837 4484 ordine,
2874 4433 2927 4474 et
2957 4437 3022 4473 ex
3064 4421 3279 4475 militari
3312 4432 3364 4476 et

148 4517 252 4581 Ipse
278 4517 439 4567 etiam
477 4514 841 4568 Nazianzenus
874 4513 948 4584 (p.
987 4517 1111 4584 548)
1161 4519 1466 4585 prrefectum
1499 4533 1695 4584 coquo-
1730 4542 1772 4594 Ι)
1801 4531 1863 4568 ex
1887 4515 2161 4583 Gynaecazo
2187 4513 2453 4565 immissos
2477 4527 2593 4565 esse
2616 4513 2689 4565 ait
2709 4514 2798 4581 qui
2824 4512 3076 4564 Basilium
3102 4528 3364 4584 Oppugna-

149 4622 253 4657 rum
291 4616 539 4658 numerat
564 4607 701 4659 inter
733 4622 824 4660 eos
845 4649 858 4669 ,
887 4607 974 4674 qui
1006 4607 1068 4659 ad
1099 4606 1349 4660 Basiliam
1391 4610 1534 4660 missi
1570 4620 1693 4661 sunt

149 4715 172 4749 a
214 4699 464 4761 Valente;
494 4700 634 4767 quod
676 4711 987 4768 argumento
1017 4710 1101 4754 est
1129 4715 1232 4753 non
1277 4700 1582 4754 interfuisse
1615 4703 1695 4753 his

148 4793 326 4858 pugnis
382 4791 797 4860 imperatorem;
862 4792 952 4846 sed
1001 4792 1143 4846 vices
1193 4807 1319 4845 suas
1371 4793 1699 4845 commisisse

147 4881 480 4937 Demostheni
529 4899 542 4933 :
595 4883 753 4950 idque
808 4885 1088 4936 conlirmat
1161 4882 1386 4952 Nysseni
1442 4887 1693 4937 narratio.

146 4971 267 5026 Nam
297 4991 418 5029 cum
457 4975 844 5029 Demosthenes
882 4975 1059 5028 omnia
1101 4975 1384 5038 misceret,
1417 4990 1479 5027 ac
1506 4976 1697 5045 impius

147 5066 351 5132 quidam
380 5080 443 5117 ex
494 5065 729 5133 Illyrico,
765 5064 851 5131 qui
900 5063 1119 5117 tabellas
1170 5063 1418 5117 manibus
1468 5063 1693 5129 ferebat,

145 5169 382 5220 proceres
410 5170 600 5208 omnes
645 5155 709 5207 ad
745 5155 843 5206 hoc
893 5153 1253 5219 spectaculum
1308 5167 1689 5220 couvocasset;

149 5256 363 5310 cumque
394 5255 582 5294 rursus
627 5241 762 5292 iram
802 5254 950 5292 suam
993 5237 1261 5292 Modestus
1306 5241 1687 5304 vehementius,

147 5347 290 5396 quam
327 5341 508 5394 antea,
540 5331 911 5391 accendisset,
938 5344 1101 5397 seque
1131 5346 1316 5386 omnes
1361 5334 1425 5384 ad
1457 5331 1690 5386 Valentis

147 5423 459 5475 iracundiam
491 5423 777 5489 fingerent,
805 5430 856 5471 et
887 5436 1004 5473 cum
1029 5437 1091 5476 eo
1118 5424 1423 5490 indignante
1449 5423 1687 5488 indigna-

148 5522 335 5573 rentur,
364 5528 573 5565 summa
606 5521 725 5565 erat
757 5510 1060 5564 futurorum
1097 5514 1444 5580 exsiiectatio.
1483 5512 1684 5566 Rursus

148 5603 271 5654 enim
306 5603 389 5655 ille
425 5602 732 5670 przrfectus,
772 5617 955 5655 rursus
1000 5613 1226 5656 terrores
1263 5613 1313 5654 et
1355 5604 1508 5656 milia:
1546 5607 1682 5672 prio-

149 5694 275 5744 ribus
297 5695 588 5763 graviores,
618 5709 682 5747 ac
729 5694 809 5745 ira
839 5694 1205 5746 vehementior
1248 5712 1258 5744 :
1294 5695 1564 5763 judicialis
1594 5714 1680 5764 ap-

146 5795 360 5848 paratus,
385 5802 677 5854 [H‘LL‘COIIC:-,
713 5785 1066 5851 apparitores,
1109 5787 1344 5851 lictores,
1371 5788 1586 5840 cancelli
1632 5802 1680 5842 ct

1810 4623 1949 4669 rent,
1973 4622 2033 4659 ac
2063 4606 2196 4657 idem
2227 4619 2417 4657 munus
2442 4603 2538 4670 ipsi
2566 4605 2725 4657 etiam
2758 4619 3050 4671 eoquorum
3083 4606 3363 4672 prmposito

1805 4699 2145 4753 cmmuissum
2178 4695 2357 4748 fuisse.

1869 4793 2090 4844 Videtur
2124 4789 2299 4856 aliqua
2328 4789 2501 4842 inesse
2543 4790 2684 4840 inter
2729 4797 3014 4854 utrumque
3043 4785 3358 4856 Gregorium

1797 4883 2172 4951 discrepantia.
2198 4881 2326 4934 Nam
2354 4896 2473 4934 cum
2499 4888 2726 4947 uterque
2747 4881 2928 4932 eadem
2963 4879 3141 4932 Basilii
3177 4897 3358 4933 coram

1796 4975 2047 5044 prafecto
2071 4976 2207 5024 dicta
2228 4972 2457 5032 referat;
2486 4969 2755 5039 Nysseuus
2783 4971 2876 5022 hac
2896 4970 3072 5023 Basilii
3109 4981 3361 5022 constan-

1796 5067 1864 5117 tia
1886 5064 2015 5116 iram
2039 5063 2274 5115 Valentis
2301 5077 2578 5114 accensam
2601 5060 2762 5113 fuisse
2784 5060 2935 5123 dicit,
2959 5075 3190 5125 eumque
3213 5059 3357 5110 vices

1792 5156 1972 5208 Basilii
1999 5156 2187 5207 iterum
2215 5153 2548 5220 Oppuguaudi
2586 5152 2914 5205 commisisse
2942 5150 3285 5202 Demostheni
3337 5167 3350 5201 :

1792 5258 1975 5300 contra
2013 5244 2379 5298 Nazianzenus
2427 5245 2752 5296 iracundiam
2797 5243 3145 5295 admirationi
3178 5241 3349 5294 locuut

1791 5337 2038 5398 cessisse,
2055 5351 2116 5386 ac
2145 5339 2372 5387 vetuisse
2399 5335 2792 5399 imperatorem,
2817 5348 2880 5385 ne
2897 5331 3016 5398 quis
3033 5329 3226 5382 Basilio
3243 5331 3348 5382 vim

1791 5426 2032 5479 inferret.
2068 5426 2204 5492 Ergo
2233 5426 2488 5476 alteruter
2513 5425 2690 5476 Basilii
2730 5425 2999 5476 dicta-non
3035 5424 3165 5476 satis
3189 5438 3348 5474 accu-

1790 5528 1903 5568 rato
1934 5516 2120 5568 ordine
2151 5515 2348 5567 retulit.
2379 5513 2510 5564 Nam
2545 5514 2609 5564 de
2640 5512 2873 5564 historia:
2909 5527 3131 5572 summa,
3159 5512 3346 5577 pugnis

1787 5623 1889 5658 non
1955 5607 2114 5660 semel
2172 5607 2506 5669 commissis,
2554 5624 2614 5659 ac
2659 5606 2992 5673 Optatissimo
3032 5606 3347 5656 constantia:

1787 5699 1965 5751 Basilii
1993 5700 2135 5750 exitu
2171 5696 2396 5748 mirifice
2430 5696 2570 5749 inter
2603 5707 2885 5761 utruu‘tque
2917 5697 3185 5745 convenit.

1856 5788 1937 5842 iV.
1986 5789 2113 5842 Dum
2144 5787 2367 5842 Basilius
2400 5787 2509 5840 haec
2536 5799 2759 5842 sustinet
2803 5787 3013 5854 pra-lia;
3044 5782 3341 5837 EustatLins
