4074 6312
680 386 819 424 ωτι

2037 364 2493 424 PBOLECOMEN
2502 368 2535 417 Α
2547 405 2559 418 .

680 482 1010 537 Sebastentts
1052 481 1208 534 mittit
1242 482 1287 534 ei
1315 488 1435 531 cuin
1480 480 1675 533 litteris
1708 479 2056 545 Elettsinium,
2094 499 2253 535 unum
2287 486 2327 539 Α
2357 490 2439 532 tus
2465 480 2731 549 impletur.
2765 480 2930 547 Atque
2972 478 3022 530 id
3050 478 3305 546 plerisque
3349 481 3517 533 adhuc
3560 479 3832 533 obscurum
3862 496 3908 535 et

680 584 739 627 ut
777 573 1072 629 verisimile
1114 584 1215 638 est,
1282 588 1345 624 es
1403 572 1675 639 discipulis
1709 575 1837 633 suis,
1874 572 1965 639 qui
2016 578 2243 629 certanti

679 666 892 718 adesset
933 680 998 720 ac
1036 664 1313 733 suppetias
1362 665 1521 717 ferret
1580 663 1796 718 Basilio.
1846 663 2153 732 Respondet
2197 668 2245 720 ei

676 755 908 810 Basilius
938 758 1036 812 sibi
1071 754 1170 827 (α),
1201 766 1484 823 antequam
1534 754 1676 810 illius
1714 758 1918 810 litteras
1958 756 2244 823 acciperet,

678 865 995 919 persuasum
1022 850 1189 903 fuisse
1226 850 1289 902 de
1322 850 1459 902 illius
1489 864 1612 919 erga
1638 863 1839 909 omnes,
1865 850 2095 902 maxime
2119 863 2248 902 vero

676 954 805 1010 erga
845 959 903 999 se
942 942 1245 1004 charilate;
1291 940 1433 994 illius
1468 952 1645 997 autem
1689 941 1923 1008 acceptis
1964 940 2153 995 litteris
2194 950 2247 994 et

680 1044 968 1103 conspecto
1008 1032 1297 1099 Eleusinia,
1343 1033 1545 1101 gratias
1594 1048 1650 1086 se
1704 1031 1811 1084 Deo
1859 1034 2052 1103 egisse,
2104 1032 2245 1099 quod

681 1127 781 1180 sibi
814 1126 970 1178 talem
1004 1124 1300 1193 adjutorem
1329 1134 1382 1177 et
1418 1126 1837 1182 commilitonem
1869 1130 2245 1180 concessisset.

682 1213 880 1268 Narrat
902 1229 959 1266 se
984 1215 1034 1265 in
1060 1214 1255 1283 pugnis
1285 1216 1719 1280 vehementibus,
1752 1232 1884 1284 quas
1907 1217 2015 1284 jam
2047 1213 2248 1268 habue-

684 1315 768 1358 rat
808 1320 929 1357 cum
973 1306 1181 1372 magnis
1223 1308 1613 1375 peteslatibtts,
1661 1307 1911 1377 prtefecto
1937 1314 1992 1358 et
2018 1305 2244 1361 cubiculi

680 1395 994 1461 praeposito,
1024 1408 1237 1449 omnem
1266 1396 1520 1449 assultum
1568 1398 1883 1452 inconcusso
1922 1395 2102 1452 animo
2129 1411 2248 1451 sus-

682 1484 940 1548 tinuisse,
978 1485 1086 1540 Deo
1129 1485 1544 1542 imbecillitatem
1586 1488 1987 1543 corroborante.
2037 1486 2245 1557 Scripta

681 1576 895 1631 videtur
937 1577 1053 1635 hrec
1109 1578 1329 1647 epistola
1378 1591 1503 1634 ante
1566 1580 1904 1648 imperatoris
1961 1580 2245 1633 adventum

681 1684 745 1723 ac
783 1670 918 1723 forte
943 1672 1102 1722 etiam
1135 1680 1259 1725 ante
1305 1672 1429 1726 illud
1471 1673 1759 1726 vehemens
1798 1686 1919 1726 curn
1953 1687 2247 1742 coquorum

680 1754 968 1822 praeposito
999 1762 1297 1821 certamen,
1327 1757 1391 1808 de
1417 1770 1522 1822 quo
1550 1755 1680 1807 nihil
1712 1753 1961 1811 Basilius.

2358 572 2675 637 incognitum
2703 579 2831 623 erat.
2885 567 3073 622 Verum
3101 583 3214 621 cum
3240 572 3400 629 dona,
3427 588 3542 639 qua:
3579 572 3789 634 ipsemet
3826 582 3913 639 et.

2348 664 2558 731 fecerat,
2584 666 2769 717 diutule
2791 677 2979 714 mcusre
2998 660 3259 729 offerenda
3281 674 3461 720 essent,
3489 680 3578 714 nec
3607 666 3910 732 quisquam,

2350 769 2399 810 ut
2424 774 2533 810 mos
2567 759 2783 825 ferebat.
2829 756 2988 808 simul
3022 773 3083 809 ea
3122 765 3323 823 caperet
3353 756 3514 826 (quod
3544 775 3642 812 non
3675 760 3804 813 satis
3840 757 3914 809 li-

2347 860 2545 919 queret,
2581 865 2647 901 an
2699 867 2757 902 ea
2793 848 3021 903 Basi'ius
3073 860 3380 915 accepturus
3427 850 3597 915 esset)
3648 861 3757 904 tum
3792 866 3915 905 vero

2351 940 2619 1007 manifeste
2652 956 2706 991 se
2730 942 2949 1008 affectus
2988 938 3238 1006 prodidit.
3282 939 3364 992 lta
3391 938 3527 993 enim
3556 938 3785 993 titubare
3806 958 3913 995 cae-

2348 1036 2441 1100 pit,
2464 1041 2518 1083 ut
2549 1031 2651 1083 nisi
2677 1032 2939 1098 quispiam
2997 1045 3060 1083 ea:
3104 1031 3327 1082 sacrarii
3367 1032 3616 1085 ministris
3651 1033 3913 1085 vacillan-

2349 1135 2446 1177 tem
2470 1124 2738 1189 supposita
2770 1140 2928 1176 manu
2963 1121 3279 1187 retinuisset,
3309 1124 3494 1177 misere
3529 1124 3704 1194 utique
3742 1134 3789 1177 et
3828 1126 3915 1179 lu-

2350 1226 2525 1269 ctuose
2548 1215 2898 1283 prolapsurus
2935 1214 3116 1283 fuerit.

2423 1305 2720 1360 Verisimile
2768 1320 2872 1357 non
2908 1314 2988 1359 est
3026 1304 3301 1358 Valentem
3348 1301 3526 1356 Basilii
3577 1322 3733 1359 manu
3765 1319 3916 1358 com-

2350 1398 2655 1453 munionem
2687 1410 2898 1451 sacram
2940 1398 3238 1464 accepisse,
3275 1410 3396 1449 cmn
3434 1394 3729 1463 Gregorius
3766 1399 3915 1452 dicat

2349 1503 2468 1540 eum
2489 1505 2608 1543 cum
2642 1486 2839 1542 Basilio
2858 1487 3223 1555 perfunctorie
3241 1487 3670 1560 coniunctionem
3701 1491 3912 1543 iniisse.

2355 1576 2572 1632 Videtur
2602 1590 2779 1632 autem
2813 1576 3043 1632 Basilius
3099 1579 3150 1631 in
3199 1579 3337 1635 illius
3389 1580 3544 1633 donis
3576 1579 3915 1645 accipiendis

2351 1668 2468 1736 plus
2494 1671 2825 1724 consuluisse
2860 1668 3111 1723 Ecclesitn
3139 1671 3280 1739 paci,
3328 1688 3484 1739 quam
3528 1673 3699 1740 legum
3737 1671 3916 1723 eccle-

2353 1763 2689 1816 siasticarum
2722 1761 2991 1817 severitati
3025 1760 3119 1831 (b).
3150 1762 3446 1815 Constantii
3474 1765 3607 1816 dona
3630 1763 3737 1818 alto
3762 1762 3912 1815 vultu

753 1843 961 1910 Scripta
1013 1846 1175 1898 etiam
1234 1849 1285 1898 in
1321 1848 1417 1897 huc
1461 1844 1721 1898 horrenda
1774 1857 2070 1915 tempestate
2138 1850 2248 1916 epi-
2282 1832 2321 1885 Β
2352 1852 2539 1918 rejecit
2566 1852 2840 1919 Liberius,
2870 1854 2963 1908 sed
2996 1854 3047 1907 in
3095 1854 3361 1909 dissimilii
3399 1858 3702 1910 occasione.
3747 1854 3914 1909 Pares

680 1932 812 1987 stola
850 1935 918 1987 80
946 1935 1010 1986 ad
1039 1944 1278 1989 sanctum
1300 1936 1647 1989 Athanasium
1672 1975 1686 1998 ,
1727 1938 1811 1991 cui
1844 1938 2066 1990 Basilius
2095 1938 2245 1991 dolo-

679 2040 795 2078 rem
838 2040 992 2079 snum
1040 2026 1305 2095 signiﬁcat
1339 2027 1480 2095 quod
1520 2027 1749 2081 oblatam
1786 2030 1850 2082 ad
1876 2043 1935 2083 se
1979 2030 2247 2084 scribendi

682 2116 915 2184 aliquam
971 2120 1308 2172 occasionem
1345 2121 1791 2187 prmtermisissct.
1831 2119 2246 2178 Praeclarissime

682 2223 867 2261 secum
925 2208 1008 2276 agi
1064 2211 1424 2263 existimasset
1463 2209 1714 2275 Basilius,
1762 2210 1807 2263 si
1853 2212 1919 2265 ad
1968 2212 2246 2267 historiam

680 2300 805 2353 vitae
834 2316 941 2353 snce
968 2315 1316 2368 congressum
1341 2318 1462 2356 cum
1496 2300 1553 2356 S.
1578 2302 1873 2357 Athanasio
1912 2302 2217 2371 adiecisset.

750 2390 813 2447 V.
857 2390 950 2447 llis
984 2409 1099 2462 qua:
1128 2394 1192 2447 de
1219 2393 1414 2448 Basilio
1450 2403 1662 2447 narrata
1682 2394 1893 2450 fuerant
1918 2414 1946 2450 a
1973 2396 2243 2465 praefecto,

677 2481 954 2549 perculsus
981 2493 1058 2535 est
1094 2483 1307 2546 Valens,
1328 2497 1390 2538 ac
1414 2483 1581 2537 instar
1600 2485 1726 2538 lerri
1750 2487 2081 2547 immutatus,
2099 2485 2240 2553 quod

682 2570 806 2638 igne
833 2571 1047 2639 quidem
1071 2572 1365 2638 emollitur,
1394 2575 1484 2629 sed
1514 2582 1691 2630 tamen
1718 2575 1845 2629 ferri
1874 2587 2120 2629 naturam
2152 2591 2243 2630 re-

681 2662 837 2718 tinet.
868 2664 1055 2733 llaque
1091 2666 1252 2721 minis
1298 2667 1350 2722 in
1393 2667 1801 2722 admirationem
1831 2670 2126 2732 conversis,
2162 2668 2244 2722 tau

679 2763 827 2809 clunt
869 2772 1023 2808 suum
1072 2758 1362 2822 improbat,
1397 2760 1501 2812 vim
1538 2759 1736 2813 Basilio
1771 2759 2155 2824 vetatinferri;
2190 2770 2244 2815 et

679 2860 805 2901 eum
843 2847 1009 2914 ipsius
1038 2849 1469 2901 communionem
1499 2849 1747 2916 amplecti
1788 2850 1955 2915 pudor
1984 2849 2242 2916 prohibe-

681 2946 785 3003 ret,
828 2937 1061 3006 aliquant
1097 2946 1271 2990 tamen
1323 2938 1369 2993 ei
1412 2936 1776 2991 satisfaciendi
1810 2939 2069 2992 rationem
2097 2954 2243 3007 qum-

681 3026 852 3089 rcbat,
875 3042 990 3096 qum
1018 3026 1120 3079 sibi
1153 3026 1403 3081 indecora
1429 3040 1533 3080 non
1557 3034 1720 3080 esset.
1754 3025 1903 3081 llanc
1926 3038 2105 3081 autem
2136 3044 2245 3082 ma-

682 3118 827 3171 xime
872 3120 1122 3171 decoram
1166 3118 1449 3187 judicavit.
1504 3116 1676 3173 Sacro
1716 3120 1801 3172 die
1836 3118 2147 3187 Epiphanim
2188 3120 2239 3174 in

684 3207 943 3275 templum
999 3207 1275 3275 ingressus
1339 3224 1460 3262 cum
1507 3209 1796 3262 satellitum
1842 3226 2021 3274 manu,
2058 3229 2245 3266 nume-

682 3310 801 3350 rum
830 3294 1089 3348 laieorum
1119 3300 1307 3358 ausit,
1358 3310 1524 3362 seque
1562 3309 1664 3350 noc
1714 3302 1873 3352 modo
1913 3300 2247 3356 defunctorie

682 3402 803 3442 cum
838 3386 1032 3440 Basilio
1067 3386 1372 3455 conjunxit.
1431 3385 1653 3439 Videtur
1702 3385 1897 3441 Valens
1942 3389 2245 3444 Caesaream

682 3492 787 3531 non
817 3478 983 3532 llltlllO
1010 3488 1134 3533 ante
1160 3479 1300 3531 diem
1332 3476 1529 3530 festum
1565 3473 1871 3531 advenisse.
1897 3477 2026 3531 Nam
2062 3478 2104 3532 si
2125 3495 2247 3549 spa-

686 3571 820 3624 tium
850 3570 1032 3625 Ariani
1061 3568 1548 3626 habuissent-illius
1576 3569 1770 3624 iterum
1802 3571 2135 3633 incendendi,
2165 3572 2246 3626 fa-

685 3664 787 3719 cile
812 3663 885 3717 illi
911 3678 1078 3718 novas
1117 3662 1409 3717 iracundia:
1440 3661 1583 3717 faces
1606 3664 1994 3718 admovissent.
2026 3661 2082 3718 Id
2101 3665 2243 3719 enim

684 3774 789 3812 non
817 3757 982 3812 semel
1016 3757 1378 3825 perfecerunt,
1417 3759 1487 3809 ita
1524 3765 1580 3809 ut
1616 3756 1854 3812 Valentis
1886 3760 2100 3813 animus
2125 3774 2248 3828 per-

682 3859 896 3918 petuam
934 3848 1183 3901 habuerit
1206 3846 1499 3900 iracundia.-
1533 3848 1585 3899 in
1619 3847 1873 3902 Basiliam
1914 3859 1967 3903 et
1996 3865 2248 3905 reveren-

682 3944 771 3997 tiae
804 3941 1243 3996 vicissitudinem.

753 4032 888 4087 Illud
920 4044 1097 4086 autem
1125 4032 1345 4085 minime
1380 4030 1815 4100 prsetereundum
1836 4070 1850 4094 ,
1889 4033 2032 4099 quod
2057 4047 2121 4086 eo
2163 4034 2249 4087 die

682 4128 930 4180 evenisse
972 4135 1158 4179 narrat
1183 4123 1475 4193 Gregorius
1526 4122 1914 4178 Nazianzenus.
1958 4120 2244 4193 Postquam

680 4217 839 4282 enim,
869 4217 1063 4285 inquit,
1090 4220 1231 4270 intus
1272 4218 1397 4285 fuit,
1429 4229 1582 4285 atque
1623 4216 1787 4283 ipsius
1826 4233 1978 4270 aures
2029 4218 2251 4287 psalmo-

685 4324 804 4362 rum
833 4319 1010 4372 cantu,
1049 4323 1151 4361 non
1178 4324 1323 4361 secus
1352 4324 1413 4361 ac
1441 4308 1670 4360 tonitrua
1718 4310 1939 4377 quodam
1971 4328 2249 4378 personue—

686 4411 831 4465 runt,
855 4401 1113 4470 plebisque
1140 4402 1354 4470 pelagus
1386 4399 1533 4463 vidit,
1581 4416 1887 4468 carnemque
1933 4402 2167 4454 Ordinem
2198 4413 2246 4455 et

2349 1944 2557 2013 quidem
2574 1952 2729 1998 erant
2763 1943 3108 1998 Constantius
3135 1954 3189 1999 et
3221 1945 3417 1999 Valens
3444 1945 3629 1999 Incresi
3649 1948 3917 2001 elealho-

2352 2036 2463 2088 licze
2486 2035 2604 2089 fidei
2632 2036 2775 2103 odio,
2800 2044 2855 2089 et
2878 2035 3011 2089 alter
3048 2036 3262 2105 quidem
3293 2037 3735 2102 catechumenus,
3772 2038 3917 2092 alter

2349 2127 2413 2179 ab
2448 2127 2716 2181 luereticis
2754 2127 3056 2196 baptizatus
3090 2146 3101 2180 :
3140 2129 3234 2180 sed
3286 2126 3633 2182 Constantius
3675 2145 3770 2197 per
3814 2146 3915 2183 eu-

2350 2220 2583 2272 nuchum
2604 2220 2891 2275 Eusebium
2914 2220 3048 2274 dona
3067 2220 3309 2273 mittebat
3328 2221 3705 2289 corrumpendi
3720 2235 3911 2283 causa;

2351 2320 2405 2361 at
2431 2309 2627 2365 Valens
2670 2313 2783 2380 ipse
2812 2311 3123 2380 Suppliciter
3158 2309 3437 2375 oderebal,
3472 2318 3531 2363 ut
3562 2324 3672 2363 suae
3711 2310 3765 2361 in
3804 2310 3911 2361 Ba—

2347 2400 2524 2455 silium
2560 2401 2918 2456 observantiae
2958 2404 3190 2473 aliquam
3246 2400 3693 2470 signiﬁcationem
3727 2400 3909 2453 daret.

2346 2490 2600 2558 Qumnam
2641 2501 2815 2545 autem
2861 2494 2944 2545 illa
2976 2495 3282 2549 exstiterint
3312 2493 3448 2547 dona
3472 2536 3485 2559 ,
3517 2506 3746 2561 quorum
3798 2490 3916 2559 opi-

2347 2583 2432 2637 fex
2477 2582 2688 2643 Valens.
2724 2599 2827 2638 non
2861 2585 3017 2638 facile
3039 2597 3122 2639 est
3150 2597 3409 2640 statuere.
3464 2586 3607 2638 Dona
3643 2584 3801 2637 altari
3829 2583 3917 2636 of-

2348 2675 2472 2729 ferri
2506 2688 2756 2730 consneta
2791 2677 3039 2745 intelligit
3080 2676 3449 2732 Theodoretus
3490 2679 3557 2748 (ε)
3591 2695 3605 2731 :
3644 2694 3773 2731 vasa
3810 2693 3913 2731 au-

2347 2783 2433 2822 rea
2466 2768 2680 2822 Nicetas
2713 2770 2877 2837 ipsius
2921 2768 3158 2822 Valentis
3208 2785 3367 2822 mamt
3408 2770 3685 2823 fabricata.

2416 2859 2563 2913 Nulla
2590 2876 2654 2914 eo
2688 2863 2771 2914 die
2797 2862 3049 2915 Basiliam
3073 2863 3215 2915 inter
3237 2870 3290 2915 et
3318 2861 3591 2917 Valentem
3618 2862 3768 2914 fuere
3789 2860 3905 2915 co!-

2342 2949 2518 3019 loquia
2553 2952 2649 3019 (d).
2677 2952 2780 3005 Sed
2813 2968 2936 3007 cum
2987 2968 3172 3006 rursus
3229 2953 3279 3005 in
3322 2954 3604 3007 ecclesiam
3641 2953 3905 3015 venisset,

2344 3041 2609 3096 satisfecit
2657 3044 2925 3097 diuturna:
2966 3043 3307 3111 colloquendi
3343 3062 3461 3099 cum
3514 3045 3709 3098 Basilio
3749 3048 3907 3114 cupi-

2349 3132 2525 3195 dilati,
2586 3147 2647 3185 ac
2693 3132 2832 3185 intra
2876 3132 3051 3185 velum
3092 3134 3161 3186 ab
3204 3147 3269 3187 eo
3310 3146 3594 3201 susceptus
3628 3142 3730 3187 est.
3771 3132 3913 3187 Tum

2348 3240 2477 3278 vero
2518 3225 2747 3279 Basilius
2782 3225 2858 3279 sic
2893 3224 3101 3279 locutus
3126 3236 3228 3287 est,
3261 3234 3317 3277 ut
3349 3224 3641 3293 Gregorius
3686 3228 3776 3294 qui
3821 3226 3921 3279 ad-

2349 3325 2488 3380 erat,
2525 3315 2614 3370 bei
2651 3330 2808 3370 voces
2836 3314 2999 3370 fuisse
3034 3323 3280 3370 testetur.
3326 3314 3398 3369 De
3438 3317 3538 3370 hoc
3576 3316 3753 3369 Basilii
3790 3330 3917 3370 cum

2351 3403 2575 3459 Valente
2628 3422 2921 3476 congressu
2961 3407 3038 3461 sic
3096 3406 3331 3474 loquitur
3364 3405 3730 3461 Theodoretns
3778 3404 3851 3475 te)
3897 3421 3913 3459 :

2347 3494 2477 3548 Cum
2506 3494 2736 3550 Basilius
2778 3500 2919 3551 intra
2962 3515 3112 3551 sacra
3143 3497 3274 3561 t'ela,
3310 3500 3396 3550 ubi
3426 3499 3534 3566 ipse
3561 3500 3794 3558 sedebat,
3824 3514 3920 3548 ac-

2348 3589 2524 3639 cedere
2560 3584 2823 3638 Valentem
2848 3587 3117 3654 jussisset,
3164 3589 3327 3639 multa
3356 3590 3422 3639 ad
3457 3590 3603 3639 illum
3649 3588 3803 3639 verba
3832 3587 3917 3653 fe-

2346 3680 2415 3731 cit
2455 3677 2519 3731 de
2549 3687 2686 3730 recta
2706 3678 2827 3745 ﬁdei
2859 3679 3141 3740 doctrina;
3183 3694 3401 3741 eumque
3472 3677 3655 3730 Valens
3696 3678 3922 3731 libenter

2347 3768 2682 3823 uuscultavil.
2714 3768 2907 3822 Aderat
2931 3782 3037 3821 tum
3066 3770 3278 3837 quidam
3303 3770 3506 3821 nomine
3523 3767 3917 3834 Demosthenes,

2349 3861 2638 3917 Castrensis
2690 3864 2826 3915 sacri
2876 3860 3080 3931 palatii,
3132 3863 3223 3927 qui
3261 3877 3377 3913 cum
3422 3860 3732 3929 magistrum
3771 3862 3917 3913 orbis

2348 3966 2606 4007 terrarum
2657 3955 2982 4025 objurgaret,
3041 3955 3425 4007 barbarismum
3470 3954 3709 4007 admisit.
3776 3952 3914 4007 Tum

2347 4047 2621 4097 subridens
2649 4046 2857 4097 divinus
2883 4045 3113 4099 Basilius
3138 4063 3154 4099 :
3193 4045 3428 4097 Vidimus
3449 4085 3464 4108 ,
3508 4046 3711 4112 inquit,
3750 4046 3916 4097 etiam

2346 4134 2744 4188 Demosthenem
2785 4136 3081 4189 litterarum
3122 4150 3405 4205 expertem.
3443 4137 3507 4190 Et
3544 4156 3657 4191 cum
3692 4140 3784 4192 ille
3834 4156 3922 4192 ue-

2347 4226 2633 4279 hementius
2662 4223 2965 4295 indignatus
2987 4228 3301 4294 minaretur,
3325 4230 3544 4293 subiecit
3564 4246 3783 4299 magnus
3806 4229 3920 4284 Ba-

2347 4318 2495 4371 silius
2523 4334 2541 4371 :
2573 4315 2740 4370 Tuum
2770 4334 2959 4371 munus
2987 4326 3086 4380 est,
3106 4318 3431 4380 iusculorum
3457 4322 3791 4375 condimenta
3816 4339 3913 4375 cn-

2350 4425 2485 4463 rare.
2510 4407 2699 4461 Diuina
2736 4408 2873 4461 enim
2900 4408 3143 4475 dogmata
3166 4412 3420 4464 exaudire
3454 4428 3554 4463 non
3580 4422 3744 4479 potes,
3788 4426 3912 4463 cum

685 4493 1111 4555 concinnitatem,
1136 4508 1251 4560 qua?
1280 4500 1387 4545 tam
1418 4492 1472 4544 in
1498 4492 1755 4555 sacrario,
1791 4508 1948 4560 quam
1972 4509 2129 4561 prope
2156 4510 2245 4567 sa-
2278 4510 2321 4569 ο
2347 4514 2497 4550 aures
2543 4498 2732 4550 habeas
2771 4499 3083 4551 obstructas.
3130 4496 3198 4550 Et
3249 4498 3478 4553 Basilius
3538 4502 3748 4567 quidem
3807 4502 3919 4553 ista

684 4585 918 4637 crarium
944 4593 1079 4644 erat.
1109 4585 1399 4652 angelicam
1422 4584 1594 4652 potius
1623 4600 1780 4653 quam
1826 4583 2135 4645 humanam.
2161 4595 2245 4639 at-

682 4691 780 4745 que
807 4676 975 4743 ipsum
1012 4676 1224 4737 quidem
1254 4685 1374 4726 ante
1404 4673 1652 4742 papulum
1685 4682 1825 4726 recto
1849 4689 2067 4741 corpore
2095 4687 2241 4727 stan-

684 4778 807 4835 tem,
834 4766 1040 4834 qualem
1069 4765 1347 4834 Scriptura
1383 4765 1677 4821 Samuelem
1711 4766 1975 4832 describit,
2001 4783 2090 4820 nec
2125 4784 2244 4821 cor-

680 4874 829 4929 pore,
866 4874 956 4911 uec
979 4858 1165 4919 oculis,
1202 4873 1293 4910 nec
1330 4859 1527 4921 animo,
1552 4861 1768 4927 perinde
1796 4876 1858 4911 ac
1884 4860 1929 4912 si
1962 4859 2092 4912 nillil
2130 4861 2246 4914 novi

685 4949 1001 5018 contigisset,
1032 4948 1194 5001 ullam
1224 4950 1280 5001 in
1320 4958 1518 5013 partem
1564 4966 1617 5002 se
1649 4958 1957 5015 moventem,
1991 4950 2080 5001 sed
2106 4947 2244 5012 Deo,

685 5051 740 5093 ut
768 5041 843 5093 ita
873 5041 1068 5105 dicam,
1093 5053 1139 5093 et
1170 5041 1331 5092 altari
1356 5040 1567 5109 afﬁxam
1590 5056 1605 5103 ;
1632 5057 1717 5095 eos
1745 5052 1942 5102 autem,
1989 5058 2019 5092 a
2062 5042 2247 5111 quibus

685 5134 1012 5201 cingebatur,
1044 5149 1161 5185 cum
1198 5134 1382 5186 timore
1424 5135 1653 5201 quodam
1686 5150 1746 5186 ac
1778 5134 2063 5185 reverentia
2101 5143 2246 5185 stan-

685 5234 798 5278 tes:
833 5226 965 5289 lucc,
1016 5227 1249 5294 inquam,
1294 5226 1450 5277 simul
1496 5237 1649 5295 atque
1675 5226 1935 5293 perspexit
1965 5224 2088 5297 (nec
2113 5228 2250 5279 enim

684 5317 856 5371 simile
874 5321 1155 5388 quidquam
1184 5334 1409 5384 unquam
1437 5319 1660 5387 uiderat)
1686 5320 1974 5372 humanum
2001 5319 2253 5387 quiddam

684 5423 872 5477 passus
907 5418 1003 5474 est,
1043 5417 1196 5479 atque
1232 5411 1501 5461 oculorum
1548 5409 1792 5479 vertigine
1831 5425 1892 5460 ac
1920 5408 2143 5461 tenebris
2176 5426 2253 5461 to—

750 5612 841 5784 ¹(αξ
865 5643 1032 5713 Epist.
1067 5645 1155 5704 79.
1189 5647 1277 5700 80.

763 5715 818 5782 (ll
872 5716 1067 5784 {\tltatt.
1096 5717 1164 5769 ad
1202 5717 1274 5768 So

763 5715 841 5782 (ll)
872 5716 1067 5770 Athan.
1096 5717 1164 5769 ad
1202 5717 1363 5769 Solit.

767 5782 845 5855 (τ)
873 5782 987 5842 Lib.
1018 5802 1090 5855 tv,
1124 5802 1173 5843 c.
1206 5785 1308 5842 l9:
1340 5787 1472 5841 Nu.
1502 5796 1607 5843 tom
1658 5786 1719 5855 ll,
1751 5797 1860 5842 not.
1895 5802 1945 5856 p.
1974 5784 2095 5839 78L

2349 4589 2478 4642 dixit
2510 4587 2861 4643 Demostheni.
2894 4586 3085 4642 Valens
3118 4598 3519 4657 rerotantOpere
3541 4607 3655 4644 eum
3688 4592 3911 4640 miratus

2350 4692 2447 4745 est,
2475 4690 2528 4733 ut
2555 4680 2905 4748 pulcherrima
2934 4697 3049 4749 qua:
3084 4680 3194 4733 illic
3229 4681 3447 4733 habebat
3483 4682 3681 4748 prtedia
3715 4694 3919 4746 paupe-

2354 4772 2495 4824 ribus
2522 4773 2814 4835 donacerit,
2844 4787 3065 4840 quorum
3092 4770 3179 4824 ille
3213 4788 3394 4824 curam
3430 4773 3656 4840 gerebat,
3687 4770 3777 4838 qui
3805 4779 3919 4823 toto

2354 4881 2567 4931 corpore
2588 4865 2815 4918 mutilati
2844 4864 3007 4917 multo
3040 4864 3241 4932 majore
3269 4866 3535 4917 curatione
3587 4864 3913 4930 indigebant.

2353 4956 2646 5011 Asseverat
2695 4957 2925 5012 Basilius
2974 4959 3025 5010 in
3059 4958 3215 5025 epist.
3272 4957 3363 5020 94,
3417 4971 3567 5009 suum
3607 4954 3915 5008 aediﬁcandi

2350 5050 2750 5117 ptochotroplzii
2811 5048 3094 5103 consilium
3162 5047 3367 5101 Valenti
3448 5057 3784 5115 perspectum
3851 5060 3917 5099 ac

2349 5137 2634 5208 probatum
2669 5136 2867 5199 fuisse;
2892 5138 3116 5206 ejusque
3142 5136 3463 5189 auctoritate
3508 5137 3711 5197 utitur,
3739 5143 3798 5185 ut
3833 5133 3916 5185 in-

2348 5230 2547 5283 vidiam
2586 5229 2831 5299 repellat,
2861 5246 3021 5298 quam
3059 5230 3154 5299 ipsi
3213 5228 3448 5282 nonnulli
3490 5227 3735 5281 homines
3767 5225 3912 5295 apud

2349 5322 2627 5389 prmsnlem
2646 5323 2713 5372 ob
2737 5331 3047 5388 susceptum
3071 5330 3228 5374 tanta:
3246 5320 3398 5374 molis
3421 5317 3703 5372 aedilicium
3726 5331 3919 5371 erearo

2352 5407 2646 5461 tentabant.
2688 5407 2754 5459 At
2801 5407 2865 5459 de
2903 5405 3142 5460 Valentis
3183 5404 3506 5458 liberalitate
3534 5417 3695 5471 quam
3750 5399 3916 5455 refert

2427 5646 2503 5716 (Α)
2537 5645 2662 5701 Naz.
2689 5662 2769 5700 or.
2798 5644 2887 5716 20.

2430 5714 2499 5787 (ε)
2532 5716 2647 5771 ιη».
2681 5732 2750 5783 ιν,
2789 5732 2837 5771 c.
2867 5714 2948 5767 t9.
