4080 6312
1437 372 1588 422 \‘i’t'A
1631 371 1686 418 S.
1728 369 1990 420 BASILII.
3132 384 3299 427 cxxu

152 491 485 552 Tltcotlorctus,
550 486 683 541 nihil
732 503 950 557 prorsus
1001 488 1195 555 legitur
1244 489 1293 540 in
1342 486 1427 540 illa
1449 488 1640 543 °ltasilii
1673 493 1712 548 Α
1746 493 1846 542 seri
1872 490 2112 557 spiritum
2152 488 2413 557 abstulit,
2474 488 2769 558 prtedicans
2815 491 3077 561 ingratam
3121 507 3299 545 eorum

147 587 337 653 ρςιῐειυιη.
1740 593 1977 633 mentem.

202 678 263 728 \‘l.
294 672 396 724 ll;t~c
436 671 617 725 Basilii
654 671 867 724 virtutis
895 669 1177 723 admiratio
1209 669 1401 736 injecta
1447 668 1638 723 Valen—
1811 675 1991 742 Neque
2014 673 2341 725 omittendus
2372 674 2522 727 nobis
2558 674 2783 728 Ruﬁnus
2806 670 2903 740 (g).
2944 674 3031 741 qui
3070 690 3181 729 rem
3220 674 3299 729 sic

148 774 196 823 tis
218 766 384 825 animo,
416 764 624 817 initium
662 765 758 814 fttit
788 761 929 813 illius
960 762 1010 813 in
1061 760 1401 830 Cappadoces
1455 761 1641 813 huma—
1740 765 1993 818 edisserit
2026 784 2038 817 :
2074 763 2203 819 Cum
2232 762 2463 816 Basilius
2493 781 2523 815 a
2561 764 2788 829 Valente,
2837 765 3042 829 inquit.
3075 765 3127 819 in
3159 767 3299 820 exsi-

147 856 286 911 nitatis
310 871 320 906 :
348 856 451 907 lucc
486 856 657 922 pritna
692 852 902 905 exstitit
931 851 1260 919 tempestatis
1290 850 1514 903 sedatio.
1536 848 1637 904 Sed
1740 850 1865 903 lium
1890 869 1983 918 pro
2010 853 2112 917 ﬁde
2149 862 2438 920 cogeretur,
2481 851 2736 906 exhibitas
2775 854 2845 907 ad
2878 854 3110 905 tribunal
3153 872 3289 919 pra:-

144 952 224 999 t;ito
262 946 538 999 instabilem
578 944 718 995 illius
765 945 995 995 animum
1032 940 1219 994 Ariani
1261 940 1470 994 artibus
1528 940 1638 993 suis
1740 938 1883 1003 fecti,
1940 943 2323 1011 terroribusque
2371 942 2469 1009 (ut
2500 940 2604 993 illis
2643 946 2800 995 moris
2830 954 2903 997 est
2928 944 3211 1009 potestati)
3250 956 3297 995 ct

146 1036 449 1087 immutarunt.
488 1033 599 1083 Non
624 1049 780 1085 ttuttttt
815 1043 990 1086 autem
1022 1032 1308 1085 artitieiunt
1340 1031 1407 1084 ab
1436 1034 1513 1086 eis
1546 1031 1640 1083 ad-
1740 1032 1895 1082 minis
1932 1033 2177 1085 maximis
2219 1035 2304 1102 agi
2341 1033 2513 1100 ctepit,
2551 1042 2597 1085 et
2625 1033 2724 1084 nisi
2754 1037 3023 1104 prwceptis
3049 1037 3299 1104 principis

142 1128 337 1179 ltibitunt.
379 1125 645 1177 Interdum
700 1126 842 1179 enim
882 1124 1200 1177 catholicam
1254 1124 1407 1176 fidem
1443 1134 1549 1189 pra!
1581 1134 1638 1171 se
1740 1124 1989 1185 obcdiret,
2029 1124 2296 1176 interitum
2332 1126 2429 1178 sibi
2467 1124 2796 1193 jamjamque
2835 1139 3065 1192 speraret
3094 1128 3291 1191 impen-

143 1219 350 1281 ferebattt,
379 1234 435 1269 τις
463 1218 643 1271 Basilii
670 1219 921 1271 doctrina:
949 1217 1194 1269 assentiri
1226 1231 1283 1269 se
1310 1212 1635 1283 prolitehan-
1738 1213 1876 1265 dere.
1935 1212 2065 1266 Tum
2115 1214 2201 1267 ille
2269 1216 2573 1284 intrepidus,
2637 1226 2683 1268 et
2730 1219 2917 1284 absque
2958 1220 3066 1271 ulla
3127 1218 3294 1271 animi

144 1324 223 1375 utr,
247 1322 292 1362 ιιι
334 1320 556 1362 testatur
591 1312 643 1365 S.
694 1311 934 1377 Epltrtem
977 1308 1072 1377 (η).
1108 1308 1221 1361 Non
1253 1308 1452 1361 ideirco
1480 1303 1634 1357 Basi-
1735 1324 1755 1373 ι

1735 1307 2125 1373 perturbatione
2159 1307 2269 1358 ha'c
2288 1308 2386 1358 sibi
2413 1309 2679 1361 minitanti
2706 1306 2949 1374 prie/ecta
2976 1309 3297 1373 TCS,"0Hdt88¢

142 1404 217 1455 lius
242 1417 399 1454 eorum
432 1402 679 1455 formulis
720 1407 812 1451 aut
851 1401 1210 1452 communioni
1250 1398 1494 1451 cedebat.
1531 1396 1635 1449 Sed
1736 1398 1902 1466 fertur
1926 1399 2127 1465 :Atque
2159 1398 2355 1450 utinam
2389 1399 2583 1467 aliquid
2622 1399 2749 1451 mihi
2781 1407 2911 1450 esset
2941 1399 3085 1464 digni
3109 1417 3294 1452 mune-

140 1497 246 1556 inde.
275 1506 323 1547 ut
349 1496 630 1549 verisimile
661 1502 765 1553 est,
799 1506 980 1544 ansam
1005 1493 1333 1560 arripiebant
1361 1489 1499 1541 illius
1546 1502 1636 1541 ac-
1738 1490 1831 1550 ris,
1870 1491 2008 1556 quod
2034 1488 2275 1554 o/ferrem
2319 1488 2437 1540 huic
2464 1531 2478 1554 ,
2520 1490 2608 1557 qui
2658 1489 2911 1542 maturius
2932 1486 3191 1541 Basiliam
3234 1492 3297 1545 de

138 1588 306 1638 ettsatttli
335 1590 460 1655 apud
488 1584 853 1646 Valentent,ut
880 1582 1109 1637 hominis
1148 1584 1214 1634 ab
1249 1580 1392 1634 ontni
1428 1593 1639 1633 accom-
1738 1582 1872 1633 nodo
1907 1578 2048 1646 [ollis
2074 1578 2185 1645 ejus
2210 1578 2528 1631 absolveret!
2573 1578 2801 1649 Cumque
2844 1583 3061 1634 daretur
3095 1582 3142 1632 ei
3172 1598 3293 1645 nox,

138 1675 381 1726 nuntiatione
423 1680 476 1724 et
518 1670 887 1738 paeificatione
919 1671 1098 1726 alieni.
1145 1670 1238 1723 llis
1281 1669 1484 1723 artibus
1523 1670 1635 1722 vin-
1734 1690 1849 1740 qua:
1886 1679 2000 1725 erat
2036 1672 2204 1723 media
2235 1672 2302 1723 ad
2330 1672 2554 1739 spatium
2585 1670 2932 1737 deliberandi,
2964 1674 3301 1739 respondisse

138 1776 231 1815 cunt
256 1763 494 1828 improbi;
527 1764 771 1816 exsilium
797 1764 1121 1826 decernitur,
1144 1771 1399 1830 parantur
1427 1763 1626 1825 omnia,
1736 1764 1901 1815 denuo
1925 1759 2222 1830 perhibetur
2251 1776 2268 1813 :
2308 1760 2419 1829 Ego
2453 1760 2682 1813 crastino
2737 1762 2843 1827 ipse
2880 1779 2967 1815 ero
2990 1763 3077 1831 qui
3110 1779 3245 1815 nunc
3276 1778 3299 1816 :

136 1868 210 1903 nox
240 1853 421 1911 aderat,
454 1853 509 1905 in
548 1864 798 1922 promptu
852 1867 1064 1916 currus,
1096 1854 1147 1905 itt
1193 1851 1378 1920 plausu
1408 1853 1588 1906 hostes
1609 1892 1624 1915 ,
1661 1841 1699 1894 Β
1729 1864 1783 1906 tu
1820 1864 1866 1907 te
1892 1856 2091 1907 utinam
2125 1869 2224 1904 non
2254 1865 2477 1906 mutares
2493 1852 2513 1904 .'
2537 1852 2599 1906 Et
2624 1852 2721 1906 illa
2755 1854 2961 1922 quidem
2988 1867 3133 1909 nocte
3157 1872 3293 1909 uxor

137 1944 173 1991 in
199 1942 311 1994 luctu
357 1944 456 2011 pii;
508 1946 800 2014 Gregorius
830 1956 883 1997 et
926 1943 1015 1996 alii
1068 1945 1221 1998 amici
1269 1945 1405 1999 latus
1436 1946 1628 1999 alacris
1729 1944 2056 2010 imperatoris
2082 1940 2216 1996 velut
2249 1942 2531 1993 tortoribus
2562 1943 2761 1993 tradita
2792 1942 3097 2006 cruciatur;
3141 1945 3285 2012 [ilius

135 2032 306 2088 viatoris
333 2038 613 2105 cingebant
650 2052 663 2087 :
702 2034 931 2089 Basilius
954 2036 1145 2092 exsilio
1179 2036 1493 2101 mulctatus,
1527 2036 1630 2091 hoc
1730 2049 1845 2085 vero
1872 2034 1959 2101 qui
1982 2038 2053 2085 eis
2086 2043 2197 2087 erat
2230 2034 2436 2095 unicus,
2464 2032 2747 2085 exstinctus
2776 2042 3010 2100 paterna:
3049 2035 3291 2097 impieta-

136 2131 290 2175 tsntum
322 2126 507 2192 negotii
538 2125 767 2193 suscipit
798 2142 812 2178 :
856 2126 944 2180 uni
987 2142 1050 2181 ex
1086 2125 1300 2179 famulis
1354 2124 1581 2192 imperat
1612 2163 1628 2188 ,
1730 2124 1793 2177 tis
1819 2124 2048 2176 creditur
2070 2126 2346 2180 exsoluisse
2371 2123 2648 2193 supplicia.
2678 2121 2761 2176 Ita
2781 2134 2900 2177 ante
2928 2124 3092 2178 lucem
3123 2126 3293 2193 missi,

136 2221 243 2265 utse
283 2215 503 2281 acceptis
549 2216 895 2285 pugillaribus
928 2226 1205 2285 sequatur.
1242 2215 1346 2269 Sed
1373 2214 1513 2270 Deu's
1549 2231 1629 2271 re-
1728 2219 1818 2287 qui
1845 2228 2085 2286 rogarent
2130 2217 2411 2283 Basilium,
2449 2231 2503 2272 ut
2536 2220 2773 2288 precibus
2809 2220 2918 2271 suis
2952 2220 3293 2273 intercederet

134 2305 283 2358 scindit
317 2307 479 2361 exsilii
509 2308 790 2362 decretum
830 2327 843 2360 :
904 2308 1043 2359 ﬁlius
1078 2304 1317 2360 Valentis
1346 2306 1399 2360 in
1436 2306 1627 2363 febrim
1729 2328 1823 2379 pro
1853 2311 1951 2374 eis,
1994 2326 2054 2364 ne
2082 2312 2237 2362 etiam
2266 2312 2387 2378 ipsi,
2412 2325 2458 2364 et
2490 2313 2695 2381 quidem
2726 2312 3108 2381 multojustius
3142 2312 3294 2365 simi-

133 2396 293 2461 incidit,
330 2409 516 2452 etcum
551 2398 700 2451 illius
746 2398 930 2451 morbo
960 2398 1155 2451 nullam
1196 2413 1417 2469 prorsus
1461 2402 1630 2455 medio
1731 2402 1849 2455 liter
1876 2404 2167 2456 interirent.

131 2502 264 2539 cuiam
292 2502 428 2555 pater
476 2490 743 2543 inveniret
765 2528 780 2552 ,
833 2489 899 2543 ad
941 2488 1195 2545 Basiliam
1228 2489 1488 2559 confugit,
1522 2508 1626 2545 non
1804 2495 1911 2550 VII.
1943 2495 2075 2551 Victi
2104 2505 2157 2549 at
2188 2510 2290 2549 non
2318 2492 2592 2563 defatigati
2628 2494 2811 2548 Ariani
2833 2510 2936 2547 non
2971 2495 3138 2549 multo
3168 2505 3289 2564 post

132 2579 295 2643 quidem
324 2594 410 2647 per
432 2594 509 2645 se,
537 2580 607 2633 ob
629 2580 1007 2635 contumeliam
1036 2582 1193 2635 modo
1217 2581 1265 2635 ei
1295 2580 1512 2647 factam,
1533 2584 1627 2636 sed
1734 2584 1798 2635 ad
1832 2599 2058 2653 pugnam
2098 2584 2393 2647 redierunt,
2422 2595 2474 2639 et
2498 2582 2763 2638 infirmam
2794 2582 3034 2637 Valentis
3061 2594 3290 2638 mentem

133 2682 201 2732 per
231 2683 307 2721 eos
342 2684 467 2737 quos
503 2678 691 2723 sancto
716 2669 967 2739 episcopo
996 2669 1349 2724 amicissimos
1382 2683 1503 2723 esse
1537 2684 1629 2723 uo—
1734 2676 1885 2729 novis
1925 2676 2131 2729 artibus
2160 2678 2392 2743 aggressi
2451 2684 2595 2730 sunt.
2636 2675 2783 2730 Hanc
2812 2686 2989 2729 autem
3027 2675 3297 2743 imprimis

133 2769 261 2824 terat,
288 2761 330 2813 id
354 2771 430 2815 est
462 2776 560 2831 per
608 2761 916 2818 Terentium
959 2772 1012 2817 et
1045 2760 1317 2817 Victorem
1346 2771 1439 2816 aut
1472 2762 1631 2816 Arin-
1734 2768 1905 2822 aleam
1941 2768 2315 2831 adhibuerunt,
2334 2782 2451 2835 qua:
2482 2784 2699 2836 perraro
2725 2768 2962 2828 fallebat.
3000 2778 3058 2820 ut
3094 2765 3293 2821 Basilio

133 2854 434 2908 tliaum.t\'am
461 2857 735 2925 magistris
759 2857 834 2911 rei
867 2856 1110 2911 militaris
1142 2856 1241 2911 hoc
1268 2870 1458 2910 munus
1486 2870 1627 2910 com-
1739 2869 1917 2914 stante
1962 2858 2092 2913 nihil
2132 2873 2191 2913 se
2226 2870 2540 2928 promovere
2566 2874 2740 2927 posse,
2784 2875 2847 2915 eo
2876 2860 3112 2930 relegato
3146 2871 3299 2915 crete-

132 2944 461 2999 utissuntiuisse
480 2947 1632 3016 refertTheodorctus(b).AccurritBasilius,
1734 2968 1825 3007 ros
1852 2952 2007 3007 facile
2032 2967 2283 3006 cessuros
2322 2951 2564 3005 dicerent
2593 2950 2687 3021 (lt).
2723 2949 2907 3005 Grauis
2944 2953 3079 3003 enim
3100 2951 3187 3005 ille
3203 2969 3297 3005 no.

129 3032 298 3099 eiusque
346 3035 585 3105 ingresw
615 3037 783 3089 levior
812 3040 870 3089 lit
914 3038 1151 3101 morbUS,
1184 3052 1282 3091 nec
1324 3037 1634 3090 dubiluballl
1736 3047 1811 3097 bis
1844 3056 1937 3109 est,
1964 3046 2198 3108 aiebant,
2231 3044 2304 3099 vel
2343 3045 2510 3097 solum
2538 3055 2862 3110 conspectus.
2896 3040 3099 3095 Etenim
3140 3043 3291 3095 valde

130 3125 192 3189 qui
226 3128 453 3192 aderant,
486 3130 617 3198 quin
669 3129 838 3183 ﬁlium
874 3129 1160 3199 imperator
1202 3129 1519 3184 incolumem
1550 3144 1636 3183 re-
1661 3174 1703 3232 Ο
1736 3134 2027 3187 contrarius
2070 3134 2214 3186 nobis
2257 3142 2330 3186 est
2367 3134 2419 3185 in
2468 3134 2832 3187 sermonibus:
2864 3143 3136 3201 propterea
3176 3134 3296 3201 ﬁeri

128 3217 329 3284 cepisset,
359 3223 398 3275 si
433 3237 541 3276 non
576 3222 717 3276 dulci
753 3236 903 3290 aqua:
937 3222 1130 3277 salsam
1168 3222 1491 3287 miscuisset,
1528 3221 1627 3276 Ba-
1664 3217 1703 3232 ν
1737 3225 1931 3294 nequit,
1955 3225 2258 3292 imperator,
2292 3231 2347 3275 ut
2378 3222 2506 3291 ﬁdes
2543 3234 2721 3277 nostra
2761 3239 3089 3293 progressum
3120 3225 3293 3291 capiat

128 3306 257 3359 sitiunt
282 3325 463 3365 vocans
490 3324 543 3365 et
576 3312 843 3366 haereticis
875 3314 1118 3366 credens.
1145 3313 1318 3381 Atque
1351 3314 1463 3367 haec
1510 3312 1627 3381 qui-
1732 3317 1777 3368 si
1806 3316 1902 3368 iste
1949 3316 2105 3369 adsit.
2163 3314 2360 3369 lterum
2393 3330 2521 3385 ergo
2552 3316 2853 3369 decernitur
2884 3314 3157 3377 exsilium,
3186 3317 3282 3368 sed

133 3395 220 3450 dent
249 3399 519 3469 Gregorius
563 3402 957 3465 Nazianzenus,
988 3404 1140 3472 cujus
1163 3404 1518 3457 narrationem
1547 3418 1631 3457 ac-
1733 3407 1872 3461 Deus
1907 3421 2044 3461 novo
2073 3407 2331 3461 miraculo
2380 3422 2535 3461 suum
2563 3407 2818 3460 Ecclesiae
2851 3406 3167 3459 Cmsariensi
3197 3420 3293 3475 pa-

127 3500 263 3543 cumte
288 3494 519 3559 sequitur
555 3492 889 3548 Sozomenus
940 3493 1039 3562 (c);
1076 3504 1129 3547 et
1172 3494 1315 3563 quod
1342 3494 1630 3566 Gregorius
1731 3509 1929 3553 storem
1962 3499 2216 3559 servavit,
2254 3498 2395 3566 quod
2430 3513 2459 3549 a
2485 3497 2543 3550 S.
2586 3496 2832 3565 Ephrann
2874 3496 2933 3567 (i)
2975 3496 3054 3551 sic
3104 3510 3294 3550 narra-

126 3578 178 3631 ait
202 3580 438 3637 Valentem
469 3601 625 3655 aqua:
679 3585 821 3638 dulei
862 3585 1056 3638 salsam
1094 3586 1395 3651 miscuisse,
1436 3587 1486 3640 id
1520 3587 1620 3641 δο-
1730 3596 1817 3641 tur
1852 3606 1863 3640 :
1895 3586 2097 3639 "arum
2126 3586 2469 3649 sermonibus,
2496 3585 2685 3653 inquit,
2710 3584 2953 3638 inductus
2986 3587 3289 3651 imperator,

128 3683 325 3727 zontenus
348 3676 734 3746 interpretatur
758 3679 823 3730 de
867 3676 1135 3730 haereticis
1171 3691 1273 3729 una
1307 3692 1426 3731 etnn
1458 3676 1609 3730 Basi-
1730 3680 1949 3745 suscepit
1980 3677 2031 3729 in
2062 3677 2301 3729 exsilium
2342 3692 2459 3728 eum
2498 3676 2743 3728 mittere:
2788 3675 2966 3727 statim
2993 3690 3109 3727 vero
3141 3675 3289 3726 cala-

136 3763 184 3815 lio
209 3770 472 3834 advocatis,
503 3781 561 3822 ut
586 3785 683 3839 pro
712 3766 952 3823 Valentis
979 3768 1089 3821 filio
1131 3779 1503 3837 precarentur.
1548 3769 1627 3822 Ex
1731 3783 1865 3829 mus,
1900 3766 1988 3835 qui
2026 3782 2127 3818 non
2161 3766 2441 3819 sustineret
2473 3765 2653 3833 iniquo
2704 3762 2992 3819 subservire
3035 3763 3254 3818 consilio
3276 3802 3292 3827 ,

132 3851 408 3913 Theodoreto
453 3862 533 3930 (ἀ)
579 3862 855 3915 Dominica
903 3862 1140 3928 Augusta
1188 3860 1392 3926 magnis
1427 3861 1628 3915 dolori-
1730 3857 1868 3910 ultro
1911 3857 2211 3924 confractus
2265 3862 2379 3921 est,
2436 3857 2762 3924 insipientem
2810 3856 3084 3918 erudiens,
3135 3870 3295 3922 quam

126 3944 208 4011 bus,
230 3951 316 4015 vel,
350 3961 401 4006 ut
428 3956 505 4006 ait
530 3956 788 4007 bocrates
817 3950 909 4021 (e),
948 3951 1228 4004 horrendis
1258 3951 1386 4006 visis
1408 3962 1616 4019 vexata,
1728 3964 1934 4003 enorme
1960 3948 2165 4015 [acinus
2190 3957 2399 4015 patrare
2416 3946 2558 4000 vellet
2578 3947 2633 3999 in
2662 3962 2861 3999 servum
2886 3942 3105 4008 Christi,
3130 3945 3289 3996 unius

128 4033 282 4094 Valenti
317 4054 499 4095 auctor
524 4042 652 4109 fuit,
680 4052 738 4095 ut
763 4042 1013 4096 Basilium
1040 4055 1364 4098 accerseret.
1728 4039 1779 4093 in
1809 4038 1969 4093 Patre
2000 4051 2045 4092 et
2077 4038 2217 4092 Filio
2242 4049 2287 4092 et
2314 4038 2516 4106 Spiritu
2546 4045 2726 4090 sancto
2756 4036 3055 4088 divinitatis
3088 4052 3288 4103 prisco-

174 4126 252 4185 Res
275 4150 300 4187 a
331 4134 385 4189 S.
414 4133 665 4204 Ephrem
705 4134 771 4203 (f)
820 4135 898 4189 sic
941 4143 1189 4188 narratur
1224 4152 1237 4187 :
1289 4134 1426 4188 Dum
1472 4137 1622 4206 gravi
1727 4148 1863 4193 nem.
1887 4131 2285 4202 quiqueitanou
2307 4130 2581 4183 sentientes
2609 4140 2698 4181 aut
2725 4129 3008 4196 loquentes,
3036 4140 3290 4195 tanquam

127 4226 255 4272 morbo
290 4227 606 4278 detineretur
655 4226 795 4291 ﬁlius
832 4227 1082 4294 tyranni,
1137 4227 1388 4295 rogabant
1448 4232 1618 4281 cirum
1730 4240 1883 4277 canes
1919 4222 2129 4275 rabidus
2162 4223 2425 4289 sapienter
2454 4221 2813 4290 redarquebat.
2851 4220 2978 4273 Cant
2996 4230 3292 4272 autemnon

127 4310 236 4374 hunc,
264 4324 313 4367 ut
334 4336 423 4382 pro
461 4334 523 4372 eo
552 4326 892 4386 precaretur;
914 4317 1004 4369 illo
1024 4334 1137 4370 vero
1156 4328 1469 4385 proponente
1498 4335 1623 4371 con-
1728 4316 1940 4368 sentiret
1965 4314 2030 4377 is,
2061 4314 2293 4367 inanimo
2316 4313 2521 4365 calamo
2549 4312 2919 4376 insensibilior,
2944 4312 3086 4378 ﬁlius
3115 4324 3293 4361 revera

127 4402 313 4457 ditionem
350 4424 365 4459 :
394 4407 451 4460 Si
496 4426 621 4462 eum
675 4407 801 4461 mihi
831 4409 1130 4471 tradideris,
1179 4418 1232 4459 ut
1266 4409 1524 4461 adducam
1555 4408 1621 4460 ad
1725 4406 1939 4468 erroris,
1961 4406 2242 4458 secundum
2270 4421 2469 4474 quoque
2492 4405 2707 4472 sumpsit
2742 4405 2808 4455 ad
2840 4399 3290 4461 subscribendum,

128 4486 449 4550 immutatam
494 4501 661 4567 ﬁdem
683 4538 698 4564 ,
736 4498 1045 4564 liberetnque
1080 4498 1142 4551 ab
1176 4501 1315 4552 omni
1363 4499 1624 4568 impietate
1659 4507 1701 4563 υ
1726 4508 1771 4551 et
1806 4499 1873 4550 ad
1895 4498 2054 4565 ﬁnem
2079 4498 2443 4565 imponendum
2468 4495 2617 4549 mala:
2640 4494 2922 4555 uoluntati;
2956 4506 3131 4544 verum
3156 4493 3291 4542 hunc

128 4584 282 4639 Ariona
314 4590 563 4644 doctrina
584 4611 607 4647 :
630 4600 681 4643 et
714 4592 824 4657 ipso
850 4592 1201 4652 assentiente;
1244 4589 1422 4642 statim
1463 4588 1621 4643 Basi-
1734 4589 1977 4642 similiter
2012 4590 2269 4657 confringi
2296 4590 2443 4651 uidit,
2467 4603 2555 4640 nec
2589 4588 2696 4654 pati
2727 4584 2851 4637 velle
2874 4582 3291 4635 communionem

129 4672 195 4727 “tu
217 4695 293 4741 pro
322 4681 635 4749 imperatore
691 4691 893 4736 terreno
925 4698 1047 4751 erga
1092 4684 1345 4735 ctelestem
1375 4683 1626 4736 interces-
1730 4682 1883 4745 ntali,
1918 4683 2057 4752 quod
2084 4683 2190 4749 ipse
2223 4681 2395 4749 facere
2421 4682 2702 4733 nitebatur.
2730 4676 2867 4741 Quid
2890 4675 3113 4739 conaris,
3138 4692 3167 4728 ο
3191 4678 3295 4728 im-

129 4775 363 4826 toresstitit
391 4776 620 4840 ;obtulit
655 4777 753 4829 uiri
786 4776 1123 4843 promissum,
1167 4775 1312 4841 eique
1351 4776 1627 4827 sanitatem
1730 4780 1964 4841 perator,
1993 4772 2046 4822 in
2073 4772 2398 4839 peregrinam
2432 4785 2547 4821 eum
2574 4767 2759 4835 ejicere
2783 4768 3064 4832 regionem,
3086 4764 3173 4833 qui
3206 4764 3290 4817 in-

129 4855 192 4919 βίέέ
216 4868 379 4922 retulit.
412 4866 479 4920 Ut
522 4880 706 4920 autem
737 4879 990 4934 serpentes
1012 4868 1248 4921 viderunt
1270 4882 1487 4934 puerum
1513 4882 1623 4919 ser-
1731 4863 2081 4916 habitatorem
2116 4861 2267 4913 habet
2298 4862 2534 4913 universa
2579 4856 2912 4924 complentem
2933 4856 2957 4908 ?
2978 4854 3087 4908 Cur
3108 4870 3291 4921 capere

129 4962 269 5019 ratum,
300 4976 470 5014 rursus
500 4962 633 5016 levis
654 4960 989 5028 imperatoris
1012 4968 1230 5012 mentem
1248 4959 1619 5026 depravarunt,
1729 4963 1896 5008 tentas
1924 4953 2053 5005 nulli
2092 4952 2485 5020 expugnabilem
2512 4949 2535 5002 ?
2580 4945 2755 5012 Quare
2785 4947 2994 4999 civitate
3035 4943 3186 5012 pellis
3212 4946 3290 5023 ci_-

128 5042 283 5113 tingue
314 5052 473 5118 [ilium
517 5063 798 5120 acceptum
848 5054 1179 5121 baptizarunt
1209 5067 1368 5119 aqua,
1402 5067 1502 5103 non
1539 5059 1622 5101 ta-
1728 5062 1834 5099 ueni
1867 5046 2024 5101 caeli?
2056 5042 2196 5095 Nam
2230 5044 2273 5094 si
2302 5044 2510 5094 tertium
2540 5055 2739 5107 ouoque
2768 5039 3027 5091 calamum
3055 5050 3289 5101 sumpse-

130 5150 205 5188 men
228 5139 436 5208 Spiritu;
470 5146 736 5199 docebant
768 5144 1021 5213 abnegare
1067 5140 1267 5195 Filium
1305 5141 1441 5205 Dei;
1484 5144 1619 5194 inte-
1723 5140 1815 5199 ris,
1836 5153 2010 5191 cernes
2033 5136 2337 5198 contritum,
2370 5133 2648 5193 nolentem,
2676 5146 2766 5183 nec
2788 5128 2880 5181 tibi
2903 5136 3285 5195 coaperanten.

130 5226 505 5300 riutirretientes,
532 5248 582 5290 et
607 5236 1172 5296 exteriusinduentes;
1207 5235 1337 5302 [oris
1355 5231 1621 5287 Christum
1725 5231 1874 5296 Quod
1910 5231 2084 5297 utique
2117 5230 2271 5281 etiam
2312 5226 2549 5293 contigit.
2587 5222 2727 5277 Tunc
2770 5230 2946 5289 aperte
2980 5215 3201 5271 uictoria
3245 5230 3278 5266 a

130 5316 264 5386 induit,
285 5328 410 5381 intus
440 5330 730 5383 dilacerat.
766 5326 941 5393 Quare
972 5343 1074 5381 non
1125 5326 1289 5381 multo
1329 5338 1463 5394 post,
1516 5326 1620 5379 mi-
1722 5323 1919 5375 cunctis
1946 5321 2234 5390 praedicata
2284 5318 2400 5386 fuit,
2449 5328 2557 5369 tum
2600 5315 2803 5367 illustre
2844 5321 3097 5380 troporum
3138 5304 3276 5362 iusti-

176 5497 395 5575 (ᾳξὶῼοιει.
429 5515 563 5561 tom.
587 5505 656 5559 Ill
691 5503 1037 5575 |Monument.
1815 5499 1880 5575 (1')
1906 5496 2074 5575 Cotel.
2107 5504 2144 5550 t.
2188 5494 2271 5575 ΙΙΙΔ
2313 5494 2548 5549 Monum.
2578 5493 2805 5556 lit-clem,
2834 5506 2886 5561 p.
2917 5489 3003 5543 63.

178 5570 230 5637 (δ)
258 5572 356 5629 Lth.
388 5593 459 5641 Iv,
486 5594 537 5630 c.
574 5578 667 5630 l9.
691 5568 709 5575 ⁷
1806 5568 1879 5641 (9)
1906 5568 2022 5641 l«ib.
2047 5584 2123 5641 _XI,
2159 5584 2207 5621 c.
2238 5572 2289 5641 9.

177 5629 225 5707 (ci
245 5642 340 5697 Lib.
368 5629 510 5707 “fc;
548 5629 643 5700 to.

1804 5629 1881 5707 (ᾖ)
1913 5639 2080 5692 Cutel.
2113 5648 2241 5707 tom.
2273 5636 2359 5703 ιιι,
2387 5635 2621 5688 Monum.
2650 5630 2821 5698 Eccl.,
2850 5644 2903 5699 Ρ.
2930 5629 3020 5684 64.

179 5653 225 5707 ιε)
245 5653 340 5697 Ltb.
368 5662 437 5713 st,
459 5664 510 5703 c.
548 5653 643 5700 w.

179 5708 235 5777 (dt
261 5716 361 5771 Lib.
392 5734 462 5783 tv,
492 5732 539 5771 c.
580 5718 671 5772 t9.

609 5653 643 5698 i.
1802 5653 1881 5759 γι)
1913 5653 2080 5717 notet.
2113 5653 2219 5689 tom

614 5718 671 5772 9.
1826 5714 1864 5778 ι)
1899 5710 2026 5763 lbtd.
2055 5724 2108 5778 p.
2133 5706 2220 5760 65.

184 5786 232 5851 (ι)
262 5787 377 5842 ibid.
412 5804 459 5844 c.
486 5787 581 5842 26.
