4074 6312
730 371 912 409 ιςκιιι

2087 352 2610 410 PBULEGOMENA.

730 471 797 520 cti
825 467 1068 526 hominis,
1107 465 1294 518 calami
1330 475 1429 518 tres
1460 466 1792 528 exstiterunt,
1821 465 2124 518 Trinitatem
2161 484 2282 519 (³οη-
2319 480 2363 532 Α
2393 469 2721 524 calamorum
2765 472 2814 523 in
2838 469 3123 526 scribendo
3157 471 3328 524 exsilii
3370 472 3584 526 decreto
3621 469 3948 528 fractorum.

728 561 1122 612 eubstantialem
1182 559 1489 625 pra‘dicanti
1544 559 1948 624 patrocinantes.
2009 558 2193 610 ΔῑΙτιιιιιε
2223 562 2290 611 ad

727 652 1092 718 proferendam
1123 650 1428 702 sententiam
1461 649 1760 715 festinabat,
1782 661 1824 702 et
1853 651 2042 701 calami
2075 667 2186 702 eam
2211 653 2291 700 iu-

722 742 925 809 justam
955 742 1398 794 demonstrarunt.
1435 739 1624 792 Manus
1650 758 1862 808 prauum
1883 743 2141 794 calculum
2162 742 2290 796 dare

728 831 1083 901 properam;
1125 833 1315 886 calami
1353 850 1470 885 vero
1507 833 1661 884 inane
1700 833 1931 884 studium
1974 835 2284 886 retinebant.

732 927 931 982 Imbres
963 926 1345 981 miraculorum
1391 926 1588 996 pluisse
1629 929 1702 980 ait
1741 928 1817 994 (ρ.
1849 926 1938 995 (ill)
1978 927 2112 980 idem
2151 931 2286 982 scri—

729 1029 874 1087 ptor,
911 1034 1073 1087 seque
1122 1021 1223 1074 hoc
1274 1035 1434 1071 unum
1486 1022 1551 1072 de
1588 1019 1836 1072 omnibus
1868 1033 2107 1072 narrare.
2144 1020 2284 1074 Idem

729 1111 1040 1166 miraculum
1067 1121 1247 1163 narrat
1278 1109 1645 1165 Theodoretus
1675 1110 1772 1179 (a),
1807 1113 2056 1178 additque
2091 1110 2284 1164 Valen-

730 1213 861 1265 tem,
891 1218 1013 1255 cum
1047 1204 1280 1256 secundo
1314 1213 1367 1255 et
1398 1205 1554 1256 tertio
1576 1202 1813 1257 calamus
1872 1203 2058 1254 luisset
2093 1205 2286 1256 contri.

729 1305 834 1353 tus,
871 1297 1056 1345 dextra
1093 1293 1271 1346 subito
1301 1293 1509 1347 concuti
1544 1307 1604 1345 ac
1642 1303 1869 1346 tremere
1893 1291 2140 1358 cmpissc.

807 1383 935 1436 Vlll.
989 1383 1162 1438 Locus
1212 1386 1428 1452 quidam
1459 1382 1700 1450 Gregorii
1751 1383 2074 1435 Nazianzeni
2112 1385 2284 1437 minus

728 1487 875 1532 recte
910 1479 1206 1531 intellectus
1231 1478 1280 1528 in
1306 1478 1569 1529 maximas
1588 1475 1984 1528 Tillemontium
2012 1476 2283 1544 angustias

729 1570 973 1636 conjecit.
1015 1568 1301 1637 Postquam
1343 1569 1521 1620 retulit
1544 1567 1858 1636 Gregorius,
1890 1567 2158 1621 Valentem
2188 1567 2283 1616 Ba-

728 1664 830 1714 silii
867 1661 1222 1713 admiratione
1281 1660 1580 1729 perculsum
1643 1661 1894 1719 Vetuisse,
1929 1672 1993 1710 ne
2019 1660 2097 1710 vis
2119 1659 2165 1710 ei
2199 1658 2282 1709 iu-

728 1754 975 1815 l'erretur,
1017 1763 1069 1807 et
1102 1756 1223 1806 dum
1250 1755 1384 1806 dona
1419 1753 1599 1818 olTert,
1630 1756 1822 1806 mirum
1851 1754 1898 1804 in
1924 1754 2136 1805 modum
2173 1767 2283 1806 tre-

2395 560 2498 613 Sed
2537 562 2750 628 conjicit
2785 562 2867 613 vel
2920 560 3213 614 Antiochiae
3257 577 3373 613 rem
3415 575 3617 631 gestam
3668 577 3821 622 esse,
3858 566 3950 612 ubi

2391 651 2500 704 non'
2518 655 2686 707 semel
2707 656 2838 707 inita
2863 654 2928 706 de
2951 655 3196 720 pellendo
3213 654 3406 707 Basilio
3422 659 3644 711 Consilia
3669 677 3680 722 ;
3708 657 3788 712 vel
3810 657 3952 710 hanc

2388 757 2580 795 novam
2607 745 3030 812 persecutionem
3057 756 3178 799 ante
3204 744 3496 800 secundum
3523 748 3761 803 Valentis
3784 749 3834 802 in
3863 762 3954 801 ec-

2390 833 2603 886 clesiam
2644 837 2942 905 ingressum
2977 838 3287 906 contigisse,
3317 839 3395 893 vel
3424 839 3473 890 in
3499 837 3606 889 alio
3638 841 3950 895 Cmsaream

2391 924 2624 980 Valentis
2655 931 2908 993 adventu,
2942 929 3031 996 qui
3064 927 3116 980 in
3153 930 3291 984 hanc
3326 930 3508 984 urbem
3533 929 3712 983 redire
3747 934 3951 999 potuit,

2388 1018 2481 1070 etsi
2519 1033 2620 1070 non
2655 1018 2850 1086 legitur
2879 1021 3121 1076 rediisse.

2455 1109 2523 1161 At
2581 1109 2780 1162 inutilis
2818 1127 3036 1178 prorsus
3085 1109 3294 1162 videtur
3355 1122 3430 1164 tot
3491 1112 3932 1178 conjecturarnm

2385 1209 2544 1263 opera
2588 1195 2640 1250 in
2697 1212 2752 1249 re
2795 1213 2888 1250 sua
2940 1209 3130 1267 sponte
3165 1197 3337 1252 soluta
3382 1209 3435 1252 et
3495 1203 3778 1271 explicata.
3815 1203 3949 1257 ﬁam

2385 1291 2499 1345 lucc
2529 1293 2771 1360 Gregorii
2807 1293 2964 1345 verba
3000 1309 3011 1342 :
3060 1293 3172 1346 lloc
3203 1293 3297 1357 fuit
3335 1292 3668 1356 imperatoris
3698 1311 3823 1364 erga
3856 1312 3949 1347 nos

2385 1380 2727 1437 humanitatis
2752 1384 2980 1448 initium,
3009 1385 3313 1453 luceprima
3349 1399 3520 1436 rerum
3552 1389 3778 1451 sedatio,
3813 1399 3948 1450 τις..

2385 1489 2486 1526 non
2544 1475 2849 1530 referuntur
2881 1477 2944 1529 ad
3000 1478 3125 1530 illud
3174 1479 3412 1531 Valentis
3443 1478 3584 1528 intra
3615 1481 3792 1534 velum
3823 1498 3947 1536 cum

2383 1562 2578 1619 Basilio
2609 1567 2951 1634 colloquium,
2973 1569 3064 1620 sed
3095 1568 3161 1620 ad
3197 1568 3338 1620 illam
3364 1567 3545 1621 Basilii
3583 1568 3798 1623 virtutis
3850 1574 3950 1625 ad-

2384 1656 2743 1721 mirationem,
2784 1672 2888 1726 qua
2947 1660 3222 1722 perculsus
3257 1658 3451 1713 Valens
3500 1661 3664 1714 vetuit
3725 1662 3778 1712 ei
3838 1663 3948 1715 vim

2386 1746 2590 1802 inferri.
2631 1749 2685 1802 ld
2743 1759 2886 1819 patet
2936 1750 2988 1801 1⁸
3017 1765 3081 1803 ex
3135 1758 3243 1804 tota
3279 1753 3603 1805 narrationis
3634 1752 3796 1805 serie.
3853 1753 3946 1805 Ait

727 1848 923 1900 Innisse
962 1862 1021 1898 ac
1077 1848 1364 1911 titubasse,
1416 1862 1646 1916 cumque
1696 1861 1880 1898 rursus
1910 1845 1961 1898 in
1993 1847 2280 1900 ecclesiam
2314 1827 2353 1880 Β
2382 1842 2521 1895 enim
2551 1840 2838 1910 Gregorius
2870 1841 3142 1897 Valentem
3171 1882 3187 1908 ,
3219 1843 3301 1896 his
3332 1859 3449 1911 qme
3485 1843 3716 1898 Basilius
3760 1860 3947 1912 gesse-

725 1941 978 2003 ven'issel,
1017 1942 1156 1994 intra
1193 1941 1363 1995 velum
1399 1943 1606 1994 divinas
1631 1939 1808 1993 Basilii
1839 1955 1999 1993 voces
2025 1941 2280 2006 audiisse;

727 2045 1027 2101 postquam,
1086 2035 1335 2100 inquam.
1394 2035 1502 2084 ha'c
1545 2034 1810 2088 narravit.
1869 2033 2047 2084 statim
2085 2033 2280 2087 addit:

727 2125 872 2192 Αὐτὴ
893 2127 1096 2190 γίνεται
1126 2127 1220 2192 τῆς

1255 2123 1342 2174 τοῦ
1371 2124 1630 2192 βασιλέως
1662 2125 1786 2194 περὶ
1817 2126 1963 2193 ἡμᾶς
1987 2123 2283 2195 φιλανθρω-

727 2215 852 2275 πίας
886 2216 1047 2284 ἁρχὴ,
1082 2216 1171 2266 καὶ
1204 2215 1530 2277 κατάστασις
1564 2215 1772 2286 πρώτη,
1800 2215 1955 2268 τοῦτο
1983 2216 2040 2268 τὸ
2074 2216 2280 2285 λῆμμα,

725 2305 822 2372 τῆς
853 2305 969 2358 τότε
1002 2307 1310 2377 δπιχλούςης
1351 2309 1609 2377 ἐπηρείας
1644 2309 1702 2361 τὸ
1732 2310 1977 2361 πλεῖστον
2011 2309 2195 2375 ὥσπερ
2232 2324 2281 2358 τι

728 2396 904 2467 ῥεῦμα
955 2398 1212 2452 διέλυσεν.
1255 2398 1368 2452 Hoc
1410 2401 1610 2452 (Istittt
1650 2402 1999 2468 imperatoria’
2038 2415 2158 2467 erga
2190 2415 2282 2450 nos

725 2494 1064 2547 humanitatis
1093 2505 1138 2547 et
1175 2496 1458 2547 dementire
1480 2495 1790 2560 principium
1815 2507 1832 2544 :
1867 2494 1974 2546 Ita‘c
2004 2492 2171 2558 prima
2200 2508 2280 2544 se-

727 2585 872 2636 datio
901 2600 919 2637 :
946 2587 1052 2637 lucc
1085 2588 1287 2638 occasio
1320 2586 1602 2637 maximam
1632 2585 1985 2652 impressionis
2005 2583 2143 2636 illius
2162 2600 2284 2646 par-

728 2683 849 2733 tem,
879 2691 981 2741 qua
1004 2684 1112 2727 tum
1151 2676 1487 2736 vexabantur,
1522 2691 1625 2727 non
1655 2691 1799 2728 secus
1828 2692 1888 2727 ac
1913 2676 2104 2744 ﬂuctus
2131 2691 2286 2744 ᾳιιοδ-

727 2768 871 2828 dam,
896 2767 1045 2836 fregit
1078 2785 1137 2820 ac
1170 2769 1426 2822 dissolvit.
1462 2767 1584 2821 lla'c
1627 2767 1793 2822 refert
1817 2767 2192 2821 Tillemontius
2220 2768 2283 2820 ad

727 2856 1016 2908 secundum
1056 2855 1290 2909 Valentis
1321 2858 1372 2909 in
1405 2858 1688 2910 ecclesiam
1729 2858 2137 2925 ingrcssum,ac
2162 2858 2284 2909 inde

728 2954 874 2999 certo
931 2947 1104 3015 colligi
1137 2950 1426 3008 existimat.
1467 2948 1720 3000 Basiliam
1776 2963 1837 2999 ac
1883 2962 2069 3000 omnes
2117 2948 2279 2999 etiam

726 3036 1077 3106 Cappadocia:
1107 3037 1363 3091 ecclesias
1395 3037 1596 3105 reliquo
1631 3035 1866 3089 Valentis
1901 3036 2112 3105 imperii
2146 3046 2284 3089 tem-

728 3144 880 3194 pore,
907 3129 987 3183 vel
1029 3129 1216 3184 saltem
1249 3130 1380 3183 satis
1412 3128 1502 3182 diu
1536 3139 1655 3198 post
1688 3128 1872 3182 Basilii
1905 3145 2024 3183 cum
2058 3129 2280 3183 Valente
2309 3168 2349 3226 C

728 3219 1091 3287 colloquium,
1151 3237 1332 3288 pacem
1387 3223 1686 3277 retinuisse.
1745 3221 1847 3274 Sed
1904 3221 2284 3274 animadvertit

728 3308 1100 3364 Tillemontius
1128 3311 1333 3379 longam
1371 3312 1509 3363 illam
1541 3328 1744 3379 pacem,
1785 3327 1943 3378 quam
1982 3314 2278 3366 secundum

731 3399 967 3453 Valentis
1017 3400 1068 3452 in
1119 3401 1400 3454 ecclesiam
1447 3401 1746 3467 ingressum
1785 3413 2134 3454 consecutam
2161 3415 2281 3454 esse

725 3501 895 3560 putat,
928 3493 1200 3545 conciliari
1229 3508 1331 3546 non
1368 3507 1522 3560 posse
1549 3507 1668 3546 cum
1690 3494 2084 3562 persecutione,
2118 3507 2278 3561 quam

727 3582 904 3637 statim
938 3593 1120 3635 narrat
1145 3583 1434 3652 Gregorius
1476 3593 1754 3652 postquam
1809 3584 1873 3638 de
1904 3584 2141 3637 secundo
2175 3581 2280 3635 Va-

728 3675 886 3728 lentis
914 3675 965 3726 in
1001 3675 1288 3730 ecclesiam
1332 3675 1571 3744 ingressu
1605 3674 1810 3729 locutus
1843 3685 1944 3728 est.
1983 3675 2108 3730 lltec
2133 3676 2276 3729 enim

726 3767 1048 3832 persecutio,
1073 3767 1122 3818 in
1158 3781 1259 3834 qua
1283 3767 1553 3820 decretum
1585 3766 1778 3820 Basilio
1801 3769 2043 3822 exsilium
2068 3769 2284 3823 morbus

726 3854 927 3908 Galatae
954 3857 1170 3918 avertit,
1196 3858 1283 3909 ditt
1310 3857 1512 3911 diﬂ'crri
1544 3874 1647 3912 non
1683 3870 1891 3929 potest;
1923 3859 2185 3927 siquidem
2217 3875 2282 3912 ex

726 3945 1006 4001 Themistii
1035 3948 1277 4000 oratione
1303 3963 1441 4001 anno
1468 3949 1595 4012 575,
1621 3951 1965 4017 pronuntiata
2002 3967 2052 4003 In
2083 3966 2282 4003 annum

727 4037 990 4092 decimum
1016 4038 1279 4105 Valentis,
1304 4039 1410 4108 iam
1449 4050 1714 4095 mortuum
1742 4056 1856 4096 esse
1883 4041 2124 4096 Galatam
2157 4056 2280 4111 per-

729 4124 972 4192 spicitur.
1007 4125 1148 4179 Solvi
1183 4136 1360 4194 posset
1389 4126 1693 4192 dillicultas,
1729 4128 1775 4182 si
1821 4142 1924 4196 qua
1964 4126 2169 4180 ratione
2201 4125 2284 4178 ni-

730 4226 935 4269 teretur
964 4216 1104 4284 quod
1155 4227 1338 4270 narrat
1387 4216 1674 4282 Socrates,
1717 4230 1882 4273 totam
1933 4233 2044 4274 rem
2087 4218 2281 4271 Antio-

727 4305 862 4358 chiaz
893 4315 1095 4372 gestam
1123 4321 1262 4370 esse,
1292 4323 1464 4376 eoque
1505 4312 1829 4365 accersitum
1867 4310 2144 4365 Basilium.
2179 4311 2278 4364 Va-

725 4396 910 4460 lesius,
944 4398 1034 4466 qui
1057 4397 1193 4452 hanc
1219 4401 1525 4469 Opinionem
1559 4403 1754 4455 merito
1782 4402 1978 4466 rejicit,
2000 4401 2282 4458 Valentem

2385 1943 2466 1986 rat
2499 1933 2713 1996 auditis,
2758 1935 2808 1985 in
2847 1944 3048 1988 tantam
3097 1936 3237 1990 illius
3267 1935 3479 1990 virtutis
3529 1939 3946 1993 admirationem

2385 2024 2617 2086 venisse,
2655 2033 2712 2076 ut
2757 2024 2803 2076 ei
2861 2027 2967 2077 vim
3003 2027 3190 2081 inferri
3238 2030 3501 2093 vetuerit,
3538 2029 3695 2100 eique
3723 2031 3950 2085 satisfa-

2384 2116 2558 2169 ciendi
2609 2131 2772 2170 causa
2823 2118 2872 2170 in
2937 2120 3222 2172 ecclesiam
3281 2125 3508 2186 venerit,
3540 2125 3626 2178 tibi
3665 2126 3728 2177 ad
3766 2125 3944 2178 solum

2383 2203 2565 2260 Basilii
2611 2217 2881 2276 aspectum
2912 2211 3238 2264 contremuit
3265 2221 3319 2264 et
3365 2214 3629 2276 titubavit,
3661 2230 3720 2267 ac
3757 2225 3946 2282 postea

2384 2299 2596 2353 rediens
2652 2302 2864 2370 longmn
2917 2303 3055 2356 illius
3112 2304 3318 2356 videndi
3353 2313 3405 2356 et
3447 2305 3690 2357 audiendi
3727 2307 3947 2358 deside-

2384 2391 2520 2444 rium
2557 2393 2808 2461 explevit.
2833 2395 2982 2459 Quod
3012 2411 3139 2465 ergo
3162 2397 3341 2450 statim
3367 2396 3513 2450 addit
3537 2397 3675 2449 hanc
3711 2398 3946 2465 primam

2385 2480 2548 2536 fuisse
2585 2486 2916 2553 tempestatis
2961 2488 3312 2553 sedationem,
3346 2490 3396 2542 id
3447 2488 3729 2542 manifeste
3778 2488 3950 2543 refer-

2383 2582 2472 2627 tur
2505 2575 2568 2628 ad
2595 2590 2856 2630 summam
2904 2575 3088 2632 Basilii
3131 2581 3185 2634 in
3228 2583 3522 2637 certamine
3556 2583 3946 2644 constantiam,

2386 2667 2537 2732 cuius
2567 2667 2861 2724 admirator
2884 2673 3088 2727 exstitit
3118 2672 3337 2737 Valens,
3397 2683 3450 2727 et
3508 2674 3706 2728 idcirco
3740 2673 3794 2726 in
3853 2688 3946 2726 ec-

2386 2759 2600 2813 clesiam
2635 2763 2814 2816 venire.
2836 2765 3022 2817 statuit
3051 2775 3103 2818 et
3127 2781 3245 2818 cum
3279 2766 3475 2818 Basilio
3497 2765 3747 2831 colloqui.

2454 2853 2510 2904 2ο
2539 2852 2678 2905 Idem
2719 2855 2945 2921 probant
2985 2866 3066 2908 me
3115 2871 3292 2918 voces,
3340 2855 3467 2909 Ilwc
3493 2857 3665 2922 prima
3715 2856 3946 2914 sedatio.

2385 2957 2502 3009 qutt-
2551 2941 2600 2994 in
2645 2943 3082 3010 interpretatione
3117 2944 3257 2999 Billii
3309 2947 3524 3000 omissze
3575 2946 3751 3000 lucum
3808 2943 3953 3002 léce-

2385 3042 2527 3085 runt.
2562 3031 2718 3086 Certa
2759 3034 2899 3088 enim
2931 3043 2984 3089 et
3014 3034 3288 3105 explorata
3325 3053 3410 3091 res
3441 3047 3522 3092 est
3558 3047 3684 3090 tunc
3710 3045 3948 3105 primum

2386 3125 2625 3178 sedatam
2686 3124 2851 3180 fuisse
2905 3136 3296 3196 tempestatem,
3349 3144 3467 3182 cum
3508 3127 3697 3181 Valens
3745 3127 3951 3180 Basilio

2387 3221 2554 3271 vetuit
2586 3218 2881 3273 molestiam
2910 3221 3147 3272 exhiberi
3186 3239 3198 3272 :
3227 3221 3365 3287 quod
3397 3220 3611 3288 quidem
3641 3221 3814 3272 vetuit
3850 3234 3954 3272 an-

2387 3316 2598 3375 tequam
2636 3310 2686 3361 in
2721 3308 2999 3362 ecclesiam
3033 3309 3259 3361 veniret.
3315 3309 3373 3361 5ο
3409 3307 3523 3362 Huc
3553 3310 3762 3363 accedit
3791 3312 3950 3364 testi-

2385 3399 2621 3452 monium
2655 3397 2899 3469 Gregorii
2937 3397 3182 3467 Nysscni,
3225 3400 3312 3469 qui
3346 3399 3526 3452 Basilii
3580 3401 3632 3454 in
3667 3403 3949 3455 sustinen-

2385 3489 2466 3540 dis
2498 3490 2735 3556 prrelecti
2770 3491 3062 3545 assultibus
3109 3493 3426 3547 constantiae
3466 3506 3739 3563 acceptam
3781 3495 3954 3548 rcl'crt

2384 3580 2852 3650 tranquillitatem,
2880 3599 3038 3652 quam
3083 3585 3416 3654 Cappadocia
3457 3603 3521 3641 ex
3547 3587 3798 3642 omnibus
3821 3602 3954 3656 pro-

2384 3672 2574 3724 vinciis
2603 3669 2812 3726 Valenti
2837 3674 3093 3742 subjectis
3125 3676 3234 3728 sola
3262 3689 3476 3742 experta
3503 3687 3607 3732 est.
3639 3678 3729 3730 Sic
3772 3679 3954 3746 loqui-

2388 3773 2474 3817 tur
2503 3761 2770 3834 Nyssenus
2797 3763 2870 3836 (ιι)
2909 3782 2920 3816 :
2955 3767 3063 3817 Καὶ
3108 3766 3266 3818 πάλιν
3319 3771 3346 3820 ὁ
3399 3768 3634 3838 ἀθλητὴς
3681 3768 3775 3821 τοῦ
3811 3769 3952 3822 Θεοῦ

2385 3856 2496 3914 τοῖς
2521 3852 2789 3923 δευτέροις
2821 3855 2926 3908 τῶν
2972 3855 3215 3924 ἀγώνων,
3252 3859 3345 3911 καὶ
3390 3860 3489 3930 τὴν
3521 3860 3614 3913 ἐπὶ
3661 3863 3772 3923 τοῖς
3819 3879 3956 3932 προσ

2384 3943 2606 3997 λαϐοῦσι
2637 3945 2792 4011 δόξαν
2851 3948 3332 4018 ὑπερϐαλλόμενος.
3377 3951 3439 4002 Et
3492 3951 3548 4003 δὲ
3598 3949 3779 4021 ζητεῖς
3825 3952 3954 4004 τού-

2383 4053 2490 4087 των
2545 4035 2642 4098 τὰς
2672 4037 2992 4105 ἀποδείξεις,
3020 4042 3098 4103 εἰς
3133 4040 3269 4094 αὐτὰ
3299 4041 3488 4111 βλέψον
3525 4041 3592 4094 τὰ.
3625 4043 3950 4111 πράγματα..

2384 4127 2540 4181 Ποῖον
2577 4131 2674 4182 οὐκ
2704 4131 3022 4199 ἐπενείματο
3056 4134 3217 4185 τόπον
3245 4133 3352 4186 τῶν
3383 4133 3714 4204 Ἐκκλησιῶν
3740 4136 3775 4204 ἡ
3801 4152 3956 4204 τηνιο

2385 4218 2557 4272 καῦτα
2613 4221 2995 4290 καταστροφή;
3047 4225 3196 4274 ποῖον
3239 4223 3452 4292 ἔμεινεν
3498 4223 3644 4286 ἔθνος
3689 4223 3792 4294 τῆς
3838 4225 3951 4277 τῶν

2384 4308 2668 4380 αἱρετικῶν
2700 4312 3019 4374 ἐπιστασίας
3042 4312 3370 4383 ἁπείρατον;
3406 4315 3488 4376 τίς
3519 4312 3625 4365 τῶν
3666 4316 3809 4367 κατὰ
3850 4315 3952 4376 τὰς

2397 4401 2720 4471 Ἐκκλησίας
2742 4402 3166 4474 εὐδοκιμούντων
3182 4405 3279 4456 οὐκ
3306 4405 3600 4475 ἁπεσείσῦη
3613 4407 3718 4458 τῶν
3746 4407 3948 4468 πόνων;

725 4491 1001 4543 existimat
1029 4507 1148 4544 cum
1174 4493 1376 4561 aliquot
1407 4508 1577 4546 annos
1623 4494 1925 4548 Antiochire
1958 4494 2281 4548 traduxisset

2385 4494 2534 4554 ποῖος
2555 4491 2772 4560 διέφυγε
2798 4492 2924 4556 λαὸς
2948 4495 3045 4563 τὴν
3079 4494 3332 4563 τοιαύτην
3362 4492 3654 4565 ἐπήρειαν;
3685 4496 3744 4548 ού
3778 4494 3952 4564 Συρία

726 4589 791 4628 ae
819 4576 1010 4630 deinde
1035 4577 1281 4633 rediisset
1316 4578 1642 4644 Cazsaream,
1684 4581 1736 4634 in
1775 4582 1873 4635 hoc
1906 4584 2142 4636 secundo
2189 4583 2282 4637 ad-

725 4675 885 4720 ventu
926 4671 1351 4736 persecutionem
1401 4671 1815 4740 redintegrasse.
1869 4672 1974 4726 Sed
2000 4672 2126 4726 huic
2160 4687 2283 4727 sen-

727 4757 910 4810 tentiae
940 4759 1118 4811 obstat
1166 4774 1309 4814 mors
1363 4758 1586 4817 Galatae.
1637 4777 1754 4830 quae
1791 4771 1898 4815 tam
1934 4777 2057 4816 sero
2082 4761 2282 4817 dil'l'erri

727 4863 832 4901 non
863 4857 1057 4917 potest.
1093 4849 1274 4905 Satius
1297 4866 1422 4921 ergo
1450 4852 1658 4906 videtur
1708 4851 2050 4908 Tillemontio
2085 4869 2114 4906 a
2148 4853 2280 4909 Gre-

727 4940 860 5008 gorii
887 4941 1207 4995 auctoritate
1231 4945 1524 5008 discedere,
1578 4955 1630 5000 et
1665 4944 1986 5000 Theodoreti
2021 4946 2284 5000 inhaerere

729 5033 1049 5095 testimonio,
1079 5034 1168 5102 qui
1198 5036 1469 5090 decretura
1501 5036 1696 5091 Basilio
1713 5037 2285 5092 exsiliumetmorbum

727 5123 929 5178 Galatas
985 5125 1062 5180 sic
1099 5136 1309 5188 narrat,
1362 5137 1421 5180 ut
1448 5139 1574 5182 ante
1630 5130 1921 5184 secundum
1959 5127 2200 5184 Valentis
2230 5130 2280 5183 in

726 5216 1005 5271 ecclesiam
1035 5217 1332 5286 ingressum
1362 5221 1606 5274 evenisse
1644 5221 1944 5275 videantur.

792 5307 1079 5377 Postquam
1116 5310 1300 5378 pedem
1330 5327 1394 5364 ex
1433 5312 1533 5366 hoc
1563 5314 1904 5368 incommodo
1937 5312 2140 5367 referre
2181 5327 2272 5367 co-

721 5412 882 5457 natus
911 5412 990 5456 est
1016 5399 1415 5466 Tillemontius,
1447 5404 1590 5457 aliud
1631 5405 1679 5458 ei
1710 5405 1969 5467 occurrit,
2010 5405 2274 5457 diuturnae

725 5493 862 5560 paci,
893 5507 1010 5560 quae
1033 5494 1319 5546 secundum
1355 5494 1591 5549 Valentis
1643 5497 1695 5550 in
1736 5495 2031 5552 Ecclesiam
2063 5497 2271 5568 ingres-

720 5600 836 5641 sum
867 5595 1045 5639 secuta
1075 5595 1174 5650 est,
1197 5587 1395 5655 pariter
1413 5603 1735 5660 repugnans,
1769 5591 2082 5648 miraculum
2111 5592 2268 5645 trium

793 5771 866 5839 (α)
891 5769 948 5826 ι.
980 5787 1053 5836 ιν,
1085 5787 1133 5828 c.
1170 5772 1251 5828 l9.

2381 4583 2545 4641 πᾶσα,
2571 4582 2662 4634 καὶ
2703 4581 2810 4635 τῶν
2848 4584 3105 4656 ποταμῶν
3150 4586 3184 4656 ή
3244 4585 3380 4656 μέση
3409 4626 3423 4649 ,
3481 4586 3638 4656 μέχρι
3675 4586 3780 4637 τῶν
3811 4585 3949 4656 πρὸς

2380 4675 2504 4734 τοὺς
2544 4672 2848 4743 βαρϐάρους
2884 4675 3056 4744 ὅρωνο
3094 4675 3153 4727 οὐ
3179 4676 3418 4747 Φοινίκη,
3459 4679 3553 4730 καὶ
3591 4674 3947 4745 Παλαιστίνη,

2381 4763 2768 4836 καὶἌρραϐία,
2795 4767 2888 4818 καὶ
2916 4767 3206 4833 Αἴγυπτος,
3241 4768 3333 4820 καὶ
3357 4769 3425 4822 τὰ
3444 4769 3569 4838 ἔθνη
3596 4769 3692 4836 τῆς
3716 4767 3947 4838 Λιϐύης,

2379 4854 2482 4918 ἓως
2513 4857 2604 4908 τοῦ
2644 4856 2914 4926 τέρματος
2944 4857 3042 4926 τῆς
3075 4858 3196 4911 καθ’
3238 4861 3270 4930 ἡ
3282 4861 3386 4929 μᾶς
3417 4860 3766 4930 οἰκουμένης,
3789 4860 3849 4913 οὐ
3878 4862 3947 4913 τὰ

2383 4948 2474 5000 ἐπὶ
2501 4947 2623 5000 τάδε
2655 4947 2849 5012 πάντα,
2879 4949 3127 5002 Ποντικο“ι
3151 4990 3165 5014 ,
3207 4952 3299 5004 καὶ⁵
3325 4951 3563 5014 Κίλικες,
3587 4951 3801 5015 Λύκιοι,
3831 4953 3946 5004 Λυ-

2383 5036 2480 5099 δοὶ,
2512 5035 2741 5099 Πισίδαι,
2771 5037 3075 5106 Πάμφυλοι,
3124 5040 3325 5110 Κᾶρες,
3374 5039 3795 5108 Ἑλλησπόντιοι,
3853 5059 3948 5110 νη-

2385 5129 2590 5194 σιῶται,
2645 5127 2804 5199 μέχρι
2848 5130 2942 5200 τῆς
2985 5131 3340 5202 Προποντίδος
3387 5132 3589 5202 αύτῆςς
3636 5133 3696 5186 οὑ
3740 5132 3810 5186 τὰ
3853 5134 3947 5186 ἐπὶ

2381 5221 2599 5290 Θρᾴκης
2627 5221 2823 5283 πάντα,
2848 5221 2952 5284 ἓως
2980 5218 3047 5291 ἦν
3076 5225 3108 5293 ἠ
3140 5223 3347 5294 Θρᾴκη,
3379 5223 3472 5277 καὶ
3495 5224 3564 5278 τὰ
3600 5225 3729 5296 περὶ
3771 5225 3946 5292 αὐτὴν

2380 5310 2528 5380 ἔθνη,
2561 5311 2665 5373 ἓως
2712 5311 2846 5380 πρὸς
2880 5311 2971 5364 τὸν
3005 5313 3201 5384 ἰστρὸν
3231 5314 3422 5378 αύτόν;
3472 5314 3522 5366 τί
3570 5314 3678 5367 τῶν
3728 5316 3946 5368 πάντων

2379 5402 2468 5454 ἐπὶ
2495 5402 2764 5471 σχήματος
2797 5401 2996 5471 ἔμεινε,
3029 5403 3162 5473 πλὴν
3185 5405 3230 5455 εἰ
3265 5404 3336 5474 μή
3366 5422 3418 5457 τι
3449 5405 3840 5476 προκατείχετο
3867 5403 3944 5473 τῷ

2377 5493 2600 5565 τοιούτῳ
2627 5493 2812 5564 κακῷ;
2871 5495 3005 5549 ἀλλὰ
3043 5496 3200 5567 μόνος
3238 5497 3302 5550 ὲκ
3336 5498 3551 5551 πάντων
3585 5500 3613 5550 ὁ
3639 5498 3922 5552 Καππαδὸ-

2378 5604 2524 5650 κειος
2541 5586 2686 5650 λαὸς,
2711 5587 2806 5656 τῆς
2833 5588 3017 5670 κοινῆς
3035 5587 3140 5640 τῶν
3177 5589 3508 5660 Ἐκκλησιῶν
3528 5592 3814 5662 συμφορᾶς
3845 5591 3943 5643 οὐκ

2446 5769 2519 5840 (b)
2552 5788 2564 5825 I
2604 5770 2828 5828 Eunoni.
