4080 6312
1484 365 1641 420 VITA
1682 367 1737 422 S.
1783 366 2043 422 BASlLll.

3139 387 3349 428 LXXXIII

131 475 382 546 ὲκῄςοετο
403 492 414 504 ·
452 475 509 526 ὃν
544 476 572 526 ὁ
606 475 774 544 μέγας
802 475 1079 546 πρόμαχος
1104 475 1256 545 ἡμῶν
1286 477 1378 528 ἐπὶ
1433 475 1537 528 τῶν
1580 495 1679 528 πει-

1791 493 2005 546 prorsus
2037 484 2119 530 est
2155 477 2278 530 alibi
2311 492 2469 547 quam
2506 477 2765 532 Ctesarcre
2796 477 3027 545 dixisse;
3067 495 3347 552 nunquam

132 569 345 639 ρισμῶν
364 565 682 619 amem-.0.
728 566 927 618 Iterum
964 584 1237 634 generosus
1287 581 1456 620 noster
1494 568 1686 619 athleta

132 664 177 711 in
211 662 495 711 certamine
520 659 859 725 conspicitur,
890 657 1111 726 gloriam
1145 660 1333 725 prioris
1371 675 1552 727 pugna:
1575 659 1687 710 lon-

130 767 182 816 ge
205 766 543 814 exsuperans.
585 748 738 812 Quod
775 749 818 800 si
877 750 1095 817 hujusce
1123 751 1196 801 rei
1222 752 1351 815 petis
1392 761 1538 803 testes
1563 790 1576 812 ,
1607 766 1684 802 res

131 842 262 905 ipsas
305 842 532 893 intuere.
569 841 732 905 Quem
793 842 928 894 enim
981 841 1149 890 locum
1198 841 1446 892 intactum
1485 841 1686 908 reliquit

131 936 366 998 temporis
412 930 556 983 illius
603 928 1200 992 calamitas?Qutvnttm
1256 946 1376 998 gens
1425 931 1687 983 ha'reticaz

132 1025 427 1076 mutationis
461 1034 510 1075 et
552 1024 893 1091 grassationis
923 1039 1100 1086 expers
1147 1024 1384 1074 mansit?
1427 1022 1554 1085 Quis
1595 1039 1683 1075 eo-

130 1132 236 1166 rum
288 1118 377 1182 qui
429 1116 485 1166 in
532 1115 760 1167 Ecclesia
809 1115 1085 1181 ﬂorebant,
1139 1131 1239 1167 non
1287 1113 1514 1180 dejectus
1552 1126 1624 1166 est
1655 1133 1685 1167 a

131 1208 302 1268 raptis
328 1216 375 1258 et
413 1206 680 1258 laboribus
700 1206 849 1258 suis?
881 1205 1008 1269 Quis
1035 1205 1252 1273 populus
1297 1206 1684 1258 insultationem

131 1295 265 1346 illaut
295 1296 482 1363 eﬂ'ugit
506 1298 530 1347 ?
559 1293 676 1346 Non
702 1293 854 1364 Syria
881 1298 1140 1354 universa.
1175 1311 1274 1346 non
1307 1293 1683 1361 Mesopotamia

132 1403 280 1453 usque
307 1388 378 1438 ad
408 1387 540 1454 ﬁnes
570 1388 931 1450 barbarorum,
960 1405 1072 1440 non
1114 1385 1407 1450 Pltmnicfa,
1432 1404 1532 1441 non
1584 1390 1684 1441 Pa-

132 1479 350 1543 ltrstina,
383 1494 486 1529 non
549 1479 767 1538 Arabia,
795 1495 894 1530 non
931 1477 1215 1545 Aiqyptus,
1253 1494 1354 1530 non
1389 1480 1572 1532 incolte
1599 1479 1684 1532 Li-

132 1571 233 1636 byte
258 1585 421 1635 usque
446 1568 513 1618 ad
546 1568 790 1620 terminos
824 1571 987 1620 nostri
1036 1567 1206 1630 orbis;
1234 1584 1334 1619 non
1367 1570 1479 1634 alii,
1505 1574 1591 1638 qui
1631 1572 1682 1622 in

131 1677 182 1711 eo
214 1664 428 1727 degant,
488 1657 713 1723 Pontici,
754 1658 966 1718 Cilices,
1013 1657 1180 1726 Lycii,
1232 1659 1410 1728 Lydi,
1474 1661 1679 1724 Pisitlii,

133 1746 450 1817 Pamphylii,
507 1749 694 1812 Cures,
751 1749 1114 1814 Hellespontii,
1158 1752 1389 1803 insulani
1423 1768 1578 1820 usque
1614 1755 1681 1803 ad

1787 567 1928 619 enim
1976 568 2312 620 Antiochiam
2345 569 2637 621 accersitus
2665 568 2910 623 Basilius.

1858 654 2115 708 Caesarea:
2147 657 2307 708 etiam
2364 657 2588 710 collocat
2630 655 2920 725 Gregorius
2955 657 3349 730 Nazianzenus,

1788 761 1907 812 qua:
1963 747 2217 813 praefecto
2255 747 2496 800 Modesto
2543 748 2900 816 contigerunt.
2935 748 2984 803 Is
3027 752 3192 815 enim,
3223 769 3346 805 cum

1789 836 1968 891 Basilii
2012 840 2370 892 constantiam
2418 849 2473 892 et
2511 840 2670 891 animi
2707 840 3068 894 fortitudinem
3095 854 3350 909 expertus

1788 938 1952 993 esset,
1986 929 2127 982 illius
2159 929 2298 998 apud
2336 929 2501 982 Deum
2542 931 2895 998 patrocinium
2936 935 3122 986 sensit.
3157 935 3348 1004 ,κερνο-

1788 1019 1952 1082 tabat,
1988 1019 2163 1087 inquit
2214 1018 2586 1072 Nazianzenus
2617 1020 2689 1089 (p.
2759 1020 2901 1086 539.),
2963 1020 3348 1089 illacryntabat,

1787 1112 2228 1180 distorquebatnr,
2254 1110 2510 1164 Basiliam
2545 1111 2856 1173 accersebat,
2885 1111 3184 1165 obsecrabat
3210 1131 3227 1168 :
3249 1114 3352 1168 Sa-

1787 1205 2132 1271 tis/actionem
2192 1205 2369 1268 habes,
2423 1205 2705 1270 clamabat,
2761 1207 2828 1257 da
2880 1206 3121 1258 salutem.
3168 1207 3347 1277 Atque

1788 1298 1924 1349 hanc
1951 1296 2163 1365 quidem
2193 1297 2442 1365 precibus
2471 1295 2651 1350 Basilii
2684 1307 3004 1350 consecutus
3031 1308 3116 1350 est
3144 1339 3157 1362 ,
3189 1299 3350 1368 idque

1789 1386 1897 1453 ipse
1943 1386 2230 1448 fatebatur,
2258 1396 2307 1438 et
2352 1386 2552 1446 multis,
2584 1387 2672 1453 qui
2712 1402 2821 1440 rem
2857 1388 3195 1455 ignorabant,
3228 1404 3346 1457 per-

1787 1479 2063 1534 suadebat.
2094 1477 2248 1531 Unde
2277 1477 2435 1529 etiam
2456 1476 2636 1530 Basilii
2670 1479 2897 1532 virtutes
2921 1479 3102 1532 mirari
3131 1489 3183 1533 et
3208 1494 3348 1548 pra:-

1785 1571 1965 1622 dicare
1997 1586 2100 1621 non
2136 1569 2359 1632 destitit,
2397 1583 2458 1622 ac
2508 1570 2819 1622 occasiones
2869 1571 3002 1623 bene
3029 1572 3094 1625 de
3118 1571 3206 1624 illo
3238 1586 3350 1626 me-

1789 1661 1935 1712 rcndi
1963 1676 2227 1728 quaerere,
2260 1661 2505 1728 quamvis
2542 1661 2592 1712 in
2627 1661 2805 1724 fidem,
2849 1677 2956 1730 qua
2997 1663 3069 1714 illi
3116 1661 3349 1715 Basilius

1787 1752 2068 1804 sanitatem
2123 1753 2520 1819 impetraverat,
2552 1752 2773 1819 tequior,
2799 1753 3031 1820 quandiu
3082 1755 3210 1808 vixit
3248 1754 3349 1808 Va-

131 1843 282 1905 ipsatn
321 1842 716 1910 Propontidem,
739 1857 839 1891 non
891 1854 1064 1906 gentes
1099 1839 1355 1905 Thracia),
1397 1859 1496 1910 qua
1544 1854 1682 1908 patet
1718 1817 1758 1872 Β
1794 1843 1930 1905 lens,
1967 1853 2019 1894 et
2048 1843 2217 1894 lenior
2250 1842 2414 1896 fuisse
2456 1859 2558 1895 non
2594 1844 2855 1899 videatur.

135 1931 372 1994 'lhrucia,
399 1945 444 1983 et
467 1933 675 1998 ﬁnitimi
701 1932 886 1998 quique
905 1949 1062 2000 usque
1083 1933 1150 1983 ad
1176 1934 1341 1999 ipsum
1365 1933 1686 1988 Danubium?

135 2020 250 2085 Qua:
297 2039 362 2074 ea:
410 2025 489 2074 his
541 2023 776 2072 omnibus
827 2025 1102 2089 provinciis
1159 2024 1478 2075 calamitatis
1527 2027 1683 2093 hujus

131 2129 295 2178 expers
315 2114 440 2180 fuit,
475 2113 575 2164 nisi
598 2112 733 2178 [orte
757 2112 847 2164 illa
892 2130 1007 2180 qua:
1039 2124 1192 2165 antea
1223 2114 1319 2165 ltoc
1355 2115 1493 2166 ntalo
1544 2125 1686 2170 tene-

132 2204 313 2256 batur?
334 2205 480 2256 solus
507 2219 568 2254 ex
591 2205 827 2254 omnibus
862 2204 1084 2270 populus
1117 2205 1401 2273 Cappadox
1449 2224 1684 2261 commu-

133 2311 234 2345 nent
280 2292 483 2344 cladem
523 2305 567 2345 et
628 2301 917 2347 teruntttant
961 2312 1060 2349 non
1087 2299 1266 2364 sensit,
1297 2314 1444 2366 quem
1468 2315 1683 2368 magnus

132 2397 289 2436 noster
333 2398 692 2455 propugnator
743 2404 806 2440 ea:
859 2390 1094 2442 omnibus
1155 2392 1522 2443 tenttttionibtts
1573 2395 1680 2445 eri-

130 2479 247 2540 phil.

189 2608 242 2662 4⁸
283 2608 357 2662 Ex
409 2610 595 2663 iisdem
638 2612 832 2677 verbis,
885 2611 1010 2665 lltec
1065 2614 1236 2680 printa
1288 2615 1510 2678 sedatio,
1565 2616 1681 2671 luce

131 2701 310 2754 clarius
380 2714 464 2756 est
530 2714 898 2771 tempe~tatcm
937 2721 1038 2757 non
1095 2707 1261 2759 semel
1310 2709 1598 2760 excitatam
1628 2719 1682 2761 et

132 2795 354 2846 sedatam
414 2795 624 2848 fuisse:
684 2796 840 2862 idque
889 2798 1170 2847 confirmat
1216 2796 1545 2864 Gregorius,
1584 2800 1676 2867 qui

137 2882 323 2937 Galatte
345 2887 517 2938 morbi
541 2895 592 2938 et
615 2887 799 2938 mortis
820 2888 1177 2938 narrationem
1204 2887 1280 2940 sic
1300 2888 1483 2954 incipit
1507 2890 1680 2941 ε”Ετε-

132 2978 282 3047 ponas
303 2977 411 3029 τῶν
440 2975 740 3047 εἰρημένων
793 2993 890 3028 ουκ
926 2976 1170 3040 ἔλαττον,
1201 2977 1392 3030 ἐνίκων
1428 2981 1475 3032 ιιι
1518 2997 1680 3051 πονη-

133 3067 224 3136 ροί.
252 3079 355 3122 etc.
391 3068 639 3137 Sequitur
661 3067 806 3118 aliud
830 3068 891 3118 iis
921 3084 1036 3131 qua:
1070 3071 1210 3121 dicta
1255 3080 1375 3123 sunt
1414 3087 1514 3124 non
1548 3074 1681 3139 inle-

132 3162 226 3212 rius
253 3174 271 3209 :
291 3160 564 3213 vincebant
595 3159 835 3226 improbi,
874 3171 980 3214 etc.
1009 3162 1184 3227 Quare
1215 3179 1385 3230 neque
1426 3165 1546 3227 hoc,
1583 3180 1680 3218 ne-
1709 3151 1752 3211 C

130 3265 220 3318 que
242 3255 571 3304 calamorum
615 3252 901 3306 fractorum
932 3256 1244 3308 miraculum
1269 3299 1283 3321 ,
1314 3268 1438 3310 ante
1490 3256 1678 3312 Valen-

133 3341 268 3392 tisiu
319 3341 608 3394 ecclesiam
671 3345 958 3396 adventum
1022 3346 1272 3398 collocari
1326 3349 1540 3409 debent,
1586 3360 1678 3401 aut

130 3432 451 3486 Antiochiam
509 3435 810 3488 transferri.
849 3435 988 3488 Mors
1034 3436 1237 3489 Galam:
1296 3439 1558 3503 posterior
1597 3446 1676 3490 est

130 3523 418 3576 secundoin
454 3523 736 3576 ecclesiam
780 3524 1032 3585 adventu,
1071 3525 1160 3590 qui
1193 3523 1426 3576 Valentis
1462 3523 1674 3592 longum

130 3617 357 3668 audiendi
388 3615 916 3669 Basiliidesiderium
953 3615 1208 3683 implevit.
1246 3614 1492 3669 Nondum
1547 3631 1676 3686 ergo

132 3704 261 3756 illum
291 3705 388 3756 ﬁlii
421 3720 583 3756 causa
612 3706 935 3756 aetzersitutn
969 3706 1232 3758 audierat.
1282 3705 1444 3760 Multo
1488 3709 1679 3762 absur-

129 3795 230 3847 dius
262 3796 312 3847 id
345 3795 647 3848 Antiochia:
682 3795 973 3864 lingeretur
1031 3799 1339 3867 contigisse.
1394 3799 1676 3870 Nunquam

130 3886 253 3938 enim
283 3902 350 3941 eo
388 3888 687 3941 accersitus
718 3885 966 3948 Basilius.
998 3906 1094 3943 nec
1139 3907 1284 3944 mors
1322 3891 1524 3946 Galata:
1559 3893 1675 3946 lon-

129 3981 247 4048 gius,
283 3981 476 4050 ntjam
514 3981 643 4049 dixi,
677 3982 877 4036 differri
906 3993 1100 4051 potest.
1157 3984 1420 4038 Praeterea
1473 3985 1675 4056 Grego-

129 4074 224 4125 rius
255 4075 333 4127 sie
371 4075 530 4142 hujus
565 4075 807 4127 miraculi
867 4076 1229 4129 narrationem
1272 4075 1580 4141 concludit,
1618 4087 1675 4132 ttt

130 4162 235 4213 illud
281 4179 401 4215 cum
434 4167 647 4217 czeteris
701 4165 857 4218 rebus
887 4174 1043 4218 antea
1087 4168 1321 4218 narratis
1351 4183 1566 4222 necesse
1604 4171 1675 4223 sit

128 4251 358 4306 Caesareae
384 4257 690 4323 contigisse.
728 4258 816 4308 Ait
853 4260 991 4310 enim
1026 4274 1038 4308 :
1075 4256 1153 4308 Τὰ
1191 4256 1288 4325 μὲν
1337 4260 1471 4328 πρὸς
1526 4261 1670 4313 ὲκεί-

129 4361 226 4406 νως
254 4345 402 4413 αὖτῷ
429 4347 654 4400 τοιαῦτα.
683 4348 775 4400 καὶ
797 4350 872 4410 εἰς
902 4348 1045 4399 τοῦθ’
1075 4347 1277 4416 ἥκοντα
1301 4349 1506 4414 τέλους.
1542 4354 1670 4416 Quit:

128 4452 221 4488 rttnt
250 4438 354 4490 illis
396 4438 522 4505 egit,
558 4453 747 4506 nempe
789 4455 909 4492 cum
966 4439 1182 4494 Valente
1246 4448 1300 4492 ct
1360 4447 1614 4509 prtel'ecto
1653 4483 1666 4508 ,
1702 4481 1744 4534 Β

129 4531 230 4579 talia
253 4531 513 4594 exstitere,
554 4539 598 4581 et
618 4545 731 4581 eunt
758 4531 911 4596 [inem
953 4533 1206 4586 habuere.

183 4662 260 4716 lx.
299 4666 407 4719 Sed
452 4681 570 4736 qnze
604 4663 667 4717 ad
715 4662 954 4718 Galatam
1013 4674 1276 4736 spectant,
1320 4682 1380 4719 ca
1437 4669 1668 4725 libenter

129 4757 299 4811 fatetur
320 4757 699 4812 Tillemontius
731 4773 833 4809 non
867 4759 992 4811 alihi
1037 4776 1198 4829 quam
1249 4759 1506 4814 Catsarca:
1534 4779 1664 4818 con-

138 4849 297 4918 .igisse.
333 4848 403 4900 At
454 4865 558 4904 non
602 4853 672 4904 ita
717 4863 939 4902 aversus
970 4862 1049 4904 est
1088 4853 1154 4906 ab
1183 4867 1364 4905 eorum
1391 4854 1663 4921 Opinione,

131 4940 194 5002 pii
225 4949 330 4992 tres
368 4937 608 4991 calamos
632 4950 724 4994 aut
758 4938 1079 5000 Antiochiae,
1105 4951 1196 4994 aut
1232 4943 1281 4993 in
1312 4941 1414 4995 alio
1465 4943 1663 4999 Valen-

127 5029 177 5076 li~
200 5029 494 5083 Cmsarcam
524 5031 755 5082 adventu
785 5032 980 5085 fractos
1009 5030 1176 5086 fuisse
1220 5034 1551 5088 existimant.
1586 5033 1662 5089 Ne

127 5117 203 5172 hoc
231 5124 440 5190 quidem
477 5121 791 5176 miraculum
824 5122 1084 5176 Cmsareze
1119 5124 1488 5178 anfercndmn.
1520 5124 1662 5179 Prat-

126 5215 340 5278 lerquam
400 5215 540 5282 quod
595 5212 792 5266 Valens
839 5224 963 5268 ante
999 5227 1195 5264 annum
1227 5215 1329 5267 578
1386 5215 1507 5284 litigi
1552 5229 1657 5269 non

125 5313 268 5365 potest
305 5305 600 5361 Ctesaream
647 5306 901 5370 rediisse,
951 5315 1167 5358 sanctus
1217 5305 1461 5371 lﬁphrtem
1494 5314 1657 5360 testa-

125 5402 194 5444 tur
240 5399 457 5454 Arianos
513 5402 834 5468 impetras-e
878 5398 1121 5452 exsilium
1159 5395 1363 5460 Basilii,
1405 5413 1526 5451 cum
1568 5398 1660 5450 de-

124 5499 448 5545 monstrarent
487 5493 698 5548 Valenti
740 5490 896 5542 Iidem
927 5505 1076 5543 suam
1107 5505 1170 5543 eo
1215 5499 1479 5558 prtesente
1536 5505 1658 5557 pro-

125 5578 246 5643 ετεδῑ
297 5596 392 5637 non
447 5600 609 5655 posse
656 5603 670 5638 :
729 5583 870 5654 quod
909 5585 1121 5654 quidem
1174 5597 1267 5637 eos
1299 5582 1658 5650 improbabile

179 5793 234 5860 (ιι)
257 5793 340 5867 Ep.
371 5799 461 5852 8U.

1857 1932 1924 1985 X.
1974 1931 2091 1986 Jam
2137 1932 2371 1986 diximus
2409 1934 2686 1986 Valentem
2734 1950 2835 1987 non
2879 1935 3044 1989 multo
3072 1945 3192 1991 ante
3232 1936 3348 2006 Epi-

1789 2025 2000 2093 phaniae
2026 2026 2163 2079 diem
2196 2026 2404 2079 venisse
2431 2026 2753 2090 Csesaream,
2781 2028 2850 2080 ita
2884 2037 2939 2081 ut
2976 2031 3206 2097 spatium
3241 2047 3358 2083 non.

1788 2118 2074 2171 habuerint
2119 2117 2304 2170 Ariani
2345 2117 2486 2172 illius
2530 2118 2710 2170 animo
2759 2133 2922 2171 novas
2961 2119 3105 2173 iaces
3160 2123 3347 2173 admo-

1785 2210 1961 2264 vendi.
1990 2208 2116 2275 Quae
2143 2218 2318 2264 autem
2353 2210 2516 2279 gessit
2567 2208 2797 2261 Basilius
2837 2224 2956 2261 cum
3007 2211 3218 2278 magnis
3254 2227 3348 2279 po-

1788 2303 2069 2355 testatibus
2100 2316 2161 2355 ac
2193 2302 2385 2354 deinde
2409 2317 2527 2354 cum
2569 2301 2682 2367 ipso
2712 2298 2948 2360 Valente,
2976 2314 3036 2354 ea
3075 2303 3345 2355 immerito

1785 2393 2019 2444 nonnulli
2059 2393 2122 2444 ad
2153 2408 2348 2444 annum
2389 2391 2491 2445 570
2522 2401 2573 2444 et
2599 2392 2692 2444 571
2737 2393 2973 2445 referunt
3007 2409 3019 2443 :
3058 2409 3158 2446 nec
3191 2409 3345 2446 com-

1785 2483 1992 2536 modior
2022 2479 2262 2535 Socratis
2312 2492 2363 2535 et
2395 2482 2717 2536 Theodoreti
2771 2485 3059 2549 sententia,
3092 2485 3182 2554 qui
3221 2502 3341 2539 cum

1785 2572 1996 2642 Syriam
2025 2582 2077 2626 et
2115 2572 2318 2626 vicinas
2343 2573 2586 2641 regiones
2618 2582 2740 2625 ante
2774 2589 2801 2624 a
2837 2573 3060 2628 Valente
3101 2576 3340 2628 devictas

1785 2672 2022 2727 narrent,
2050 2680 2208 2732 quam
2234 2673 2630 2732 oppugnaretur
2657 2662 2904 2728 Basilius,
2938 2675 3258 2732 sequeretur
3277 2680 3341 2717 ex

1783 2771 1967 2810 eorum
1998 2757 2307 2809 narratione
2338 2744 2616 2808 Valentem
2649 2772 2678 2810 e
2718 2757 2872 2826 Syria
2912 2755 3211 2810 Ctesaream
3254 2772 3345 2810 ve-

1785 2849 1947 2911 nisse,
1978 2848 2137 2913 idque
2169 2861 2272 2899 non
2307 2847 2464 2899 citius
2500 2863 2638 2900 anno
2669 2846 2772 2900 572
2815 2857 3063 2901 exeunte.
3093 2847 3162 2902 At
3220 2863 3342 2916 per-

1782 2937 1983 2990 secutio
2027 2939 2091 2988 ad
2135 2951 2332 2989 annum
2364 2937 2460 2991 571
2508 2948 2788 2991 exeuntem
2825 2949 2878 2991 ct
2914 2940 3016 2991 572
3047 2940 3339 3008 ineuntem,

1783 3026 1833 3080 id
1868 3034 1966 3088 est,
2002 3025 2067 3078 ad
2098 3027 2390 3079 secundum
2428 3026 2612 3080 Basilii
2635 3027 2971 3096 episcopatus
3009 3043 3204 3081 annum
3241 3045 3338 3083 ne—

1783 3119 2018 3172 cessario
2050 3119 2349 3172 referenda.
2390 3117 2599 3172 Nullum
2625 3121 2768 3173 enim
2825 3125 3217 3188 persecutionis
3254 3138 3344 3176 ve-

1784 3211 1999 3280 stigium
2046 3225 2185 3264 anno
2223 3209 2328 3263 570
2379 3219 2603 3264 exeunte
2643 3221 2696 3264 et
2730 3212 2943 3265 illt'lllllc
2988 3214 3109 3276 571,
3149 3215 3199 3266 id
3240 3223 3339 3276 est,

1781 3304 1952 3370 primo
1982 3301 2162 3355 Basilii
2223 3304 2562 3370 cpisc0patus
2603 3318 2760 3354 anno.
2821 3301 3027 3357 Recens
3075 3313 3198 3358 tunc
3225 3315 3342 3357 erat

1781 3392 1847 3442 ab
1886 3391 2222 3442 ordinatione
2254 3390 2505 3454 Basilius,
2541 3392 2772 3445 nondum
2801 3402 2984 3460 egerat
3013 3408 3133 3446 cum
3177 3395 3342 3446 Atha-

1779 3479 1928 3532 nasio
1954 3482 2017 3531 de
2049 3480 2388 3547 pacificandis
2419 3481 2669 3535 Ecclesiis
2696 3497 2708 3532 :
2741 3483 2840 3535 hoc
2867 3484 3005 3535 enim
3048 3484 3332 3537 consilium

1779 3584 1880 3622 non
1908 3571 2165 3641 suscepit,
2195 3573 2291 3625 nisi
2325 3573 2635 3639 compositis
2672 3573 2830 3626 rebus
2881 3573 3209 3627 domesticis.
3267 3575 3338 3628 At

1778 3676 1842 3714 ex
1870 3663 2090 3730 epistola
2122 3663 2194 3732 (α)
2227 3665 2290 3716 ad
2320 3664 2676 3716 Athanasium
2702 3664 2751 3716 in
2799 3665 2913 3733 ipso
2949 3668 3341 3734 persecutionis

1777 3763 1908 3806 testu
1941 3755 2168 3822 scripta,
2203 3755 2311 3822 jam
2367 3757 2534 3808 multa
2588 3757 2723 3808 inter
2768 3766 3053 3824 utrumque
3117 3768 3231 3811 acta
3284 3769 3341 3812 et

1778 3845 2070 3898 deliberata
2106 3845 2270 3899 fuisse
2328 3847 2664 3914 perspicitur.
2710 3846 2845 3899 Ilinc
2893 3845 3122 3900 Basilius
3152 3847 3204 3901 in
3232 3865 3334 3902 una

1775 3946 1828 3990 et
1858 3940 2042 3992 eadem
2089 3938 2312 4005 epistola
2344 3936 2417 4006 (b)
2478 3937 2761 3990 certiorem
2816 3937 2944 3992 facit
2981 3938 3247 3992 Meletium
3281 3948 3338 3993 et

1775 4029 1840 4082 de
1873 4009 2117 4096 suscepto
2145 4027 2367 4082 Romam
2418 4027 2660 4083 mittendi
2705 4030 2955 4083 Dorothei
2984 4030 3234 4094 consilio,
3285 4038 3340 4083 et

1775 4119 1839 4173 de
1870 4119 2252 4186 persecutionis
2289 4119 2464 4184 minis,
2517 4135 2634 4174 cum
2670 4120 2781 4188 jam
2825 4123 3128 4177 advenisset
3175 4122 3340 4191 Euip-

1774 4212 1890 4279 pius
1917 4219 1968 4263 et
1996 4209 2087 4263 alii
2111 4220 2548 4279 exspectarentnr
2571 4211 2776 4264 Ariani.

1845 4302 2026 4372 Neque
2086 4304 2246 4356 etiam
2296 4318 2437 4356 anno
2480 4303 2583 4356 379.
2641 4313 2869 4357 exeunte
2897 4311 2949 4357 et
2988 4304 3206 4361 ineunte
3234 4308 3337 4363 575

1772 4395 2020 4449 collocari
2084 4396 2250 4464 possit
2302 4395 2620 4464 persecutio.
2672 4393 2801 4448 Nam
2863 4395 3014 4450 initio
3069 4400 3192 4452 anni
3236 4401 3339 4456 575

1774 4488 1993 4540 consilia
2024 4488 2152 4539 inita
2179 4496 2304 4539 sunt
2339 4487 2400 4539 de
2431 4487 2676 4556 pellendo
2734 4486 2952 4554 Basilio,
3005 4491 3097 4544 sed
3153 4493 3335 4545 Antio-

1775 4576 1928 4636 chia),
1962 4593 2066 4630 non
2123 4578 2399 4643 Cursarem,
2426 4587 2484 4631 nt
2523 4579 2849 4647 perspicitur
2893 4594 2956 4631 ex
2984 4582 3204 4649 cpistola
3237 4583 3338 4636 1ἳο

1772 4683 1889 4736 qua:
1921 4669 2071 4720 initio
2111 4670 2232 4722 anni
2263 4671 2363 4723 575
2407 4669 2603 4737 scripta
2636 4679 2735 4722 est.
2809 4667 3073 4726 Prteterea
3133 4672 3338 4728 refrixit

1773 4757 2101 4825 aliquantum
2136 4760 2370 4812 amicitia
2399 4758 2652 4812 Basilium
2707 4758 2847 4811 inter
2890 4771 2943 4815 et
2993 4761 3334 4817 Enstathium

1773 4863 1914 4902 anno
1950 4848 2054 4901 57‘).
2086 4861 2314 4903 exeunte
2365 4861 2456 4903 aut
2513 4850 2732 4904 ineunte
2765 4850 2887 4913 575,
2938 4866 3058 4904 cum
3113 4855 3334 4921 perfidia

1772 4938 1997 4991 duorum
2049 4937 2314 4991 Eustathii
2369 4937 2776 5006 discipulorum,
2831 4955 2962 5009 quos
3024 4941 3164 4995 domi
3225 4956 3335 4996 sure

1772 5030 2005 5084 habebat
2035 5029 2290 5092 Basilius,
2318 5029 2370 5082 in
2396 5031 2566 5085 oculis
2593 5033 2755 5086 totius
2785 5032 3019 5084 civitatis
3049 5033 3332 5100 erupisset.

1766 5125 1835 5177 At
1865 5140 1984 5178 cum
2019 5121 2248 5176 Basilius
2278 5124 2671 5191 persecutionis
2704 5122 2991 5180 procellam
3017 5127 3330 5188 sustineret,

1766 5216 2067 5270 confidebat
2119 5216 2420 5282 Eustathio,
2456 5229 2516 5270 ut
2562 5233 2680 5271 cum
2717 5217 2974 5281 maxime,
3009 5226 3062 5272 et
3111 5216 3330 5271 missum

1767 5311 1832 5361 ab
1874 5325 1938 5363 eo
1965 5309 2316 5373 Eleusinium,
2354 5325 2476 5364 cum
2520 5324 2725 5364 sununa
2755 5311 2893 5379 grati
2929 5309 3091 5362 animi
3122 5310 3330 5378 signiti-

1768 5401 2000 5461 catione,
2029 5409 2084 5452 ut
2122 5400 2382 5468 optimum
2434 5399 2732 5466 ailjntorem
2773 5410 2828 5451 et
2880 5399 3328 5459 commilitonem,

1767 5490 1998 5558 excepit.
2027 5486 2237 5542 Pariter
2271 5498 2566 5558 repugnant
2600 5502 2742 5541 anno
2772 5489 2874 5542 575
2927 5506 3048 5558 qua:
3077 5490 3330 5556 deinceps

1769 5581 2140 5646 narrabimus;
2198 5581 2248 5633 in
2296 5580 2481 5649 primis
2523 5594 2772 5648 magnum
2834 5580 2963 5634 illud
3018 5579 3325 5640 :edilicium,

1842 5790 1912 5856 (lt)
1939 5788 2028 5856 Ep.
2067 5788 2153 5840 08.
