4080 6312
669 296 732 336 ι]
746 296 864 335 una
2043 276 2568 335 PROLEGOMENA.

669 408 811 466 quod
835 411 954 450 cum
989 394 1214 450 Basilius
1235 393 1390 466 paulo
1418 402 1537 464 post
1555 395 1852 449 discessum
1872 394 2108 451 Valentis
2142 398 2229 451 in-
2261 402 2305 459 Α
2337 405 2534 462 turum,
2553 397 2596 450 si
2613 395 2948 451 occasionem
2970 394 3037 450 de
3053 394 3171 450 aliis
3186 395 3321 450 bene
3339 394 3576 450 merendi
3596 394 3902 464 negligeret.

670 490 914 556 ceperit,
958 489 1069 556 jam
1105 498 1281 542 tamen
1330 486 1666 558 excipiendis
1712 488 2017 558 hospitibus
2053 499 2234 558 aptum
2411 488 2654 544 Delatum
2695 504 2887 542 ntunus
2936 487 3188 541 Ecclesiae
3246 486 3541 542 Innocentii
3579 498 3701 556 post
3742 490 3905 557 ipsius

670 590 954 636 eratanno
988 580 1114 635 575.
2129 605 2137 612 -
2197 560 2201 565 ⁷
2337 590 2564 634 mortem
2617 579 2863 634 curanda:
2924 578 3154 633 Basilius
3233 592 3263 631 a
3320 591 3379 632 se
3434 578 3799 646 deprecatur,
3854 590 3907 632 ut

740 672 1107 743 Venititaquc
1139 671 1657 729 CaesareamValens
1691 688 1832 728 anno
1860 673 2233 739 57lexeunte,
2336 672 2508 740 majus
2562 672 2765 725 viribus
2811 672 2950 734 suis,
3001 672 3252 740 quodque
3303 686 3369 726 ex
3412 680 3560 727 tanto
3622 672 3907 728 intervallo

669 766 829 834 idque
875 766 1091 819 omnino
1140 782 1336 820 nexum
1379 777 1433 820 et
1475 766 1820 835 coniunctum
1858 776 1943 821 est
1979 780 2101 821 cum
2155 783 2236 820 re-
2338 760 2496 815 facile
2551 762 2915 816 administrari
2941 778 3045 818 non
3096 763 3289 831 possit.
3334 761 3502 815 Alteri
3549 772 3734 816 autem
3774 773 3904 831 pett-

668 870 787 909 rum
814 855 951 910 illius
986 867 1259 926 gestarum
1291 859 1538 912 historia.
1574 860 1705 912 Nam
1738 873 1857 911 cum
1891 858 2233 913 Antiochiam
2343 856 2472 909 tioni
2504 854 2733 909 libenter
2765 857 2973 920 attnuit,
2994 870 3058 909 ac
3098 853 3472 909 Innocentium
3499 854 3703 908 laudat.
3741 856 3884 922 quod

668 960 879 1019 peteret
902 951 1047 1003 lento
1084 952 1295 1013 itinere,
1326 952 1690 1023 eratAnryra:
1723 950 1864 1007 Julio
1890 965 2073 1005 mense
2110 950 2235 1005 anni
2338 955 2393 998 ut
2422 945 2647 1017 Moyses,
2679 960 3046 1001 successorem
3096 961 3250 1001 suum
3314 945 3493 999 ridere
3532 946 3682 1000 velit.
3720 945 3905 1013 Itaqttc

664 1042 788 1105 571,
821 1054 877 1096 ut
903 1054 1050 1097 certo
1085 1045 1403 1113 perspicitur
1433 1060 1498 1099 ex
1548 1045 1661 1113 lege
1702 1044 1769 1098 76
1824 1044 1888 1099 tle
1924 1042 2234 1098 decurioni-
2337 1052 2541 1091 tuemor
2570 1038 2710 1092 illius
2742 1039 3029 1101 minarum,
3059 1039 3327 1109 simulque
3378 1040 3734 1093 considerans
3781 1040 3913 1093 civi~

663 1134 765 1187 bus
788 1134 906 1187 data
933 1135 983 1187 in
1018 1135 1118 1189 hac
1148 1136 1277 1190 urbe
1326 1152 1384 1189 ιιι
1429 1137 1503 1190 Id.
1558 1135 1692 1199 .Iul.,
1723 1136 1985 1190 Gratiano
2013 1137 2077 1189 A.
2106 1134 2146 1189 II
2180 1144 2233 1189 et

2338 1136 2497 1181 tatem
2534 1129 2761 1197 amplam
2813 1143 2936 1183 esse
2994 1136 3048 1181 et
3105 1129 3394 1192 celebrem,
3427 1144 3559 1197 opus
3605 1128 3908 1183 Innocentii

662 1221 840 1278 Probo
862 1241 993 1291 ess,
1017 1228 1136 1281 cod,
1170 1227 1376 1282 Τιωυιι,
1411 1229 1504 1281 ιη),
1530 1244 1627 1291 χιιν
1651 1240 1732 1282 ιιι,
1761 1229 1812 1293 ί,
1842 1245 1894 1299 ρ,
1922 1228 2048 1284 426,
2097 1227 2231 1282 Cum
2334 1222 2473 1289 apml
2514 1223 2708 1276 multos
2751 1221 2979 1286 clarum,
3008 1231 3245 1291 tempora
3301 1222 3555 1285 dilIicilia,
3600 1237 3801 1292 magno
3827 1224 3913 1277 itt-

665 1328 791 1384 ergo
816 1316 956 1370 illius
980 1318 1243 1371 emissarii
1289 1328 1342 1371 et
1388 1334 1753 1389 praecursores
1788 1320 2021 1389 episcopi
2053 1318 2231 1374 Caesa-
2334 1310 2569 1380 digentia
2608 1312 2970 1381 gubernatore
2998 1313 3064 1367 ob
3090 1312 3370 1369 continuas
3401 1313 3662 1383 procellas
3683 1353 3699 1377 ς
3739 1315 3913 1383 ιηὀικε

663 1421 812 1460 ream
868 1412 1111 1461 venerint
1160 1424 1339 1463 mense
1404 1410 1707 1478 Septembri
1764 1410 2002 1477 eiusdem
2059 1413 2228 1477 anui,
2334 1403 2598 1459 intellexit
2643 1420 2746 1460 non
2775 1406 3047 1475 juniorem
3098 1406 3328 1474 aliquem
3385 1406 3702 1461 mittendum
3756 1421 3911 1469 ϐεδε.

663 1515 891 1568 cumque
929 1500 1202 1554 Valentem
1244 1501 1502 1555 Caesareae
1544 1501 1738 1555 festum
1778 1501 2091 1572 Epiphanhc
2138 1517 2229 1557 ce-
2332 1496 2425 1564 (ιυὶ
2480 1498 2544 1549 ad
2579 1499 2787 1566 negotia
2823 1507 3031 1552 tantum
3080 1498 3347 1553 esterlol‘a
3382 1499 3609 1555 idoneus
3654 1499 3750 1554 sit.
3800 1499 3912 1551 Sed

663 1590 897 1646 lebrasse
941 1603 1172 1658 constet;
1231 1594 1408 1646 nullus
1454 1594 1693 1659 profecto
1750 1595 2028 1650 dubitandi
2081 1594 2231 1649 locus
2332 1589 2776 1658 circumspiciens
2802 1590 2852 1644 in
2888 1590 3150 1645 Caesareae
3183 1591 3540 1659 presbyterio,
3578 1592 3745 1661 elegit
3784 1607 3916 1662 pre-

661 1686 788 1753 quin
846 1686 895 1738 id
947 1701 1085 1738 anno
1130 1684 1234 1737 572
1275 1686 1492 1739 ineunte
1542 1688 1847 1756 contigerit.
1876 1685 1988 1741 IIuc
2020 1686 2229 1740 accedit
2263 1747 2298 1756 __
2334 1681 2683 1736 tiosissimum
2712 1697 2828 1747 vas,
2868 1682 3143 1737 alumnum
3176 1684 3319 1738 beati
3352 1682 3703 1753 Hermogenis
3728 1693 3786 1739 et
3841 1685 3914 1739 ab

662 1778 955 1832 auctoritas
988 1778 1229 1847 Gregorii
1256 1775 1478 1846 Nysseni
1512 1776 1609 1848 (α),
1637 1780 1728 1848 qui
1778 1788 2008 1833 testatur
2039 1779 2233 1833 Valeo.
2262 1747 2302 1802 Β
2330 1791 2395 1831 eo
2433 1778 2762 1831 ordinatum.
2788 1777 3160 1847 presbyterum
3190 1777 3431 1833 ecclesiae
3487 1792 3516 1830 a
3558 1777 3744 1832 multis
3792 1778 3913 1845 jam

664 1878 767 1921 tem
800 1869 959 1923 rebus
1001 1885 1187 1923 contra
1235 1869 1499 1925 barbaros
1542 1870 1775 1925 feliciter
1811 1872 1975 1941 gestis
2002 1871 2227 1933 elatum,
2332 1871 2505 1933 annis,
2536 1870 2795 1940 gravibus
2820 1884 2883 1924 ac
2923 1870 3295 1924 constantibus
3322 1868 3557 1923 moribus
3588 1869 3914 1938 praeditum,

659 1974 780 2013 cum
805 1960 1189 2029 etProtioutide
1221 1977 1533 2030 progressus
1564 1962 1869 2032 Bithyniam
1908 1977 1974 2015 ex
2033 1965 2230 2031 itupro-
2332 1964 2681 2018 reverendum
2722 1962 3066 2026 adeuntibus,
3088 1963 3433 2017 adversantes
3465 1961 3515 2015 in
3579 1972 3919 2015 mansuetu-

659 2049 777 2104 viso
810 2061 1095 2116 vastasset,
1127 2068 1189 2105 ac
1218 2053 1484 2108 Galatiam
1520 2055 1668 2107 nullo
1718 2055 1934 2119 negotio
1974 2056 2226 2123 cepisset,
2332 2054 2457 2109 dine
2510 2056 2913 2125 corripientcm,
2977 2055 3210 2125 peritum
3265 2068 3529 2109 canonum
3556 2093 3571 2116 ,
3622 2052 3918 2106 hominem

659 2145 738 2199 sic
773 2147 981 2199 tandem
1034 2148 1085 2199 in
1131 2145 1563 2216 Cappadociam,
1622 2164 1739 2218 quae
1794 2151 2035 2219 proxima
2088 2160 2225 2217 erat,
2331 2158 2600 2203 accuratae
2649 2148 2792 2214 ﬁdei,
2820 2149 2871 2202 in
2908 2149 3206 2203 continenti
3274 2157 3329 2203 et
3379 2146 3614 2202 ascetico
3652 2145 3919 2199 instituto

657 2238 987 2306 pervenisse.
1019 2238 1320 2292 Caesaream
1342 2254 1471 2307 ergo
1507 2240 1701 2295 Valens
1742 2243 1925 2296 eodem
1963 2259 2104 2297 anno
2136 2260 2229 2297 ve-
2332 2241 2594 2295 hactenus
2624 2238 2929 2309 degentem,
2970 2242 3071 2294 etsi
3122 2241 3265 2295 illius
3292 2254 3511 2297 carnem
3542 2253 3919 2309 consumpse-

658 2331 760 2395 nit,
789 2345 896 2399 quo
917 2330 1189 2385 Galatiam
1216 2334 1554 2401 peragravit;
1586 2350 1647 2389 ac
1690 2335 1847 2389 valde
1893 2335 2146 2390 Socrates
2176 2346 2228 2391 et
2329 2342 2414 2388 rat
2451 2334 2574 2387 vita:
2632 2332 2955 2395 austeritas;
3020 2346 3307 2400 pauperem
3361 2348 3424 2387 ac
3476 2333 3651 2386 nullos
3689 2333 3744 2387 in
3804 2333 3921 2386 hoc

659 2418 1029 2475 Tlteodoretus
1094 2420 1494 2477 hallucinantur
1544 2425 1633 2493 qui
1671 2424 1783 2491 jam
1827 2424 2040 2494 Syriam
2068 2434 2122 2478 et
2152 2426 2227 2479 vi-
2328 2422 2526 2475 mundo
2553 2422 2755 2476 reditus
2787 2421 3173 2491 possidentem,
3202 2423 3335 2475 adeo
3383 2431 3536 2477 utne
3593 2423 3753 2490 panis
3793 2424 3924 2491 qni-

658 2514 809 2569 ciuas
844 2529 1094 2584 regiones
1132 2516 1459 2570 Arianorum
1510 2518 1698 2569 ditioni
1738 2516 2010 2585 subjectus
2062 2516 2229 2571 fuisse
2329 2514 2447 2567 dem
2475 2516 2571 2583 ipsi
2607 2516 2758 2583 copia
2787 2523 3117 2584 suppeteret,
3138 2516 3232 2567 sed
3266 2512 3448 2567 labore
3478 2528 3736 2566 manuum
3783 2532 3919 2569 cum

656 2618 884 2677 putant.
916 2624 1038 2662 cum
1080 2607 1327 2663 Caesarea
1388 2618 1713 2678 uppugttata.
1773 2608 2056 2663 Consentit
2105 2624 2226 2663 cum
2331 2606 2587 2661 fratribus
2621 2609 2819 2661 victum
2848 2609 2947 2662 sibi
2972 2614 3331 2677 cotnpararet.
3371 2604 3524 2659 Hunc
3557 2606 3743 2659 statim
3792 2609 3922 2660 mit-

656 2697 902 2769 Nysseno
948 2699 1323 2755 Nazianzenus
1383 2699 1477 2771 (ὁ),
1532 2701 1622 2770 qui
1686 2699 1965 2755 Valentem
2020 2710 2224 2767 narrat,
2329 2708 2442 2754 tere
2475 2701 2731 2768 potuisset
2777 2699 3039 2755 Basilius:
3076 2702 3167 2755 sed
3199 2696 3710 2770 quia-Innocentius
3735 2698 3921 2755 alium

658 2804 779 2843 cum
816 2789 1022 2844 vicinos
1080 2804 1271 2844 onmes
1326 2790 1618 2860 impietatis
1666 2791 1856 2846 robore
1893 2806 1955 2845 ac
1986 2793 2225 2861 potentia
2327 2794 2575 2864 petierat,
2602 2792 2830 2862 probum
2880 2793 3027 2847 illum
3069 2793 3310 2863 quidem,
3364 2793 3457 2847 seal
3503 2792 3674 2846 altero
3736 2791 3916 2863 longe

657 2884 973 2950 detinuisset,
999 2898 1063 2938 ac
1092 2885 1278 2937 ditioui
1327 2899 1435 2937 suae
1460 2884 1719 2953 quidquid
1772 2885 1987 2939 onrium
2022 2884 2221 2941 habue-
2327 2886 2675 2951 inferiorem;
2711 2896 2862 2957 rogat
2895 2886 3261 2941 Innocentium
3294 2886 3542 2949 Basilius,
3564 2896 3642 2950 ut,
3674 2887 3720 2940 si
3752 2888 3922 2957 ejus-

656 2986 763 3039 rat,
784 2976 1123 3045 snbjecisset,
1162 2974 1240 3027 sic
1274 2974 1488 3029 tandem
1526 2978 1825 3043 peragratis
1851 2977 2100 3030 onmibns
2138 2992 2225 3031 re-
2329 2978 2472 3031 modi
2504 2979 2675 3031 virum
2702 2977 2999 3040 desideret,
3028 2978 3205 3031 mittat
3239 2977 3471 3046 aliquem
3510 2991 3576 3031 ex
3605 2976 3919 3044 fratribus,

656 3067 900 3137 gionibus
920 3066 1223 3122 Caesaream
1255 3082 1565 3136 aggressum
1596 3080 1736 3122 esse.
1766 3064 1959 3135 Liquet
1993 3066 2223 3120 Naziau—
2252 3091 2294 3148 ο
2329 3070 2416 3138 qui
2440 3084 2560 3123 eum
2594 3073 2738 3124 circa
2764 3071 2963 3141 ieiunia
3000 3079 3237 3126 assumat
3272 3088 3285 3124 :
3317 3070 3362 3123 si
3392 3068 3661 3123 neminem
3710 3069 3919 3137 habet,

657 3173 849 3212 aenum
898 3158 1041 3228 loqui
1082 3158 1145 3212 de
1208 3157 1513 3228 regionibus
1548 3156 1939 3227 Cappadociam
1983 3159 2122 3212 inter
2174 3166 2229 3212 et
2328 3174 2485 3229 quem
2521 3161 2718 3225 mittat,
2760 3163 2945 3215 saltem
2972 3163 3037 3214 ad
3066 3178 3124 3218 se
3153 3162 3372 3220 scribat.

656 3247 1177 3318 Constantinopolim
1207 3249 1525 3317 interjectis,
1557 3264 1693 3319 quas
1728 3250 1873 3304 lente
1906 3248 2229 3320 peragrabat
2400 3251 2624 3305 Videtur
2654 3251 3127 3321 Quadragesimant
3165 3254 3445 3321 designare
3481 3252 3736 3316 Basilius,
3779 3270 3920 3311 cum

657 3341 857 3397 Valens
894 3356 1037 3395 anno
1072 3340 1198 3407 37l,
1238 3357 1341 3395 non
1377 3341 1549 3396 solum
1578 3352 1635 3396 ut
1666 3343 1865 3413 ubique
1902 3345 2223 3399 catholicam
2325 3343 2694 3399 Innocentium
2728 3353 2898 3411 rogat,
2928 3353 2985 3396 ut
3023 3343 3252 3412 aliquem
3285 3346 3485 3408 mittat,
3520 3344 3611 3411 qui
3666 3359 3923 3401 venera-

656 3436 815 3489 Iitlem
865 3434 1195 3504 opprimeret
1271 3434 1363 3489 sed
1400 3436 1557 3489 etiam
1591 3444 1647 3490 ut
1676 3450 1801 3491 vere
1854 3437 2070 3492 ineunte
2096 3440 2223 3493 anui
2327 3438 2487 3493 bilem
2546 3437 2692 3491 illum
2746 3438 3119 3507 presbyterum
3182 3435 3326 3489 circa
3372 3434 3575 3505 jejunis
3631 3450 3923 3495 assumat.

654 3527 761 3583 572
797 3542 828 3582 e
881 3527 1219 3595 Cappadocia
1249 3528 1450 3595 egtedi,
1505 3538 1558 3582 et
1598 3528 1965 3587 intolerabiles
2024 3530 2224 3586 Ciliciae
2324 3536 2431 3589 Cur
2458 3545 2639 3589 autem
2669 3534 2783 3587 haec
2806 3546 2949 3586 anno
2975 3529 3080 3585 572
3115 3539 3296 3601 putem
3321 3529 3633 3600 contigisse,
3675 3531 3787 3585 hoc
3819 3546 3928 3600 po-

654 3619 861 3675 ealores
892 3618 1064 3673 vitare
1095 3625 1299 3688 pOSSCI-
2326 3627 2590 3680 tissimum
2637 3626 2876 3680 adducor
2928 3633 3282 3695 argumento,
3328 3624 3469 3693 quod
3514 3638 3636 3678 cum
3665 3622 3928 3680 Basilius

1230 3708 1459 3766 CAPUT
1498 3709 1641 3765 XXI.
2326 3716 2522 3772 multos
2557 3717 2658 3769 hoc
2687 3732 2829 3768 anno
2869 3719 3149 3785 episcopos
3187 3716 3451 3770 creaverit
3491 3716 3931 3786 (multiplicatos

652 3804 696 3859 I.
730 3804 801 3858 De
824 3806 1043 3883 epistola
1068 3806 1158 3861 81.
1215 3806 1275 3883 ll.
1312 3805 1505 3883 Scribit
1538 3805 1829 3883 Athanasio
1863 3806 2099 3864 Basilius
2122 3828 2220 3865 an-
2324 3809 2467 3864 enim
2513 3806 2679 3861 fuisse
2723 3808 3061 3876 episcOpatus
3107 3818 3335 3861 testatur
3357 3808 3731 3862 Nazianzenus
3768 3808 3924 3883 [d]),

724 3890 931 3943 (equam
970 3876 1133 3968 Iipma
1183 3878 1356 3957 redeat
1393 3876 1687 3968 balnei/tetas
1720 3892 1739 3931 :
1774 3889 1952 3968 'rogal
1996 3893 2217 3968 eunt-lit
2323 3918 2335 3957 1

2323 3917 2428 3957 non
2461 3902 2672 3955 videtur
2704 3915 2972 3955 sumntum
3012 3897 3156 3949 illunt
3193 3899 3388 3960 virum,
3423 3914 3527 3965 quo
3558 3876 3932 3968 pnestahtio-

721 3963 868 4017 prior
902 3948 1091 3997 scribat
1135 3948 1429 4017 εμέεεορίξη
1457 3946 1544 4017 "lo
1589 3948 1738 4002 Elius
1767 3946 1877 4003 hoc’
1918 3966 2056 4003 αηηο
2112 3952 2219 4007 572
2323 3946 2429 4017 ΪῘῙῘ
2460 3946 3171 4017 ζΪῘζῘξ.ῘῙξζιίζξζζζξξῄξξ.
3205 3946 3787 4017 ίζ.ῖζξζζ-.ῗ.ἷζηῖζῖῖὶῖζ

718 3992 1561 4085 initae;'c'i'piiaaiiiiiéf'lilii);
2322 4012 2434 4052 rem
2459 3996 2724 4050 neminem
2751 3993 2948 4088 habere
2964 3998 3195 4060 poterat,
3222 3992 3686 4088 praetermissurus
3707 3992 3927 4061 fuisse,

720 4084 806 4143 88.
1626 4084 1636 4088 ⁷
2320 4107 2331 4143 t

2320 4105 2442 4145 cum
2477 4088 2544 4159 (ε)
2589 4088 2886 4157 praesertim
2919 4084 3287 4146 Pwmenium,
3344 4098 3501 4153 quem
3548 4084 3700 4140 dedit
3740 4086 3930 4145 Sata-

720 4181 761 4234 l.
800 4181 1067 4249 Scriptum
1126 4178 1355 4248 conjicio
1384 4190 1509 4236 ante
1542 4181 2022 4254 Quadragesimam
2062 4187 2219 4257 hujus
2321 4184 2576 4244 lensibus,
2614 4182 2841 4236 libenter
2865 4180 3124 4235 Caesareae
3159 4177 3485 4241 retinuisset,
3518 4194 3615 4233 nec
3646 4183 3828 4235 matri
3865 4193 3930 4238 et

651 4273 777 4328 anni
809 4272 914 4325 372
943 4273 1221 4339 epistolam
1253 4272 1312 4327 8l
1352 4274 1417 4327 ad
1475 4274 1838 4330 Innocentium
1882 4278 2215 4347 episcopum,
2322 4274 2573 4328 Ecclesia:
2617 4273 2814 4342 lugenti
2848 4272 3198 4335 abstulisset,
3241 4270 3284 4324 si
3318 4286 3474 4341 quem
3506 4273 3555 4327 ei
3595 4272 3933 4329 inveniSset

650 4362 717 4417 ad
755 4376 912 4431 quem
944 4361 1110 4415 etiam
1142 4373 1322 4415 exstat
1372 4363 1596 4432 cpistola
1627 4364 1808 4420 Basilii
1849 4366 1941 4421 50.
1979 4367 2025 4421 Is
2081 4382 2218 4436 prac-
2320 4380 2505 4434 parem
2532 4366 2596 4419 ad
2636 4382 2829 4421 munus
2864 4367 3206 4434 episcopatus
3236 4366 3626 4419 sustinendum.
3674 4360 3937 4422 Videtur

648 4464 767 4509 erat
811 4469 1016 4525 magna:
1048 4454 1188 4521 urbi,
1237 4469 1343 4507 non
1374 4470 1559 4525 parum
1614 4458 1857 4513 Caesarea
1881 4462 2124 4526 distanti,
2151 4474 2215 4515 ac
2250 4450 2293 4505 D
2324 4456 2437 4510 haec
2463 4454 2642 4510 Basilii
2678 4454 2970 4511 liberalitas
3005 4451 3056 4505 in
3081 4454 3440 4509 concedendis
3476 4466 3539 4504 cx
3570 4464 3671 4503 sua
3711 4450 3929 4510 Eccle-

649 4547 703 4600 in
733 4546 1099 4617 perfuugendo
1132 4546 1343 4617 egregie
1370 4548 1710 4617 episcopatus
1742 4565 1966 4607 munere
1996 4553 2209 4609 laudem
2322 4548 2399 4602 sia
2436 4548 2737 4618 episcopiS.
2784 4546 2855 4599 ita
2887 4542 3086 4599 clerum
3127 4547 3509 4603 CarSariensem
3545 4544 3927 4616 exhausisse,

649 4647 701 4691 et
729 4638 924 4692 famam
978 4639 1199 4707 adeptus
1223 4649 1359 4692 erat.
1389 4638 1611 4708 Magnus
1640 4643 1781 4697 enim
1811 4656 1928 4699 erat
1975 4646 2212 4715 Spiritus
2322 4652 2379 4695 ut
2401 4643 2669 4697 nemiuem
2708 4638 2774 4709 (Ι)
2824 4636 3046 4694 habet“
3074 4655 3215 4693 anno
3239 4638 3341 4693 575
3366 4676 3381 4701 ν
3413 4651 3570 4706 ‘luem
3599 4637 3932 4710 Amphilo-

646 4733 816 4785 sancti
858 4732 1208 4798 gloriﬁcator,
1238 4733 1458 4803 ejusque
1510 4733 1803 4790 divinitatis
1840 4736 2092 4793 defensor
2116 4738 2209 4809 (c).
2319 4736 2441 4791 chio
2479 4736 2727 4795 donaret,
2775 4739 3055 4801 propterea
3086 4732 3227 4802 quod
3264 4732 3309 4783 is
3340 4745 3497 4799 quem
3540 4734 3930 4805 promiserat,

651 4824 755 4878 Sed
781 4838 904 4876 cum
936 4824 1223 4877 admodum
1251 4836 1407 4879 actate
1454 4835 1741 4895 provectus
1778 4838 1939 4895 esset,
1973 4845 2035 4883 ac
2060 4831 2209 4898 gregi
2318 4831 2607 4885 accedente
2639 4824 2704 4879 ad
2735 4835 2965 4880 veterem
2997 4828 3239 4879 morbum
3271 4837 3405 4877 nova
3429 4826 3716 4881 oculorum
3740 4833 3935 4901 agri-

647 4931 744 4971 suo
778 4927 895 4984 post
926 4927 1151 4971 mortem
1184 4929 1335 4968 suam
1371 4926 1651 4983 metueret,
1695 4920 1901 4987 rogarit
1929 4920 2210 4987 Basilium,
2323 4920 2526 4985 tudine,
2564 4919 2736 4985 impar
2758 4916 2882 4970 huic
2915 4917 3066 4971 oneri
3101 4915 3274 4968 factus
3302 4928 3465 4971 esset.

647 5019 704 5061 ut
741 5024 925 5063 curam
957 5009 1207 5063 Ecclesiae
1231 5023 1341 5064 suae
1378 5018 1493 5073 post
1528 5020 1754 5065 mortem
1782 5026 1932 5063 suam
1970 5013 2214 5080 suscipe-
2391 5011 2450 5065 II.
2489 5010 2748 5077 Quatmis
2776 5009 3027 5070 Basilius,
3075 5010 3311 5076 quamdiu
3346 5008 3606 5066 Caesareae
3648 5010 3761 5067 fuit
3804 5017 3935 5073 Va-

648 5109 750 5164 ret,
772 5117 834 5155 ac
859 5118 999 5156 nunc
1034 5108 1098 5154 ad
1126 5118 1182 5156 se
1220 5103 1459 5156 mitteret
1486 5118 1515 5157 e
1548 5103 1692 5157 clero
1728 5118 1824 5157 suo
1862 5116 2205 5171 praestantem
2317 5104 2453 5172 lens,
2490 5104 2576 5157 vix
2623 5103 2785 5157 ullum
2823 5105 2962 5157 diem
3010 5103 3077 5155 ab
3104 5100 3424 5157 Arianorum
3467 5104 3688 5160 insidiis
3727 5120 3935 5169 tutu...

646 5192 875 5263 aliquem
905 5194 1277 5261 virutn,quem
1307 5208 1671 5247 successorem
1700 5208 1854 5247 suum
1885 5196 2035 5249 rivus
2064 5194 2207 5248 dcsi-
2314 5196 2598 5260 habuerit,
2631 5198 2761 5251 nihil
2808 5207 2984 5250 tamen
3020 5196 3084 5247 de
3132 5208 3227 5249 suo
3272 5194 3747 5265 pacilicandartttn
3811 5207 3935 5262 Ec-

646 5293 854 5352 gnaret.
889 5285 1003 5349 Quo
1037 5286 1205 5355 magis
1239 5286 1496 5340 Basiliam
1528 5294 1814 5341 esacucret
1846 5288 1910 5340 ad
1937 5305 2045 5341 rem
2073 5287 2207 5340 tanti
2314 5289 2601 5344 clesiarum
2632 5289 2809 5342 studio
2856 5286 3179 5342 remittebat.
3236 5288 3371 5344 Tum
3423 5303 3548 5341 cum
3589 5289 3939 5355 Athanasio

643 5378 922 5440 momenti,
953 5379 1256 5431 minabatur
1279 5393 1335 5434 se
1368 5380 1414 5433 ei
1454 5377 1600 5433 litem
1631 5393 1813 5435 coram
1838 5378 2063 5436 Domino
2091 5378 2208 5433 illa-
2316 5380 2391 5452 (g)
2436 5380 2704 5437 scriberet
2746 5396 2887 5438 anno
2937 5379 3295 5451 praecedenti,
3347 5395 3497 5452 spem
3534 5382 3585 5437 ei
3633 5384 3939 5447 alluebat

716 5516 792 5593 (α)
818 5516 887 5593 In
918 5515 1148 5571 Eunom.

1125 5557 1148 5571 ..
2384 5525 2453 5593 (ρ)
2483 5524 2581 5592 Ep.
2616 5523 2736 5575 to-z.

716 5591 789 5657 (ὸ)
816 5588 1053 5661 ﬁala-or.
1087 5593 1175 5645 2U.

1132 5594 1175 5645 υ.
2385 5588 2455 5661 (ι’)
2491 5588 2583 5659 ta'p.
2614 5595 2673 5645 ‘2l
2693 5595 2743 5647 7.

714 5662 787 5732 (cl
820 5659 912 5732 hlp.
947 5658 1033 5714 50.

2490 5658 2657 5730 Epist.
2696 5664 2783 5717 69.

719 5728 797 5797 (Δ)
831 5728 922 5781 0r.
950 5732 1038 5781 20.
