4080 6312
1527 336 1687 395 VlTA
1725 339 1783 394 S.
1825 338 2085 396 BASlLlI.

3221 359 3397 401 LXXXV

160 451 287 517 fore,
312 456 374 509 u't
407 466 604 510 omnes
646 449 786 506 illius
824 451 1029 523 judicio
1066 453 1497 521 paciticationem
1538 455 1725 511 Eccle-
1757 459 1801 515 Α
1830 455 2067 521 rexerit,
2123 455 2412 526 inquirere.
2466 453 2638 510 Eliam
2688 456 2788 509 hoc
2828 471 3021 514 munus
3075 456 3396 513 sustinuis~e

161 546 353 603 tiaram
378 546 806 603 committerent.
837 546 893 601 Id
931 546 1144 602 tandem
1172 557 1493 603 consecutus
1517 559 1601 606 est
1628 547 1729 603 Ba-

161 640 320 703 silius,
352 640 495 693 forte
522 638 636 706 ipsa
667 639 1037 709 persecutione
1066 643 1275 695 animos
1304 656 1331 693 a
1365 641 1727 696 contentioni-

159 730 246 785 bus
278 730 345 782 ad
392 734 703 785 communis
736 730 858 784 fidei
898 728 1260 787 defensionem
1303 744 1591 789 revocante
1624 733 1724 804 (τι).

161 821 358 878 Scribit
392 838 526 892 ergo
555 822 856 878 Athanasio
898 824 1158 894 quidquid
1202 824 1255 876 in
1302 822 1636 894 Cappadocia
1673 836 1728 881 et

160 915 400 971 ﬁnitimis
445 916 582 971 locis
610 929 803 969 sanum
833 926 938 983 est,
984 932 1112 971 vere
1141 928 1281 970 nunc
1321 916 1386 969 ad
1416 931 1602 971 eorum
1634 919 1725 986 qui

161 1008 289 1060 idem
322 1011 609 1071 sentiunt,
640 1011 1072 1064 communionem
1102 1018 1264 1077 atque
1300 1010 1557 1063 unitatem
1603 1024 1726 1076 pro-

158 1101 385 1167 pendere
420 1121 435 1157 :
472 1114 705 1168 eumque
737 1101 935 1155 idcirco
970 1110 1154 1169 rogat,
1214 1108 1271 1153 ut
1312 1101 1479 1167 nobis,
1528 1099 1722 1169 inquit,

161 1195 391 1248 omnibus
418 1194 620 1247 scribas
646 1192 915 1257 epistolam
953 1208 1134 1256 unam,
1164 1209 1280 1263 qua:
1309 1196 1434 1265 quid
1464 1193 1723 1261 agendum

159 1288 216 1341 sit
242 1290 549 1342 admonent.
593 1284 849 1341 Volebam
872 1285 1015 1339 enim
1040 1286 1297 1356 episcopi,
1339 1300 1474 1354 quos
1498 1283 1727 1339 Basilius

158 1394 271 1434 eum
303 1378 609 1434 Athanasio
632 1378 968 1449 cnnjnngere
1006 1377 1273 1443 studebat,
1324 1376 1726 1431 utAthanasius

160 1472 300 1541 prior
340 1469 624 1525 scriberet.
680 1469 788 1523 Sed
818 1471 941 1538 quia
986 1469 1220 1537 suspecti
1270 1467 1568 1524 Athanasio
1607 1482 1726 1521 esse

159 1570 423 1631 poterant,
478 1563 545 1617 ob
602 1575 664 1614 ea
700 1575 815 1628 qua:
844 1561 971 1616 olim
1004 1570 1289 1629 gesserant
1336 1570 1621 1629 antequam
1659 1562 1726 1615 ab

158 1652 367 1708 Arianis
414 1652 789 1719 discederent;
832 1655 1134 1709 obtestatur
1182 1668 1301 1707 eum
1355 1651 1619 1717 Basilius,
1669 1664 1725 1706 ut

159 1745 251 1800 sibi
306 1749 407 1801 has
452 1744 518 1798 ad
568 1746 844 1815 episcopos
892 1746 1102 1799 litteras
1147 1747 1367 1800 mittat:
1417 1762 1520 1800 non
1575 1747 1723 1814 prius

165 1853 218 1893 se
245 1854 339 1893 eas
372 1838 647 1905 daturum,
688 1853 847 1907 quam
885 1851 1200 1902 responsum
1254 1838 1321 1889 ab
1371 1836 1448 1891 eis
1493 1852 1718 1905 accepe-
1752 1814 1794 1867 Β

157 1931 222 1984 rit
255 1953 267 1984 :
301 1930 385 1982 sin
432 1932 620 1993 minus,
666 1930 861 1999 inquit,
896 1940 1138 1997 peccator
1175 1945 1263 1983 ero
1297 1929 1350 1982 in
1395 1938 1445 1981 te
1490 1932 1726 1983 omnibus

158 2021 333 2076 diebus
368 2022 493 2077 vitm
524 2037 671 2077 mea.

222 2113 357 2169 Erat
396 2128 529 2168 sane
565 2112 841 2183 periniqua
888 2112 1147 2177 conditio,
1194 2111 1261 2167 ab
1292 2110 1590 2166 Athanasio
1631 2128 1727 2180 po-

158 2205 356 2261 stulare
405 2214 463 2258 ut
492 2205 582 2275 qui
618 2205 688 2260 ab
724 2208 803 2261 eis
829 2206 987 2261 lazsus
1022 2204 1218 2271 fuerat,
1257 2205 1407 2274 prior
1450 2204 1564 2272 ipse
1595 2205 1728 2258 scri-

156 2296 323 2351 beret.
363 2294 481 2350 Non
504 2310 568 2350 ex
592 2295 807 2360 Basilio,
835 2312 939 2350 non
968 2310 1034 2349 ex
1082 2296 1293 2349 Meletio
1345 2304 1519 2349 ortam
1554 2297 1728 2349 credi-

159 2388 323 2445 derim
350 2388 613 2458 ejusmodi
648 2388 1035 2449 conditionem,
1066 2401 1183 2454 qua:
1213 2386 1328 2454 paci
1387 2384 1607 2440 obstare
1637 2404 1729 2455 [m-

160 2490 293 2535 terat
324 2498 391 2536 ac
419 2497 606 2536 revera
634 2479 883 2541 obstitit,
920 2477 1013 2532 sed
1049 2478 1118 2531 ab
1145 2478 1451 2535 hominibus
1479 2496 1582 2534 non
1620 2490 1724 2535 tam

159 2587 339 2640 pacem
370 2571 750 2642 appetentibus
784 2584 944 2638 quam
972 2572 1336 2626 metuentibus
1362 2613 1377 2637 ,
1421 2575 1619 2644 quibus
1650 2588 1727 2627 ta-

158 2680 273 2719 men
308 2665 544 2719 Basilius
583 2673 638 2719 et
667 2663 930 2729 Meletius,
966 2673 1023 2718 ut
1059 2664 1201 2718 inter
1248 2666 1495 2721 homines
1517 2683 1728 2721 earosa-

159 2756 272 2811 dem
301 2757 537 2827 partium
570 2758 745 2813 studio
778 2758 1093 2826 coniunctos
1127 2753 1242 2812 lleri
1287 2756 1462 2823 solet,
1494 2771 1598 2811 non
1644 2773 1727 2812 ce-

160 2848 283 2905 dere
307 2865 417 2904 non
442 2859 752 2921 potuerunt.

224 2962 442 3029 Scripta
480 2962 596 3014 tunc
642 2960 864 3029 epistola
896 2968 1181 3029 antequam
1223 2962 1523 3017 Dorotheus
1554 2960 1722 3016 Roma

159 3051 427 3116 rediisset,
462 3066 527 3106 ac
566 3050 703 3106 forte
751 3053 912 3106 etiam
942 3062 1225 3121 antequam
1256 3053 1451 3109 Valens
1479 3054 1724 3107 Caesarea

1832 547 2183 618 perspicimus
2208 563 2273 600 ex
2305 548 2461 615 epist.
2494 548 2583 614 91,
2620 561 2743 618 quae
2772 548 2969 615 scripta
3006 560 3088 605 est
3120 549 3225 605 hoc
3255 565 3395 606 anno

1829 635 1953 702 572,
1990 647 2114 692 ante
2161 651 2399 691 mensem
2437 635 2673 692 Jnnium.
2732 638 2787 692 In
2840 639 2939 692 hac
2987 641 3207 708 epistola
3234 639 3390 695 Basi-

1828 731 1930 785 lius
1964 728 2131 783 Eliam
2176 729 2461 797 regendam
2490 727 2887 799 Cappadociam
2941 731 3166 788 inritum
3200 752 3391 794 susce-

1828 825 1970 894 pisse
1996 824 2143 887 dicit,
2178 834 2235 876 nt
2259 838 2423 893 opera
2463 823 2695 893 collapsa
2730 826 3076 891 instauraret,
3126 827 3239 882 loca
3288 847 3393 886 non

1830 916 2067 971 habitata
2113 914 2300 968 incolis
2347 914 2601 983 repleret,
2647 930 2711 969 ac
2744 933 2852 973 uno
2878 917 3045 974 verbo
3074 919 3389 976 solitudines

1829 1007 1881 1061 in
1914 1007 2075 1060 urbes
2106 1007 2533 1061 transformaret.
2565 1006 2931 1077 Prmterquam
2958 1012 3102 1082 quod
3131 1012 3245 1068 haec
3274 1016 3386 1083 epi-

1828 1096 1962 1153 stola
1992 1097 2060 1151 94
2098 1099 2163 1150 ad
2201 1099 2479 1166 pratsidem
2523 1099 2691 1153 Eliatn
2743 1100 3053 1159 manifestas
3099 1105 3261 1159 habet
3289 1106 3386 1159 hu-

1821 1188 1910 1259 jus
1937 1188 2062 1242 anni
2109 1188 2213 1243 372
2252 1201 2423 1255 notas,
2464 1201 2519 1245 ut
2548 1191 2685 1253 intra
2718 1192 3037 1257 videbimus,
3091 1197 3203 1259 ipsa
3246 1206 3393 1251 certe

1825 1281 2179 1352 Cappadocia:
2208 1284 2444 1351 pictura,
2482 1298 2646 1353 quatn
2684 1283 2736 1337 in
2771 1283 2950 1337 Basilii
2984 1287 3161 1339 verbis
3191 1287 3397 1356 perspi-

1825 1378 2017 1443 cimus,
2034 1377 2255 1431 mirilice
2272 1377 2519 1447 congruit
2543 1390 2663 1431 cum
2689 1376 3049 1444 Superioribus
3081 1377 3270 1433 litteris
3294 1380 3392 1450 (ὁ),

1828 1470 1881 1523 in
1939 1471 2131 1539 quibus
2172 1468 2429 1523 Caesarea:
2472 1470 2524 1525 in
2562 1469 2903 1525 solitudinem
2942 1481 3157 1525 mutata:
3201 1487 3396 1527 aerum-

1828 1575 1927 1615 nas
1972 1560 2235 1628 deplorat.
2285 1559 2462 1626 Quare
2520 1564 2725 1632 primus
2778 1564 2986 1617 exstitit
3050 1564 3233 1629 Elias,
3302 1567 3394 1634 qui

1826 1652 2159 1722 provinciam
2196 1655 2248 1706 in
2281 1654 2425 1707 hunc
2457 1664 2655 1708 statum
2685 1659 2957 1710 redactam
2995 1657 3288 1726 acciperet.

1897 1768 2072 1823 Minus
2100 1779 2353 1823 accurate
2380 1784 2442 1824 ac
2466 1770 2646 1824 minus
2675 1787 2827 1839 teque
2853 1774 2917 1827 de
2951 1772 3040 1827 illo
3068 1773 3186 1827 viro
3211 1789 3396 1829 sense-

1831 1870 1953 1915 runt
1977 1863 2314 1915 eruditorum
2348 1862 2587 1917 nonnulli
2614 1904 2629 1927 ,
2665 1862 2715 1917 in
2746 1864 2830 1917 his
2860 1862 3270 1931 Tillemontius,
3304 1867 3395 1936 qui

1829 1964 1950 2005 eum
1982 1970 2122 2007 anno
2153 1954 2253 2009 57!
2286 1954 2637 2025 Cappadocia
2678 1954 2955 2024 praefuisse
2985 1967 3038 2010 et
3061 1974 3179 2011 eum
3216 1960 3396 2014 inimi-

1828 2041 1907 2096 cis
1963 2040 2146 2095 Basilii
2207 2047 2552 2114 conjunctum
2606 2044 2773 2099 fuisse
2822 2046 3217 2100 existimarunt.
3278 2047 3397 2113 Quo

1829 2146 1971 2185 anno
2000 2133 2203 2186 rexerit
2228 2134 2646 2202 Cappadociam,
2687 2135 2799 2203 jam
2833 2135 3198 2205 probavimus.
3240 2137 3397 2191 Chri-

1828 2225 2062 2278 stianum
2094 2224 2241 2278 illum
2269 2237 2322 2278 et
2354 2227 2585 2280 amicum
2617 2236 2774 2281 vocat
2806 2226 3058 2293 Basilius,
3092 2229 3286 2283 nedum
3320 2230 3396 2283 in-

1830 2327 1909 2371 ter
1940 2317 2186 2373 inimicos
2217 2326 2482 2372 numeret.
2525 2316 2771 2387 Magnum
2815 2320 2863 2372 ei
2905 2320 3121 2387 pietatis
3154 2323 3396 2375 testimo-

1829 2410 1973 2463 nium
2019 2410 2238 2473 tribuit,
2274 2426 2394 2465 cum
2427 2421 2640 2463 veretur
2682 2425 2750 2465 ne
2793 2411 3236 2468 altercationibus
3276 2418 3398 2482 epi-

1829 2517 2111 2570 scoporum
2145 2502 2453 2556 vulneretur
2492 2503 2635 2558 illius
2673 2503 2870 2568 anima,
2910 2522 3025 2575 quae
3053 2498 3183 2573 pura
3220 2510 3398 2563 suain

1830 2592 1993 2645 Deum
2041 2594 2230 2660 pietate
2284 2594 2560 2661 perfectam
2614 2595 2844 2665 religiosi
2894 2600 3065 2650 cultus
3107 2601 3393 2653 mercedem

1827 2686 2089 2752 percipere
2124 2685 2291 2739 debet.
2327 2685 2430 2740 Sed
2461 2688 2603 2753 quod
2636 2701 2849 2742 omnem
2881 2690 3183 2759 ambigendi
3216 2692 3393 2747 locum

1826 2777 2128 2847 praeludit,
2161 2778 2300 2832 idem
2332 2787 2416 2832 est
2466 2777 2556 2831 ille
2584 2792 2804 2847 passes,
2838 2793 2997 2847 quem
3037 2781 3263 2835 Basilius
3292 2786 3394 2837 hoc

1827 2883 1970 2922 anno
2000 2866 2105 2922 572
2142 2869 2399 2937 dignitate
2426 2867 2687 2936 dejectutn
2715 2884 2898 2923 mense
2921 2869 3056 2925 Maio
3081 2883 3173 2926 aut
3204 2871 3392 2941 Junio,

1823 2966 1880 3012 et
1916 2958 1968 3012 in
1998 2958 2234 3028 periculo
2262 2975 2365 3013 non
2398 2957 2501 3012 levi
2532 2959 2880 3012 constitutum
2912 2960 3215 3030 Sophronio
3248 2979 3394 3017 eom-

1827 3050 2066 3107 meudat.
2111 3048 2263 3116 Quod
2297 3051 2439 3102 enim
2473 3048 2538 3103 de
2566 3047 2693 3102 Elia:
2721 3051 2918 3117 pietate
2951 3062 3006 3104 et
3036 3054 3267 3107 amicitia
3302 3070 3390 3109 se-

158 3142 519 3210 discessisset,
550 3154 639 3197 aut
684 3143 869 3199 saltem
925 3157 1045 3214 post
1087 3156 1333 3198 vexatam
1359 3146 1425 3199 ab
1460 3159 1525 3198 eo
1551 3145 1725 3199 Cgpsa-
1750 3164 1794 3221 ο
1826 3155 1948 3193 cum
1980 3140 2341 3195 intercedente
2368 3140 2576 3194 dixerat
2600 3143 2649 3195 in
2680 3143 2903 3212 epiStola
2928 3143 3016 3209 94,
3050 3145 3187 3199 idem
3216 3146 3283 3200 de
3307 3147 3395 3203 illo)

158 3252 320 3293 ream.
369 3235 428 3290 ld
460 3238 604 3293 enim
644 3237 880 3291 indicare
920 3236 1087 3306 possit
1117 3246 1271 3290 cauta
1318 3245 1373 3290 et
1402 3234 1626 3292 obscura
1659 3238 1722 3291 de

156 3332 532 3399 persecutione
576 3329 825 3400 loquendi
869 3331 1027 3384 ratio.
1073 3329 1362 3398 Comparat
1394 3329 1536 3383 enim
1569 3327 1723 3381 Basi-

157 3419 253 3473 lius
293 3420 553 3476 Ecclesia:
589 3420 728 3473 mala
772 3434 891 3473 cum
940 3418 1221 3487 naufragio
1267 3419 1457 3487 partim
1498 3420 1566 3471 ob
1596 3433 1725 3471 cau-

158 3526 264 3566 sam
290 3522 577 3567 externam
606 3524 755 3563 mare
792 3511 1151 3579 exagitantem
1182 3517 1405 3574 exorto,
1437 3509 1630 3579 partim
1655 3508 1724 3562 ob

156 3604 526 3675 navigantium
574 3604 676 3657 sibi
727 3602 952 3657 invicem
991 3602 1321 3656 obstantium
1360 3601 1725 3671 perturbatic-

159 3711 295 3751 aeto.
329 3696 468 3751 Tum
510 3694 652 3749 addit
687 3707 748 3749 se
791 3693 841 3747 in
881 3692 979 3746 hac
1022 3691 1371 3747 similitudine
1405 3705 1714 3747 sermonem

155 3790 497 3857 concludere,
552 3802 673 3841 cum
708 3800 805 3840 nec
832 3783 1114 3839 Athanasii
1158 3783 1441 3853 prudentia
1491 3782 1720 3849 amplius

155 3884 444 3951 quidquam
477 3879 751 3948 requirat,
797 3890 897 3930 nec
953 3890 1133 3929 rerum
1179 3882 1351 3928 status
1382 3873 1473 3927 det
1515 3872 1722 3927 dicendi

156 3973 481 4027 libertatem.
513 3970 759 4025 Nondum
780 3974 928 4021 certe
950 3967 1183 4020 redierat
1203 3966 1366 4019 Roma
1387 3962 1717 4028 Dorotheus;

156 4068 245 4121 sed
290 4066 446 4121 brevi
497 4077 620 4118 eum
671 4060 967 4115 rediturum
1023 4059 1281 4128 sperabat
1331 4056 1584 4121 Basilius,
1632 4056 1721 4123 qui

157 4158 513 4214 Athanasium
547 4166 715 4225 rogat,
744 4163 803 4208 ut
830 4152 1043 4209 litteras
1071 4152 1172 4207 sibi
1201 4152 1267 4205 ad
1294 4152 1574 4221 episcopos
1600 4150 1723 4203 mit-

157 4261 232 4306 tat
264 4253 343 4307 vel
382 4267 483 4322 per
531 4248 761 4319 aliquem
806 4262 838 4302 e
884 4246 1026 4301 clero
1067 4245 1461 4310 Alexandrino,
1506 4244 1586 4298 vel
1628 4258 1722 4313 per

155 4345 481 4402 Dorotheum
535 4344 838 4399 diaconum.
908 4339 1060 4394 Hanc
1118 4349 1294 4393 tamen
1346 4336 1720 4391 Tillemoutius

155 4439 429 4508 epistolam
469 4451 613 4493 anno
643 4436 738 4490 571
785 4434 1041 4503 scriptam
1085 4439 1258 4501 putat,
1296 4439 1582 4498 antequam
1613 4426 1720 4480 Do-

156 4533 369 4587 rotbeus
405 4546 476 4585 ex
514 4529 691 4598 primo
722 4528 913 4583 itinere
936 4524 1315 4580 Alexandriam
1367 4530 1618 4591 suscepto
1664 4520 1717 4574 in
1752 4510 1797 4566 D

157 4623 553 4695 Cappad0ciam
587 4623 859 4676 rediisset.
892 4617 997 4673 Sed
1036 4621 1102 4673 ad
1132 4632 1194 4673 ea
1225 4632 1345 4687 qua:
1375 4616 1717 4685 praesentiam

154 4714 391 4771 Valentis
430 4721 530 4769 aut
578 4713 769 4768 saltem
820 4711 1124 4782 graviorem
1170 4710 1596 4781 persecutionem
1640 4708 1722 4760 iu-

152 4810 327 4864 dicare
378 4806 629 4879 possint,
680 4806 808 4860 illud
871 4804 1034 4860 etiam
1087 4803 1331 4865 accedit,
1382 4802 1523 4872 quod
1564 4800 1722 4853 Basio

155 4901 254 4955 lius
278 4902 331 4956 in
361 4903 466 4955 bac
497 4898 748 4969 epistola,
775 4908 831 4951 nt
851 4898 962 4968 jam
990 4896 1417 4960 observavimus,
1455 4907 1713 4949 consecu-

154 5004 265 5049 tum
294 5009 353 5049 se
379 5007 509 5048 esse
549 4993 761 5048 nuntiet
793 4991 843 5045 id
871 4991 1012 5060 quod
1046 4991 1100 5046 in
1138 4988 1363 5060 epistola
1398 5003 1541 5042 anno
1586 5002 1714 5055 pne.

154 5088 309 5143 terito
340 5087 546 5156 scripta
584 5084 822 5139 futurum
864 5083 1150 5152 sperabat,
1179 5091 1238 5136 ut
1261 5095 1449 5135 omnes
1475 5078 1716 5133 Athana-

152 5180 215 5235 sit
237 5178 444 5249 judicio
493 5176 840 5248 paciﬁcanda:
868 5174 1119 5231 Ecclesia:
1157 5174 1372 5230 modum
1413 5172 1721 5228 committe-

153 5282 291 5329 rent.
344 5270 618 5327 Praeterea
654 5270 779 5325 huic
796 5269 978 5324 Basilii
1013 5266 1251 5336 epistola:
1285 5280 1600 5337 responsum
1633 5262 1718 5317 af-

151 5366 289 5423 feret
322 5364 500 5421 Roma
550 5361 766 5418 rediens
808 5360 1145 5427 DorOtbeus,
1198 5368 1258 5414 ut
1306 5358 1465 5413 modo
1511 5355 1720 5413 videbi-

152 5475 306 5607 m‘lll:
337 5550 567 5607 Plurimi
599 5549 850 5612 interest,
880 5547 1000 5618 quis
1022 5545 1418 5617 Cappadociam
1452 5545 1553 5601 hoc
1576 5556 1722 5596 anno

218 5782 297 5855 (ο)
335 5782 434 5855 Ep.
470 5780 539 5836 82

392 5875 659 5935 Pnaos.
710 5872 829 5934 Gn.
879 5867 1118 5932 XXIX.

1825 3232 2053 3299 praeside
2104 3230 2363 3299 dignitate
2420 3232 2649 3303 spoliato
2709 3243 2937 3289 testatur
2991 3237 3042 3289 iu
3105 3238 3264 3306 epist.
3303 3238 3396 3307 9d,

1824 3339 1945 3378 cum
1976 3338 2098 3377 eum
2133 3324 2441 3381 elaborasse
2472 3336 2718 3392 testatur,
2754 3336 2815 3381 ut
2848 3344 2927 3381 res
2963 3328 3390 3385 Christianorum

1823 3421 1891 3469 ad
1929 3417 2196 3485 antiquum
2236 3418 2394 3472 decus
2446 3429 2728 3484 revocaret,
2781 3420 2835 3473 id
2888 3430 2990 3486 est,
3040 3430 3098 3475 ut
3145 3421 3392 3478 Ineresim

1823 3521 2089 3566 everteret
2131 3524 2186 3565 et
2230 3528 2414 3580 pacem
2448 3514 2591 3567 inter
2626 3512 2929 3567 Catholicos
2965 3514 3255 3569 stabiliret.
3299 3515 3393 3569 llis

1822 3606 1967 3658 enim
2014 3606 2171 3658 rebus
2220 3606 2495 3671 antiquum
2525 3603 2778 3658 Ecclesia:
2829 3606 2993 3657 decus
3034 3604 3211 3656 metiri
3264 3604 3401 3659 solet

1824 3695 2076 3760 Basilius,
2126 3702 2185 3746 ut
2216 3696 2539 3764 perspicitur
2566 3710 2631 3748 es
2666 3700 2825 3779 epist.
2850 3694 2940 3749 92.
2975 3694 3243 3750 Prreterea
3269 3712 3402 3766 pra:-

1824 3795 1917 3835 ses
1949 3781 2038 3835 ille
2060 3820 2075 3844 ,
2110 3780 2194 3834 cui
2243 3782 2494 3850 abrogata
2527 3781 2763 3851 dignitas
2803 3797 2986 3837 mense
3016 3784 3155 3836 Maio
3186 3796 3280 3838 aut
3306 3782 3404 3840 Ju-

1826 3873 1916 3928 nio
1963 3871 2118 3940 hujus
2144 3874 2271 3927 atmi
2302 3872 2428 3941 372,
2465 3872 2861 3944 Cappadociam
2894 3875 3217 3932 brevissimo
3262 3881 3403 3935 rexit

1824 3975 2085 4036 tempore,
2123 3981 2221 4022 nec
2247 3981 2365 4021 eam
2409 3968 2544 4022 alius
2570 3976 2694 4020 ante
2724 3968 2873 4022 illum
2910 3981 3127 4025 rexerat
3149 4011 3164 4033 ,
3196 3986 3260 4025 ex
3289 3987 3403 4041 quo

1823 4068 1902 4115 tot
1942 4059 2095 4113 malis
2127 4068 2182 4114 et
2228 4061 2489 4115 aerumnis
2529 4056 2731 4114 aﬂlicta
2762 4071 2899 4114 erat.
2945 4061 3094 4115 Unde
3124 4062 3355 4119 Basiliss
3384 4082 3400 4122 :

1823 4151 2009 4207 Patria
2041 4160 2221 4206 nostra
2273 4168 2364 4219 per
2395 4153 2657 4207 somnium
2685 4152 2857 4207 ditata
2887 4166 2996 4219 est,
3046 4158 3155 4210 uiro
3198 4160 3403 4227 quidem

1821 4245 2119 4308 commissa,
2160 4244 2366 4315 qualem
2398 4261 2501 4299 non
2550 4246 2711 4299 alium
2746 4248 2925 4301 dicunt
2963 4250 3052 4318 qui
3088 4266 3167 4304 res
3204 4263 3403 4308 nostras

1820 4337 2215 4407 antiquissimus
2261 4339 2454 4405 sciunt,
2490 4340 2544 4393 in
2574 4341 2790 4394 rectoris
2825 4344 2996 4397 sedent
3022 4348 3400 4411 conscendisse,

1822 4434 1911 4486 sed
1941 4434 2047 4486 cito
2075 4449 2135 4486 eo
2165 4433 2373 4502 privata
2410 4434 2740 4503 improbitate
2771 4439 3172 4505 nonnullorum,
3214 4444 3304 4512 qui
3338 4460 3402 4496 ea:

1825 4524 1966 4578 illius
1994 4525 2155 4579 libero
2184 4533 2233 4580 et
2267 4530 2439 4581 nescio
2468 4530 2834 4583 assentationis
2871 4532 3045 4584 animo
3075 4549 3257 4585 ansam
3283 4534 3401 4586 belli

1826 4616 1874 4668 ei
1905 4615 2165 4684 inferendi
2188 4620 2522 4685 arripuerunt
2555 4629 2600 4671 et
2622 4620 2913 4673 calumnias
2941 4624 2987 4672 ei
3012 4622 3394 4679 instruxerunt.

1827 4705 1893 4760 Et
1918 4716 2099 4776 postea
2128 4727 2142 4763 :
2178 4708 2307 4773 Qua:
2330 4725 2393 4763 ne
2413 4710 2590 4764 multis
2613 4711 2821 4781 quidem
2847 4712 2999 4765 annis
3021 4712 3085 4770 ab
3108 4715 3214 4766 alio
3240 4716 3395 4782 ﬁant,

1829 4798 1939 4853 ham
1969 4799 2104 4853 brevi
2134 4810 2357 4869 tempore
2383 4801 2447 4853 ab
2480 4818 2536 4857 eo
2569 4803 2820 4871 perfecta.
2876 4801 2922 4858 Is
2948 4819 3075 4873 ergo
3109 4805 3245 4861 alius
3276 4823 3400 4867 essu

1830 4908 1935 4947 non
1968 4902 2164 4962 potest,
2199 4909 2360 4963 quam
2395 4894 2561 4959 Elias,
2589 4894 2680 4965 qui
2712 4895 3099 4965 Cappadociam
3126 4900 3395 4956 molestis-

1827 4985 1964 5040 simo
1992 4986 2273 5040 divisionis
2304 4995 2545 5055 tempore
2581 4988 2867 5057 regendam
2919 4992 3199 5060 suscepit;
3238 4993 3396 5062 idque

1829 5077 2175 5139 conﬁrmant,
2212 5093 2331 5147 qua:
2367 5079 2433 5133 de
2465 5079 2672 5134 duobus
2711 5081 2829 5133 aliis
2881 5082 3201 5152 praesidibus
3246 5084 3400 5141 dice-

1827 5184 1971 5235 mus,
2003 5167 2241 5222 Maximo
2279 5179 2332 5224 et
2358 5169 2659 5240 Antipatro,
2692 5187 2921 5242 quorum
2956 5174 3092 5230 alter
3127 5178 3228 5231 hoc
3253 5192 3401 5233 anno

1828 5266 1972 5319 circa
1997 5262 2216 5319 Junium
2246 5280 2502 5327 mensem,
2536 5265 2675 5319 alter
2722 5282 2864 5322 anno
2900 5269 3006 5324 575
3040 5272 3186 5324 circa
3210 5272 3398 5340 Angu-

1829 5366 1971 5411 stum
1999 5370 2237 5411 mensem
2272 5356 2629 5426 gubernacula
2665 5358 3019 5429 Cappadociae
3058 5364 3225 5434 cepit.
3268 5363 3396 5419 Plu-

1827 5448 1977 5503 ribus
2006 5448 2126 5502 aliis
2172 5446 2421 5503 laudibus
2459 5448 2631 5501 virum
2670 5462 2897 5505 exornat
2938 5452 3198 5518 Basilius;
3250 5454 3397 5509 solus

1829 5555 1947 5595 esse
1969 5541 2268 5605 videbatur,
2296 5541 2384 5610 qui
2409 5541 2701 5613 provincias
2726 5544 2946 5598 vulnera
2973 5560 3168 5603 sanare
3191 5554 3397 5618 posset,

1907 5770 1982 5842 to)
2019 5770 2112 5841 Ep.
2144 5768 2229 5835 7t,
2270 5769 2357 5823 τε.
