4074 6312
674 325 872 367 LXXXVI

2038 318 2565 376 PROLEGOMENA.

676 432 921 485 sincerus
950 443 1085 498 aequ.
1121 440 1321 492 custos,
1348 428 1582 485 aﬂ‘abilis
1614 434 1860 502 injuriam
1893 438 2237 500 patientibus,
2270 444 2313 498 Α
2346 439 2500 494 facile
2529 456 2794 495 summum
2838 441 2985 497 illum
3019 442 3214 507 virum,
3252 445 3443 513 Eliam,
3491 462 3775 519 agnosces,
3819 451 3921 519 qui

676 523 935 578 terribilis
981 521 1439 589 delinquentibus,
1471 526 1750 593 :equabilis
1792 536 1843 582 et
1878 528 2016 582 idem
2052 546 2243 601 paupe-

679 618 827 672 ribus
870 624 921 669 et
969 614 1243 668 divitibus.
1299 614 1449 681 Quod
1494 628 1673 671 autem
1729 636 1755 673 a
1794 624 2104 678 muneribus
2130 638 2244 675 om-

678 711 822 763 nium
854 707 1086 760 maxime
1130 706 1482 771 abhorrebat,
1531 710 1581 763 id
1634 722 1690 765 ut
1741 712 1908 766 levius
1940 716 2147 769 czeteris
2179 715 2240 767 il-

677 800 778 853 lius
830 797 1112 851 virtutibus
1173 800 1696 863 prcetcrmittemlum
1754 803 2049 859 videbatur.
2112 807 2241 859 (Eum

676 891 926 945 eximiam
962 890 1089 949 Elia:
1116 888 1343 962 elligiem
1396 893 1476 946 his
1522 894 1790 950 color-ibus
1840 898 2105 966 depictam
2152 901 2243 953 ha-

674 986 917 1050 beamus,
956 984 1168 1040 facilius
1197 985 1447 1039 nonnulla
1477 987 1542 1041 ad
1573 1005 1693 1043 eum
1724 990 2044 1060 pertinentia
2090 994 2241 1047 dein-

674 1089 799 1142 ceps
828 1074 1223 1144 dignoscemus.

745 1165 831 1221 IV.
866 1168 965 1221 Tot
994 1184 1054 1221 ac
1086 1178 1230 1222 tanta
1267 1170 1523 1223 virtutum
1553 1180 1873 1226 ornamenta
1912 1173 2118 1227 animos
2149 1174 2239 1228 ad-

674 1261 925 1315 diderunt
952 1260 1171 1327 Basilio,
1203 1272 1281 1327 ut,
1317 1278 1435 1315 cum
1467 1262 1534 1316 ab
1577 1265 1692 1333 ipso
1724 1267 1988 1333 praiside,
2023 1276 2131 1319 tum
2176 1268 2241 1320 ab

676 1353 761 1414 iis,
813 1354 901 1420 qui
937 1355 1035 1407 sub
1085 1353 1200 1421 ipso
1235 1355 1469 1421 aliquam
1505 1355 1991 1413 administrationis
2035 1370 2239 1427 partem

672 1443 967 1512 gerebant,
1019 1445 1182 1497 multa
1231 1454 1472 1512 peteret,
1507 1462 1570 1500 ac
1617 1447 1785 1505 libere
1818 1453 2159 1515 admoneret,
2196 1454 2239 1506 si

672 1538 797 1606 quid
840 1539 950 1591 fieri
992 1536 1201 1591 videret
1243 1553 1348 1591 non
1382 1541 1595 1594 decore.
1644 1539 1781 1597 Hinc
1812 1546 2129 1598 censiturem
2164 1544 2239 1615 (τι)

672 1628 954 1691 hortatur,
1012 1644 1169 1698 quem
1228 1629 1365 1683 fama
1416 1632 1585 1702 magis
1638 1651 1797 1705 quam
1855 1638 2243 1693 consuetudine

672 1731 915 1786 noverat,
944 1733 1021 1787 ut,
1041 1738 1162 1776 cum
1190 1724 1452 1789 ejusmodi
1483 1741 1678 1781 munus
1708 1729 2021 1796 susceperit,
2056 1729 2105 1782 in
2137 1746 2242 1799 quo

674 1816 1071 1885 Cappadociam
1103 1816 1322 1868 omnino
1354 1815 1469 1871 solo
1500 1829 1766 1887 arquatum
1798 1819 2100 1876 instaurare
2127 1838 2243 1892 pos-

671 1912 760 1976 sit,
816 1912 1132 1964 miserorum
1182 1925 1451 1967 aerumnas
1493 1915 1719 1977 allevet',
1773 1917 1928 1985 eique
1961 1934 2240 1975 commen-

670 2004 762 2056 dat
794 2018 944 2056 suam
978 2003 1264 2071 quamdam
1308 2005 1735 2073 possessionem,
1765 2022 1883 2077 quae
1921 2013 2061 2065 circa
2098 2013 2239 2067 C'ha-

672 2110 954 2148 manenetn
982 2095 1086 2147 sita
1118 2096 1336 2150 tributis
1366 2096 1715 2164 premebatur
1752 2118 1765 2153 :
1807 2116 1957 2155 suam
1989 2116 2239 2173 peracute

671 2202 891 2253 vocans,
926 2202 1041 2257 qua:
1067 2198 1183 2241 erat
1216 2188 1370 2240 unius
1397 2202 1460 2241 ex
1491 2189 1703 2245 amicis.
1741 2192 1952 2262 Scripta
1985 2196 2096 2251 haec
2122 2198 2235 2265 cpi--

670 2279 804 2332 stola
835 2295 937 2332 non
980 2278 1149 2332 multo
1179 2288 1298 2347 post
1322 2278 1643 2336 divisionem
1673 2282 2042 2352 Cappadociae,
2077 2303 2234 2355 quam

666 2368 929 2434 Basilius,
979 2377 1035 2421 ut
1084 2369 1291 2423 recenti
1335 2370 1512 2426 adhuc
1550 2374 1772 2427 vulnere
1801 2417 1815 2441 ,
1870 2377 2076 2429 omnino
2124 2378 2234 2431 solo

667 2471 928 2534 cognatam
958 2461 1252 2516 existiiuat.

741 2554 1009 2625 Scriptam
1035 2556 1301 2608 credimus
1324 2554 1387 2607 ad
1410 2555 1574 2608 Eliam
1600 2556 1878 2625 epistolam
1903 2571 2232 2629 sequentem.

666 2648 717 2704 ls
742 2650 1070 2719 provinciam
1112 2649 1181 2699 ita
1226 2645 1473 2701 aﬂlictam
1510 2658 1564 2703 et
1613 2650 1966 2705 deformatam
2011 2670 2233 2725 accepe—

664 2748 778 2803 rat,
810 2748 885 2805 ut,
922 2740 1166 2808 quamvis
1207 2755 1396 2797 omnes
1442 2758 1568 2797 suas
1612 2746 1965 2815 cogitationes
2006 2751 2072 2804 ad
2117 2766 2234 2805 eam

662 2833 1045 2887 sublevandam
1084 2833 1351 2897 incitaret,
1385 2836 1639 2888 nonnulla
1687 2847 1863 2892 tamen
1906 2840 2111 2894 faceret
2157 2845 2236 2896 in-

662 2927 829 2992 vitus,
872 2936 964 2981 aut
1008 2926 1121 2982 fieri
1168 2927 1403 2990 sineret,
1445 2927 1611 2997 ipsius
1670 2931 1990 2985 humanitati
2043 2949 2232 3001 parum

664 3020 1041 3088 congruentia.
1074 3020 1270 3075 Senem
1302 3019 1587 3090 quemdam
1617 3036 1737 3076 cum
1766 3023 2001 3091 diploma
2030 3026 2231 3096 regium

2347 547 2504 599 supra
2541 533 2723 588 Basilii
2759 535 3007 601 penicillo
3045 538 3286 608 depictus
3313 551 3417 593 est.

2419 624 2588 677 Tanta
2636 636 2752 680 erat
2790 626 2874 680 his
2925 630 3260 697 temporibus
3307 631 3586 689 calamitas
3630 632 3917 702 Cappado-

2347 723 2461 785 ciae,
2502 728 2557 771 ut
2588 736 2688 774 una
2731 737 2824 774 vox
2858 721 3058 790 ubique
3093 726 3406 783 audiretur,
3452 736 3767 779 exacturum
3796 763 3812 788 ,
3860 730 3921 776 et

2346 826 2529 865 eorum
2565 828 2593 863 a
2624 816 2818 880 quibus
2846 814 3161 883 exigebatur
3189 858 3204 880 ,
3251 817 3448 885 quique
3483 813 3708 883 flagellis
3741 815 3923 871 caade-

2348 904 2567 968 bantur,
2603 914 2661 956 ut
2698 915 2930 960 testatur
2965 904 3194 959 Basilius
3226 907 3278 960 in
3310 907 3468 976 epist.
3499 903 3588 963 74.
3628 921 3679 958 u.
3709 907 3763 959 5.
3815 903 3920 960 Vi-

2346 998 2503 1053 detur
2551 997 2836 1054 molesmm
2888 997 3016 1055 illud
3056 1008 3270 1066 tempus
3321 1012 3542 1068 pravam
3596 996 3735 1050 hanc
3787 1012 3923 1053 con-

2346 1090 2681 1143 suetudinem
2726 1090 3001 1144 induxisse
3034 1088 3117 1143 vel
3153 1087 3341 1142 saltem
3374 1087 3612 1149 auxisse,
3640 1094 3697 1137 ut
3729 1086 3922 1141 rustici

2345 1184 2412 1237 ob
2447 1182 2725 1253 vectigalia
2763 1198 2813 1235 tn
2852 1183 3229 1252 jusjurandum
3255 1179 3615 1249 adigerentur.
3670 1174 3787 1230 Non
3822 1181 3923 1232 de-

2345 1277 2553 1333 sinebat
2580 1276 2809 1331 Basilius
2860 1276 2912 1328 in
2963 1277 3107 1329 onmi
3162 1282 3426 1329 conventu
3479 1281 3533 1326 ct
3583 1275 3633 1325 in
3686 1268 3921 1339 privatis

2346 1371 2625 1440 colloquiis
2648 1370 2749 1424 hoc
2787 1367 2973 1421 vitium
3009 1368 3307 1431 insectari;
3349 1364 3440 1419 sed
3494 1366 3708 1419 tandem
3753 1377 3817 1417 ea
3848 1361 3919 1415 de

2346 1478 2404 1516 re
2437 1461 2781 1517 scribendum
2821 1475 2939 1515 esse
2993 1460 3140 1514 duxit
3181 1461 3246 1513 ad
3294 1458 3615 1514 censitorem
3648 1457 3734 1527 (nd
3773 1457 3919 1509 hunc

2343 1554 2487 1609 enim
2534 1557 2730 1625 scripta
2771 1553 2984 1606 videtur
3026 1552 3139 1605 inec
3193 1553 3415 1619 cpistola
3450 1550 3517 1605 85
3562 1549 3918 1617 inscriptione

2344 1650 2614 1719 carens),
2664 1648 2748 1703 cui
2807 1647 3145 1700 demonstrat
3220 1645 3321 1698 hoc
3382 1641 3757 1713 jusjurandum
3812 1654 3919 1694 nec

2344 1741 2693 1809 vectigalibus
2718 1740 2974 1810 prodesse
3001 1748 3055 1793 et
3081 1738 3445 1794 certissimam
3478 1734 3773 1801 perniciem
3798 1734 3916 1785 ani-

2345 1832 2532 1885 mabus
2569 1834 2787 1886 inferre.

2410 1922 2537 1975 Erat
2568 1922 2868 1976 Dorotheus
2901 1922 3202 1991 presbyter,
3235 1926 3292 1973 ut
3320 1931 3482 1985 supra
3519 1918 3773 1980 vidimus,
3808 1912 3916 1967 Ba-

2343 2014 2445 2068 silii
2496 2015 2857 2070 collactancus
2896 2034 2907 2068 :
2942 2014 3026 2067 cui
3078 2029 3196 2066 cum
3253 2011 3602 2073 frumentum,
3650 2009 3792 2079 quod
3845 2005 3915 2059 ad

2344 2106 2705 2159 necessarium
2736 2104 2857 2158 vita:
2895 2119 3048 2157 usum
3083 2101 3333 2164 habebat,
3375 2099 3591 2168 quidam
3622 2099 3673 2152 in
3705 2095 3915 2151 Berisia

2343 2197 2708 2264 diripuissent,
2757 2206 2908 2267 rogat
2936 2194 3161 2249 Basilius
3188 2191 3259 2261 (ὁ)
3293 2190 3634 2261 przepositum
3670 2190 3815 2258 pagi,
3849 2196 3911 2240 ut

2344 2287 2469 2341 illud
2518 2289 2801 2343 restituere
2828 2297 3123 2355 cogantur,
3155 2299 3256 2338 nec
3290 2283 3369 2337 eis
3422 2281 3579 2335 liceat
3603 2280 3815 2348 culpam
3854 2281 3909 2333 in

2341 2378 2476 2431 alios
2505 2379 2749 2447 rejicere.

2409 2469 2689 2524 Manifesta
2724 2478 2805 2524 est
2845 2470 3087 2539 epistolae
3137 2464 3479 2538 octogesima:
3521 2471 3686 2519 sexta:
3715 2474 3911 2516 neces-

2339 2562 2517 2616 situdo
2562 2576 2681 2615 cum
2713 2562 3038 2631 octogesima
3083 2562 3309 2627 septima
3338 2600 3352 2624 ,
3395 2574 3515 2629 qua:
3558 2568 3610 2611 et
3652 2557 3704 2610 in
3756 2554 3911 2608 codi-

2338 2657 2489 2712 cibus
2539 2656 2821 2712 l‘larlceano
2872 2663 2925 2710 et
2970 2654 3230 2709 Vaticano
3277 2662 3332 2705 et
3380 2652 3621 2721 pluribus
3669 2649 3793 2704 aliis
3832 2648 3913 2702 al-

2340 2758 2509 2802 teram
2558 2748 2807 2817 sequitur
2847 2761 2969 2801 cum
3030 2744 3134 2799 hac
3173 2744 3568 2811 inscriptione,
3613 2743 3754 2811 ὑπὲρ
3800 2739 3914 2791 τῶν

2338 2842 2515 2894 αὐτῶν
2543 2882 2557 2906 ,
2600 2844 2664 2895 de
2697 2841 2881 2894 iisdem
2920 2840 3114 2902 rebus;
3166 2846 3221 2891 et
3262 2851 3445 2889 revera
3492 2835 3554 2888 de
3580 2833 3768 2887 eodem
3802 2831 3915 2900 agit

2337 2934 2683 3001 presbytero,
2715 2931 2805 2999 qui
2840 2927 2984 2998 quod
3031 2927 3247 2981 unicum
3284 2925 3518 2980 habebat
3551 2925 3671 2979 vita:
3705 2931 3917 2978 susten-

2337 3024 2511 3075 tanda:
2549 3021 2878 3089 praesidium,
2915 3032 2979 3073 eo
3013 3017 3274 3088 spoliatus
3312 3028 3412 3073 est.
3445 3016 3623 3083 Quare
3654 3030 3777 3069 cum
3807 3011 3915 3064 Ba-

661 3110 891 3179 publicis
917 3113 1227 3167 muneribus
1248 3121 1547 3177 exemerat,
1594 3123 1701 3168 tum
1745 3116 1856 3185 ipsa
1897 3125 2021 3171 ante
2057 3131 2232 3189 regem
2264 3131 2308 3195 ε
2338 3114 2489 3169 silius
2521 3116 2663 3169 dicat
2695 3114 2745 3168 in
2783 3112 3007 3183 epistola
3052 3114 3378 3183 octogesima
3418 3112 3639 3179 septima
3675 3123 3731 3161 se
3769 3108 3912 3161 scri-

663 3212 912 3255 senectus
958 3202 1351 3257 immunitatem
1395 3205 1636 3258 dederat.
1671 3207 1994 3262 Beuelicium
2031 3213 2234 3280 regium

660 3295 1323 3365 conlirmaveratprmses,
1368 3296 1463 3350 sed
1514 3310 1636 3351 eum
1676 3313 1864 3352 rursus
1908 3301 2011 3353 alia
2047 3305 2131 3354 via
2183 3304 2233 3357 in

661 3387 875 3455 negotia
910 3397 1274 3455 protraxerat,
1315 3388 1456 3443 illius
1492 3398 1706 3459 nepote,
1744 3388 1833 3455 qui
1868 3391 2101 3443 nondum
2133 3407 2233 3445 an-

657 3492 754 3530 nos
788 3489 1019 3545 quatuor
1051 3490 1208 3531 natus
1242 3492 1356 3533 erat
1379 3519 1394 3544 ,
1447 3480 1611 3535 cut-ite
1654 3480 1889 3535 addicto.
1942 3479 2075 3533 Nam
2111 3497 2230 3535 cum

659 3568 919 3635 puerulus
965 3568 1104 3623 inter
1127 3570 1355 3624 curiales
1388 3571 1655 3626 recenseri
1704 3586 1809 3627 non
1864 3582 2080 3642 posset,
2134 3587 2233 3626 nec

660 3662 857 3715 tributa
889 3663 1188 3729 colligere,
1237 3674 1329 3716 aut
1366 3665 1625 3719 militibus
1670 3681 1939 3719 annonam
1976 3666 2229 3735 suppedi-

659 3764 814 3820 tare;
845 3770 1067 3809 necesse
1111 3764 1227 3807 erat
1280 3757 1461 3809 miseri
1504 3758 1654 3811 senis
1701 3759 1956 3812 canitiem
2000 3758 2231 3813 dedeco-

659 3845 800 3909 rari,
843 3855 897 3898 et
925 3846 1065 3913 quod
1105 3846 1341 3899 solamen
1384 3846 1638 3901 orbitatis
1684 3861 1803 3901 esse
1852 3850 2135 3913 debuerat,
2182 3851 2232 3903 id

657 3936 703 3988 ei
735 3936 786 3989 in
810 3937 1151 3990 occasionem
1179 3936 1655 3991 innumerabilium
1678 3938 1940 3993 malorum
1964 3941 2228 3995 converti.

658 4029 845 4099 Itaque
874 4029 1123 4094 Basilius,
1174 4032 1265 4100 qui
1310 4046 1595 4086 commune
1645 4031 1945 4102 perfugium
1979 4043 2099 4087 erat
2131 4032 2231 4087 nti-

658 4140 927 4187 scrorum,
979 4133 1033 4177 et
1068 4124 1289 4192 parvulo
1324 4133 1379 4179 et
1412 4124 1524 4178 seni
1574 4125 2004 4179 misericordiam
2033 4126 2225 4196 praesi-

656 4216 739 4267 dis
773 4215 1042 4283 implorat.

736 4304 858 4357 llaec
888 4314 1066 4357 autem
1095 4302 1402 4373 contigisse,
1438 4319 1559 4358 cum
1580 4304 1939 4362 Caesariensis
1971 4308 2103 4361 ordo
2133 4307 2227 4361 ab-

658 4396 782 4451 latis
824 4396 1095 4467 plerisque
1144 4398 1551 4467 magistratibus
1581 4413 1719 4467 pene
1752 4400 2102 4461 concidisset,
2144 4400 2226 4455 vel

2340 3208 2507 3273 psisse
2538 3206 2602 3259 ad
2640 3207 2985 3276 przepositum
3041 3206 3264 3275 patriae,
3319 3203 3441 3257 inde
3483 3201 3782 3271 colligimus
3840 3198 3910 3251 ad

2338 3296 2480 3352 hunc
2510 3300 2851 3367 praapositum
2887 3298 3149 3368 scriptam
3187 3310 3307 3351 esse
3336 3294 3615 3365 epistolam
3640 3291 3912 3361 octogesi-

2338 3406 2478 3443 mam
2508 3401 2739 3457 sextam,
2762 3401 2817 3447 et
2849 3392 3177 3446 Dorothcum
3212 3388 3311 3443 loci
3346 3388 3513 3452 illius,
3566 3401 3722 3455 quem
3759 3383 3915 3437 Basi-

2335 3478 2438 3531 lius
2474 3482 2706 3547 patriam
2744 3480 2995 3548 appellat,
3032 3479 3405 3551 presbyterum
3442 3475 3629 3530 fuisse.

2412 3567 2705 3637 Utramque
2732 3577 2908 3621 autem
2944 3570 3231 3636 epistolam
3266 3570 3331 3622 ad
3364 3570 3505 3621 hunc
3532 3580 3729 3619 annum
3770 3562 3913 3616 refe-

2338 3665 2526 3728 rimus,
2560 3661 2682 3731 quia
2711 3660 3037 3728 octogesima
3069 3660 3302 3729 septima
3336 3659 3400 3710 ad
3430 3658 3712 3726 praesidem
3738 3654 3913 3707 Etiam

2336 3757 2545 3810 videtur
2575 3754 2791 3823 scripta.
2841 3754 3054 3809 Laudat
3085 3753 3321 3808 Basilius
3365 3750 3417 3803 in
3460 3748 3574 3802 Elia
3598 3790 3613 3815 ,
3649 3758 3706 3802 ut
3749 3763 3914 3817 supra

2338 3848 2588 3911 vidimus,
2628 3863 2893 3902 summam
2932 3848 2985 3901 in
3026 3847 3148 3917 jure
3174 3842 3532 3902 describendo
3564 3840 3912 3910 aequabilita-

2338 3949 2885 4010 tem,,magnumque
2924 3940 3050 3995 tidei
3083 3937 3365 3994 catholica:
3419 3944 3475 3989 et
3524 3934 3674 4004 pacis
3733 3932 3917 3987 eccle-

2332 4030 2565 4086 siastica?
2597 4034 2854 4085 studium.
2912 4032 3089 4098 Quare
3119 4045 3240 4085 cum
3270 4046 3416 4097 eum,
3462 4027 3530 4081 ad
3578 4041 3737 4096 quem
3773 4026 3917 4080 seri--

2331 4123 2410 4177 bit
2464 4120 2743 4191 epistolam
2770 4121 2860 4182 87.
2893 4136 2995 4173 nou
3041 4120 3197 4174 modo
3236 4135 3339 4173 non
3372 4117 3687 4187 permittere
3716 4115 3915 4169 debere

2330 4216 2486 4283 dicit,
2531 4215 2621 4268 sed
2675 4214 2839 4267 etiam
2881 4214 3007 4267 totis
3058 4212 3262 4266 viribus
3296 4211 3561 4279 impedire
3616 4208 3913 4276 quominus

2329 4307 2443 4362 huic
2472 4304 2899 4367 committantur,
2924 4303 3154 4371 maxime
3180 4301 3396 4371 quidem
3434 4300 3486 4353 in
3514 4314 3706 4355 omnes
3734 4297 3913 4351 homi—

2331 4417 2457 4467 nes;
2488 4401 2571 4455 sin
2612 4398 2788 4451 minus
2816 4396 3004 4450 saltem
3033 4403 3222 4449 contra
3250 4396 3616 4464 presbyteros,
3653 4406 3741 4444 eos
3767 4404 3903 4457 pne-

656 4492 828 4559 ipsum
870 4491 1073 4545 clamat
1107 4491 1355 4560 praesidis
1392 4490 1615 4558 factum,
1648 4507 1808 4561 quem
1856 4492 2050 4547 talibus
2087 4509 2228 4563 prte-
2263 4485 2304 4537 Ι)
2333 4496 2510 4549 serum
2534 4533 2548 4557 ,
2581 4492 2781 4561 inquit,
2814 4490 2903 4559 qui
2942 4488 3085 4541 nobis
3114 4488 3385 4540 unanimes
3430 4497 3549 4540 sunt
3588 4494 3636 4540 et
3669 4482 3910 4538 eamdem

656 4586 825 4639 ditum
856 4585 1095 4640 moribus
1119 4624 1135 4649 ,
1170 4584 1357 4653 quales
1386 4584 1644 4653 pr.edicat
1678 4583 1942 4645 Basilius,
1980 4585 2091 4638 sola
2132 4600 2223 4639 ne-

655 4676 881 4729 cessitas
915 4690 1108 4745 cogere
1136 4675 1331 4744 potuit,
1364 4686 1422 4728 ut
1447 4691 1566 4730 cum
1602 4692 1732 4732 sene
1775 4688 1831 4732 et
1866 4678 2006 4732 illius
2036 4689 2229 4747 nepote

656 4768 843 4821 durius
889 4778 1092 4838 ageret.
1151 4768 1354 4823 Deinde
1386 4786 1515 4824 vero
1559 4785 1796 4839 przeses,
1844 4772 1926 4825 cui
1980 4786 2141 4827 senex
2175 4780 2230 4827 et

657 4877 788 4930 puer
820 4863 1270 4916 commendantur
1299 4903 1314 4927 ,
1359 4864 1567 4917 amicus
1617 4872 1736 4917 erat
1780 4863 2003 4939 Basilii,
2054 4872 2112 4917 ut
2162 4878 2227 4917 ex

656 4956 810 5008 initio
843 4963 897 5008 et
943 4954 1046 5008 line
1086 4954 1325 5022 epiStolae
1367 4968 1546 5023 patet,
1580 4970 1644 5011 ac
1681 4970 1891 5009 summa
1922 4955 1973 5009 in
1996 4955 2117 5023 jure
2146 4959 2232 5008 de.-

657 5047 941 5101 scribendo
972 5056 1025 5100 et
1062 5047 1398 5101 calamitosis
1441 5047 1691 5114 iuvandis
1748 5047 2076 5101 constantia.
2131 5045 2229 5099 Mi-

659 5139 805 5193 rifice
830 5139 944 5193 hmc
976 5139 1247 5207 quadrant
1299 5154 1421 5193 cum
1466 5141 1637 5195 libero
1667 5140 1796 5194 Elia:
1826 5149 1880 5193 et
1930 5140 2113 5193 nescio
2143 5154 2227 5193 as-

656 5235 974 5287 sentationis
1006 5239 1201 5287 animo.
1233 5232 1442 5301 Quibus
1486 5236 1735 5290 laudibus
1766 5236 1811 5288 si
1847 5235 2014 5287 addas
2041 5234 2222 5288 Basilii

654 5339 861 5389 votum,
890 5329 1029 5397 quod
1070 5330 1277 5395 prcesidi
1309 5328 1374 5380 ab
1404 5328 1659 5381 omnibus
1698 5329 1842 5381 illius
1883 5326 2225 5379 administra-

657 5420 855 5473 tionem
891 5421 1124 5488 expertis
1167 5420 1348 5475 deberi
1386 5420 1536 5484 dicit,
1578 5432 1631 5472 ut
1674 5423 1813 5474 omni
1842 5421 2107 5473 hominum
2140 5436 2228 5487 ge-

654 5510 763 5563 neri
791 5511 1138 5573 custodiatur,
1173 5512 1509 5579 prmfecturas
1548 5526 1612 5564 ea:
1641 5513 1977 5580 praefecturis
2014 5527 2218 5580 gerens,

653 5613 699 5653 et
726 5600 857 5653 alios
908 5617 1063 5674 atque
1096 5604 1223 5657 alios
1273 5621 1368 5658 sua
1411 5604 1870 5658 administratione
1919 5603 2219 5671 adjuvans;

716 5781 790 5852 (α)
823 5780 917 5850 Ep.
946 5782 1032 5839 85.

2330 4587 2541 4654 pietatis
2577 4586 2712 4638 riam
2747 4584 2969 4645 ineunt;
3008 4580 3141 4645 lucc,
3189 4579 3429 4647 inquam,
3460 4593 3581 4633 cum
3614 4576 3764 4641 dicit,
3798 4588 3908 4628 non

2331 4678 2494 4731 alium
2544 4678 2757 4731 videtur
2807 4674 3007 4742 alloqui
3068 4688 3227 4741 quam
3273 4672 3465 4727 Eliam.
3528 4672 3713 4739 Neque
3759 4670 3907 4724 enim

2334 4771 2496 4823 alium
2529 4770 2790 4823 habemus
2825 4766 3179 4836 Cappadocia:
3217 4766 3523 4835 praesidem,
3562 4763 3703 4833 apud
3735 4777 3905 4832 quem

2336 4864 2450 4917 lure
2482 4860 2908 4931 reprehendendi
2938 4868 2992 4914 et
3039 4858 3450 4914 commendandi
3487 4858 3625 4911 ratio
3654 4855 3906 4909 adhiberi

2332 4955 2594 5023 potuerit.
2631 4952 2971 5021 Perspicitur
3006 4951 3170 5005 etiam
3226 4964 3293 5004 ex
3340 4950 3532 5005 iisdem
3576 4948 3757 5003 verbis
3800 4946 3906 5001 alia

2330 5045 2448 5099 laus
2476 5045 2627 5109 Elite,
2662 5058 2870 5099 summa
2904 5060 3027 5098 cuut
3060 5042 3258 5096 Basilio
3287 5042 3543 5095 amicitia.

2404 5138 2460 5190 in
2510 5138 2757 5206 sequenti
2812 5136 3038 5205 epistola
3083 5133 3150 5188 88
3196 5133 3351 5187 facile
3398 5133 3707 5203 agnoscitur
3762 5133 3903 5187 idem

2334 5229 2510 5292 Elias,
2545 5230 2636 5299 qui
2699 5245 2794 5296 pro
2841 5242 3050 5281 summa
3100 5240 3197 5279 sua
3262 5225 3591 5278 humanitate
3644 5228 3907 5280 hactenus

2338 5322 2713 5391 Cappadocum
2743 5322 2998 5375 misertus
3024 5328 3162 5382 erat,
3194 5329 3248 5373 et
3277 5332 3396 5371 cum
3431 5318 3534 5372 illis
3568 5317 3906 5387 indulgenter

2336 5425 2555 5485 egerat,
2590 5432 2845 5484 nusquam
2896 5434 2928 5469 a
2972 5414 3074 5467 leni
3119 5413 3209 5465 illo
3250 5430 3454 5466 morum
3507 5428 3721 5465 suorum
3766 5422 3908 5464 statu

2334 5511 2601 5562 discedens
2653 5511 2713 5560 ob
2758 5517 2946 5560 metum
2991 5523 3208 5569 eorum,
3262 5522 3383 5568 qua:
3438 5522 3468 5557 a
3514 5503 3907 5557 sublimioribus

2331 5601 2671 5672 potestatibus
2699 5600 3052 5656 imminebant.
3087 5598 3325 5669 Tempus
3356 5598 3518 5653 etiam
3550 5596 3755 5651 ootime
3786 5612 3909 5651 con-

2409 5783 2456 5848 o)
2492 5779 2589 5843 Ep.
2622 5780 2707 5835 36.
