4074 6312
1509 334 1669 390 ἮΤΑ
1713 332 1769 389 S.
1803 328 2074 385 BASILII.

3210 339 3427 381 ιῖ-ηγη

195 468 325 540 gruit.
362 464 491 518 Nam
532 463 793 533 plerique
837 461 1242 532 magistratuum
1282 466 1438 511 erant
1482 456 1533 509 in
1574 456 1735 523 agris.
1771 457 1811 511 Α
1846 450 2043 508 nianis.
2101 446 2185 516 qui
2234 461 2295 499 eo
2337 446 2552 500 nomine
2584 450 2802 497 vocatur
2846 442 2899 497 in
2939 439 3163 509 epistola
3206 441 3427 496 Liberii'.

197 562 300 615 illuc
320 561 451 613 enim
483 564 861 619 secesserant,
917 563 971 606 ut
1001 553 1232 605 vidimus
1268 552 1321 603 in
1369 546 1739 616 superioribus

195 652 401 722 epistolis
431 651 531 721 (tt),
571 650 821 703 animum
850 649 900 699 in
932 656 1006 699 tot
1042 643 1295 697 aerumnis
1324 641 1736 709 despondentes.

196 747 305 801 Cum
333 756 505 798 autem
545 747 1004 811 appropinquaret
1048 747 1291 805 tempus,
1342 735 1481 803 quod
1528 732 1593 785 ad
1632 730 1741 784 sol-

198 839 397 893 tendum
434 850 627 887 aurum
672 830 1107 899 comparatitium
1156 826 1633 894 prmstituebatur,
1689 831 1742 874 et

196 928 250 979 ad
288 926 653 995 praescriptam
684 936 947 977 summam
998 918 1199 986 aliquid
1248 918 1479 980 deesset,
1514 914 1743 968 Basilius

198 1019 475 1071 universam
510 1018 785 1069 civitatem
828 1013 1072 1065 hortatus
1101 1020 1204 1072 est,
1244 1020 1301 1061 ut
1339 1024 1488 1063 suam
1517 1007 1743 1076 quisque

196 1109 465 1179 symbolam
498 1110 669 1161 daret.
720 1105 822 1159 Sed
874 1102 1309 1173 perincommode
1346 1100 1653 1161 ceciderat,
1692 1111 1747 1153 ut

197 1202 413 1268 plerique
448 1202 863 1268 magistratuum
893 1195 1023 1248 urbe
1053 1196 1321 1247 abessent.
1357 1192 1535 1258 Quare
1571 1192 1741 1244 Eliam

198 1300 349 1361 rogat,
384 1302 440 1344 ut
471 1291 552 1345 vel
585 1303 851 1343 summam
902 1288 1039 1348 auri,
1072 1285 1245 1353 qualis
1275 1285 1537 1337 hactenus
1567 1284 1743 1353 colligi

196 1396 439 1455 potuerat,
477 1386 528 1436 iu
578 1384 867 1435 thesauros
904 1383 1114 1445 mittat;
1144 1378 1408 1447 reliquum
1441 1386 1622 1446 postea
1662 1394 1749 1431 so-

198 1480 344 1532 lutum
374 1479 433 1530 iri
466 1477 785 1543 pollicetur:
822 1475 925 1537 vel,
959 1474 1003 1527 si
1039 1483 1205 1526 totum
1231 1486 1449 1525 necesse
1477 1480 1560 1525 est
1587 1470 1749 1545 mitti,

197 1572 259 1624 ita
285 1581 338 1624 ut
379 1555 509 1622 nihil
551 1584 775 1636 prorsus
810 1567 1079 1633 reliquum
1122 1564 1227 1628 sit,
1273 1564 1505 1631 spatium
1540 1578 1749 1623 eorum,

196 1663 272 1730 qui
300 1662 425 1712 urbe
458 1662 705 1724 aberant,
735 1659 1195 1712 admonendorum
1222 1654 1504 1709 concedat.
1532 1653 1745 1717 Scripta

198 1768 307 1821 ergo
352 1752 465 1805 haec
516 1752 739 1818 epistola
803 1753 903 1805 hoc
948 1764 1088 1803 anno
1131 1747 1236 1801 572
1282 1749 1423 1801 circa
1471 1744 1748 1799 Martium.

1846 543 1954 597 Sed
2011 553 2184 595 tamen
2224 542 2292 592 ita
2328 538 2457 592 mihi
2486 536 2769 607 .quadrare
2818 535 2996 590 omnia
3042 534 3305 593 videntur,
3355 536 3425 586 ita

1846 647 1966 703 apta
1989 651 2106 689 esse
2130 644 2181 687 et
2216 634 2431 693 inueva.
2456 642 2513 685 ut
2535 632 2597 683 ad
2620 631 2780 684 alium
2802 644 2963 699 quam
2995 643 3240 698 maguum
3262 628 3433 681 Atha-

1848 728 2055 781 nasium
2091 726 2278 780 referri
2325 741 2426 777 non
2460 723 2682 791 possint.

1921 821 1975 871 1ο
2014 818 2157 872 Inter
2214 817 2516 884 episcopos,
2578 828 2712 881 quos
2767 812 2995 866 Basilius
3053 827 3171 865 cum
3239 828 3433 882 magno

1847 911 2143 967 Athanasio
2191 908 2517 976 conjungere
2563 918 2785 960 conatus
2824 917 2922 964 est.
2968 907 3234 976 pt'mcipua
3294 907 3435 959 illius

1851 1021 1978 1059 cura
2020 1005 2117 1059 fuit
2142 1012 2357 1056 sanctus
2397 1001 2660 1055 Meletius.
2704 999 2835 1053 ilinc
2863 1002 3023 1053 etiam
3068 1008 3231 1069 atque
3267 1004 3430 1053 etiam

1850 1097 1987 1166 polit
2008 1095 2059 1149 in
2091 1093 2333 1163 epistolis
2361 1090 2451 1155 66,
2490 1091 2554 1143 67
2580 1101 2632 1143 et
2662 1089 2751 1151 69,
2803 1099 2859 1142 ut
2890 1088 3099 1143 initium
3146 1088 3439 1156 paciﬁcan-

1852 1190 1931 1243 (ιω
1965 1186 2218 1243 Ecclesia:
2265 1185 2331 1237 ab
2373 1183 2709 1238 Antiocheua
2756 1180 2995 1235 Ecclesia
3042 1180 3286 1235 ducatur.
3331 1180 3437 1234 llas

1853 1279 2036 1349 procul
2067 1280 2226 1333 dubio
2251 1279 2462 1332 litteras
2496 1276 2718 1339 indicat,
2747 1291 2810 1329 cu
2826 1290 2873 1327 ιιι
2909 1274 2984 1328 ait
3020 1275 3234 1329 Meletio
3270 1291 3327 1328 se
3362 1277 3439 1327 ni-

1856 1373 1930 1429 hil
1973 1372 2164 1426 litteris
2206 1373 2318 1426 suis
2357 1383 2693 1438 promovere.
2756 1369 2822 1422 At
2871 1378 2927 1421 ut
2986 1367 3256 1422 Meletium
3316 1382 3438 1421 cum

1858 1466 2236 1521 Macedoniano
2306 1464 2483 1531 aliquo
2538 1460 2910 1531 conjungeret,
2973 1476 3080 1514 non
3140 1461 3348 1515 videtur
3389 1462 3439 1515 id

1858 1576 1978 1615 eum
2034 1559 2190 1613 valde
2243 1558 2585 1622 sollicitasse,
2656 1570 2754 1609 nec
2812 1554 2917 1607 ulla
2980 1569 3200 1623 prorsus
3268 1565 3445 1610 evstat

1859 1671 1918 1708 ea
1965 1656 2029 1708 de
2073 1668 2130 1707 re
2165 1650 2408 1721 epistola,
2448 1650 2651 1705 nullum
2686 1649 2829 1703 illius
2868 1648 3066 1703 laboris
3121 1666 3444 1705 monumen-

1865 1756 1997 1801 tum.

199 1843 314 1896 Nam
343 1853 553 1911 tempus
585 1844 703 1897 auri
737 1842 1101 1909 comparatitii
1130 1840 1416 1909 colligendi
1448 1856 1475 1892 a
1498 1837 1751 1891 Kalendis
1785 1821 1830 1880 Β
1928 1860 1987 1912 2.
2027 1859 2362 1914 Athanasius
2386 1858 2495 1925 me,
2533 1859 2597 1913 de
2632 1874 2739 1928 quo
2773 1860 3012 1926 loquitur
3044 1858 3290 1923 Basilius,
3320 1876 3444 1931 pro_

198 1937 517 2004 Septembris
551 1937 617 1989 ad
650 1936 764 1989 Kal.
796 1934 961 2002 April.
991 1934 1401 1995 ostendebatur,
1437 1941 1492 1985 ut
1535 1931 1585 1984 in
1619 1930 1749 1984 Nota

196 2032 253 2085 ad
285 2030 416 2084 hanc
448 2030 733 2099 epistolam
770 2026 1193 2080 observavimus.

742 2115 968 2172 CAPUT
1024 2115 1185 2168 XXII.

192 2212 228 2269 L
258 2215 317 2269 S.
345 2212 667 2265 Athanasius
732 2207 1001 2265 respondet
1047 2204 1249 2257 Basilio
1301 2220 1391 2270 per
1438 2201 1754 2255 Dorotheum

256 2286 418 2337 Roma
449 2289 807 2333 revertentem.
839 2276 1006 2345 Negat
1037 2294 1088 2329 se
1123 2276 1348 2342 priorum
1380 2290 1525 2338 posse
1551 2272 1605 2327 S.
1641 2272 1756 2345 Met

250 2356 372 2407 letio
406 2351 648 2405 scribere.
692 2347 752 2401 li.
786 2343 1051 2399 Probatur
1075 2346 1417 2397 Athanasium
1453 2346 1621 2404 illum,
1668 2343 1756 2409 qui

250 2441 302 2477 se
342 2442 373 2474 η
412 2422 625 2474 Meletio
651 2420 761 2472 sine
794 2419 1155 2470 communione
1185 2417 1457 2466 dimissum
1498 2415 1753 2479 queritur,

252 2492 673 2546 Alexandrinum
726 2506 850 2542 esse.
910 2488 989 2539 Ill.
1026 2486 1314 2537 Dorotlteus
1356 2485 1520 2534 reddit
1554 2481 1757 2534 Basilio

252 2565 452 2617 litteras
494 2558 936 2614 Occidentalium.
975 2557 1059 2607 IV.
1086 2553 1321 2606 Basilius
1360 2554 1629 2619 respondet
1669 2568 1759 2617 per

252 2630 511 2689 Sabinum
536 2634 834 2683 diaconum.
861 2627 919 2679 V.
949 2625 1179 2692 Epistola
1204 2626 1491 2675 communis
1520 2623 1761 2677 Orienta-

251 2705 379 2756 lium
420 2704 580 2755 missa
624 2717 713 2765 per
751 2698 985 2749 eumdem
1018 2692 1303 2765 Sabinum.
1346 2694 1428 2747 VI.
1456 2692 1761 2748 Consulitur

252 2774 488 2828 Basilius
517 2773 579 2823 de
605 2768 899 2821 domesticis
936 2764 1405 2819 communiouibus.

249 2890 290 2944 l.
330 2889 507 2955 Supra
556 2884 787 2936 vidimus
828 2880 1129 2950 episcopos,
1185 2896 1319 2948 quos
1366 2876 1592 2933 Basilius
1640 2892 1759 2931 cum

183 2980 481 3033 Athanasio
532 2973 861 3044 conjungere
906 2974 1133 3035 volebat,
1178 2971 1395 3039 petiisse
1436 2983 1491 3024 ut
1523 2972 1763 3025 Athana-

183 3074 296 3126 sius
333 3072 487 3141 prior
515 3071 579 3123 ad
611 3084 669 3123 se
714 3067 995 3128 scriberet,
1047 3076 1102 3119 et
1142 3065 1265 3132 quid
1296 3068 1557 3135 agendum
1595 3066 1665 3118 sit
1700 3066 1765 3118 ad

1860 1969 2058 2023 pensus
2088 1961 2283 2007 eratut
2308 1951 2725 2021 coniungeretur
2760 1965 2878 2004 cum
2914 1950 3159 2014 Meletio;
3194 1954 3286 2005 sed
3311 1953 3445 2009 nihil

1861 2043 1928 2098 ab
1964 2059 2027 2098 eo
2082 2043 2357 2113 impetrari
2410 2051 2645 2112 poterat,
2685 2042 2783 2094 nisi
2812 2041 3058 2095 Meletius
3084 2043 3259 2112 aliqua
3291 2060 3444 2098 com-

1864 2137 2135 2190 munionis
2168 2136 2320 2205 signa
2350 2135 2496 2205 prior
2526 2134 2842 2205 impertiret.
2867 2134 2936 2187 At
2970 2137 3091 2203 quis
3122 2137 3236 2191 haec
3272 2148 3448 2206 postu-

1864 2229 1976 2284 lare
2005 2231 2195 2298 potuit,
2230 2230 2329 2283 nisi
2374 2244 2601 2297 magnus
2624 2228 2971 2293 Athanasius,
3012 2231 3093 2283 cui
3136 2231 3297 2297 paulo
3321 2240 3447 2287 ante

1864 2318 2089 2374 Basilius
2114 2320 2190 2391 (ά)
2220 2320 2637 2389 signiﬁcaverat,
2672 2321 2953 2389 episcopos
2978 2333 3158 2390 petere
3188 2331 3242 2375 ut
3270 2322 3443 2376 Atha-

1866 2413 2050 2466 nasius
2082 2413 2148 2464 ad
2180 2426 2273 2465 eos
2303 2414 2447 2479 prior
2481 2412 2779 2465 scriberet?
2812 2412 3127 2467 Necessario
3163 2429 3291 2485 ergo
3315 2430 3447 2469 eon-

1861 2504 2045 2573 juncta
2071 2503 2244 2573 magni
2272 2503 2549 2558 Athanasii
2583 2504 2859 2573 responsio
2889 2520 3009 2559 cum
3034 2505 3313 2573 postulatis
3336 2508 3448 2577 cpi-

1868 2612 2178 2666 scoparum.

1938 2711 1995 2763 5ο
2035 2708 2275 2776 Querela:
2304 2708 2607 2774 Athanasii,
2638 2709 2777 2778 quod
2804 2725 2832 2762 a
2864 2707 3075 2765 Meletio
3099 2710 3357 2765 dimissus
3382 2709 3454 2764 sit

1869 2802 1985 2855 sine
2024 2802 2423 2865 communione,
2479 2802 2816 2854 manifestam
2862 2801 3065 2856 habent
3104 2804 3455 2857 necessitudi-

1871 2908 1992 2946 nem
2027 2908 2148 2946 cum
2184 2893 2248 2945 iis
2280 2908 2397 2961 qua:
2426 2891 2695 2945 Mclctium
2733 2892 2873 2947 inter
2912 2905 2966 2947 et
3008 2896 3455 2964 magnumAtha-

1872 2986 2082 3041 nasium
2131 2986 2231 3039 sub
2261 2984 2485 3039 Joviano
2519 2985 2960 3039 intercesserunt.
3014 2986 3146 3040 Rem
3181 2986 3455 3041 illustrant

1876 3080 1991 3134 haec
2015 3080 2177 3133 verba
2202 3078 2381 3132 Basilii
2410 3080 2461 3131 in
2486 3079 2708 3145 epistola
2733 3078 2838 3132 258
2867 3079 2931 3133 ad
2958 3079 3331 3148 Epiphaniam,
3366 3082 3454 3134 ubi

183 3164 553 3231 pacificandas
591 3158 861 3213 Ecclesias
886 3167 1200 3226 exponeret.
1226 3158 1449 3211 Basilius
1475 3158 1548 3230 (b)
1578 3174 1763 3212 comm

1876 3171 1953 3223 sic
1986 3171 2240 3235 loquitur,
2292 3187 2344 3221 ιι.
2380 3171 2412 3223 5
2452 3192 2464 3222 :
2513 3169 2668 3221 Ἐπεὶ
2704 3169 2799 3220 καὶ
2830 3173 2858 3222 ὁ
2895 3169 3313 3240 μακαριώτατος
3348 3171 3455 3223 πά-

182 3255 451 3324 postulata
491 3250 793 3304 Athanasio
822 3248 1161 3320 signiﬁcavit,
1204 3265 1265 3303 ac
1292 3263 1411 3301 cum
1450 3252 1674 3318 rogavit,
1717 3257 1771 3299 ut

182 3351 283 3403 sibi
324 3352 423 3402 has
456 3346 663 3399 litteras
696 3345 953 3410 mitteret,
1005 3344 1119 3397 sive
1162 3359 1253 3410 per
1290 3342 1524 3411 aliquem
1568 3358 1598 3395 e
1630 3341 1770 3395 cli-ro

180 3442 575 3505 Alexandrino,
608 3441 721 3495 sive
756 3452 853 3506 per
878 3435 1222 3499 Dorotheum,
1256 3451 1414 3504 quem
1461 3436 1768 3487 redeuntem

178 3534 513 3587 Alexandria
549 3532 904 3586 transiturum
927 3530 1151 3583 sciebat.
1187 3528 1332 3581 Satis
1361 3538 1659 3595 opportune
1688 3544 1772 3581 re-

178 3623 281 3675 diit
326 3622 659 3685 Dorotheus,
696 3631 753 3672 ut
790 3621 837 3673 ei
881 3619 1210 3671 Athanasius
1242 3618 1325 3670 his
1359 3619 1639 3685 postulatis
1685 3634 1770 3671 re-

178 3728 385 3779 sponsa
438 3712 823 3765 committeret.
878 3708 1010 3761 Nam
1061 3708 1309 3774 Basilius,
1361 3724 1424 3762 eo
1456 3710 1773 3764 adveniente

176 3803 516 3867 Cresaream,
563 3801 779 3868 scripsit
834 3797 893 3853 S.
940 3799 1172 3864 Meletio,
1214 3815 1448 3871 eumque
1492 3803 1555 3856 de
1588 3815 1775 3856 sancto

176 3893 489 3948 Athanasio
512 3895 589 3947 sic
623 3890 911 3961 alloquitur
938 3890 1048 3962 (c):
1083 3891 1204 3944 Jan:
1250 3893 1389 3961 quod
1435 3894 1501 3946 ad
1548 3910 1778 3946 reveren-

172 3992 465 4042 dissimum
500 3989 796 4055 episcopum
828 3986 1170 4039 Athanasium
1200 3988 1413 4046 attinet.
1439 3986 1594 4051 probe
1618 3988 1778 4038 scien-

173 4090 284 4132 tem
307 4084 564 4135 eximiam
588 4092 733 4132 tuam
762 4079 1096 4148 prudentiam
1127 4080 1363 4141 monebo,
1393 4079 1509 4145 ﬁeri
1533 4096 1634 4131 non
1652 4096 1776 4143 pos-

172 4191 231 4227 ιε
267 4184 325 4226 nt
358 4176 492 4227 meis
525 4173 711 4225 litteris
739 4173 938 4243 aliquid
959 4183 1338 4238 promoventur,
1376 4184 1465 4226 aut
1494 4173 1778 4243 quidquam

172 4283 371 4320 eorum
406 4281 525 4334 qua:
546 4272 742 4332 oportet
768 4264 1090 4331 perficiatur,
1118 4263 1216 4315 nisi
1250 4274 1295 4317 et
1318 4279 1351 4315 a
1376 4265 1516 4317 vobis
1546 4265 1635 4333 qui
1660 4276 1779 4316 tunc

174 4361 355 4427 ipsius
380 4358 801 4415 communionem
827 4358 1274 4426 procrastinastis,
1310 4359 1445 4411 hanc
1473 4360 1641 4427 ipsam
1676 4358 1781 4409 ali-

176 4464 289 4517 qua
339 4461 501 4517 pacta
554 4448 799 4513 accipiat.
845 4446 1005 4499 Aiunt
1034 4449 1169 4500 enim
1206 4448 1372 4513 ipsum
1414 4449 1623 4501 omnino
1654 4465 1780 4515 pro-

1875 3281 1981 3325 πας
2024 3262 2360 3325 ἈΟανὰο-ιος,
2406 3262 2632 3324 ἐπιστὰς
2674 3261 2782 3313 ἀπὸ
2828 3262 3258 3334 Ἀλεξανδρείας,
3313 3264 3456 3319 πάνυ

1873 3354 2123 3407 ἐϐούλετο
2183 3352 2473 3423 αὐτῷτὴν
2540 3353 2675 3425 πρὸς
2732 3355 2894 3409 αὐτὸν
2957 3358 3241 3411 κοινωνίαν
3289 3375 3458 3412 κατα-

1874 3448 2203 3520 πραχθῆναι.
2280 3447 2441 3500 Ἀλλὰ
2510 3449 2679 3520 κακίᾳ
2745 3450 3066 3519 συμὸοὑλων
3134 3452 3213 3514 εἰς
3274 3452 3460 3524 ἕτερον

1876 3542 2064 3615 καιρὸν
2134 3542 2435 3613 ὑπερετὲθη
2510 3542 2686 3594 αὐτῶν
2858 3544 3155 3613 συνάφεια·
3227 3544 3303 3610 ὡς
3362 3547 3461 3601 οὐκ

1876 3635 2128 3706 ὤφειλεν.
2185 3634 2325 3688 Nam
2362 3646 2404 3687 et
2434 3635 2763 3690 beatissimus
2802 3652 2941 3706 papa
2972 3639 3312 3703 Athanasius,
3343 3657 3460 3692 cum

1876 3727 2202 3781 Alexandria
2229 3731 2467 3789 venisset,
2498 3726 2713 3777 omnino
2743 3728 2973 3794 Oplubttl,
3009 3738 3060 3778 ut
3081 3728 3180 3778 sibi
3210 3745 3325 3780 cum
3351 3730 3461 3795 ipso

1878 3822 2173 3873 communio
2206 3820 2607 3885 conciliaretur;
2660 3822 2748 3873 sed
2782 3820 2989 3872 malitia
3034 3820 3461 3875 consiliariorum

1878 3913 1934 3965 in
1961 3913 2107 3965 aliud
2141 3922 2339 3979 tempus
2363 3912 2528 3965 dilata
2547 3928 2721 3965 eorum
2751 3911 3070 3980 conjunctio,
3098 3917 3234 3983 quod
3264 3918 3463 3969 utinam

1880 4022 1983 4059 non
2010 4006 2289 4060 euenisset!
2320 4007 2450 4061 Cum
2471 4007 2552 4059 his
2582 4005 2779 4065 verbis.
2813 4004 2879 4058 In
2902 4008 3049 4059 aliud
3081 4019 3277 4071 tempus
3300 4008 3463 4061 dilata

1880 4110 2057 4149 eorum
2088 4096 2407 4163 conjunctio,
2442 4108 2631 4163 nempe
2665 4092 2722 4151 S.
2758 4097 3034 4151 Athanasii
3067 4107 3121 4153 et
3149 4098 3206 4154 S.
3244 4097 3461 4159 Meletii,

1881 4186 2223 4240 manifestam
2265 4186 2426 4239 habet
2468 4187 2923 4241 necessitudinem
2968 4189 3096 4241 illud
3135 4189 3372 4257 epistolae
3397 4190 3466 4244 89

1885 4278 1951 4331 ad
2016 4278 2310 4339 Meletium,
2355 4275 2455 4341 Qui
2511 4286 2633 4332 tunc
2692 4278 2878 4346 ipsius,
2930 4294 3121 4349 nempe
3161 4280 3466 4345 Athanasii,

1885 4369 2296 4422 communionem
2326 4371 2781 4439 procrastinastis.

1958 4460 2127 4515 Dilata
2165 4476 2294 4531 ergo
2332 4460 2508 4517 fuerat
2538 4461 2805 4515 Meletiqu
2850 4462 2993 4517 inter
3028 4473 3081 4518 et
3112 4466 3467 4521 Athanasium

179 4541 445 4605 pendere,
490 4548 546 4592 ut
584 4539 847 4591 nobiscum
876 4536 1247 4607 conjungatur,
1292 4548 1339 4591 et
1367 4538 1620 4607 quidquid
1644 4548 1762 4606 pote

1889 4555 2234 4612 communio:
2269 4570 2369 4609 nec
2401 4556 2505 4608 alio
2531 4571 2673 4609 nunc
2704 4566 2947 4623 spectant
2968 4559 3246 4612 Athanasii
3282 4575 3466 4628 quere-

182 4630 258 4682 rit
300 4630 650 4693 collaturum,
696 4630 783 4681 sed
822 4627 993 4680 dolere
1033 4628 1169 4693 quod
1201 4637 1246 4680 et
1280 4636 1400 4680 tunc
1431 4626 1678 4680 dimissus
1712 4627 1780 4681 sit

186 4723 305 4776 sine
329 4722 719 4786 communione,
745 4730 790 4773 et
820 4720 1104 4773 etiamnum
1133 4720 1391 4786 promissa
1424 4727 1666 4771 maneant
1702 4718 1774 4768 ir-

191 4814 327 4869 rita.

270 4924 338 4977 ll.
371 4925 491 4979 Non
535 4932 685 4993 putat
712 4923 1085 4979 Tillemontius
1128 4924 1240 4979 hth
1286 4924 1352 4978 de
1384 4938 1577 4991 magno
1609 4923 1781 4975 Atha-

196 5016 358 5070 nasio
415 5016 641 5085 intelligi
698 5030 889 5084 posse;
945 5031 1115 5084 neque
1150 5015 1294 5068 enim
1343 5014 1622 5084 probabile
1665 5029 1785 5068 esse

201 5118 455 5166 sanctum
490 5108 755 5163 Meletiam
784 5109 832 5160 ei
867 5124 1101 5178 unquam
1130 5110 1425 5176 denegasse
1447 5108 1785 5162 communio-

206 5215 330 5255 nem
356 5213 531 5263 suam,
555 5201 715 5269 idque
743 5208 1023 5268 postquam
1050 5200 1191 5253 illam
1223 5200 1579 5266 promisisset.
1606 5200 1784 5264 Quare

210 5296 384 5349 satius
418 5308 535 5349 esse.
562 5304 713 5363 putat
748 5291 908 5346 alium
933 5293 1288 5347 Athanasium
1329 5292 1649 5361 intelligere.
1683 5306 1787 5345 non

218 5385 362 5439 illum
394 5387 603 5457 quidem
638 5387 983 5455 Ancyranum
1033 5383 1118 5455 (is
1143 5384 1283 5439 enim
1324 5385 1548 5439 concilio
1593 5382 1790 5437 Meletii

217 5475 524 5535 interfuerat
558 5492 703 5533 anno
730 5476 883 5547 565),
919 5478 1011 5532 sed
1066 5477 1203 5535 forte
1245 5492 1407 5532 unum
1444 5493 1507 5531 ex
1548 5476 1796 5532 Macedo-

280 5728 344 5797 (α)
380 5729 473 5799 Ep.
504 5729 598 5789 rs.
631 5725 729 5793 7s,
758 5722 852 5776 76.

274 5804 334 5871 tl)
365 5803 461 5873 Ep.
495 5801 587 5855 82.

1890 4645 1974 4713 lae,
2008 4647 2099 4715 qui
2147 4649 2396 4716 quamvis
2434 4646 2615 4700 Basilii
2656 4648 2907 4717 precibus
2934 4649 3227 4718 plurimum
3259 4653 3468 4708 tribue-

1886 4747 1991 4802 ret,
2040 4740 2252 4808 roganti
2300 4749 2503 4802 tamen,
2540 4748 2596 4792 ut
2627 4740 2776 4807 prior
2821 4741 3029 4796 litteras
3068 4746 3469 4801 communionis

1892 4829 2176 4897 scriberet,
2205 4832 2427 4885 minime
2457 4832 2668 4896 annuit,
2696 4834 3038 4888 committere
3070 4836 3256 4888 nolens
3283 4846 3334 4889 ut
3367 4838 3468 4890 ite-

1894 4940 2013 4981 rum
2060 4925 2447 4993 despiceretur.
2495 4926 2609 4980 Etsi
2660 4926 2806 4981 enim
2860 4927 3088 4982 Basilius
3141 4929 3195 4981 in
3246 4930 3470 4993 epistola

1893 5018 1956 5071 ad
1990 5016 2350 5086 Epiphanium
2395 5017 2605 5087 culpam
2657 5035 2761 5074 non
2816 5021 2992 5087 rejicit
3044 5021 3359 5076 nominatim
3419 5024 3470 5076 in

1892 5109 2098 5164 amicos
2128 5108 2348 5175 Meletii,
2382 5113 2558 5179 potius
2595 5127 2756 5180 quam
2790 5113 3096 5178 Athanasii,
3132 5116 3225 5169 sed
3269 5131 3379 5169 rem
3420 5117 3469 5169 in

1893 5200 2147 5267 ambiguo
2187 5200 2477 5269 relinquit;
2529 5210 2705 5255 tamen
2746 5218 2808 5256 ex
2860 5206 2961 5258 hac
2987 5205 3211 5273 epistola
3244 5205 3312 5259 89
3350 5222 3469 5276 per-

1890 5290 2174 5357 spicimus,
2213 5304 2317 5343 non
2364 5306 2461 5358 per
2499 5290 2880 5359 Athanasium,
2919 5296 3012 5348 sed
3068 5312 3161 5365 per
3197 5296 3469 5352 Meletium

1893 5385 2133 5446 stetisse,
2159 5384 2449 5452 quominus
2476 5386 2781 5440 communio
2808 5388 2949 5442 inter
2977 5397 3261 5459 utrumque
3293 5389 3471 5442 tirma-

1896 5488 2067 5536 retur.
2100 5493 2165 5532 ac
2196 5480 2422 5548 proinde
2460 5480 2824 5547 consiliarios,
2872 5484 2961 5553 qui
3012 5498 3121 5538 rem
3155 5481 3474 5552 inzcrpelta-

1972 5718 2041 5785 (τ’)
2085 5719 2178 5787 Ep.
2212 5718 2299 5779 89,
2328 5738 2379 5775 η,
2410 5722 2464 5775 2.

1973 5790 2048 5853 td)
2092 5792 2181 5856 lip.
2213 5790 2298 5842 se.
