4080 6312
686 348 791 394 ιις
800 353 828 390 x
836 348 931 391 ΠΙ]

2024 338 2562 395 PROLEGOMENA.

686 462 836 519 runt,
890 463 995 505 non
1036 448 1096 506 S.
1127 448 1433 509 Athanasii.
1480 447 1573 503 sed
1618 449 1789 504 sancti
1824 448 2019 505 Meletii
2054 453 2261 509 amicos
2291 464 2335 521 Α
2366 457 2501 512 nihil
2534 455 2645 510 fere
2676 456 2741 511 de
2772 458 2931 513 rebus
2965 456 3365 514 ecclesiasticis.
3397 457 3488 514 lla:
3514 466 3691 515 autem
3725 460 3910 521 Damasi

689 545 875 600 fuisse.
908 542 965 598 ln
991 557 1097 613 quo
1128 557 1257 599 sane
1293 542 1480 597 mirari
1510 542 1675 609 subit,
1715 558 1813 597 cur
1839 558 1960 597 cum
1995 542 2053 598 S.
2096 543 2261 601 Mele-

687 639 747 692 tii
791 637 926 691 nihil
962 636 1132 707 magis
1176 636 1461 691 interesset
1496 637 1562 691 ad
1590 635 1729 704 juris
1756 638 1837 691 sui
1880 646 1933 692 et
1960 652 2140 693 causa:
2169 640 2263 694 de-

686 730 1006 799 fensionem,
1047 747 1205 801 quam
1234 732 1749 790 communicatorem
1779 730 1975 785 habere
2006 731 2063 785 S.
2092 732 2261 785 Atha-

685 824 917 889 nasium,
952 823 1110 879 rebus
1132 825 1249 880 suis
1279 839 1384 878 tam
1418 824 1555 877 male
1592 822 1941 877 consuluerit.
1976 820 2081 876 Sed
2118 824 2258 878 idem

685 914 759 967 illi
783 916 961 969 evenit
981 930 1044 969 ac
1071 913 1289 981 Basilio,
1317 915 1453 968 utin
1491 911 1679 965 amicis
1709 920 1763 965 et
1784 914 2261 967 communicatori-

684 1005 785 1061 bus
833 1007 948 1061 suis
996 1006 1284 1061 nonnullos
1340 1006 1569 1059 haberet
1614 1001 1768 1071 longe
1810 1004 1893 1057 sui
1947 1004 2255 1065 dissimiles,

684 1101 776 1167 qui
807 1098 1115 1154 differenda:
1148 1115 1271 1155 cum
1304 1096 1607 1152 Athanasio
1634 1095 2030 1151 communionis
2066 1110 2259 1151 causas

685 1192 1046 1249 inuecterent.

752 1285 869 1341 Non
899 1286 1079 1342 favent
1101 1282 1443 1341 Tillemontio
1470 1281 1583 1337 hmc
1623 1281 1805 1338 Basilii
1854 1282 2014 1337 verba
2046 1300 2058 1336 :
2093 1281 2256 1335 Aiunt

680 1382 820 1435 enim
854 1384 1021 1451 ipsum
1051 1382 1259 1435 omnino
1283 1383 1600 1448 propendere
1633 1388 1689 1432 ut
1733 1378 2001 1432 nobiscum
2035 1377 2258 1445 conjun-

648 1484 857 1545 ‘gatur.
896 1472 1153 1538 Quamvis
1178 1471 1321 1527 enim
1352 1471 1584 1527 Basilius
1627 1469 2008 1526 communione
2044 1478 2099 1523 et
2123 1468 2259 1521 ami-

680 1567 805 1621 citia
865 1566 1331 1635 coniunctissimus
1388 1580 1511 1620 cum
1573 1572 1761 1619 sancto
1814 1562 2115 1617 Athanasio
2171 1575 2258 1616 cs-

679 1670 783 1724 set,
836 1660 959 1728 quia
1014 1669 1192 1714 tamen
1260 1658 1405 1713 illius
1448 1657 1878 1713 communionem
1929 1655 2041 1710 suis
2091 1654 2254 1709 etiam

680 1753 869 1808 amicis
906 1752 1196 1807 conciliare
1226 1751 1440 1813 avebat,
1473 1750 1674 1804 idcirco
1711 1756 1969 1817 tanquam
2018 1762 2155 1801 unus
2186 1761 2249 1801 ex

2363 550 2430 604 ad
2460 548 2719 603 Basiliam
2745 549 2937 607 littera:
2967 567 3072 606 non
3102 551 3267 607 solius
3290 551 3501 607 Damasi
3533 552 3709 617 fuere,
3739 556 3824 609 sed
3848 566 3912 611 to-

2368 643 2475 696 tius
2524 642 2739 697 concilii
2784 641 3011 699 Romani
3053 645 3432 712 episcoporum
3491 647 3561 702 95
3594 661 3661 701 ex
3699 647 3835 701 Italia
3868 660 3911 703 et

2363 732 2555 799 Gallia,
2585 731 2730 802 quod
2763 732 2827 788 de
2852 734 3011 789 rebus
3046 735 3242 805 lllyrici
3269 735 3587 803 habebatur,
3611 752 3731 790 cum
3765 737 3910 791 Doro-

2365 826 2520 881 theus
2548 825 2790 889 advenit,
2813 837 2906 881 aut
2923 828 3109 883 saltem
3133 828 3293 897 paulo
3324 838 3609 899 antequam
3637 831 3909 885 adveniret.

2364 919 2686 991 Synodicam
2720 921 2934 976 concilii
2971 924 3255 993 epistolam
3290 923 3512 992 pertulit
3548 924 3781 978 Sabinus
3818 925 3914 979 dia-

2363 1027 2550 1079 conus,
2599 1013 2835 1083 primum
2886 1015 3099 1085 quidem
3158 1017 3225 1073 ad
3282 1017 3514 1087 Illyrios,
3560 1032 3693 1086 quos
3737 1031 3793 1070 ea
3831 1032 3912 1084 pu-

2365 1104 2630 1160 tissimum
2671 1105 2970 1176 spectabat,
3019 1106 3210 1163 deinde
3253 1110 3305 1162 in
3339 1108 3631 1179 [Egyptum
3661 1118 3716 1161 et
3748 1109 3915 1163 Orien-

2365 1206 2471 1251 tem
2532 1211 2652 1252 cum
2734 1197 2931 1253 litteris
2996 1198 3062 1252 ad
3122 1199 3473 1255 Athanasium
3539 1210 3594 1254 et
3657 1200 3909 1253 Basilium.

2368 1288 2464 1343 Vix
2487 1289 2701 1345 dubium
2724 1301 2805 1346 est
2832 1291 2960 1361 quin
2988 1306 3111 1346 eum
3145 1292 3440 1348 Dorotbeus
3478 1308 3790 1364 perpetuum
3830 1296 3916 1346 vire

2362 1382 2614 1435 comitem
2686 1382 2972 1449 habuerit;
3043 1382 3204 1437 ambo
3270 1383 3412 1436 enim
3483 1383 3643 1437 simul
3705 1383 3917 1437 advene-

2360 1478 2508 1526 runt.

2430 1563 2522 1624 IV.
2564 1566 2792 1623 Basilius
2820 1578 3009 1625 sancto
3036 1568 3249 1624 Melelio
3274 1568 3485 1622 nuntiat
3510 1570 3583 1640 (ί)
3606 1571 3735 1639 quid
3760 1570 3918 1638 priva-

2358 1660 2452 1718 tim
2480 1675 2578 1716 suo
2612 1663 2827 1717 nomine
2854 1665 3191 1733 scripsisset;
3234 1665 3326 1718 sed
3369 1664 3487 1732 quia
3514 1676 3916 1719 consentaneum

2358 1759 2493 1817 erat,
2526 1759 2585 1805 ut
2609 1751 2841 1821 aliquem
2886 1754 3163 1809 mitterent
3198 1753 3520 1818 Orientales,
3557 1757 3649 1824 qui
3685 1772 3917 1810 commu-

679 1844 783 1899 illis
819 1842 1073 1911 loquitur.
1116 1842 1254 1896 Hinc
1293 1842 1344 1895 in
1389 1839 1619 1910 epistoia
1650 1837 1739 1903 82,
1774 1838 2126 1892 Athanasium
2162 1851 2253 1891 ro-
2282 1834 2327 1889 B
2361 1855 2455 1896 nes
2475 1841 2681 1897 litteras
2710 1844 2964 1912 deferret,
3000 1858 3155 1915 rogat
3182 1848 3474 1914 Meletium,
3508 1858 3566 1902 ut
3598 1848 3694 1902 has
3724 1848 3919 1903 litteras

676 1946 787 2007 gat,
846 1946 899 1988 ut
964 1935 1107 1989 nobis
1165 1935 1426 1999 omnibus,
1482 1933 1674 2003 inquit,
1737 1931 1934 1986 scribas
1978 1930 2251 2000 epistolam

676 2042 855 2085 unam,
887 2042 1002 2093 qua:
1037 2026 1163 2095 quid
1186 2025 1441 2095 agentium
1471 2025 1539 2077 sit
1563 2024 1865 2077 admoneat.
1912 2021 2061 2077 Licet
2089 2023 2250 2076 etiam

677 2119 1112 2172 animadvertere
1140 2133 1299 2187 quam
1328 2126 1519 2173 cautus
1546 2125 1685 2172 esset
1712 2114 1943 2170 Basilius
1969 2116 2020 2169 in
2049 2114 2135 2169 his
2166 2130 2252 2170 re-

678 2213 779 2266 bus
833 2212 1293 2276 administrandis,
1343 2212 1457 2280 qui,
1496 2208 1742 2278 quamvis
1790 2224 2048 2279 responsa
2078 2208 2247 2264 Atha-

682 2307 821 2361 nasii
893 2321 989 2376 per
1048 2304 1372 2359 Dorotbeum
1435 2302 1765 2372 accepisset,
1822 2302 2003 2356 arcani
2069 2311 2246 2356 tamen

679 2399 889 2469 tegendi
943 2412 1126 2462 causa,
1177 2398 1345 2450 utitur
1391 2396 1474 2451 his
1521 2394 1721 2459 verbis,
1780 2394 1937 2449 Aiunt
1986 2395 2122 2450 enim
2169 2398 2248 2465 ip-

674 2510 812 2557 sum,
839 2502 943 2546 etc.

751 2584 836 2638 ill.
878 2584 1022 2637 Misit
1066 2583 1228 2638 etiam
1266 2582 1325 2638 S.
1361 2584 1692 2639 Athanasius
1740 2584 1798 2640 S.
1822 2582 2017 2638 Basilio
2045 2580 2121 2651 (τι)
2159 2578 2248 2633 lit-

671 2687 837 2739 teras,
868 2692 1000 2745 qnas
1029 2677 1095 2730 ab
1134 2676 1421 2731 Occidente
1459 2690 1765 2747 acceperat,
1812 2686 1869 2731 ut
1908 2691 2001 2731 eas
2046 2673 2244 2727 Basilio

675 2767 1021 2837 perferendas
1068 2774 1304 2820 curaret.
1347 2767 1455 2819 Has
1507 2767 1676 2821 Roma
1724 2768 1905 2822 attulit
1944 2767 2246 2822 Dorotheus

674 2860 954 2922 diaconus,
1002 2858 1084 2912 vel
1130 2857 1365 2912 Sabinus
1414 2857 1697 2920 diaconus,
1732 2860 1821 2927 qui
1866 2860 1913 2914 ei
1958 2873 2137 2914 comes
2169 2855 2242 2927 (b)

668 2951 881 3007 videtur
908 2952 1192 3021 adjunctus
1219 2949 1385 3004 fuisse
1415 2950 1484 3003 ab
1510 2948 1957 3013 Occidentalibus,
1999 2958 2053 3003 et
2094 2949 2244 3001 Basi—

669 3041 742 3096 lio
790 3042 1070 3111 epistolam
1116 3040 1385 3095 Valeriani
1418 3039 1681 3109 Aquileia:
1713 3040 1951 3109 episcopi
1993 3039 2240 3092 reddidit.

671 3135 923 3199 Basilius,
957 3133 1213 3187 facultate
1243 3134 1421 3189 oblata
1456 3132 1638 3188 Sabini
1669 3132 1903 3195 diaconi,
1931 3130 2149 3200 scripsit
2172 3128 2241 3201 (ε)

671 3231 737 3283 ad
762 3229 987 3299 Illyrios,
1020 3238 1071 3282 et
1099 3228 1164 3281 ad
1194 3227 1355 3282 Italiae
1390 3236 1443 3281 et
1464 3226 1650 3281 Gallia:
1680 3225 1981 3295 episcopos,
2011 3198 2064 3278 ct
2083 3198 2246 3293 quos-
2275 3198 2320 3259 (ἶ

674 3324 796 3377 dam
838 3322 992 3387 alios,
1044 3323 1133 3389 qui
1186 3322 1433 3389 privatim
1461 3322 1672 3374 litteras
1714 3320 1779 3373 ad
1812 3334 1932 3373 eum
1962 3319 2241 3373 dederant.

669 3414 747 3470 Ex
789 3416 852 3470 iis
884 3414 1067 3468 Basilii
1110 3412 1350 3483 epistolis
1399 3414 1518 3467 dua:
1544 3422 1777 3477 exstant,
1817 3427 1920 3465 una
1947 3410 2241 3482 generatim

672 3504 1107 3561 Occidentalibus
1135 3504 1415 3573 inscripta,
1451 3506 1620 3557 altera
1649 3501 1941 3556 Valeriano
1991 3501 2245 3567 Aquileia:

671 3596 944 3665 episcopo,
974 3593 1064 3661 qui
1099 3594 1166 3646 ob
1200 3595 1529 3647 vicinitatem
1555 3593 1752 3663 Illyrici
1780 3591 2062 3660 episc0pus
2091 3590 2142 3643 in
2177 3590 2245 3641 ti-

673 3686 783 3739 tulo
819 3687 1037 3741 dicitur.
1075 3681 1241 3754 illyrii
1271 3693 1446 3737 autem
1478 3694 1529 3738 et
1556 3684 1721 3737 Italiae
1747 3698 1810 3737 ac
1832 3682 2017 3738 Galliae
2040 3683 2246 3750 episco-

670 3781 720 3847 pi
751 3793 854 3833 non
881 3779 1180 3847 generatim
1206 3777 1593 3841 Orientalibus,
1633 3777 1728 3831 sed
1758 3776 1856 3831 soli
1889 3775 2084 3830 Basilio
2109 3775 2245 3829 scri-

669 3888 828 3949 psere
856 3889 870 3923 :
906 3887 1005 3926 nec
1044 3873 1198 3926 video
1223 3872 1350 3942 quid
1380 3869 1724 3925 Tillemontio
1751 3868 2080 3939 persuaserit
2100 3884 2246 3923 com-

676 3980 893 4019 munem
932 3962 1355 4018 Occidentalium
1394 3962 1459 4013 ad
1494 3959 1794 4014 Orientales
1830 3958 2110 4026 epistolam
2142 3973 2242 4011 non

668 4058 924 4116 defuisse.
959 4057 1144 4125 Neque
1177 4057 1319 4109 enim
1348 4068 1444 4109 suo
1474 4054 1692 4105 nomine
1726 4052 1958 4106 Basilius
1985 4051 2245 4105 rescribe-

670 4157 754 4205 ret
782 4150 944 4204 ltalire
973 4158 1026 4203 et
1055 4148 1242 4203 Gallire
1265 4146 1558 4216 episcopis,
1587 4144 1629 4197 si
1655 4158 1843 4198 eorum
1877 4144 2066 4197 litterze
2100 4158 2247 4196 com-

672 4260 863 4299 munes
902 4244 1000 4313 ipsi
1028 4258 1148 4297 cum
1186 4243 1306 4296 aliis
1336 4241 1584 4295 fuissent.
1632 4238 1897 4293 Praeterea
1944 4238 2245 4293 Orientales

670 4334 724 4389 ln
750 4350 835 4404 ep.
870 4332 939 4387 92
970 4333 1167 4386 nullam
1194 4331 1261 4385 ab
1289 4330 1721 4385 Occidentalibus
1750 4338 2021 4398 acceptam
2047 4328 2246 4396 episto-

670 4428 777 4483 lam
830 4432 1153 4481 memorant.
1197 4423 1357 4478 Solus
1403 4423 1631 4477 Basilius
1666 4424 1741 4493 (cl)
1773 4424 1976 4495 gratias
2027 4422 2135 4492 agit
2175 4421 2243 4475 ob

667 4528 950 4589 acceptum
985 4532 1046 4573 ex
1080 4530 1266 4571 eorum
1289 4514 1481 4568 litteris
1511 4516 1785 4569 solatium.
1828 4513 2013 4583 Neque
2061 4513 2111 4565 id
2146 4512 2245 4566 mi-

672 4628 791 4667 rum
823 4611 990 4665 videri
1019 4610 1196 4672 debet,
1227 4623 1349 4662 nam
1391 4608 1537 4664 solus
1570 4607 1801 4662 Basilius
1841 4607 2069 4660 Damaso
2110 4607 2245 4658 scri-

675 4708 859 4771 pserat
887 4714 901 4751 :
932 4709 986 4751 et
1010 4697 1362 4751 Athanasium
1399 4707 1703 4769 rogaverat,
1742 4705 1800 4749 ut
1828 4698 2056 4765 aliquem
2082 4710 2110 4747 e
2135 4695 2243 4750 suis

672 4793 886 4849 clericis
924 4791 1177 4844 comitem
1216 4788 1493 4843 Dorotheo
1515 4789 1687 4853 daret,
1723 4803 1956 4857 suasque
1988 4785 2243 4856 adiunge-

672 4894 757 4940 ret
784 4885 1015 4938 litteras.
1046 4884 1227 4949 Qnare
1253 4897 1371 4936 cum
1396 4884 1727 4936 Athanasius
1750 4880 1929 4936 Basilii
1959 4880 2239 4951 epistolam

668 4976 895 5030 Romam
941 4975 1202 5039 misisset,
1241 4973 1478 5028 vicissim
1525 4974 1789 5028 Damasus
1837 4974 1962 5027 huic
1998 4972 2240 5043 epistulae

667 5085 922 5139 responsa
948 5070 1013 5123 ad
1040 5069 1394 5124 Athanasium
1424 5069 1587 5134 misit,
1616 5077 1672 5120 ut
1696 5082 1755 5121 ea
1782 5068 1979 5122 Basilio
2010 5069 2243 5121 redden-

664 5164 734 5216 da
772 5172 1005 5217 curaret.
1039 5162 1113 5217 Eo
1149 5164 1317 5232 magis
1343 5162 1446 5214 hac
1468 5160 1517 5213 in
1550 5177 1607 5214 re
1632 5161 1859 5215 Basilius
1882 5176 2018 5230 opus
2056 5159 2242 5212 habuit

664 5258 725 5313 S.
753 5258 1067 5321 Athanasio,
1097 5258 1238 5327 quod
1266 5257 1379 5323 ipse
1405 5269 1491 5309 res
1517 5264 1692 5309 tantas
1719 5256 1868 5309 solus
1892 5254 2105 5324 aggredi
2134 5268 2235 5305 non

664 5350 919 5416 audebat,
979 5348 1138 5417 idque
1179 5362 1273 5417 per
1312 5360 1548 5399 canones
1600 5362 1704 5398 non
1742 5345 1899 5399 licere
1941 5346 2015 5397 ait
2058 5345 2107 5395 in
2145 5359 2233 5410 ep.

664 5440 792 5497 ut.
815 5439 993 5494 Voluit
1014 5440 1233 5507 quidem
1259 5440 1406 5493 solus
1432 5438 1671 5493 scribere
1705 5452 1843 5491 anno
1874 5436 1979 5490 ’5ἷὸ
2014 5435 2105 5507 (ε).
2135 5437 2229 5488 sed

736 5563 811 5626 (α)
854 5558 951 5625 Ep.
991 5556 1077 5610 90.

736 5628 809 5695 (ὁ)
854 5630 945 5692 Ep.
979 5628 1068 5680 91.

740 5703 807 5762 (ι’)
852 5698 944 5762 Ιξὶι).
971 5698 1038 5747 911
1052 5738 1063 5748 .

763 5771 813 5831 (Ι)
858 5765 952 5828 Ep.
991 5766 1078 5819 90.
1116 5781 1167 5815 tt.
1201 5766 1249 5817 Ι.

763 5771 813 5831 (Ι)
858 5767 952 5828 Ep.
991 5767 1078 5819 90.
1116 5781 1167 5815 tt.
1201 5767 1249 5817 Ι.

738 5767 811 5899 ie.)
857 5832 948 5895 ιιι».
981 5832 1105 5892 2511,
1137 5851 1185 5882 ll.
1218 5834 1271 5883 2.

2367 1942 2578 1987 exaret.
2600 1935 2813 2004 Scripta
2845 1936 3061 2005 quidem
3091 1936 3395 1994 Communis
3415 1938 3658 2009 epistola,
3693 1939 3785 1992 sed
3809 1955 3917 1993 eam

2356 2020 2507 2076 solus
2532 2024 2743 2087 rediens
2768 2026 2998 2084 Sabinus
3023 2030 3258 2098 pertulit,
3293 2046 3390 2086 nec
3412 2033 3705 2101 quisquam
3736 2031 3920 2084 missus

2360 2109 2713 2171 Orientalium
2749 2120 2982 2174 nomine.
3025 2120 3191 2190 Hujus
3235 2121 3475 2191 epistolae
3518 2121 3742 2190 conjicit
3772 2119 3921 2174 Tille-

2359 2208 2594 2263 montius
2621 2218 2895 2265 auctorem
2920 2226 3039 2266 esse
3061 2224 3303 2268 sanctum
3335 2214 3626 2278 Meletium,
3665 2214 3749 2269 cui
3782 2213 3921 2266 Basi-

2355 2300 2460 2355 lius
2496 2302 2597 2355 hoc
2628 2314 2823 2356 munus
2842 2302 3128 2357 detulerat.
3158 2304 3263 2360 Sed
3291 2315 3466 2361 tamen
3492 2307 3719 2361 omnino
3748 2304 3919 2361 Basilii

2356 2394 2552 2464 stylum
2582 2393 2804 2449 redolet.

2430 2485 2688 2541 Videntur
2706 2496 2888 2542 autem
2927 2487 3065 2543 tituli
3101 2487 3152 2542 in
3192 2488 3275 2543 his
3302 2488 3544 2551 epistolis
3582 2491 3922 2546 librariorum

2357 2576 2565 2631 incuria
2599 2579 2807 2635 confusi
2838 2590 2893 2635 et
2922 2580 3215 2650 perturbati
3241 2579 3425 2635 fuisse.
3463 2580 3595 2634 Nam
3632 2598 3754 2637 cum
3783 2583 3925 2637 Basi—

2355 2670 2460 2723 lius
2494 2670 2639 2725 dicat
2676 2671 2728 2725 in
2764 2673 2987 2741 epistola
3018 2674 3090 2728 89
3144 2688 3202 2728 se
3251 2674 3534 2743 scripsisse
3582 2672 3651 2728 ad
3692 2674 3851 2728 Italos
3876 2686 3926 2727 et

2357 2762 2569 2829 Gallos;
2602 2779 2835 2834 cumque
2874 2765 3143 2820 Meletium
3189 2777 3358 2836 roget,
3402 2775 3457 2821 ut
3491 2781 3839 2822 communem
3864 2768 3924 2818 ad

2352 2856 2723 2913 Occidentales
2776 2858 3058 2927 epistolam
3117 2860 3302 2924 dictet,
3364 2861 3547 2915 nescio
3602 2874 3716 2929 quo
3778 2868 3927 2928 pacto

2352 2946 2599 3015 contigit,
2625 2956 2684 3001 ut
2707 2948 2913 3017 privata
2932 2948 3157 3019 epistola
3195 2948 3651 3014 Occidentalibus,
3678 2963 3927 3005 commuo

2352 3037 2435 3091 nis
2470 3038 2631 3091 Italiae
2672 3048 2726 3091 et
2762 3038 2945 3094 Galliae
2978 3042 3245 3111 episc0pis
3286 3042 3675 3097 inscriberetur
3726 3059 3742 3097 :
3792 3039 3929 3113 quod

2350 3141 2537 3185 contra
2573 3133 2874 3201 oportebat.

2423 3222 2475 3276 In
2521 3222 2622 3277 hac
2654 3225 2880 3294 epistola
2921 3241 3081 3293 quam
3114 3228 3344 3284 Basilius
3379 3229 3452 3301 (g)
3498 3230 3644 3286 Italis
3677 3242 3734 3287 et
3769 3230 3933 3287 Gallis

2349 3329 2443 3368 suo
2470 3316 2689 3385 scripsit
2720 3316 2956 3381 nomine,
2990 3315 3231 3369 laetitiam
3259 3333 3411 3371 suam
3441 3320 3711 3388 signiﬁcat
3745 3336 3812 3376 ex
3841 3336 3931 3375 en-

2346 3423 2465 3461 rum
2514 3408 2713 3462 litteris
2746 3416 3046 3477 acceptam,
3100 3425 3164 3463 ex
3207 3411 3401 3480 quibus
3436 3426 3709 3465 summam
3741 3429 3929 3467 eorum

2348 3499 2688 3553 c0ucordiam
2744 3509 2798 3554 et
2839 3501 3097 3554 unitatem
3142 3511 3516 3573 perspexerat.
3572 3501 3683 3557 Sed
3723 3514 3783 3557 nt
3814 3520 3936 3574 pro-

2350 3590 2521 3656 prium
2548 3606 2701 3644 suum
2732 3606 2852 3647 esse
2874 3594 3019 3647 ducit
3041 3592 3252 3650 felicem
3287 3595 3498 3650 illorum
3536 3594 3806 3653 Ecclesiae
3828 3608 3939 3653 sla-

2350 3689 2484 3744 tum,
2510 3680 2581 3733 ita
2609 3696 2701 3735 eos
2731 3696 2902 3753 rogat,
2939 3701 2997 3739 ut
3035 3688 3270 3742 vicissim
3298 3687 3533 3745 Orientis
3580 3692 3751 3746 malis
3789 3707 3940 3746 com-

2348 3780 2685 3825 moveantur.
2749 3774 2974 3844 Egregie
3013 3778 3279 3834 describit
3326 3780 3424 3835 bas
3466 3795 3774 3846 aerumnas,
3821 3796 3941 3853 qua

2344 3864 2453 3933 jam
2483 3879 2579 3935 per
2614 3874 2784 3920 totum
2810 3866 2994 3920 orbem
3025 3881 3452 3934 personuerant..
3477 3872 3711 3929 Nuntiat
3750 3875 3943 3930 Patres

2345 3969 2401 4011 et
2443 3959 2757 4012 traditiones
2785 3960 3079 4027 contemni,
3131 3972 3448 4017 novaturum
3482 3978 3805 4021 commenta
3847 3968 3938 4023 do-

2348 4051 2566 4116 minari,
2601 4050 2808 4107 abactis
2840 4054 3142 4121 pastoribus
3183 4053 3337 4124 lupus
3381 4054 3657 4110 introduci
3699 4058 3944 4112 :‘domus

2348 4143 2613 4197 orationis
2655 4144 2897 4199 desertas
2932 4162 3083 4213 esse;
3141 4146 3458 4201 solitudines
3500 4146 3944 4205 lamentantibus

2349 4236 2575 4289 refertas
2604 4250 2744 4290 esse.
2773 4238 2942 4304 Rogat
2972 4254 3101 4307 ergo
3136 4235 3298 4291 Italiae
3328 4247 3382 4293 et
3411 4237 3593 4293 Gallio:
3620 4242 3942 4311 episcopos.

2349 4337 2405 4381 ut
2438 4328 2650 4381 tandem
2686 4326 2922 4383 Orientis
2959 4329 3157 4384 auxilio
3179 4332 3415 4385 veniant.
3442 4330 3723 4386 Assentiri
3761 4349 3825 4389 se
3848 4334 3946 4389 de-

2346 4422 2516 4474 clarat
2561 4421 2627 4474 iis
2669 4424 2941 4491 omnibus,
2985 4438 3105 4492 quae
3140 4425 3395 4480 canonice
3442 4434 3561 4481 acta
3598 4423 3837 4483 fuerant
3893 4430 3947 4483 in

2351 4512 2554 4582 synodo
2580 4514 2847 4572 Boinana.

2425 4604 2631 4675 Scripta
2666 4616 2746 4660 est
2792 4609 2841 4660 in
2894 4606 3136 4661 eamdem
3183 4609 3505 4662 sententiam
3555 4608 3809 4677 epistola
3867 4626 3951 4665 se.

2352 4712 2519 4765 quens
2547 4697 2623 4770 (ll)
2648 4701 2712 4750 ad
2748 4699 3107 4764 Valerianum,
3132 4701 3282 4769 cujus
3311 4700 3640 4755 cliaritatem
3675 4719 3748 4759 co
3777 4704 3952 4773 magis

2356 4790 2583 4840 miratur
2618 4788 2874 4853 Basilius,
2931 4793 3070 4857 quod
3125 4792 3170 4845 is
3198 4792 3345 4859 prior
3390 4790 3725 4860 scripserat,
3790 4794 3954 4847 nullis

2348 4881 2700 4951 compellatus
2727 4884 2940 4935 litteris.
2986 4882 3214 4936 Necesse
3256 4896 3377 4937 esse
3412 4884 3505 4949 ait,
3539 4885 3588 4938 si
3641 4886 3819 4941 modo
3846 4902 3951 4941 non

2341 4972 2452 5042 jam
2487 4972 2796 5027 conclusum
2834 4981 2914 5025 est
2944 4973 3122 5025 mundi
3156 4980 3385 5041 tempus,
3442 4977 3535 5027 sed
3583 4977 3787 5031 adhuc
3830 4981 3955 5033 vita:

2351 5066 2597 5121 humanae
2649 5067 2763 5119 dies
2822 5074 3130 5136 supersunt,
3191 5074 3249 5119 ut
3313 5066 3713 5123 Occidentales
3789 5073 3953 5126 fidem

2348 5156 2584 5213 Orientis
2616 5169 2895 5222 renovent,
2929 5168 2982 5211 et
3014 5159 3300 5221 bonorum,
3336 5175 3452 5227 qua:
3473 5160 3538 5213 ab
3573 5159 3824 5219 Oriente
3862 5180 3957 5217 ac-

2347 5260 2624 5320 ceperunt,
2680 5250 3171 5306 remunerationem
3236 5250 3307 5304 illi
3368 5252 3421 5305 in
3478 5261 3751 5322 tempore
3827 5273 3954 5326 per-

2344 5345 2577 5398 solvant.

2415 5435 2478 5489 V.
2528 5435 2774 5502 Epistolac
2806 5434 2867 5505 (i)
2898 5434 3065 5490 Gallis
3090 5433 3304 5489 etltalis
3330 5433 3545 5503 scripta:
3574 5438 3958 5497 subscribam

2416 5550 2490 5622 (f)
2528 5551 2625 5621 Ep.
2659 5551 2747 5604 89.

2415 5627 2489 5691 (ρ)
2533 5624 2627 5688 Et).
2655 5622 2742 5673 90-

2417 5697 2493 5755 th)
2539 5691 2629 5755 Ep.
2661 5692 2744 5745 91.

2421 5758 2481 5828 (ί)
2525 5759 2620 5825 Ep.
2656 5760 2741 5810 92.
