  <div class='ocr_page' id='page_1' title='image "/cluster/home/n/w/nwhite01/storage/ocr_20150623/29/pst.000005712274/096.png"; bbox 0 0 4080 6312; ppageno 0'>
   <div class='ocr_carea' id='block_1_1' title="bbox 1510 368 2068 424">
    <p class='ocr_par' dir='ltr' id='par_1_1' title="bbox 1510 368 2068 424">
     <span class='ocr_line' id='line_1_1' title="bbox 1510 368 2068 424; baseline 0.004 -2"><span class='ocrx_word' id='word_1_1' title='bbox 1510 368 1665 422; x_wconf 65' lang='grc' dir='ltr'><strong>ΥΙΤΑ</strong></span> <span class='ocrx_word' id='word_1_2' title='bbox 1711 368 1769 422; x_wconf 86' lang='lat' dir='ltr'><strong>S.</strong></span> <span class='ocrx_word' id='word_1_3' title='bbox 1811 368 2068 424; x_wconf 72' lang='lat' dir='ltr'><strong>BASILII.</strong></span> 
     </span>
    </p>
   </div>
   <div class='ocr_carea' id='block_1_2' title="bbox 3192 360 3392 426">
    <p class='ocr_par' dir='ltr' id='par_1_2' title="bbox 3192 360 3392 426">
     <span class='ocr_line' id='line_1_2' title="bbox 3192 360 3392 426; baseline 0.015 -2"><span class='ocrx_word' id='word_1_4' title='bbox 3192 360 3392 426; x_wconf 10' lang='lat' dir='ltr'><strong>Lustra.</strong></span> 
     </span>
    </p>
   </div>
   <div class='ocr_carea' id='block_1_3' title="bbox 168 482 3395 563">
    <p class='ocr_par' dir='ltr' id='par_1_3' title="bbox 168 482 3395 563">
     <span class='ocr_line' id='line_1_3' title="bbox 168 482 3395 563; baseline 0.001 -26"><span class='ocrx_word' id='word_1_5' title='bbox 168 483 393 550; x_wconf 75' lang='lat' dir='ltr'><strong>episcOpi</strong></span> <span class='ocrx_word' id='word_1_6' title='bbox 429 482 521 547; x_wconf 76' lang='lat'><strong>3-2,</strong></span> <span class='ocrx_word' id='word_1_7' title='bbox 550 482 693 540; x_wconf 83' lang='lat' dir='ltr'><strong>inter</strong></span> <span class='ocrx_word' id='word_1_8' title='bbox 725 501 858 556; x_wconf 86' lang='lat' dir='ltr'><strong>quos</strong></span> <span class='ocrx_word' id='word_1_9' title='bbox 889 485 1126 557; x_wconf 71' lang='lat' dir='ltr'><strong>insignes</strong></span> <span class='ocrx_word' id='word_1_10' title='bbox 1161 495 1287 543; x_wconf 89' lang='lat' dir='ltr'><strong>sunt</strong></span> <span class='ocrx_word' id='word_1_11' title='bbox 1331 502 1547 544; x_wconf 80' lang='lat' dir='ltr'><strong>sanctus</strong></span> <span class='ocrx_word' id='word_1_12' title='bbox 1569 490 1727 544; x_wconf 79' lang='lat' dir='ltr'><strong>Mete-</strong></span> <span class='ocrx_word' id='word_1_13' title='bbox 1756 493 1803 549; x_wconf 82' lang='grc' dir='ltr'><strong>Α</strong></span> <span class='ocrx_word' id='word_1_14' title='bbox 1848 489 2049 545; x_wconf 77' lang='lat' dir='ltr'><strong>Pascha</strong></span> <span class='ocrx_word' id='word_1_15' title='bbox 2086 487 2282 546; x_wconf 89' lang='lat' dir='ltr'><strong>dimitti</strong></span> <span class='ocrx_word' id='word_1_16' title='bbox 2320 489 2463 560; x_wconf 85' lang='lat' dir='ltr'><strong>velit,</strong></span> <span class='ocrx_word' id='word_1_17' title='bbox 2507 492 2632 563; x_wconf 88' lang='lat' dir='ltr'><strong>quia</strong></span> <span class='ocrx_word' id='word_1_18' title='bbox 2678 503 2932 560; x_wconf 85' lang='lat' dir='ltr'><strong>responsa</strong></span> <span class='ocrx_word' id='word_1_19' title='bbox 2972 490 3268 546; x_wconf 89' lang='lat' dir='ltr'><strong>Samosatis</strong></span> <span class='ocrx_word' id='word_1_20' title='bbox 3297 504 3395 541; x_wconf 77' lang='lat' dir='ltr'><strong>ex-</strong></span> 
     </span>
    </p>
   </div>
   <div class='ocr_carea' id='block_1_4' title="bbox 168 571 1721 646">
    <p class='ocr_par' dir='ltr' id='par_1_4' title="bbox 168 571 1721 646">
     <span class='ocr_line' id='line_1_4' title="bbox 168 571 1721 646; baseline 0.005 -17"><span class='ocrx_word' id='word_1_21' title='bbox 168 576 281 639; x_wconf 85' lang='lat' dir='ltr'><strong>tius,</strong></span> <span class='ocrx_word' id='word_1_22' title='bbox 326 572 386 625; x_wconf 87' lang='lat' dir='ltr'><strong>S.</strong></span> <span class='ocrx_word' id='word_1_23' title='bbox 424 571 691 631; x_wconf 84' lang='lat' dir='ltr'><strong>Eusebius</strong></span> <span class='ocrx_word' id='word_1_24' title='bbox 733 577 1145 646; x_wconf 87' lang='lat' dir='ltr'><strong>Samosatensis,</strong></span> <span class='ocrx_word' id='word_1_25' title='bbox 1199 588 1415 634; x_wconf 87' lang='lat' dir='ltr'><strong>sanctus</strong></span> <span class='ocrx_word' id='word_1_26' title='bbox 1472 581 1721 644; x_wconf 78' lang='lat' dir='ltr'><strong>Basilius.</strong></span> 
     </span>
    </p>
   </div>
   <div class='ocr_carea' id='block_1_5' title="bbox 167 662 1725 739">
    <p class='ocr_par' dir='ltr' id='par_1_5' title="bbox 167 662 1725 739">
     <span class='ocr_line' id='line_1_5' title="bbox 167 662 1725 739; baseline 0.003 -19"><span class='ocrx_word' id='word_1_27' title='bbox 167 662 449 730; x_wconf 75' lang='lat' dir='ltr'><strong>Gregorius</strong></span> <span class='ocrx_word' id='word_1_28' title='bbox 483 666 737 736; x_wconf 83' lang='lat' dir='ltr'><strong>Theologi</strong></span> <span class='ocrx_word' id='word_1_29' title='bbox 782 676 955 739; x_wconf 86' lang='lat' dir='ltr'><strong>pater,</strong></span> <span class='ocrx_word' id='word_1_30' title='bbox 1004 667 1248 739; x_wconf 79' lang='lat' dir='ltr'><strong>Pelagius</strong></span> <span class='ocrx_word' id='word_1_31' title='bbox 1271 669 1578 737; x_wconf 69' lang='lat' dir='ltr'><strong>Laodicazae,</strong></span> <span class='ocrx_word' id='word_1_32' title='bbox 1612 674 1725 726; x_wconf 78' lang='lat' dir='ltr'><strong>An-</strong></span> 
     </span>
    </p>
   </div>
   <div class='ocr_carea' id='block_1_6' title="bbox 167 738 1724 827">
    <p class='ocr_par' dir='ltr' id='par_1_6' title="bbox 167 738 1724 827">
     <span class='ocr_line' id='line_1_6' title="bbox 167 738 1724 827; baseline 0.008 -22"><span class='ocrx_word' id='word_1_33' title='bbox 167 755 355 807; x_wconf 82' lang='lat' dir='ltr'><strong>tbimus</strong></span> <span class='ocrx_word' id='word_1_34' title='bbox 377 751 714 827; x_wconf 78' lang='lat' dir='ltr'><strong>Tyanorum,</strong></span> <span class='ocrx_word' id='word_1_35' title='bbox 768 738 1073 814; x_wconf 78' lang='lat' dir='ltr'><strong>Theodotus</strong></span> <span class='ocrx_word' id='word_1_36' title='bbox 1116 760 1536 827; x_wconf 79' lang='lat' dir='ltr'><strong>Nicopolitanus,</strong></span> <span class='ocrx_word' id='word_1_37' title='bbox 1574 764 1724 817; x_wconf 74' lang='lat' dir='ltr'><strong>\‘itus</strong></span> 
     </span>
    </p>
   </div>
   <div class='ocr_carea' id='block_1_7' title="bbox 168 842 1722 915">
    <p class='ocr_par' dir='ltr' id='par_1_7' title="bbox 168 842 1722 915">
     <span class='ocr_line' id='line_1_7' title="bbox 168 842 1722 915; baseline 0.006 -19"><span class='ocrx_word' id='word_1_38' title='bbox 168 842 489 899; x_wconf 63' lang='lat' dir='ltr'><strong>Uanrhorum</strong></span> <span class='ocrx_word' id='word_1_39' title='bbox 524 848 575 899; x_wconf 89' lang='lat' dir='ltr'><strong>in</strong></span> <span class='ocrx_word' id='word_1_40' title='bbox 610 845 1014 915; x_wconf 81' lang='lat' dir='ltr'><strong>Mesopotamia,</strong></span> <span class='ocrx_word' id='word_1_41' title='bbox 1038 852 1307 906; x_wconf 85' lang='lat' dir='ltr'><strong>Abraham</strong></span> <span class='ocrx_word' id='word_1_42' title='bbox 1335 851 1636 908; x_wconf 88' lang='lat' dir='ltr'><strong>Urimorum</strong></span> <span class='ocrx_word' id='word_1_43' title='bbox 1672 854 1722 905; x_wconf 92' lang='lat' dir='ltr'><strong>in</strong></span> 
     </span>
    </p>
   </div>
   <div class='ocr_carea' id='block_1_8' title="bbox 167 932 1721 1007">
    <p class='ocr_par' dir='ltr' id='par_1_8' title="bbox 167 932 1721 1007">
     <span class='ocr_line' id='line_1_8' title="bbox 167 932 1721 1007; baseline 0.005 -20"><span class='ocrx_word' id='word_1_44' title='bbox 167 932 337 1002; x_wconf 78' lang='lat' dir='ltr'><strong>Syria,</strong></span> <span class='ocrx_word' id='word_1_45' title='bbox 384 940 476 1007; x_wconf 91' lang='lat' dir='ltr'><strong>qui</strong></span> <span class='ocrx_word' id='word_1_46' title='bbox 507 939 736 991; x_wconf 84' lang='lat' dir='ltr'><strong>concilio</strong></span> <span class='ocrx_word' id='word_1_47' title='bbox 766 940 1101 997; x_wconf 83' lang='lat' dir='ltr'><strong>Autiocheno</strong></span> <span class='ocrx_word' id='word_1_48' title='bbox 1144 941 1383 996; x_wconf 86' lang='lat' dir='ltr'><strong>interfuit</strong></span> <span class='ocrx_word' id='word_1_49' title='bbox 1409 961 1547 998; x_wconf 91' lang='lat' dir='ltr'><strong>anno</strong></span> <span class='ocrx_word' id='word_1_50' title='bbox 1577 942 1681 997; x_wconf 77' lang='lat'><strong>365</strong></span> <span class='ocrx_word' id='word_1_51' title='bbox 1708 962 1721 1007; x_wconf 91' lang='lat'><strong>;</strong></span> 
     </span>
    </p>
   </div>
   <div class='ocr_carea' id='block_1_9' title="bbox 167 1026 1724 1103">
    <p class='ocr_par' dir='ltr' id='par_1_9' title="bbox 167 1026 1724 1103">
     <span class='ocr_line' id='line_1_9' title="bbox 167 1026 1724 1103; baseline 0.008 -27"><span class='ocrx_word' id='word_1_52' title='bbox 167 1026 295 1079; x_wconf 92' lang='lat' dir='ltr'><strong>alter</strong></span> <span class='ocrx_word' id='word_1_53' title='bbox 339 1030 615 1083; x_wconf 83' lang='lat' dir='ltr'><strong>Abraham</strong></span> <span class='ocrx_word' id='word_1_54' title='bbox 664 1030 988 1097; x_wconf 84' lang='lat' dir='ltr'><strong>Batnorum,</strong></span> <span class='ocrx_word' id='word_1_55' title='bbox 1031 1035 1094 1086; x_wconf 85' lang='lat' dir='ltr'><strong>ad</strong></span> <span class='ocrx_word' id='word_1_56' title='bbox 1130 1050 1287 1103; x_wconf 84' lang='lat' dir='ltr'><strong>quem</strong></span> <span class='ocrx_word' id='word_1_57' title='bbox 1331 1048 1506 1091; x_wconf 81' lang='lat' dir='ltr'><strong>exstat</strong></span> <span class='ocrx_word' id='word_1_58' title='bbox 1542 1034 1724 1089; x_wconf 87' lang='lat' dir='ltr'><strong>Basilii</strong></span> 
     </span>
    </p>
   </div>
   <div class='ocr_carea' id='block_1_10' title="bbox 166 1117 1720 1192">
    <p class='ocr_par' dir='ltr' id='par_1_10' title="bbox 166 1117 1720 1192">
     <span class='ocr_line' id='line_1_10' title="bbox 166 1117 1720 1192; baseline 0.006 -24"><span class='ocrx_word' id='word_1_59' title='bbox 166 1117 407 1184; x_wconf 89' lang='lat' dir='ltr'><strong>epistola,</strong></span> <span class='ocrx_word' id='word_1_60' title='bbox 444 1119 589 1172; x_wconf 85' lang='lat' dir='ltr'><strong>Zeno</strong></span> <span class='ocrx_word' id='word_1_61' title='bbox 620 1120 767 1192; x_wconf 72' lang='lat' dir='ltr'><strong>Tyri,</strong></span> <span class='ocrx_word' id='word_1_62' title='bbox 815 1124 1148 1189; x_wconf 80' lang='lat' dir='ltr'><strong>Eustathius,</strong></span> <span class='ocrx_word' id='word_1_63' title='bbox 1194 1136 1249 1179; x_wconf 91' lang='lat' dir='ltr'><strong>ut</strong></span> <span class='ocrx_word' id='word_1_64' title='bbox 1302 1125 1591 1180; x_wconf 70' lang='lat' dir='ltr'><strong>verisimile</strong></span> <span class='ocrx_word' id='word_1_65' title='bbox 1623 1133 1720 1189; x_wconf 89' lang='lat' dir='ltr'><strong>est,</strong></span> 
     </span>
    </p>
   </div>
   <div class='ocr_carea' id='block_1_11' title="bbox 167 1206 1725 1284">
    <p class='ocr_par' dir='ltr' id='par_1_11' title="bbox 167 1206 1725 1284">
     <span class='ocr_line' id='line_1_11' title="bbox 167 1206 1725 1284; baseline 0.006 -21"><span class='ocrx_word' id='word_1_66' title='bbox 167 1206 517 1265; x_wconf 64' lang='lat' dir='ltr'><strong>Sebastenus:</strong></span> <span class='ocrx_word' id='word_1_67' title='bbox 547 1213 648 1275; x_wconf 71' lang='grc' dir='ltr'><strong>Ρη)</strong></span> <span class='ocrx_word' id='word_1_68' title='bbox 670 1216 885 1276; x_wconf 85' lang='lat' dir='ltr'><strong>Narses,</strong></span> <span class='ocrx_word' id='word_1_69' title='bbox 911 1214 1035 1284; x_wconf 83' lang='lat' dir='ltr'><strong>legit</strong></span> <span class='ocrx_word' id='word_1_70' title='bbox 1068 1214 1303 1272; x_wconf 78' lang='lat' dir='ltr'><strong>Valesius</strong></span> <span class='ocrx_word' id='word_1_71' title='bbox 1338 1219 1531 1270; x_wconf 85' lang='lat' dir='ltr'><strong>Barses</strong></span> <span class='ocrx_word' id='word_1_72' title='bbox 1560 1215 1725 1272; x_wconf 87' lang='lat' dir='ltr'><strong>Edes-</strong></span> 
     </span>
    </p>
   </div>
   <div class='ocr_carea' id='block_1_12' title="bbox 169 1301 1726 1377">
    <p class='ocr_par' dir='ltr' id='par_1_12' title="bbox 169 1301 1726 1377">
     <span class='ocr_line' id='line_1_12' title="bbox 169 1301 1726 1377; baseline 0.006 -24"><span class='ocrx_word' id='word_1_73' title='bbox 169 1315 253 1354; x_wconf 74' lang='lat' dir='ltr'><strong>sze.</strong></span> <span class='ocrx_word' id='word_1_74' title='bbox 285 1301 398 1354; x_wconf 88' lang='lat' dir='ltr'><strong>Sed</strong></span> <span class='ocrx_word' id='word_1_75' title='bbox 425 1319 545 1357; x_wconf 88' lang='lat' dir='ltr'><strong>cum</strong></span> <span class='ocrx_word' id='word_1_76' title='bbox 593 1306 637 1359; x_wconf 87' lang='lat' dir='ltr'><strong>is</strong></span> <span class='ocrx_word' id='word_1_77' title='bbox 676 1308 813 1359; x_wconf 90' lang='lat' dir='ltr'><strong>inter</strong></span> <span class='ocrx_word' id='word_1_78' title='bbox 841 1316 1138 1374; x_wconf 84' lang='lat' dir='ltr'><strong>postremos</strong></span> <span class='ocrx_word' id='word_1_79' title='bbox 1162 1308 1486 1368; x_wconf 87' lang='lat' dir='ltr'><strong>subscribat,</strong></span> <span class='ocrx_word' id='word_1_80' title='bbox 1511 1308 1726 1377; x_wconf 89' lang='lat' dir='ltr'><strong>conjicit</strong></span> 
     </span>
    </p>
   </div>
   <div class='ocr_carea' id='block_1_13' title="bbox 169 1390 1725 1466">
    <p class='ocr_par' dir='ltr' id='par_1_13' title="bbox 169 1390 1725 1466">
     <span class='ocr_line' id='line_1_13' title="bbox 169 1390 1725 1466; baseline 0.008 -25"><span class='ocrx_word' id='word_1_81' title='bbox 169 1390 539 1449; x_wconf 84' lang='lat' dir='ltr'><strong>Tillemontius</strong></span> <span class='ocrx_word' id='word_1_82' title='bbox 597 1411 718 1448; x_wconf 89' lang='lat' dir='ltr'><strong>eum</strong></span> <span class='ocrx_word' id='word_1_83' title='bbox 763 1395 957 1462; x_wconf 89' lang='lat' dir='ltr'><strong>potius,</strong></span> <span class='ocrx_word' id='word_1_84' title='bbox 1010 1397 1098 1466; x_wconf 90' lang='lat' dir='ltr'><strong>qui</strong></span> <span class='ocrx_word' id='word_1_85' title='bbox 1129 1398 1325 1452; x_wconf 88' lang='lat' dir='ltr'><strong>Bassus</strong></span> <span class='ocrx_word' id='word_1_86' title='bbox 1354 1398 1570 1461; x_wconf 84' lang='lat' dir='ltr'><strong>dicitur,</strong></span> <span class='ocrx_word' id='word_1_87' title='bbox 1606 1415 1725 1453; x_wconf 86' lang='lat' dir='ltr'><strong>esse</strong></span> 
     </span>
    </p>
   </div>
   <div class='ocr_carea' id='block_1_14' title="bbox 166 1479 1723 1559">
    <p class='ocr_par' dir='ltr' id='par_1_14' title="bbox 166 1479 1723 1559">
     <span class='ocr_line' id='line_1_14' title="bbox 166 1479 1723 1559; baseline 0.01 -30"><span class='ocrx_word' id='word_1_88' title='bbox 166 1479 380 1536; x_wconf 80' lang='lat' dir='ltr'><strong>Barsaut</strong></span> <span class='ocrx_word' id='word_1_89' title='bbox 468 1485 706 1538; x_wconf 63' lang='lat' dir='ltr'><strong>Edessrc.</strong></span> <span class='ocrx_word' id='word_1_90' title='bbox 786 1482 890 1541; x_wconf 81' lang='lat' dir='ltr'><strong>Pro</strong></span> <span class='ocrx_word' id='word_1_91' title='bbox 961 1488 1120 1543; x_wconf 90' lang='lat' dir='ltr'><strong>latrio</strong></span> <span class='ocrx_word' id='word_1_92' title='bbox 1194 1489 1420 1542; x_wconf 74' lang='lat' dir='ltr'><strong>libenter</strong></span> <span class='ocrx_word' id='word_1_93' title='bbox 1493 1488 1723 1559; x_wconf 71' lang='lat' dir='ltr'><strong>legerem</strong></span> 
     </span>
    </p>
   </div>
   <div class='ocr_carea' id='block_1_15' title="bbox 166 1569 1724 1635">
    <p class='ocr_par' dir='ltr' id='par_1_15' title="bbox 166 1569 1724 1635">
     <span class='ocr_line' id='line_1_15' title="bbox 166 1569 1724 1635; baseline 0.009 -14"><span class='ocrx_word' id='word_1_94' title='bbox 166 1569 404 1626; x_wconf 89' lang='lat' dir='ltr'><strong>Otreium</strong></span> <span class='ocrx_word' id='word_1_95' title='bbox 442 1574 870 1633; x_wconf 81' lang='lat' dir='ltr'><strong>Melitiuensem..</strong></span> <span class='ocrx_word' id='word_1_96' title='bbox 895 1578 1100 1633; x_wconf 78' lang='lat' dir='ltr'><strong>Favcnt</strong></span> <span class='ocrx_word' id='word_1_97' title='bbox 1129 1580 1253 1633; x_wconf 82' lang='lat' dir='ltr'><strong>huic</strong></span> <span class='ocrx_word' id='word_1_98' title='bbox 1281 1581 1559 1634; x_wconf 70' lang='lat' dir='ltr'><strong>sententiae</strong></span> <span class='ocrx_word' id='word_1_99' title='bbox 1591 1597 1724 1635; x_wconf 84' lang='lat' dir='ltr'><strong>non-</strong></span> 
     </span>
    </p>
   </div>
   <div class='ocr_carea' id='block_1_16' title="bbox 167 1663 1722 1739">
    <p class='ocr_par' dir='ltr' id='par_1_16' title="bbox 167 1663 1722 1739">
     <span class='ocr_line' id='line_1_16' title="bbox 167 1663 1722 1739; baseline 0.007 -26"><span class='ocrx_word' id='word_1_100' title='bbox 167 1663 284 1716; x_wconf 88' lang='lat' dir='ltr'><strong>nulli</strong></span> <span class='ocrx_word' id='word_1_101' title='bbox 328 1664 568 1727; x_wconf 86' lang='lat' dir='ltr'><strong>codices,</strong></span> <span class='ocrx_word' id='word_1_102' title='bbox 624 1666 675 1719; x_wconf 92' lang='lat' dir='ltr'><strong>in</strong></span> <span class='ocrx_word' id='word_1_103' title='bbox 718 1670 911 1738; x_wconf 88' lang='lat' dir='ltr'><strong>quibus</strong></span> <span class='ocrx_word' id='word_1_104' title='bbox 960 1670 1151 1738; x_wconf 82' lang='lat' dir='ltr'><strong>legitur</strong></span> <span class='ocrx_word' id='word_1_105' title='bbox 1193 1670 1429 1724; x_wconf 86' lang='lat' dir='ltr'><strong>Atreius.</strong></span> <span class='ocrx_word' id='word_1_106' title='bbox 1470 1669 1722 1739; x_wconf 90' lang='lat' dir='ltr'><strong>losacem,</strong></span> 
     </span>
    </p>
   </div>
   <div class='ocr_carea' id='block_1_17' title="bbox 166 1754 1724 1820">
    <p class='ocr_par' dir='ltr' id='par_1_17' title="bbox 166 1754 1724 1820">
     <span class='ocr_line' id='line_1_17' title="bbox 166 1754 1724 1820; baseline 0.008 -13"><span class='ocrx_word' id='word_1_107' title='bbox 166 1757 271 1810; x_wconf 81' lang='lat' dir='ltr'><strong>sive</strong></span> <span class='ocrx_word' id='word_1_108' title='bbox 322 1754 562 1809; x_wconf 87' lang='lat' dir='ltr'><strong>Isaaeem</strong></span> <span class='ocrx_word' id='word_1_109' title='bbox 619 1759 988 1817; x_wconf 85' lang='lat' dir='ltr'><strong>Tillemontius</strong></span> <span class='ocrx_word' id='word_1_110' title='bbox 1052 1763 1298 1815; x_wconf 87' lang='lat' dir='ltr'><strong>eumdem</strong></span> <span class='ocrx_word' id='word_1_111' title='bbox 1363 1779 1482 1819; x_wconf 86' lang='lat' dir='ltr'><strong>esse</strong></span> <span class='ocrx_word' id='word_1_112' title='bbox 1540 1767 1724 1820; x_wconf 81' lang='lat' dir='ltr'><strong>existi-</strong></span> 
     </span>
    </p>
   </div>
   <div class='ocr_carea' id='block_1_18' title="bbox 168 1834 1799 1925">
    <p class='ocr_par' dir='ltr' id='par_1_18' title="bbox 168 1834 1799 1925">
     <span class='ocr_line' id='line_1_18' title="bbox 168 1834 1799 1925; baseline 0.008 -27"><span class='ocrx_word' id='word_1_113' title='bbox 168 1854 289 1908; x_wconf 89' lang='lat' dir='ltr'><strong>mat,</strong></span> <span class='ocrx_word' id='word_1_114' title='bbox 338 1860 405 1899; x_wconf 88' lang='lat' dir='ltr'><strong>ac</strong></span> <span class='ocrx_word' id='word_1_115' title='bbox 457 1846 721 1904; x_wconf 87' lang='lat' dir='ltr'><strong>lsacocem</strong></span> <span class='ocrx_word' id='word_1_116' title='bbox 769 1852 1034 1904; x_wconf 76' lang='lat' dir='ltr'><strong>Armenia:</strong></span> <span class='ocrx_word' id='word_1_117' title='bbox 1079 1853 1296 1921; x_wconf 83' lang='lat' dir='ltr'><strong>majoris</strong></span> <span class='ocrx_word' id='word_1_118' title='bbox 1325 1855 1422 1925; x_wconf 91' lang='lat' dir='ltr'><strong>(a).</strong></span> <span class='ocrx_word' id='word_1_119' title='bbox 1466 1856 1720 1925; x_wconf 81' lang='lat' dir='ltr'><strong>Equidem</strong></span> <span class='ocrx_word' id='word_1_120' title='bbox 1758 1834 1799 1892; x_wconf 72' lang='grc' dir='ltr'><strong>Β</strong></span> 
     </span>
    </p>
   </div>
   <div class='ocr_carea' id='block_1_19' title="bbox 167 1939 1725 2015">
    <p class='ocr_par' dir='ltr' id='par_1_19' title="bbox 167 1939 1725 2015">
     <span class='ocr_line' id='line_1_19' title="bbox 167 1939 1725 2015; baseline 0.008 -28"><span class='ocrx_word' id='word_1_121' title='bbox 167 1949 257 2002; x_wconf 73' lang='lat' dir='ltr'><strong>pro</strong></span> <span class='ocrx_word' id='word_1_122' title='bbox 282 1950 348 1989; x_wconf 84' lang='lat' dir='ltr'><strong>eo</strong></span> <span class='ocrx_word' id='word_1_123' title='bbox 378 1939 521 2005; x_wconf 85' lang='lat' dir='ltr'><strong>quod</strong></span> <span class='ocrx_word' id='word_1_124' title='bbox 554 1948 638 1992; x_wconf 80' lang='lat' dir='ltr'><strong>est</strong></span> <span class='ocrx_word' id='word_1_125' title='bbox 666 1941 715 1991; x_wconf 92' lang='lat' dir='ltr'><strong>in</strong></span> <span class='ocrx_word' id='word_1_126' title='bbox 745 1940 903 1994; x_wconf 83' lang='lat' dir='ltr'><strong>editis</strong></span> <span class='ocrx_word' id='word_1_127' title='bbox 938 1942 1193 2014; x_wconf 75' lang='grc' dir='ltr'><strong>Ἰωσάκης</strong></span> <span class='ocrx_word' id='word_1_128' title='bbox 1225 1945 1472 1999; x_wconf 82' lang='lat' dir='ltr'><strong>libentius</strong></span> <span class='ocrx_word' id='word_1_129' title='bbox 1498 1948 1725 2015; x_wconf 79' lang='lat' dir='ltr'><strong>legerem</strong></span> 
     </span>
    </p>
   </div>
   <div class='ocr_carea' id='block_1_20' title="bbox 180 2023 1723 2101">
    <p class='ocr_par' dir='ltr' id='par_1_20' title="bbox 180 2023 1723 2101">
     <span class='ocr_line' id='line_1_20' title="bbox 180 2023 1723 2101; baseline 0.008 -25"><span class='ocrx_word' id='word_1_130' title='bbox 180 2023 449 2097; x_wconf 60' lang='grc' dir='ltr'><strong>Ἰηεαάκης.</strong></span> <span class='ocrx_word' id='word_1_131' title='bbox 490 2029 579 2083; x_wconf 88' lang='lat' dir='ltr'><strong>Sic</strong></span> <span class='ocrx_word' id='word_1_132' title='bbox 604 2030 744 2082; x_wconf 89' lang='lat' dir='ltr'><strong>enim</strong></span> <span class='ocrx_word' id='word_1_133' title='bbox 782 2031 832 2085; x_wconf 88' lang='lat' dir='ltr'><strong>itt</strong></span> <span class='ocrx_word' id='word_1_134' title='bbox 864 2032 1019 2100; x_wconf 86' lang='lat' dir='ltr'><strong>epist.</strong></span> <span class='ocrx_word' id='word_1_135' title='bbox 1053 2035 1173 2098; x_wconf 81' lang='lat' dir='ltr'><strong>I38,</strong></span> <span class='ocrx_word' id='word_1_136' title='bbox 1199 2051 1316 2088; x_wconf 87' lang='lat' dir='ltr'><strong>cum</strong></span> <span class='ocrx_word' id='word_1_137' title='bbox 1350 2046 1575 2101; x_wconf 83' lang='lat' dir='ltr'><strong>quatuor</strong></span> <span class='ocrx_word' id='word_1_138' title='bbox 1599 2052 1723 2088; x_wconf 85' lang='lat' dir='ltr'><strong>mss.</strong></span> 
     </span>
    </p>
   </div>
   <div class='ocr_carea' id='block_1_21' title="bbox 170 2116 1729 2193">
    <p class='ocr_par' dir='ltr' id='par_1_21' title="bbox 170 2116 1729 2193">
     <span class='ocr_line' id='line_1_21' title="bbox 170 2116 1729 2193; baseline 0.009 -25"><span class='ocrx_word' id='word_1_139' title='bbox 170 2116 428 2173; x_wconf 75' lang='lat' dir='ltr'><strong>haberent</strong></span> <span class='ocrx_word' id='word_1_140' title='bbox 472 2121 753 2192; x_wconf 73' lang='grc' dir='ltr'><strong>Ἰωσάκης,</strong></span> <span class='ocrx_word' id='word_1_141' title='bbox 781 2126 928 2193; x_wconf 88' lang='lat' dir='ltr'><strong>sequi</strong></span> <span class='ocrx_word' id='word_1_142' title='bbox 966 2126 1122 2179; x_wconf 88' lang='lat' dir='ltr'><strong>malui</strong></span> <span class='ocrx_word' id='word_1_143' title='bbox 1154 2128 1285 2179; x_wconf 80' lang='lat' dir='ltr'><strong>alios</strong></span> <span class='ocrx_word' id='word_1_144' title='bbox 1323 2128 1557 2182; x_wconf 80' lang='lat' dir='ltr'><strong>melioris</strong></span> <span class='ocrx_word' id='word_1_145' title='bbox 1594 2140 1729 2182; x_wconf 75' lang='lat' dir='ltr'><strong>uota:</strong></span> 
     </span>
    </p>
   </div>
   <div class='ocr_carea' id='block_1_22' title="bbox 169 2210 1726 2287">
    <p class='ocr_par' dir='ltr' id='par_1_22' title="bbox 169 2210 1726 2287">
     <span class='ocr_line' id='line_1_22' title="bbox 169 2210 1726 2287; baseline 0.008 -24"><span class='ocrx_word' id='word_1_146' title='bbox 169 2210 217 2263; x_wconf 90' lang='lat' dir='ltr'><strong>in</strong></span> <span class='ocrx_word' id='word_1_147' title='bbox 276 2212 477 2280; x_wconf 83' lang='lat' dir='ltr'><strong>quibus</strong></span> <span class='ocrx_word' id='word_1_148' title='bbox 539 2215 731 2283; x_wconf 83' lang='lat' dir='ltr'><strong>legitur</strong></span> <span class='ocrx_word' id='word_1_149' title='bbox 780 2218 1052 2287; x_wconf 74' lang='grc' dir='ltr'><strong>Ίσαάκης.</strong></span> <span class='ocrx_word' id='word_1_150' title='bbox 1105 2217 1202 2273; x_wconf 83' lang='lat' dir='ltr'><strong>llic</strong></span> <span class='ocrx_word' id='word_1_151' title='bbox 1256 2231 1432 2274; x_wconf 84' lang='lat' dir='ltr'><strong>autem</strong></span> <span class='ocrx_word' id='word_1_152' title='bbox 1490 2221 1620 2275; x_wconf 92' lang='lat' dir='ltr'><strong>nihil</strong></span> <span class='ocrx_word' id='word_1_153' title='bbox 1674 2223 1726 2277; x_wconf 89' lang='lat' dir='ltr'><strong>iu</strong></span> 
     </span>
    </p>
   </div>
   <div class='ocr_carea' id='block_1_23' title="bbox 168 2308 1729 2369">
    <p class='ocr_par' dir='ltr' id='par_1_23' title="bbox 168 2308 1729 2369">
     <span class='ocr_line' id='line_1_23' title="bbox 168 2308 1729 2369; baseline 0.008 -12"><span class='ocrx_word' id='word_1_154' title='bbox 168 2312 416 2358; x_wconf 80' lang='lat' dir='ltr'><strong>contextu</strong></span> <span class='ocrx_word' id='word_1_155' title='bbox 476 2308 801 2360; x_wconf 84' lang='lat' dir='ltr'><strong>mutavimus</strong></span> <span class='ocrx_word' id='word_1_156' title='bbox 869 2308 937 2361; x_wconf 88' lang='lat' dir='ltr'><strong>ob</strong></span> <span class='ocrx_word' id='word_1_157' title='bbox 1003 2324 1265 2365; x_wconf 88' lang='lat' dir='ltr'><strong>summam</strong></span> <span class='ocrx_word' id='word_1_158' title='bbox 1325 2314 1565 2367; x_wconf 89' lang='lat' dir='ltr'><strong>codicum</strong></span> <span class='ocrx_word' id='word_1_159' title='bbox 1638 2331 1729 2369; x_wconf 86' lang='lat' dir='ltr'><strong>ve-</strong></span> 
     </span>
    </p>
   </div>
   <div class='ocr_carea' id='block_1_24' title="bbox 171 2398 1729 2471">
    <p class='ocr_par' dir='ltr' id='par_1_24' title="bbox 171 2398 1729 2471">
     <span class='ocr_line' id='line_1_24' title="bbox 171 2398 1729 2471; baseline 0.006 -22"><span class='ocrx_word' id='word_1_160' title='bbox 171 2404 337 2449; x_wconf 89' lang='lat' dir='ltr'><strong>terum</strong></span> <span class='ocrx_word' id='word_1_161' title='bbox 400 2398 839 2471; x_wconf 67' lang='lat' dir='ltr'><strong>discrepantiam,</strong></span> <span class='ocrx_word' id='word_1_162' title='bbox 897 2404 991 2459; x_wconf 90' lang='lat' dir='ltr'><strong>sed</strong></span> <span class='ocrx_word' id='word_1_163' title='bbox 1046 2416 1222 2458; x_wconf 86' lang='lat' dir='ltr'><strong>tamen</strong></span> <span class='ocrx_word' id='word_1_164' title='bbox 1272 2405 1505 2459; x_wconf 84' lang='lat' dir='ltr'><strong>Isaacem</strong></span> <span class='ocrx_word' id='word_1_165' title='bbox 1564 2409 1729 2462; x_wconf 90' lang='lat' dir='ltr'><strong>inter-</strong></span> 
     </span>
    </p>
   </div>
   <div class='ocr_carea' id='block_1_25' title="bbox 172 2492 1730 2563">
    <p class='ocr_par' dir='ltr' id='par_1_25' title="bbox 172 2492 1730 2563">
     <span class='ocr_line' id='line_1_25' title="bbox 172 2492 1730 2563; baseline 0.008 -25"><span class='ocrx_word' id='word_1_166' title='bbox 172 2497 414 2554; x_wconf 85' lang='lat' dir='ltr'><strong>pretatus</strong></span> <span class='ocrx_word' id='word_1_167' title='bbox 482 2506 629 2549; x_wconf 70' lang='lat' dir='ltr'><strong>sum.</strong></span> <span class='ocrx_word' id='word_1_168' title='bbox 683 2492 972 2563; x_wconf 76' lang='lat' dir='ltr'><strong>Gregorius</strong></span> <span class='ocrx_word' id='word_1_169' title='bbox 1021 2506 1197 2549; x_wconf 90' lang='lat' dir='ltr'><strong>autem</strong></span> <span class='ocrx_word' id='word_1_170' title='bbox 1252 2498 1389 2550; x_wconf 81' lang='lat' dir='ltr'><strong>alter</strong></span> <span class='ocrx_word' id='word_1_171' title='bbox 1450 2513 1553 2549; x_wconf 91' lang='lat' dir='ltr'><strong>non</strong></span> <span class='ocrx_word' id='word_1_172' title='bbox 1595 2498 1730 2551; x_wconf 89' lang='lat' dir='ltr'><strong>alius</strong></span> 
     </span>
    </p>
   </div>
   <div class='ocr_carea' id='block_1_26' title="bbox 172 2579 1730 2655">
    <p class='ocr_par' dir='ltr' id='par_1_26' title="bbox 172 2579 1730 2655">
     <span class='ocr_line' id='line_1_26' title="bbox 172 2579 1730 2655; baseline 0.006 -24"><span class='ocrx_word' id='word_1_173' title='bbox 172 2579 378 2631; x_wconf 70' lang='lat' dir='ltr'><strong>deetur</strong></span> <span class='ocrx_word' id='word_1_174' title='bbox 427 2593 550 2633; x_wconf 89' lang='lat' dir='ltr'><strong>esse</strong></span> <span class='ocrx_word' id='word_1_175' title='bbox 604 2596 766 2652; x_wconf 83' lang='lat' dir='ltr'><strong>quam</strong></span> <span class='ocrx_word' id='word_1_176' title='bbox 824 2583 1120 2654; x_wconf 82' lang='lat' dir='ltr'><strong>Nysseuns,</strong></span> <span class='ocrx_word' id='word_1_177' title='bbox 1174 2601 1331 2655; x_wconf 91' lang='lat' dir='ltr'><strong>quem</strong></span> <span class='ocrx_word' id='word_1_178' title='bbox 1388 2587 1730 2655; x_wconf 86' lang='lat' dir='ltr'><strong>probavimus</strong></span> 
     </span>
    </p>
   </div>
   <div class='ocr_carea' id='block_1_27' title="bbox 165 2673 1728 2751">
    <p class='ocr_par' dir='ltr' id='par_1_27' title="bbox 165 2673 1728 2751">
     <span class='ocr_line' id='line_1_27' title="bbox 165 2673 1728 2751; baseline 0.007 -27"><span class='ocrx_word' id='word_1_179' title='bbox 165 2673 269 2739; x_wconf 86' lang='lat' dir='ltr'><strong>jam</strong></span> <span class='ocrx_word' id='word_1_180' title='bbox 321 2684 437 2727; x_wconf 90' lang='lat' dir='ltr'><strong>tum</strong></span> <span class='ocrx_word' id='word_1_181' title='bbox 493 2673 662 2730; x_wconf 80' lang='lat' dir='ltr'><strong>fuisse</strong></span> <span class='ocrx_word' id='word_1_182' title='bbox 710 2676 1037 2747; x_wconf 83' lang='lat' dir='ltr'><strong>episcopum.</strong></span> <span class='ocrx_word' id='word_1_183' title='bbox 1093 2678 1281 2735; x_wconf 65' lang='lat' dir='ltr'><strong>Crateri</strong></span> <span class='ocrx_word' id='word_1_184' title='bbox 1321 2681 1475 2735; x_wconf 85' lang='lat' dir='ltr'><strong>nobis</strong></span> <span class='ocrx_word' id='word_1_185' title='bbox 1510 2697 1728 2751; x_wconf 81' lang='lat' dir='ltr'><strong>prorsus</strong></span> 
     </span>
    </p>
   </div>
   <div class='ocr_carea' id='block_1_28' title="bbox 170 2766 348 2834">
    <p class='ocr_par' dir='ltr' id='par_1_28' title="bbox 170 2766 348 2834">
     <span class='ocr_line' id='line_1_28' title="bbox 170 2766 348 2834; baseline 0.017 -16"><span class='ocrx_word' id='word_1_186' title='bbox 170 2766 348 2834; x_wconf 78' lang='lat' dir='ltr'><strong>ignoti.</strong></span> 
     </span>
    </p>
   </div>
   <div class='ocr_carea' id='block_1_29' title="bbox 233 2856 1729 2936">
    <p class='ocr_par' dir='ltr' id='par_1_29' title="bbox 233 2856 1729 2936">
     <span class='ocr_line' id='line_1_29' title="bbox 233 2856 1729 2936; baseline 0.007 -25"><span class='ocrx_word' id='word_1_187' title='bbox 233 2856 377 2911; x_wconf 63' lang='lat' dir='ltr'><strong>Nihil</strong></span> <span class='ocrx_word' id='word_1_188' title='bbox 407 2860 799 2929; x_wconf 77' lang='lat' dir='ltr'><strong>significantius</strong></span> <span class='ocrx_word' id='word_1_189' title='bbox 833 2864 933 2917; x_wconf 92' lang='lat' dir='ltr'><strong>hac</strong></span> <span class='ocrx_word' id='word_1_190' title='bbox 975 2864 1219 2932; x_wconf 80' lang='lat' dir='ltr'><strong>epistola,</strong></span> <span class='ocrx_word' id='word_1_191' title='bbox 1257 2865 1477 2919; x_wconf 85' lang='lat' dir='ltr'><strong>nihilad</strong></span> <span class='ocrx_word' id='word_1_192' title='bbox 1517 2882 1729 2936; x_wconf 87' lang='lat' dir='ltr'><strong>permo-</strong></span> 
     </span>
    </p>
   </div>
   <div class='ocr_carea' id='block_1_30' title="bbox 170 2952 1728 3025">
    <p class='ocr_par' dir='ltr' id='par_1_30' title="bbox 170 2952 1728 3025">
     <span class='ocr_line' id='line_1_30' title="bbox 170 2952 1728 3025; baseline 0.009 -27"><span class='ocrx_word' id='word_1_193' title='bbox 170 2952 371 3003; x_wconf 76' lang='lat' dir='ltr'><strong>vendos</strong></span> <span class='ocrx_word' id='word_1_194' title='bbox 417 2952 630 3006; x_wconf 85' lang='lat' dir='ltr'><strong>animos</strong></span> <span class='ocrx_word' id='word_1_195' title='bbox 666 2954 863 3020; x_wconf 81' lang='lat' dir='ltr'><strong>aptius.</strong></span> <span class='ocrx_word' id='word_1_196' title='bbox 917 2954 1177 3008; x_wconf 82' lang='lat' dir='ltr'><strong>Fatentur</strong></span> <span class='ocrx_word' id='word_1_197' title='bbox 1214 2955 1359 3021; x_wconf 88' lang='lat' dir='ltr'><strong>justo</strong></span> <span class='ocrx_word' id='word_1_198' title='bbox 1405 2956 1495 3010; x_wconf 85' lang='lat' dir='ltr'><strong>Dei</strong></span> <span class='ocrx_word' id='word_1_199' title='bbox 1528 2957 1728 3025; x_wconf 84' lang='lat' dir='ltr'><strong>judicio</strong></span> 
     </span>
    </p>
   </div>
   <div class='ocr_carea' id='block_1_31' title="bbox 168 3040 1729 3108">
    <p class='ocr_par' dir='ltr' id='par_1_31' title="bbox 168 3040 1729 3108">
     <span class='ocr_line' id='line_1_31' title="bbox 168 3040 1729 3108; baseline 0.004 -14"><span class='ocrx_word' id='word_1_200' title='bbox 168 3040 434 3108; x_wconf 75' lang='lat' dir='ltr'><strong>evenisse,</strong></span> <span class='ocrx_word' id='word_1_201' title='bbox 467 3052 548 3108; x_wconf 92' lang='lat' dir='ltr'><strong>ut,</strong></span> <span class='ocrx_word' id='word_1_202' title='bbox 568 3060 688 3099; x_wconf 90' lang='lat' dir='ltr'><strong>cum</strong></span> <span class='ocrx_word' id='word_1_203' title='bbox 717 3043 1084 3100; x_wconf 87' lang='lat' dir='ltr'><strong>Occidentales</strong></span> <span class='ocrx_word' id='word_1_204' title='bbox 1103 3046 1308 3101; x_wconf 89' lang='lat' dir='ltr'><strong>tristem</strong></span> <span class='ocrx_word' id='word_1_205' title='bbox 1342 3046 1577 3103; x_wconf 86' lang='lat' dir='ltr'><strong>Orientis</strong></span> <span class='ocrx_word' id='word_1_206' title='bbox 1612 3057 1729 3102; x_wconf 84' lang='lat' dir='ltr'><strong>sta-</strong></span> 
     </span>
    </p>
   </div>
   <div class='ocr_carea' id='block_1_32' title="bbox 171 3134 1725 3204">
    <p class='ocr_par' dir='ltr' id='par_1_32' title="bbox 171 3134 1725 3204">
     <span class='ocr_line' id='line_1_32' title="bbox 171 3134 1725 3204; baseline 0.002 -20"><span class='ocrx_word' id='word_1_207' title='bbox 171 3140 272 3185; x_wconf 85' lang='lat' dir='ltr'><strong>tum</strong></span> <span class='ocrx_word' id='word_1_208' title='bbox 315 3134 634 3200; x_wconf 86' lang='lat' dir='ltr'><strong>didicerint,</strong></span> <span class='ocrx_word' id='word_1_209' title='bbox 669 3137 899 3190; x_wconf 90' lang='lat' dir='ltr'><strong>nondum</strong></span> <span class='ocrx_word' id='word_1_210' title='bbox 935 3146 1109 3191; x_wconf 85' lang='lat' dir='ltr'><strong>tamen</strong></span> <span class='ocrx_word' id='word_1_211' title='bbox 1141 3151 1294 3204; x_wconf 89' lang='lat' dir='ltr'><strong>opem</strong></span> <span class='ocrx_word' id='word_1_212' title='bbox 1341 3136 1575 3190; x_wconf 89' lang='lat' dir='ltr'><strong>tulerint.</strong></span> <span class='ocrx_word' id='word_1_213' title='bbox 1620 3136 1725 3191; x_wconf 88' lang='lat' dir='ltr'><strong>Sed</strong></span> 
     </span>
    </p>
   </div>
   <div class='ocr_carea' id='block_1_33' title="bbox 171 3226 1724 3298">
    <p class='ocr_par' dir='ltr' id='par_1_33' title="bbox 171 3226 1724 3298">
     <span class='ocr_line' id='line_1_33' title="bbox 171 3226 1724 3298; baseline 0.005 -23"><span class='ocrx_word' id='word_1_214' title='bbox 171 3240 304 3279; x_wconf 86' lang='lat' dir='ltr'><strong>nunc</strong></span> <span class='ocrx_word' id='word_1_215' title='bbox 338 3226 751 3282; x_wconf 84' lang='lat' dir='ltr'><strong>demississimis</strong></span> <span class='ocrx_word' id='word_1_216' title='bbox 784 3228 1032 3296; x_wconf 85' lang='lat' dir='ltr'><strong>precibus</strong></span> <span class='ocrx_word' id='word_1_217' title='bbox 1065 3238 1274 3298; x_wconf 74' lang='lat' dir='ltr'><strong>rogant,</strong></span> <span class='ocrx_word' id='word_1_218' title='bbox 1300 3237 1357 3282; x_wconf 92' lang='lat' dir='ltr'><strong>nt</strong></span> <span class='ocrx_word' id='word_1_219' title='bbox 1383 3230 1593 3282; x_wconf 89' lang='lat' dir='ltr'><strong>tandem</strong></span> <span class='ocrx_word' id='word_1_220' title='bbox 1626 3229 1724 3282; x_wconf 83' lang='lat' dir='ltr'><strong>ali—</strong></span> 
     </span>
    </p>
   </div>
   <div class='ocr_carea' id='block_1_34' title="bbox 168 3316 1723 3381">
    <p class='ocr_par' dir='ltr' id='par_1_34' title="bbox 168 3316 1723 3381">
     <span class='ocr_line' id='line_1_34' title="bbox 168 3316 1723 3381; baseline 0.006 -15"><span class='ocrx_word' id='word_1_221' title='bbox 168 3316 378 3381; x_wconf 87' lang='lat' dir='ltr'><strong>quando</strong></span> <span class='ocrx_word' id='word_1_222' title='bbox 404 3326 743 3381; x_wconf 83' lang='lat' dir='ltr'><strong>succurrant,</strong></span> <span class='ocrx_word' id='word_1_223' title='bbox 786 3319 871 3371; x_wconf 92' lang='lat' dir='ltr'><strong>ubi</strong></span> <span class='ocrx_word' id='word_1_224' title='bbox 899 3319 1077 3372; x_wconf 86' lang='lat' dir='ltr'><strong>omnia</strong></span> <span class='ocrx_word' id='word_1_225' title='bbox 1112 3334 1140 3371; x_wconf 90' lang='lat' dir='ltr'><strong>a</strong></span> <span class='ocrx_word' id='word_1_226' title='bbox 1188 3318 1386 3372; x_wconf 88' lang='lat' dir='ltr'><strong>Sabino</strong></span> <span class='ocrx_word' id='word_1_227' title='bbox 1422 3320 1723 3375; x_wconf 87' lang='lat' dir='ltr'><strong>didicerint.</strong></span> 
     </span>
    </p>
   </div>
   <div class='ocr_carea' id='block_1_35' title="bbox 170 3404 1724 3477">
    <p class='ocr_par' dir='ltr' id='par_1_35' title="bbox 170 3404 1724 3477">
     <span class='ocr_line' id='line_1_35' title="bbox 170 3404 1724 3477; baseline 0.004 -20"><span class='ocrx_word' id='word_1_228' title='bbox 170 3404 275 3459; x_wconf 80' lang='lat' dir='ltr'><strong>Non</strong></span> <span class='ocrx_word' id='word_1_229' title='bbox 304 3407 451 3460; x_wconf 90' lang='lat' dir='ltr'><strong>enim</strong></span> <span class='ocrx_word' id='word_1_230' title='bbox 480 3422 637 3460; x_wconf 88' lang='lat' dir='ltr'><strong>uuam</strong></span> <span class='ocrx_word' id='word_1_231' title='bbox 670 3408 958 3477; x_wconf 91' lang='lat' dir='ltr'><strong>periclitari</strong></span> <span class='ocrx_word' id='word_1_232' title='bbox 1002 3408 1318 3472; x_wconf 76' lang='lat' dir='ltr'><strong>Ecclesium,</strong></span> <span class='ocrx_word' id='word_1_233' title='bbox 1359 3410 1452 3463; x_wconf 90' lang='lat' dir='ltr'><strong>sed</strong></span> <span class='ocrx_word' id='word_1_234' title='bbox 1491 3408 1662 3464; x_wconf 81' lang='lat' dir='ltr'><strong>ferme</strong></span> <span class='ocrx_word' id='word_1_235' title='bbox 1696 3425 1724 3463; x_wconf 91' lang='lat' dir='ltr'><strong>a</strong></span> 
     </span>
    </p>
   </div>
   <div class='ocr_carea' id='block_1_36' title="bbox 170 3496 1728 3571">
    <p class='ocr_par' dir='ltr' id='par_1_36' title="bbox 170 3496 1728 3571">
     <span class='ocr_line' id='line_1_36' title="bbox 170 3496 1728 3571; baseline 0.004 -23"><span class='ocrx_word' id='word_1_236' title='bbox 170 3496 361 3551; x_wconf 81' lang='lat' dir='ltr'><strong>ﬁnibus</strong></span> <span class='ocrx_word' id='word_1_237' title='bbox 394 3497 591 3566; x_wconf 81' lang='lat' dir='ltr'><strong>Illyrici</strong></span> <span class='ocrx_word' id='word_1_238' title='bbox 627 3512 798 3568; x_wconf 90' lang='lat' dir='ltr'><strong>usque</strong></span> <span class='ocrx_word' id='word_1_239' title='bbox 822 3500 887 3552; x_wconf 92' lang='lat' dir='ltr'><strong>ad</strong></span> <span class='ocrx_word' id='word_1_240' title='bbox 924 3500 1247 3555; x_wconf 85' lang='lat' dir='ltr'><strong>Thebaidem</strong></span> <span class='ocrx_word' id='word_1_241' title='bbox 1286 3502 1534 3557; x_wconf 74' lang='lat' dir='ltr'><strong>haeresim</strong></span> <span class='ocrx_word' id='word_1_242' title='bbox 1575 3517 1728 3571; x_wconf 75' lang='lat' dir='ltr'><strong>gras-</strong></span> 
     </span>
    </p>
   </div>
   <div class='ocr_carea' id='block_1_37' title="bbox 168 3588 1727 3663">
    <p class='ocr_par' dir='ltr' id='par_1_37' title="bbox 168 3588 1727 3663">
     <span class='ocr_line' id='line_1_37' title="bbox 168 3588 1727 3663; baseline 0.002 -21"><span class='ocrx_word' id='word_1_243' title='bbox 168 3590 291 3643; x_wconf 82' lang='lat' dir='ltr'><strong>sari.</strong></span> <span class='ocrx_word' id='word_1_244' title='bbox 330 3588 474 3645; x_wconf 88' lang='lat' dir='ltr'><strong>Hinc</strong></span> <span class='ocrx_word' id='word_1_245' title='bbox 523 3590 758 3645; x_wconf 68' lang='lat' dir='ltr'><strong>confusae</strong></span> <span class='ocrx_word' id='word_1_246' title='bbox 790 3591 1041 3647; x_wconf 76' lang='lat' dir='ltr'><strong>Ecclesia:</strong></span> <span class='ocrx_word' id='word_1_247' title='bbox 1072 3593 1237 3663; x_wconf 76' lang='lat' dir='ltr'><strong>leges,</strong></span> <span class='ocrx_word' id='word_1_248' title='bbox 1267 3594 1606 3663; x_wconf 82' lang='lat' dir='ltr'><strong>episcopatus</strong></span> <span class='ocrx_word' id='word_1_249' title='bbox 1635 3592 1727 3645; x_wconf 92' lang='lat' dir='ltr'><strong>im-</strong></span> 
     </span>
    </p>
   </div>
   <div class='ocr_carea' id='block_1_38' title="bbox 172 3682 1723 3753">
    <p class='ocr_par' dir='ltr' id='par_1_38' title="bbox 172 3682 1723 3753">
     <span class='ocr_line' id='line_1_38' title="bbox 172 3682 1723 3753; baseline 0 -17"><span class='ocrx_word' id='word_1_250' title='bbox 172 3682 349 3750; x_wconf 85' lang='lat' dir='ltr'><strong>pietati</strong></span> <span class='ocrx_word' id='word_1_251' title='bbox 379 3682 431 3736; x_wconf 91' lang='lat' dir='ltr'><strong>in</strong></span> <span class='ocrx_word' id='word_1_252' title='bbox 458 3683 742 3752; x_wconf 69' lang='lat' dir='ltr'><strong>praemium</strong></span> <span class='ocrx_word' id='word_1_253' title='bbox 765 3685 1089 3752; x_wconf 78' lang='lat' dir='ltr'><strong>propositus.</strong></span> <span class='ocrx_word' id='word_1_254' title='bbox 1124 3686 1342 3739; x_wconf 90' lang='lat' dir='ltr'><strong>Summa</strong></span> <span class='ocrx_word' id='word_1_255' title='bbox 1376 3684 1627 3753; x_wconf 85' lang='lat' dir='ltr'><strong>peccandi</strong></span> <span class='ocrx_word' id='word_1_256' title='bbox 1659 3684 1723 3736; x_wconf 87' lang='lat' dir='ltr'><strong>li-</strong></span> 
     </span>
    </p>
   </div>
   <div class='ocr_carea' id='block_1_39' title="bbox 168 3775 1725 3846">
    <p class='ocr_par' dir='ltr' id='par_1_39' title="bbox 168 3775 1725 3846">
     <span class='ocr_line' id='line_1_39' title="bbox 168 3775 1725 3846; baseline 0.003 -19"><span class='ocrx_word' id='word_1_257' title='bbox 168 3775 367 3838; x_wconf 86' lang='lat' dir='ltr'><strong>bertas,</strong></span> <span class='ocrx_word' id='word_1_258' title='bbox 420 3776 687 3845; x_wconf 89' lang='lat' dir='ltr'><strong>episcopis</strong></span> <span class='ocrx_word' id='word_1_259' title='bbox 722 3777 897 3830; x_wconf 92' lang='lat' dir='ltr'><strong>omnia</strong></span> <span class='ocrx_word' id='word_1_260' title='bbox 944 3777 1009 3831; x_wconf 88' lang='lat' dir='ltr'><strong>ad</strong></span> <span class='ocrx_word' id='word_1_261' title='bbox 1048 3778 1272 3846; x_wconf 74' lang='lat' dir='ltr'><strong>gratiam</strong></span> <span class='ocrx_word' id='word_1_262' title='bbox 1322 3788 1375 3831; x_wconf 89' lang='lat' dir='ltr'><strong>et</strong></span> <span class='ocrx_word' id='word_1_263' title='bbox 1402 3776 1725 3846; x_wconf 86' lang='lat' dir='ltr'><strong>voluptatem</strong></span> 
     </span>
    </p>
   </div>
   <div class='ocr_carea' id='block_1_40' title="bbox 170 3866 1726 3939">
    <p class='ocr_par' dir='ltr' id='par_1_40' title="bbox 170 3866 1726 3939">
     <span class='ocr_line' id='line_1_40' title="bbox 170 3866 1726 3939; baseline 0.003 -18"><span class='ocrx_word' id='word_1_264' title='bbox 170 3883 349 3922; x_wconf 85' lang='lat' dir='ltr'><strong>eorum</strong></span> <span class='ocrx_word' id='word_1_265' title='bbox 387 3866 733 3932; x_wconf 79' lang='lat' dir='ltr'><strong>facientibus,</strong></span> <span class='ocrx_word' id='word_1_266' title='bbox 760 3883 788 3921; x_wconf 89' lang='lat' dir='ltr'><strong>a</strong></span> <span class='ocrx_word' id='word_1_267' title='bbox 820 3868 1014 3937; x_wconf 87' lang='lat' dir='ltr'><strong>quibus</strong></span> <span class='ocrx_word' id='word_1_268' title='bbox 1050 3870 1415 3939; x_wconf 80' lang='lat' dir='ltr'><strong>episcopatum</strong></span> <span class='ocrx_word' id='word_1_269' title='bbox 1447 3885 1726 3938; x_wconf 88' lang='lat' dir='ltr'><strong>accepere.</strong></span> 
     </span>
    </p>
   </div>
   <div class='ocr_carea' id='block_1_41' title="bbox 171 3956 1728 4030">
    <p class='ocr_par' dir='ltr' id='par_1_41' title="bbox 171 3956 1728 4030">
     <span class='ocr_line' id='line_1_41' title="bbox 171 3956 1728 4030; baseline 0.003 -20"><span class='ocrx_word' id='word_1_270' title='bbox 171 3956 421 4013; x_wconf 83' lang='lat' dir='ltr'><strong>Nonnulli</strong></span> <span class='ocrx_word' id='word_1_271' title='bbox 446 3973 633 4013; x_wconf 81' lang='lat' dir='ltr'><strong>ansam</strong></span> <span class='ocrx_word' id='word_1_272' title='bbox 670 3973 815 4015; x_wconf 65' lang='lat' dir='ltr'><strong>sana:</strong></span> <span class='ocrx_word' id='word_1_273' title='bbox 845 3959 1108 4015; x_wconf 69' lang='lat' dir='ltr'><strong>doctrinm</strong></span> <span class='ocrx_word' id='word_1_274' title='bbox 1133 3961 1420 4030; x_wconf 90' lang='lat' dir='ltr'><strong>arripiunt,</strong></span> <span class='ocrx_word' id='word_1_275' title='bbox 1450 3971 1508 4015; x_wconf 89' lang='lat' dir='ltr'><strong>ut</strong></span> <span class='ocrx_word' id='word_1_276' title='bbox 1539 3963 1728 4015; x_wconf 80' lang='lat' dir='ltr'><strong>adver—</strong></span> 
     </span>
    </p>
   </div>
   <div class='ocr_carea' id='block_1_42' title="bbox 173 4048 1729 4115">
    <p class='ocr_par' dir='ltr' id='par_1_42' title="bbox 173 4048 1729 4115">
     <span class='ocr_line' id='line_1_42' title="bbox 173 4048 1729 4115; baseline 0.003 -15"><span class='ocrx_word' id='word_1_277' title='bbox 173 4049 339 4104; x_wconf 87' lang='lat' dir='ltr'><strong>sarios</strong></span> <span class='ocrx_word' id='word_1_278' title='bbox 373 4048 726 4103; x_wconf 88' lang='lat' dir='ltr'><strong>ulciscantur.</strong></span> <span class='ocrx_word' id='word_1_279' title='bbox 769 4048 871 4103; x_wconf 86' lang='lat' dir='ltr'><strong>Alii</strong></span> <span class='ocrx_word' id='word_1_280' title='bbox 909 4051 1231 4106; x_wconf 85' lang='lat' dir='ltr'><strong>discordiam</strong></span> <span class='ocrx_word' id='word_1_281' title='bbox 1259 4051 1428 4115; x_wconf 87' lang='lat' dir='ltr'><strong>alunt,</strong></span> <span class='ocrx_word' id='word_1_282' title='bbox 1466 4061 1523 4106; x_wconf 89' lang='lat' dir='ltr'><strong>ut</strong></span> <span class='ocrx_word' id='word_1_283' title='bbox 1546 4052 1729 4106; x_wconf 81' lang='lat' dir='ltr'><strong>crimi-</strong></span> 
     </span>
    </p>
   </div>
   <div class='ocr_carea' id='block_1_43' title="bbox 170 4142 1729 4215">
    <p class='ocr_par' dir='ltr' id='par_1_43' title="bbox 170 4142 1729 4215">
     <span class='ocr_line' id='line_1_43' title="bbox 170 4142 1729 4215; baseline 0.004 -23"><span class='ocrx_word' id='word_1_284' title='bbox 170 4156 232 4193; x_wconf 89' lang='lat' dir='ltr'><strong>na</strong></span> <span class='ocrx_word' id='word_1_285' title='bbox 257 4158 354 4196; x_wconf 88' lang='lat' dir='ltr'><strong>sua</strong></span> <span class='ocrx_word' id='word_1_286' title='bbox 389 4142 663 4197; x_wconf 90' lang='lat' dir='ltr'><strong>occultent</strong></span> <span class='ocrx_word' id='word_1_287' title='bbox 714 4142 903 4214; x_wconf 89' lang='lat' dir='ltr'><strong>Populi</strong></span> <span class='ocrx_word' id='word_1_288' title='bbox 931 4160 1029 4215; x_wconf 93' lang='lat' dir='ltr'><strong>pro</strong></span> <span class='ocrx_word' id='word_1_289' title='bbox 1051 4146 1321 4201; x_wconf 68' lang='lat' dir='ltr'><strong>moenibus</strong></span> <span class='ocrx_word' id='word_1_290' title='bbox 1345 4145 1498 4201; x_wconf 73' lang='lat' dir='ltr'><strong>efiusi</strong></span> <span class='ocrx_word' id='word_1_291' title='bbox 1520 4145 1617 4200; x_wconf 89' lang='lat' dir='ltr'><strong>sub</strong></span> <span class='ocrx_word' id='word_1_292' title='bbox 1641 4146 1729 4200; x_wconf 88' lang='lat' dir='ltr'><strong>dio</strong></span> 
     </span>
    </p>
   </div>
   <div class='ocr_carea' id='block_1_44' title="bbox 170 4232 1728 4306">
    <p class='ocr_par' dir='ltr' id='par_1_44' title="bbox 170 4232 1728 4306">
     <span class='ocr_line' id='line_1_44' title="bbox 170 4232 1728 4306; baseline 0.006 -23"><span class='ocrx_word' id='word_1_293' title='bbox 170 4246 354 4302; x_wconf 80' lang='lat' dir='ltr'><strong>preces</strong></span> <span class='ocrx_word' id='word_1_294' title='bbox 384 4232 640 4299; x_wconf 88' lang='lat' dir='ltr'><strong>fundunt,</strong></span> <span class='ocrx_word' id='word_1_295' title='bbox 666 4249 729 4290; x_wconf 93' lang='lat' dir='ltr'><strong>ac</strong></span> <span class='ocrx_word' id='word_1_296' title='bbox 758 4236 1089 4302; x_wconf 87' lang='lat' dir='ltr'><strong>precationis</strong></span> <span class='ocrx_word' id='word_1_297' title='bbox 1110 4238 1322 4301; x_wconf 91' lang='lat' dir='ltr'><strong>domos,</strong></span> <span class='ocrx_word' id='word_1_298' title='bbox 1350 4246 1407 4289; x_wconf 93' lang='lat' dir='ltr'><strong>ut</strong></span> <span class='ocrx_word' id='word_1_299' title='bbox 1438 4236 1728 4306; x_wconf 81' lang='lat' dir='ltr'><strong>impietatis</strong></span> 
     </span>
    </p>
   </div>
   <div class='ocr_carea' id='block_1_45' title="bbox 170 4324 1730 4397">
    <p class='ocr_par' dir='ltr' id='par_1_45' title="bbox 170 4324 1730 4397">
     <span class='ocr_line' id='line_1_45' title="bbox 170 4324 1730 4397; baseline 0.003 -19"><span class='ocrx_word' id='word_1_300' title='bbox 170 4324 377 4378; x_wconf 75' lang='lat' dir='ltr'><strong>scholas</strong></span> <span class='ocrx_word' id='word_1_301' title='bbox 401 4324 634 4394; x_wconf 77' lang='lat' dir='ltr'><strong>fugiunt.</strong></span> <span class='ocrx_word' id='word_1_302' title='bbox 658 4326 937 4397; x_wconf 78' lang='lat' dir='ltr'><strong>Bogantur</strong></span> <span class='ocrx_word' id='word_1_303' title='bbox 959 4341 1090 4396; x_wconf 79' lang='lat' dir='ltr'><strong>ergo</strong></span> <span class='ocrx_word' id='word_1_304' title='bbox 1112 4325 1504 4387; x_wconf 86' lang='lat' dir='ltr'><strong>Occidentales.</strong></span> <span class='ocrx_word' id='word_1_305' title='bbox 1535 4338 1592 4381; x_wconf 90' lang='lat' dir='ltr'><strong>ut</strong></span> <span class='ocrx_word' id='word_1_306' title='bbox 1620 4329 1730 4382; x_wconf 93' lang='lat' dir='ltr'><strong>cito</strong></span> 
     </span>
    </p>
   </div>
   <div class='ocr_carea' id='block_1_46' title="bbox 171 4416 1726 4484">
    <p class='ocr_par' dir='ltr' id='par_1_46' title="bbox 171 4416 1726 4484">
     <span class='ocr_line' id='line_1_46' title="bbox 171 4416 1726 4484; baseline 0.004 -16"><span class='ocrx_word' id='word_1_307' title='bbox 171 4416 341 4484; x_wconf 85' lang='lat' dir='ltr'><strong>plures</strong></span> <span class='ocrx_word' id='word_1_308' title='bbox 398 4416 453 4470; x_wconf 89' lang='lat' dir='ltr'><strong>in</strong></span> <span class='ocrx_word' id='word_1_309' title='bbox 501 4418 773 4473; x_wconf 87' lang='lat' dir='ltr'><strong>Orientem</strong></span> <span class='ocrx_word' id='word_1_310' title='bbox 811 4418 1007 4474; x_wconf 79' lang='lat' dir='ltr'><strong>fratres</strong></span> <span class='ocrx_word' id='word_1_311' title='bbox 1042 4420 1281 4481; x_wconf 89' lang='lat' dir='ltr'><strong>mittant,</strong></span> <span class='ocrx_word' id='word_1_312' title='bbox 1325 4429 1381 4473; x_wconf 89' lang='grc' dir='ltr'><strong>ιιι</strong></span> <span class='ocrx_word' id='word_1_313' title='bbox 1420 4435 1525 4474; x_wconf 90' lang='lat' dir='ltr'><strong>non</strong></span> <span class='ocrx_word' id='word_1_314' title='bbox 1557 4421 1726 4475; x_wconf 90' lang='lat' dir='ltr'><strong>solum</strong></span> 
     </span>
    </p>
   </div>
   <div class='ocr_carea' id='block_1_47' title="bbox 1826 583 2125 651">
    <p class='ocr_par' dir='ltr' id='par_1_47' title="bbox 1826 583 2125 651">
     <span class='ocr_line' id='line_1_47' title="bbox 1826 583 2125 651; baseline 0.003 -16"><span class='ocrx_word' id='word_1_315' title='bbox 1826 583 2125 651; x_wconf 75' lang='lat' dir='ltr'><strong>Spectabat.</strong></span> 
     </span>
    </p>
   </div>
   <div class='ocr_carea' id='block_1_48' title="bbox 1911 671 3392 741">
    <p class='ocr_par' dir='ltr' id='par_1_48' title="bbox 1911 671 3392 741">
     <span class='ocr_line' id='line_1_48' title="bbox 1911 671 3392 741; baseline -0.001 -16"><span class='ocrx_word' id='word_1_316' title='bbox 1911 671 1995 727; x_wconf 77' lang='lat' dir='ltr'><strong>Vl.</strong></span> <span class='ocrx_word' id='word_1_317' title='bbox 2050 673 2330 729; x_wconf 87' lang='lat' dir='ltr'><strong>Consuluit</strong></span> <span class='ocrx_word' id='word_1_318' title='bbox 2390 676 2639 729; x_wconf 83' lang='lat' dir='ltr'><strong>Basiliam</strong></span> <span class='ocrx_word' id='word_1_319' title='bbox 2692 687 2938 731; x_wconf 84' lang='lat' dir='ltr'><strong>matrona</strong></span> <span class='ocrx_word' id='word_1_320' title='bbox 2989 674 3267 741; x_wconf 57' lang='lat' dir='ltr'><strong>qufcdam,</strong></span> <span class='ocrx_word' id='word_1_321' title='bbox 3322 685 3392 724; x_wconf 83' lang='lat' dir='ltr'><strong>an</strong></span> 
     </span>
    </p>
   </div>
   <div class='ocr_carea' id='block_1_49' title="bbox 1834 764 3392 836">
    <p class='ocr_par' dir='ltr' id='par_1_49' title="bbox 1834 764 3392 836">
     <span class='ocr_line' id='line_1_49' title="bbox 1834 764 3392 836; baseline 0.002 -19"><span class='ocrx_word' id='word_1_322' title='bbox 1834 766 1961 819; x_wconf 83' lang='lat' dir='ltr'><strong>utile</strong></span> <span class='ocrx_word' id='word_1_323' title='bbox 2009 770 2079 820; x_wconf 90' lang='lat' dir='ltr'><strong>sit</strong></span> <span class='ocrx_word' id='word_1_324' title='bbox 2120 767 2358 836; x_wconf 82' lang='lat' dir='ltr'><strong>quotidie</strong></span> <span class='ocrx_word' id='word_1_325' title='bbox 2406 769 2830 835; x_wconf 86' lang='lat' dir='ltr'><strong>communicare,</strong></span> <span class='ocrx_word' id='word_1_326' title='bbox 2878 775 2933 821; x_wconf 89' lang='lat' dir='ltr'><strong>et</strong></span> <span class='ocrx_word' id='word_1_327' title='bbox 2981 765 3031 816; x_wconf 84' lang='lat' dir='ltr'><strong>in</strong></span> <span class='ocrx_word' id='word_1_328' title='bbox 3085 764 3392 817; x_wconf 78' lang='lat' dir='ltr'><strong>domesticis</strong></span> 
     </span>
    </p>
   </div>
   <div class='ocr_carea' id='block_1_50' title="bbox 1834 855 3389 924">
    <p class='ocr_par' dir='ltr' id='par_1_50' title="bbox 1834 855 3389 924">
     <span class='ocr_line' id='line_1_50' title="bbox 1834 855 3389 924; baseline 0.001 -17"><span class='ocrx_word' id='word_1_329' title='bbox 1834 858 2301 912; x_wconf 79' lang='lat' dir='ltr'><strong>cotnmunionibus</strong></span> <span class='ocrx_word' id='word_1_330' title='bbox 2331 874 2396 911; x_wconf 91' lang='lat' dir='ltr'><strong>an</strong></span> <span class='ocrx_word' id='word_1_331' title='bbox 2430 858 2588 912; x_wconf 90' lang='lat' dir='ltr'><strong>liceat</strong></span> <span class='ocrx_word' id='word_1_332' title='bbox 2622 858 2790 920; x_wconf 91' lang='lat' dir='ltr'><strong>laicis,</strong></span> <span class='ocrx_word' id='word_1_333' title='bbox 2825 860 3047 913; x_wconf 86' lang='lat' dir='ltr'><strong>absente</strong></span> <span class='ocrx_word' id='word_1_334' title='bbox 3078 855 3389 924; x_wconf 63' lang='lat' dir='ltr'><strong>presbytero</strong></span> 
     </span>
    </p>
   </div>
   <div class='ocr_carea' id='block_1_51' title="bbox 1832 948 3387 1018">
    <p class='ocr_par' dir='ltr' id='par_1_51' title="bbox 1832 948 3387 1018">
     <span class='ocr_line' id='line_1_51' title="bbox 1832 948 3387 1018; baseline 0.001 -20"><span class='ocrx_word' id='word_1_335' title='bbox 1832 959 1923 1001; x_wconf 86' lang='lat' dir='ltr'><strong>aut</strong></span> <span class='ocrx_word' id='word_1_336' title='bbox 1956 951 2202 1016; x_wconf 88' lang='lat' dir='ltr'><strong>diacono,</strong></span> <span class='ocrx_word' id='word_1_337' title='bbox 2233 952 2658 1007; x_wconf 84' lang='lat' dir='ltr'><strong>communionem</strong></span> <span class='ocrx_word' id='word_1_338' title='bbox 2684 952 2895 1018; x_wconf 87' lang='lat' dir='ltr'><strong>propria</strong></span> <span class='ocrx_word' id='word_1_339' title='bbox 2928 965 3085 1002; x_wconf 90' lang='lat' dir='ltr'><strong>manu</strong></span> <span class='ocrx_word' id='word_1_340' title='bbox 3120 948 3387 1012; x_wconf 86' lang='lat' dir='ltr'><strong>accipere.</strong></span> 
     </span>
    </p>
   </div>
   <div class='ocr_carea' id='block_1_52' title="bbox 1840 1041 3388 1109">
    <p class='ocr_par' dir='ltr' id='par_1_52' title="bbox 1840 1041 3388 1109">
     <span class='ocr_line' id='line_1_52' title="bbox 1840 1041 3388 1109; baseline -0.008 -13"><span class='ocrx_word' id='word_1_341' title='bbox 1840 1041 2049 1096; x_wconf 87' lang='lat' dir='ltr'><strong>Laudat</strong></span> <span class='ocrx_word' id='word_1_342' title='bbox 2076 1043 2301 1096; x_wconf 88' lang='lat' dir='ltr'><strong>Basilius</strong></span> <span class='ocrx_word' id='word_1_343' title='bbox 2341 1042 2769 1095; x_wconf 77' lang='lat' dir='ltr'><strong>eonumtnimtem</strong></span> <span class='ocrx_word' id='word_1_344' title='bbox 2808 1042 3200 1109; x_wconf 85' lang='lat' dir='ltr'><strong>quotidianam,</strong></span> <span class='ocrx_word' id='word_1_345' title='bbox 3231 1052 3388 1105; x_wconf 87' lang='lat' dir='ltr'><strong>quam</strong></span> 
     </span>
    </p>
   </div>
   <div class='ocr_carea' id='block_1_53' title="bbox 1838 1132 3387 1201">
    <p class='ocr_par' dir='ltr' id='par_1_53' title="bbox 1838 1132 3387 1201">
     <span class='ocr_line' id='line_1_53' title="bbox 1838 1132 3387 1201; baseline -0.001 -16"><span class='ocrx_word' id='word_1_346' title='bbox 1838 1145 2013 1188; x_wconf 86' lang='lat' dir='ltr'><strong>tamen</strong></span> <span class='ocrx_word' id='word_1_347' title='bbox 2044 1134 2243 1188; x_wconf 78' lang='lat' dir='ltr'><strong>fatetur</strong></span> <span class='ocrx_word' id='word_1_348' title='bbox 2276 1135 2412 1201; x_wconf 88' lang='lat' dir='ltr'><strong>apud</strong></span> <span class='ocrx_word' id='word_1_349' title='bbox 2441 1133 2797 1187; x_wconf 64' lang='lat' dir='ltr'><strong>Cmsariertses</strong></span> <span class='ocrx_word' id='word_1_350' title='bbox 2825 1132 3075 1185; x_wconf 82' lang='lat' dir='ltr'><strong>usitatam</strong></span> <span class='ocrx_word' id='word_1_351' title='bbox 3108 1149 3212 1185; x_wconf 90' lang='lat' dir='ltr'><strong>non</strong></span> <span class='ocrx_word' id='word_1_352' title='bbox 3246 1144 3387 1184; x_wconf 86' lang='lat' dir='ltr'><strong>esse.</strong></span> 
     </span>
    </p>
   </div>
   <div class='ocr_carea' id='block_1_54' title="bbox 1834 1216 3393 1289">
    <p class='ocr_par' dir='ltr' id='par_1_54' title="bbox 1834 1216 3393 1289">
     <span class='ocr_line' id='line_1_54' title="bbox 1834 1216 3393 1289; baseline -0.004 -15"><span class='ocrx_word' id='word_1_353' title='bbox 1834 1219 1940 1276; x_wconf 83' lang='lat' dir='ltr'><strong>llos</strong></span> <span class='ocrx_word' id='word_1_354' title='bbox 1971 1220 2110 1275; x_wconf 90' lang='lat' dir='ltr'><strong>enim</strong></span> <span class='ocrx_word' id='word_1_355' title='bbox 2160 1229 2346 1289; x_wconf 88' lang='lat' dir='ltr'><strong>quater</strong></span> <span class='ocrx_word' id='word_1_356' title='bbox 2376 1218 2597 1287; x_wconf 80' lang='lat' dir='ltr'><strong>singulis</strong></span> <span class='ocrx_word' id='word_1_357' title='bbox 2634 1217 3058 1271; x_wconf 87' lang='lat' dir='ltr'><strong>hebdomadibus</strong></span> <span class='ocrx_word' id='word_1_358' title='bbox 3090 1216 3393 1268; x_wconf 82' lang='lat' dir='ltr'><strong>communi-</strong></span> 
     </span>
    </p>
   </div>
   <div class='ocr_carea' id='block_1_55' title="bbox 1836 1304 3392 1377">
    <p class='ocr_par' dir='ltr' id='par_1_55' title="bbox 1836 1304 3392 1377">
     <span class='ocr_line' id='line_1_55' title="bbox 1836 1304 3392 1377; baseline -0.004 -13"><span class='ocrx_word' id='word_1_359' title='bbox 1836 1326 1983 1375; x_wconf 84' lang='lat' dir='ltr'><strong>care,</strong></span> <span class='ocrx_word' id='word_1_360' title='bbox 2012 1311 2283 1365; x_wconf 89' lang='lat' dir='ltr'><strong>Domiuica</strong></span> <span class='ocrx_word' id='word_1_361' title='bbox 2305 1311 2411 1372; x_wconf 86' lang='lat' dir='ltr'><strong>die,</strong></span> <span class='ocrx_word' id='word_1_362' title='bbox 2438 1319 2629 1377; x_wconf 88' lang='lat' dir='ltr'><strong>quarta</strong></span> <span class='ocrx_word' id='word_1_363' title='bbox 2654 1308 2758 1375; x_wconf 88' lang='lat' dir='ltr'><strong>die,</strong></span> <span class='ocrx_word' id='word_1_364' title='bbox 2786 1308 2835 1358; x_wconf 90' lang='lat' dir='ltr'><strong>in</strong></span> <span class='ocrx_word' id='word_1_365' title='bbox 2861 1305 3153 1358; x_wconf 83' lang='lat' dir='ltr'><strong>Parasceve</strong></span> <span class='ocrx_word' id='word_1_366' title='bbox 3180 1315 3232 1358; x_wconf 90' lang='lat' dir='ltr'><strong>et</strong></span> <span class='ocrx_word' id='word_1_367' title='bbox 3261 1304 3392 1357; x_wconf 82' lang='lat' dir='ltr'><strong>Sab-</strong></span> 
     </span>
    </p>
   </div>
   <div class='ocr_carea' id='block_1_56' title="bbox 1832 1396 3389 1464">
    <p class='ocr_par' dir='ltr' id='par_1_56' title="bbox 1832 1396 3389 1464">
     <span class='ocr_line' id='line_1_56' title="bbox 1832 1396 3389 1464; baseline -0.003 -11"><span class='ocrx_word' id='word_1_368' title='bbox 1832 1402 1980 1461; x_wconf 88' lang='lat' dir='ltr'><strong>bato,</strong></span> <span class='ocrx_word' id='word_1_369' title='bbox 2012 1411 2064 1454; x_wconf 87' lang='lat' dir='ltr'><strong>et</strong></span> <span class='ocrx_word' id='word_1_370' title='bbox 2088 1402 2207 1453; x_wconf 86' lang='lat' dir='ltr'><strong>aliis</strong></span> <span class='ocrx_word' id='word_1_371' title='bbox 2240 1402 2451 1462; x_wconf 88' lang='lat' dir='ltr'><strong>diebus,</strong></span> <span class='ocrx_word' id='word_1_372' title='bbox 2483 1400 2523 1452; x_wconf 79' lang='lat' dir='ltr'><strong>si</strong></span> <span class='ocrx_word' id='word_1_373' title='bbox 2549 1400 2717 1452; x_wconf 87' lang='lat' dir='ltr'><strong>Sancti</strong></span> <span class='ocrx_word' id='word_1_374' title='bbox 2747 1396 2974 1464; x_wconf 85' lang='lat' dir='ltr'><strong>alicujus</strong></span> <span class='ocrx_word' id='word_1_375' title='bbox 3004 1405 3254 1449; x_wconf 78' lang='lat' dir='ltr'><strong>occurrat</strong></span> <span class='ocrx_word' id='word_1_376' title='bbox 3277 1410 3389 1449; x_wconf 89' lang='lat' dir='ltr'><strong>me-</strong></span> 
     </span>
    </p>
   </div>
   <div class='ocr_carea' id='block_1_57' title="bbox 1832 1488 3390 1559">
    <p class='ocr_par' dir='ltr' id='par_1_57' title="bbox 1832 1488 3390 1559">
     <span class='ocr_line' id='line_1_57' title="bbox 1832 1488 3390 1559; baseline -0.004 -13"><span class='ocrx_word' id='word_1_377' title='bbox 1832 1496 2024 1548; x_wconf 90' lang='lat' dir='ltr'><strong>moria.</strong></span> <span class='ocrx_word' id='word_1_378' title='bbox 2081 1493 2248 1545; x_wconf 86' lang='lat' dir='ltr'><strong>Alteri</strong></span> <span class='ocrx_word' id='word_1_379' title='bbox 2311 1492 2590 1559; x_wconf 65' lang='lat' dir='ltr'><strong>quatstioni</strong></span> <span class='ocrx_word' id='word_1_380' title='bbox 2645 1491 2928 1559; x_wconf 67' lang='lat' dir='ltr'><strong>reSpondet</strong></span> <span class='ocrx_word' id='word_1_381' title='bbox 2983 1488 3114 1542; x_wconf 92' lang='lat' dir='ltr'><strong>nihil</strong></span> <span class='ocrx_word' id='word_1_382' title='bbox 3172 1501 3390 1555; x_wconf 84' lang='lat' dir='ltr'><strong>prorsus</strong></span> 
     </span>
    </p>
   </div>
   <div class='ocr_carea' id='block_1_58' title="bbox 1834 1579 3386 1649">
    <p class='ocr_par' dir='ltr' id='par_1_58' title="bbox 1834 1579 3386 1649">
     <span class='ocr_line' id='line_1_58' title="bbox 1834 1579 3386 1649; baseline -0.006 -11"><span class='ocrx_word' id='word_1_383' title='bbox 1834 1584 2159 1638; x_wconf 89' lang='lat' dir='ltr'><strong>incommodi</strong></span> <span class='ocrx_word' id='word_1_384' title='bbox 2211 1598 2347 1647; x_wconf 88' lang='lat' dir='ltr'><strong>esse,</strong></span> <span class='ocrx_word' id='word_1_385' title='bbox 2412 1584 2453 1636; x_wconf 91' lang='lat' dir='ltr'><strong>si</strong></span> <span class='ocrx_word' id='word_1_386' title='bbox 2504 1582 2623 1649; x_wconf 89' lang='lat' dir='ltr'><strong>quis</strong></span> <span class='ocrx_word' id='word_1_387' title='bbox 2673 1579 3060 1649; x_wconf 85' lang='lat' dir='ltr'><strong>persecutionis</strong></span> <span class='ocrx_word' id='word_1_388' title='bbox 3112 1586 3386 1646; x_wconf 84' lang='lat' dir='ltr'><strong>tempore,</strong></span> 
     </span>
    </p>
   </div>
   <div class='ocr_carea' id='block_1_59' title="bbox 1828 1669 3391 1745">
    <p class='ocr_par' dir='ltr' id='par_1_59' title="bbox 1828 1669 3391 1745">
     <span class='ocr_line' id='line_1_59' title="bbox 1828 1669 3391 1745; baseline -0.008 -14"><span class='ocrx_word' id='word_1_389' title='bbox 1828 1678 2048 1731; x_wconf 85' lang='lat' dir='ltr'><strong>absente</strong></span> <span class='ocrx_word' id='word_1_390' title='bbox 2094 1674 2406 1745; x_wconf 88' lang='lat' dir='ltr'><strong>presbytero</strong></span> <span class='ocrx_word' id='word_1_391' title='bbox 2443 1684 2497 1727; x_wconf 92' lang='lat' dir='ltr'><strong>et</strong></span> <span class='ocrx_word' id='word_1_392' title='bbox 2539 1674 2784 1733; x_wconf 84' lang='lat' dir='ltr'><strong>diacono,</strong></span> <span class='ocrx_word' id='word_1_393' title='bbox 2836 1669 3226 1724; x_wconf 78' lang='lat' dir='ltr'><strong>Eucharistiatn</strong></span> <span class='ocrx_word' id='word_1_394' title='bbox 3262 1684 3391 1736; x_wconf 85' lang='lat' dir='ltr'><strong>pro-</strong></span> 
     </span>
    </p>
   </div>
   <div class='ocr_carea' id='block_1_60' title="bbox 1828 1761 3391 1840">
    <p class='ocr_par' dir='ltr' id='par_1_60' title="bbox 1828 1761 3391 1840">
     <span class='ocr_line' id='line_1_60' title="bbox 1828 1761 3391 1840; baseline -0.008 -17"><span class='ocrx_word' id='word_1_395' title='bbox 1828 1771 1942 1840; x_wconf 90' lang='lat' dir='ltr'><strong>pria</strong></span> <span class='ocrx_word' id='word_1_396' title='bbox 1974 1786 2130 1823; x_wconf 89' lang='lat' dir='ltr'><strong>manu</strong></span> <span class='ocrx_word' id='word_1_397' title='bbox 2160 1767 2413 1836; x_wconf 88' lang='lat' dir='ltr'><strong>accipiat.</strong></span> <span class='ocrx_word' id='word_1_398' title='bbox 2445 1768 2498 1820; x_wconf 89' lang='lat' dir='ltr'><strong>Id</strong></span> <span class='ocrx_word' id='word_1_399' title='bbox 2531 1767 2669 1820; x_wconf 90' lang='lat' dir='ltr'><strong>enim</strong></span> <span class='ocrx_word' id='word_1_400' title='bbox 2707 1774 2761 1818; x_wconf 88' lang='lat' dir='ltr'><strong>et</strong></span> <span class='ocrx_word' id='word_1_401' title='bbox 2796 1764 3089 1817; x_wconf 87' lang='lat' dir='ltr'><strong>monachos</strong></span> <span class='ocrx_word' id='word_1_402' title='bbox 3118 1763 3167 1816; x_wconf 93' lang='lat' dir='ltr'><strong>iu</strong></span> <span class='ocrx_word' id='word_1_403' title='bbox 3200 1761 3391 1815; x_wconf 87' lang='lat' dir='ltr'><strong>solitu-</strong></span> 
     </span>
    </p>
   </div>
   <div class='ocr_carea' id='block_1_61' title="bbox 1831 1852 3392 1931">
    <p class='ocr_par' dir='ltr' id='par_1_61' title="bbox 1831 1852 3392 1931">
     <span class='ocr_line' id='line_1_61' title="bbox 1831 1852 3392 1931; baseline -0.007 -15"><span class='ocrx_word' id='word_1_404' title='bbox 1831 1863 2065 1925; x_wconf 89' lang='lat' dir='ltr'><strong>dinibus,</strong></span> <span class='ocrx_word' id='word_1_405' title='bbox 2096 1873 2150 1916; x_wconf 87' lang='lat' dir='ltr'><strong>et</strong></span> <span class='ocrx_word' id='word_1_406' title='bbox 2194 1874 2629 1931; x_wconf 85' lang='lat' dir='ltr'><strong>unumquemque</strong></span> <span class='ocrx_word' id='word_1_407' title='bbox 2670 1858 2735 1911; x_wconf 79' lang='lat' dir='ltr'><strong>de</strong></span> <span class='ocrx_word' id='word_1_408' title='bbox 2774 1856 2925 1923; x_wconf 90' lang='lat' dir='ltr'><strong>plebe</strong></span> <span class='ocrx_word' id='word_1_409' title='bbox 2964 1852 3299 1907; x_wconf 70' lang='lat' dir='ltr'><strong>Alexandriae</strong></span> <span class='ocrx_word' id='word_1_410' title='bbox 3337 1859 3392 1905; x_wconf 84' lang='lat' dir='ltr'><strong>ct</strong></span> 
     </span>
    </p>
   </div>
   <div class='ocr_carea' id='block_1_62' title="bbox 1832 1944 3387 2024">
    <p class='ocr_par' dir='ltr' id='par_1_62' title="bbox 1832 1944 3387 2024">
     <span class='ocr_line' id='line_1_62' title="bbox 1832 1944 3387 2024; baseline -0.01 -15"><span class='ocrx_word' id='word_1_411' title='bbox 1832 1954 1881 2006; x_wconf 89' lang='lat' dir='ltr'><strong>in</strong></span> <span class='ocrx_word' id='word_1_412' title='bbox 1928 1955 2162 2024; x_wconf 65' lang='lat' dir='ltr'><strong>Aigypto</strong></span> <span class='ocrx_word' id='word_1_413' title='bbox 2204 1955 2380 2008; x_wconf 85' lang='lat' dir='ltr'><strong>facere</strong></span> <span class='ocrx_word' id='word_1_414' title='bbox 2421 1951 2616 2015; x_wconf 86' lang='lat' dir='ltr'><strong>solere,</strong></span> <span class='ocrx_word' id='word_1_415' title='bbox 2652 1958 2710 2002; x_wconf 89' lang='grc' dir='ltr'><strong>ιιι</strong></span> <span class='ocrx_word' id='word_1_416' title='bbox 2743 1946 3135 2001; x_wconf 78' lang='lat' dir='ltr'><strong>Eucltaristiam</strong></span> <span class='ocrx_word' id='word_1_417' title='bbox 3173 1944 3387 1995; x_wconf 88' lang='lat' dir='ltr'><strong>domum</strong></span> 
     </span>
    </p>
   </div>
   <div class='ocr_carea' id='block_1_63' title="bbox 1829 2035 3388 2112">
    <p class='ocr_par' dir='ltr' id='par_1_63' title="bbox 1829 2035 3388 2112">
     <span class='ocr_line' id='line_1_63' title="bbox 1829 2035 3388 2112; baseline -0.007 -17"><span class='ocrx_word' id='word_1_418' title='bbox 1829 2044 2096 2107; x_wconf 87' lang='lat' dir='ltr'><strong>auferant,</strong></span> <span class='ocrx_word' id='word_1_419' title='bbox 2148 2052 2202 2096; x_wconf 90' lang='lat' dir='ltr'><strong>et</strong></span> <span class='ocrx_word' id='word_1_420' title='bbox 2234 2060 2327 2112; x_wconf 89' lang='lat' dir='ltr'><strong>per</strong></span> <span class='ocrx_word' id='word_1_421' title='bbox 2368 2059 2427 2098; x_wconf 87' lang='lat' dir='ltr'><strong>se</strong></span> <span class='ocrx_word' id='word_1_422' title='bbox 2466 2042 2562 2112; x_wconf 87' lang='lat' dir='ltr'><strong>ipsi</strong></span> <span class='ocrx_word' id='word_1_423' title='bbox 2603 2038 3025 2095; x_wconf 89' lang='lat' dir='ltr'><strong>communicent.</strong></span> <span class='ocrx_word' id='word_1_424' title='bbox 3057 2035 3223 2088; x_wconf 89' lang='lat' dir='ltr'><strong>Porro</strong></span> <span class='ocrx_word' id='word_1_425' title='bbox 3268 2048 3388 2086; x_wconf 88' lang='lat' dir='ltr'><strong>cum</strong></span> 
     </span>
    </p>
   </div>
   <div class='ocr_carea' id='block_1_64' title="bbox 1830 2126 3389 2199">
    <p class='ocr_par' dir='ltr' id='par_1_64' title="bbox 1830 2126 3389 2199">
     <span class='ocr_line' id='line_1_64' title="bbox 1830 2126 3389 2199; baseline -0.009 -8"><span class='ocrx_word' id='word_1_426' title='bbox 1830 2136 2159 2191; x_wconf 81' lang='lat' dir='ltr'><strong>sacrificium</strong></span> <span class='ocrx_word' id='word_1_427' title='bbox 2192 2137 2447 2189; x_wconf 87' lang='lat' dir='ltr'><strong>sacerdos</strong></span> <span class='ocrx_word' id='word_1_428' title='bbox 2478 2133 2726 2199; x_wconf 83' lang='lat' dir='ltr'><strong>absolvit,</strong></span> <span class='ocrx_word' id='word_1_429' title='bbox 2755 2131 2796 2185; x_wconf 90' lang='lat' dir='ltr'><strong>si</strong></span> <span class='ocrx_word' id='word_1_430' title='bbox 2828 2131 2948 2198; x_wconf 88' lang='lat' dir='ltr'><strong>quis</strong></span> <span class='ocrx_word' id='word_1_431' title='bbox 2982 2129 3047 2181; x_wconf 89' lang='lat' dir='ltr'><strong>ab</strong></span> <span class='ocrx_word' id='word_1_432' title='bbox 3077 2142 3142 2180; x_wconf 87' lang='lat' dir='ltr'><strong>eo</strong></span> <span class='ocrx_word' id='word_1_433' title='bbox 3178 2126 3389 2179; x_wconf 74' lang='lat' dir='ltr'><strong>Eucha-</strong></span> 
     </span>
    </p>
   </div>
   <div class='ocr_carea' id='block_1_65' title="bbox 1829 2220 3392 2295">
    <p class='ocr_par' dir='ltr' id='par_1_65' title="bbox 1829 2220 3392 2295">
     <span class='ocr_line' id='line_1_65' title="bbox 1829 2220 3392 2295; baseline -0.008 -13"><span class='ocrx_word' id='word_1_434' title='bbox 1829 2227 2039 2282; x_wconf 90' lang='lat' dir='ltr'><strong>ristiam</strong></span> <span class='ocrx_word' id='word_1_435' title='bbox 2068 2227 2133 2279; x_wconf 92' lang='lat' dir='ltr'><strong>ad</strong></span> <span class='ocrx_word' id='word_1_436' title='bbox 2162 2226 2344 2295; x_wconf 86' lang='lat' dir='ltr'><strong>plures</strong></span> <span class='ocrx_word' id='word_1_437' title='bbox 2371 2226 2480 2279; x_wconf 84' lang='lat' dir='ltr'><strong>dies</strong></span> <span class='ocrx_word' id='word_1_438' title='bbox 2511 2225 2760 2293; x_wconf 84' lang='lat' dir='ltr'><strong>accipiat,</strong></span> <span class='ocrx_word' id='word_1_439' title='bbox 2793 2224 2836 2276; x_wconf 90' lang='lat' dir='ltr'><strong>is</strong></span> <span class='ocrx_word' id='word_1_440' title='bbox 2867 2240 2895 2276; x_wconf 92' lang='lat' dir='ltr'><strong>a</strong></span> <span class='ocrx_word' id='word_1_441' title='bbox 2938 2220 3219 2275; x_wconf 84' lang='lat' dir='ltr'><strong>sacerdote</strong></span> <span class='ocrx_word' id='word_1_442' title='bbox 3260 2232 3392 2271; x_wconf 86' lang='lat' dir='ltr'><strong>cen-</strong></span> 
     </span>
    </p>
   </div>
   <div class='ocr_carea' id='block_1_66' title="bbox 1828 2309 3358 2387">
    <p class='ocr_par' dir='ltr' id='par_1_66' title="bbox 1828 2309 3358 2387">
     <span class='ocr_line' id='line_1_66' title="bbox 1828 2309 3358 2387; baseline -0.008 -12"><span class='ocrx_word' id='word_1_443' title='bbox 1828 2332 1979 2375; x_wconf 88' lang='lat' dir='ltr'><strong>setur</strong></span> <span class='ocrx_word' id='word_1_444' title='bbox 2004 2320 2270 2387; x_wconf 86' lang='lat' dir='ltr'><strong>accipere,</strong></span> <span class='ocrx_word' id='word_1_445' title='bbox 2305 2318 2515 2386; x_wconf 80' lang='lat' dir='ltr'><strong>quoties</strong></span> <span class='ocrx_word' id='word_1_446' title='bbox 2543 2317 2751 2386; x_wconf 85' lang='lat' dir='ltr'><strong>propria</strong></span> <span class='ocrx_word' id='word_1_447' title='bbox 2784 2331 2940 2366; x_wconf 82' lang='lat' dir='ltr'><strong>manu</strong></span> <span class='ocrx_word' id='word_1_448' title='bbox 2973 2309 3358 2367; x_wconf 82' lang='lat' dir='ltr'><strong>communicat.</strong></span> 
     </span>
    </p>
   </div>
   <div class='ocr_carea' id='block_1_67' title="bbox 1900 2403 3397 2481">
    <p class='ocr_par' dir='ltr' id='par_1_67' title="bbox 1900 2403 3397 2481">
     <span class='ocr_line' id='line_1_67' title="bbox 1900 2403 3397 2481; baseline -0.007 -14"><span class='ocrx_word' id='word_1_449' title='bbox 1900 2414 2045 2468; x_wconf 79' lang='lat' dir='ltr'><strong>lianc</strong></span> <span class='ocrx_word' id='word_1_450' title='bbox 2075 2411 2354 2481; x_wconf 90' lang='lat' dir='ltr'><strong>epistolam</strong></span> <span class='ocrx_word' id='word_1_451' title='bbox 2386 2411 2530 2465; x_wconf 89' lang='lat' dir='ltr'><strong>circa</strong></span> <span class='ocrx_word' id='word_1_452' title='bbox 2574 2423 2771 2461; x_wconf 90' lang='lat' dir='ltr'><strong>annum</strong></span> <span class='ocrx_word' id='word_1_453' title='bbox 2800 2405 2905 2459; x_wconf 70' lang='lat'><strong>372</strong></span> <span class='ocrx_word' id='word_1_454' title='bbox 2939 2405 3192 2471; x_wconf 82' lang='lat' dir='ltr'><strong>scriptam</strong></span> <span class='ocrx_word' id='word_1_455' title='bbox 3223 2403 3397 2471; x_wconf 85' lang='lat' dir='ltr'><strong>conji-</strong></span> 
     </span>
    </p>
   </div>
   <div class='ocr_carea' id='block_1_68' title="bbox 1828 2494 3395 2571">
    <p class='ocr_par' dir='ltr' id='par_1_68' title="bbox 1828 2494 3395 2571">
     <span class='ocr_line' id='line_1_68' title="bbox 1828 2494 3395 2571; baseline -0.006 -15"><span class='ocrx_word' id='word_1_456' title='bbox 1828 2505 2023 2567; x_wconf 84' lang='lat' dir='ltr'><strong>cimus,</strong></span> <span class='ocrx_word' id='word_1_457' title='bbox 2066 2504 2187 2571; x_wconf 89' lang='lat' dir='ltr'><strong>quia</strong></span> <span class='ocrx_word' id='word_1_458' title='bbox 2234 2503 2536 2571; x_wconf 88' lang='lat' dir='ltr'><strong>persecutio</strong></span> <span class='ocrx_word' id='word_1_459' title='bbox 2579 2497 2865 2569; x_wconf 75' lang='lat' dir='ltr'><strong>praesentia</strong></span> <span class='ocrx_word' id='word_1_460' title='bbox 2921 2495 3161 2550; x_wconf 86' lang='lat' dir='ltr'><strong>Valentis</strong></span> <span class='ocrx_word' id='word_1_461' title='bbox 3210 2494 3395 2562; x_wconf 75' lang='lat' dir='ltr'><strong>ingra-~</strong></span> 
     </span>
    </p>
   </div>
   <div class='ocr_carea' id='block_1_69' title="bbox 1828 2584 3375 2651">
    <p class='ocr_par' dir='ltr' id='par_1_69' title="bbox 1828 2584 3375 2651">
     <span class='ocr_line' id='line_1_69' title="bbox 1828 2584 3375 2651; baseline -0.006 -4"><span class='ocrx_word' id='word_1_462' title='bbox 1828 2610 2052 2650; x_wconf 85' lang='lat' dir='ltr'><strong>vescens</strong></span> <span class='ocrx_word' id='word_1_463' title='bbox 2096 2595 2148 2649; x_wconf 84' lang='lat' dir='ltr'><strong>in</strong></span> <span class='ocrx_word' id='word_1_464' title='bbox 2179 2593 2394 2647; x_wconf 88' lang='lat' dir='ltr'><strong>Oriente</strong></span> <span class='ocrx_word' id='word_1_465' title='bbox 2423 2602 2475 2646; x_wconf 89' lang='lat' dir='ltr'><strong>et</strong></span> <span class='ocrx_word' id='word_1_466' title='bbox 2522 2591 2766 2646; x_wconf 89' lang='lat' dir='ltr'><strong>finitimis</strong></span> <span class='ocrx_word' id='word_1_467' title='bbox 2808 2589 2958 2651; x_wconf 88' lang='lat' dir='ltr'><strong>locis,</strong></span> <span class='ocrx_word' id='word_1_468' title='bbox 3005 2588 3216 2640; x_wconf 85' lang='lat' dir='ltr'><strong>videtur</strong></span> <span class='ocrx_word' id='word_1_469' title='bbox 3249 2584 3375 2651; x_wconf 74' lang='lat' dir='ltr'><strong>ejus-</strong></span> 
     </span>
    </p>
   </div>
   <div class='ocr_carea' id='block_1_70' title="bbox 1829 2676 3375 2755">
    <p class='ocr_par' dir='ltr' id='par_1_70' title="bbox 1829 2676 3375 2755">
     <span class='ocr_line' id='line_1_70' title="bbox 1829 2676 3375 2755; baseline -0.008 -13"><span class='ocrx_word' id='word_1_470' title='bbox 1829 2687 1970 2742; x_wconf 84' lang='lat' dir='ltr'><strong>modi</strong></span> <span class='ocrx_word' id='word_1_471' title='bbox 2019 2684 2301 2755; x_wconf 70' lang='lat' dir='ltr'><strong>quaestioni</strong></span> <span class='ocrx_word' id='word_1_472' title='bbox 2351 2684 2525 2738; x_wconf 84' lang='lat' dir='ltr'><strong>locom</strong></span> <span class='ocrx_word' id='word_1_473' title='bbox 2575 2683 2803 2737; x_wconf 89' lang='lat' dir='ltr'><strong>dedisse.</strong></span> <span class='ocrx_word' id='word_1_474' title='bbox 2850 2680 3108 2745; x_wconf 83' lang='lat' dir='ltr'><strong>Quamvis</strong></span> <span class='ocrx_word' id='word_1_475' title='bbox 3147 2680 3288 2732; x_wconf 90' lang='lat' dir='ltr'><strong>enim</strong></span> <span class='ocrx_word' id='word_1_476' title='bbox 3336 2676 3375 2730; x_wconf 81' lang='lat' dir='ltr'><strong>it</strong></span> 
     </span>
    </p>
   </div>
   <div class='ocr_carea' id='block_1_71' title="bbox 1828 2766 3381 2847">
    <p class='ocr_par' dir='ltr' id='par_1_71' title="bbox 1828 2766 3381 2847">
     <span class='ocr_line' id='line_1_71' title="bbox 1828 2766 3381 2847; baseline -0.005 -19"><span class='ocrx_word' id='word_1_477' title='bbox 1828 2778 2068 2847; x_wconf 81' lang='lat' dir='ltr'><strong>pluribus</strong></span> <span class='ocrx_word' id='word_1_478' title='bbox 2094 2775 2223 2830; x_wconf 92' lang='lat' dir='ltr'><strong>locis</strong></span> <span class='ocrx_word' id='word_1_479' title='bbox 2253 2773 2535 2836; x_wconf 89' lang='lat' dir='ltr'><strong>Cathollct,</strong></span> <span class='ocrx_word' id='word_1_480' title='bbox 2568 2782 2627 2825; x_wconf 90' lang='grc' dir='ltr'><strong>ιιι</strong></span> <span class='ocrx_word' id='word_1_481' title='bbox 2653 2786 2819 2839; x_wconf 88' lang='lat' dir='ltr'><strong>supra</strong></span> <span class='ocrx_word' id='word_1_482' title='bbox 2851 2770 3103 2829; x_wconf 76' lang='lat' dir='ltr'><strong>vidimus,</strong></span> <span class='ocrx_word' id='word_1_483' title='bbox 3133 2768 3252 2821; x_wconf 86' lang='lat' dir='ltr'><strong>odio</strong></span> <span class='ocrx_word' id='word_1_484' title='bbox 3282 2766 3381 2820; x_wconf 75' lang='lat' dir='ltr'><strong>bte-</strong></span> 
     </span>
    </p>
   </div>
   <div class='ocr_carea' id='block_1_72' title="bbox 1827 2857 3389 2933">
    <p class='ocr_par' dir='ltr' id='par_1_72' title="bbox 1827 2857 3389 2933">
     <span class='ocr_line' id='line_1_72' title="bbox 1827 2857 3389 2933; baseline -0.008 -9"><span class='ocrx_word' id='word_1_485' title='bbox 1827 2873 1962 2924; x_wconf 86' lang='lat' dir='ltr'><strong>resis</strong></span> <span class='ocrx_word' id='word_1_486' title='bbox 2003 2880 2153 2924; x_wconf 79' lang='lat' dir='ltr'><strong>cura</strong></span> <span class='ocrx_word' id='word_1_487' title='bbox 2192 2868 2378 2921; x_wconf 89' lang='lat' dir='ltr'><strong>urbem</strong></span> <span class='ocrx_word' id='word_1_488' title='bbox 2423 2866 2520 2919; x_wconf 90' lang='lat' dir='ltr'><strong>sub</strong></span> <span class='ocrx_word' id='word_1_489' title='bbox 2552 2865 2638 2919; x_wconf 92' lang='lat' dir='ltr'><strong>dio</strong></span> <span class='ocrx_word' id='word_1_490' title='bbox 2686 2870 3053 2933; x_wconf 88' lang='lat' dir='ltr'><strong>precarentur,</strong></span> <span class='ocrx_word' id='word_1_491' title='bbox 3095 2873 3268 2928; x_wconf 88' lang='lat' dir='ltr'><strong>neque</strong></span> <span class='ocrx_word' id='word_1_492' title='bbox 3307 2857 3389 2912; x_wconf 72' lang='lat' dir='ltr'><strong>bis</strong></span> 
     </span>
    </p>
   </div>
   <div class='ocr_carea' id='block_1_73' title="bbox 1828 2954 3390 3029">
    <p class='ocr_par' dir='ltr' id='par_1_73' title="bbox 1828 2954 3390 3029">
     <span class='ocr_line' id='line_1_73' title="bbox 1828 2954 3390 3029; baseline -0.009 -14"><span class='ocrx_word' id='word_1_493' title='bbox 1828 2960 2179 3015; x_wconf 68' lang='lat' dir='ltr'><strong>coniventibus</strong></span> <span class='ocrx_word' id='word_1_494' title='bbox 2203 2959 2500 3029; x_wconf 86' lang='lat' dir='ltr'><strong>presbyteri</strong></span> <span class='ocrx_word' id='word_1_495' title='bbox 2530 2966 2585 3011; x_wconf 92' lang='lat' dir='ltr'><strong>et</strong></span> <span class='ocrx_word' id='word_1_496' title='bbox 2610 2956 2824 3011; x_wconf 91' lang='lat' dir='ltr'><strong>diaconi</strong></span> <span class='ocrx_word' id='word_1_497' title='bbox 2850 2954 3119 3013; x_wconf 81' lang='lat' dir='ltr'><strong>deessent,</strong></span> <span class='ocrx_word' id='word_1_498' title='bbox 3150 2962 3209 3004; x_wconf 94' lang='lat' dir='ltr'><strong>ut</strong></span> <span class='ocrx_word' id='word_1_499' title='bbox 3240 2959 3390 3019; x_wconf 86' lang='lat' dir='ltr'><strong>patet</strong></span> 
     </span>
    </p>
   </div>
   <div class='ocr_carea' id='block_1_74' title="bbox 1828 3043 3389 3110">
    <p class='ocr_par' dir='ltr' id='par_1_74' title="bbox 1828 3043 3389 3110">
     <span class='ocr_line' id='line_1_74' title="bbox 1828 3043 3389 3110; baseline -0.005 -7"><span class='ocrx_word' id='word_1_500' title='bbox 1828 3067 1892 3104; x_wconf 77' lang='lat' dir='ltr'><strong>ex</strong></span> <span class='ocrx_word' id='word_1_501' title='bbox 1963 3051 2055 3104; x_wconf 92' lang='lat' dir='ltr'><strong>lib.</strong></span> <span class='ocrx_word' id='word_1_502' title='bbox 2110 3066 2164 3104; x_wconf 85' lang='lat' dir='ltr'><strong>tv</strong></span> <span class='ocrx_word' id='word_1_503' title='bbox 2230 3048 2577 3110; x_wconf 88' lang='lat' dir='ltr'><strong>Theodoreti,</strong></span> <span class='ocrx_word' id='word_1_504' title='bbox 2628 3048 2715 3101; x_wconf 92' lang='lat' dir='ltr'><strong>ubi</strong></span> <span class='ocrx_word' id='word_1_505' title='bbox 2782 3046 3053 3099; x_wconf 82' lang='lat' dir='ltr'><strong>Modestus</strong></span> <span class='ocrx_word' id='word_1_506' title='bbox 3103 3043 3389 3096; x_wconf 68' lang='lat' dir='ltr'><strong>Edessena:</strong></span> 
     </span>
    </p>
   </div>
   <div class='ocr_carea' id='block_1_75' title="bbox 1832 3131 3390 3209">
    <p class='ocr_par' dir='ltr' id='par_1_75' title="bbox 1832 3131 3390 3209">
     <span class='ocr_line' id='line_1_75' title="bbox 1832 3131 3390 3209; baseline -0.005 -16"><span class='ocrx_word' id='word_1_507' title='bbox 1832 3143 1972 3209; x_wconf 86' lang='lat' dir='ltr'><strong>plebi</strong></span> <span class='ocrx_word' id='word_1_508' title='bbox 2026 3156 2124 3209; x_wconf 90' lang='lat' dir='ltr'><strong>pro</strong></span> <span class='ocrx_word' id='word_1_509' title='bbox 2161 3141 2428 3195; x_wconf 64' lang='lat' dir='ltr'><strong>menibus</strong></span> <span class='ocrx_word' id='word_1_510' title='bbox 2468 3140 2647 3194; x_wconf 66' lang='lat' dir='ltr'><strong>effusae</strong></span> <span class='ocrx_word' id='word_1_511' title='bbox 2690 3150 2910 3207; x_wconf 90' lang='lat' dir='ltr'><strong>parcere</strong></span> <span class='ocrx_word' id='word_1_512' title='bbox 2954 3146 3200 3197; x_wconf 88' lang='lat' dir='ltr'><strong>coactus,</strong></span> <span class='ocrx_word' id='word_1_513' title='bbox 3242 3131 3390 3186; x_wconf 87' lang='lat' dir='ltr'><strong>solos</strong></span> 
     </span>
    </p>
   </div>
   <div class='ocr_carea' id='block_1_76' title="bbox 1780 3222 3390 3302">
    <p class='ocr_par' dir='ltr' id='par_1_76' title="bbox 1780 3222 3390 3302">
     <span class='ocr_line' id='line_1_76' title="bbox 1780 3222 3390 3302; baseline -0.007 -17"><span class='ocrx_word' id='word_1_514' title='bbox 1780 3222 1799 3245; x_wconf 77' lang='grc'><strong><em>³</em></strong></span> <span class='ocrx_word' id='word_1_515' title='bbox 1832 3235 2011 3295; x_wconf 88' lang='lat' dir='ltr'><strong>duces,</strong></span> <span class='ocrx_word' id='word_1_516' title='bbox 2050 3232 2101 3285; x_wconf 89' lang='lat' dir='ltr'><strong>id</strong></span> <span class='ocrx_word' id='word_1_517' title='bbox 2143 3242 2224 3287; x_wconf 88' lang='lat' dir='ltr'><strong>est</strong></span> <span class='ocrx_word' id='word_1_518' title='bbox 2269 3233 2611 3302; x_wconf 77' lang='lat' dir='ltr'><strong>presbyteros</strong></span> <span class='ocrx_word' id='word_1_519' title='bbox 2634 3240 2689 3284; x_wconf 89' lang='lat' dir='ltr'><strong>et</strong></span> <span class='ocrx_word' id='word_1_520' title='bbox 2729 3231 3001 3293; x_wconf 79' lang='lat' dir='ltr'><strong>diaconos,</strong></span> <span class='ocrx_word' id='word_1_521' title='bbox 3036 3225 3390 3291; x_wconf 71' lang='lat' dir='ltr'><strong>aggreditur;</strong></span> 
     </span>
    </p>
   </div>
   <div class='ocr_carea' id='block_1_77' title="bbox 1832 3317 3387 3395">
    <p class='ocr_par' dir='ltr' id='par_1_77' title="bbox 1832 3317 3387 3395">
     <span class='ocr_line' id='line_1_77' title="bbox 1832 3317 3387 3395; baseline -0.008 -18"><span class='ocrx_word' id='word_1_522' title='bbox 1832 3341 1934 3378; x_wconf 85' lang='lat' dir='ltr'><strong>non</strong></span> <span class='ocrx_word' id='word_1_523' title='bbox 1959 3334 2132 3379; x_wconf 87' lang='lat' dir='ltr'><strong>tamen</strong></span> <span class='ocrx_word' id='word_1_524' title='bbox 2160 3324 2439 3395; x_wconf 83' lang='lat' dir='ltr'><strong>probabile</strong></span> <span class='ocrx_word' id='word_1_525' title='bbox 2460 3333 2543 3379; x_wconf 90' lang='lat' dir='ltr'><strong>est</strong></span> <span class='ocrx_word' id='word_1_526' title='bbox 2568 3323 2893 3376; x_wconf 86' lang='lat' dir='ltr'><strong>sacrificium</strong></span> <span class='ocrx_word' id='word_1_527' title='bbox 2920 3322 3017 3373; x_wconf 91' lang='lat' dir='ltr'><strong>sub</strong></span> <span class='ocrx_word' id='word_1_528' title='bbox 3041 3319 3127 3371; x_wconf 91' lang='lat' dir='ltr'><strong>dio</strong></span> <span class='ocrx_word' id='word_1_529' title='bbox 3150 3317 3387 3370; x_wconf 80' lang='lat' dir='ltr'><strong>oblatum</strong></span> 
     </span>
    </p>
   </div>
   <div class='ocr_carea' id='block_1_78' title="bbox 1830 3403 3386 3478">
    <p class='ocr_par' dir='ltr' id='par_1_78' title="bbox 1830 3403 3386 3478">
     <span class='ocr_line' id='line_1_78' title="bbox 1830 3403 3386 3478; baseline -0.008 -11"><span class='ocrx_word' id='word_1_530' title='bbox 1830 3416 2014 3478; x_wconf 83' lang='lat' dir='ltr'><strong>fuisse,</strong></span> <span class='ocrx_word' id='word_1_531' title='bbox 2049 3416 2140 3468; x_wconf 88' lang='lat' dir='ltr'><strong>sed</strong></span> <span class='ocrx_word' id='word_1_532' title='bbox 2183 3425 2385 3467; x_wconf 87' lang='lat' dir='ltr'><strong>tantum</strong></span> <span class='ocrx_word' id='word_1_533' title='bbox 2416 3414 2466 3466; x_wconf 90' lang='lat' dir='ltr'><strong>in</strong></span> <span class='ocrx_word' id='word_1_534' title='bbox 2509 3412 2732 3477; x_wconf 85' lang='lat' dir='ltr'><strong>privatis</strong></span> <span class='ocrx_word' id='word_1_535' title='bbox 2769 3410 2993 3463; x_wconf 67' lang='lat' dir='ltr'><strong>aedibus.</strong></span> <span class='ocrx_word' id='word_1_536' title='bbox 3042 3406 3190 3461; x_wconf 84' lang='lat' dir='ltr'><strong>Unde</strong></span> <span class='ocrx_word' id='word_1_537' title='bbox 3234 3403 3386 3456; x_wconf 87' lang='lat' dir='ltr'><strong>Basi-</strong></span> 
     </span>
    </p>
   </div>
   <div class='ocr_carea' id='block_1_79' title="bbox 1828 3496 3391 3573">
    <p class='ocr_par' dir='ltr' id='par_1_79' title="bbox 1828 3496 3391 3573">
     <span class='ocr_line' id='line_1_79' title="bbox 1828 3496 3391 3573; baseline -0.008 -13"><span class='ocrx_word' id='word_1_538' title='bbox 1828 3507 1932 3560; x_wconf 89' lang='lat' dir='ltr'><strong>lius</strong></span> <span class='ocrx_word' id='word_1_539' title='bbox 1970 3506 2020 3559; x_wconf 89' lang='lat' dir='ltr'><strong>itt</strong></span> <span class='ocrx_word' id='word_1_540' title='bbox 2051 3507 2208 3573; x_wconf 89' lang='lat' dir='ltr'><strong>epist.</strong></span> <span class='ocrx_word' id='word_1_541' title='bbox 2240 3504 2370 3567; x_wconf 67' lang='lat' dir='ltr'><strong>5M3,</strong></span> <span class='ocrx_word' id='word_1_542' title='bbox 2403 3521 2455 3557; x_wconf 91' lang='grc' dir='ltr'>ιι.</span> <span class='ocrx_word' id='word_1_543' title='bbox 2490 3503 2562 3557; x_wconf 79' lang='lat'><strong>5:</strong></span> <span class='ocrx_word' id='word_1_544' title='bbox 2605 3503 2799 3555; x_wconf 83' lang='lat' dir='ltr'><strong>Vocant</strong></span> <span class='ocrx_word' id='word_1_545' title='bbox 2837 3502 3030 3553; x_wconf 80' lang='lat' dir='ltr'><strong>altaria</strong></span> <span class='ocrx_word' id='word_1_546' title='bbox 3062 3499 3207 3551; x_wconf 86' lang='lat' dir='ltr'><strong>cultu</strong></span> <span class='ocrx_word' id='word_1_547' title='bbox 3230 3496 3391 3564; x_wconf 74' lang='lat' dir='ltr'><strong>spiri-</strong></span> 
     </span>
    </p>
   </div>
   <div class='ocr_carea' id='block_1_80' title="bbox 1829 3591 3391 3665">
    <p class='ocr_par' dir='ltr' id='par_1_80' title="bbox 1829 3591 3391 3665">
     <span class='ocr_line' id='line_1_80' title="bbox 1829 3591 3391 3665; baseline -0.006 -16"><span class='ocrx_word' id='word_1_548' title='bbox 1829 3597 1978 3649; x_wconf 81' lang='lat' dir='ltr'><strong>tuufi.</strong></span> <span class='ocrx_word' id='word_1_549' title='bbox 2030 3594 2152 3649; x_wconf 82' lang='lat' dir='ltr'><strong>Non</strong></span> <span class='ocrx_word' id='word_1_550' title='bbox 2191 3595 2305 3665; x_wconf 82' lang='lat' dir='ltr'><strong>jam</strong></span> <span class='ocrx_word' id='word_1_551' title='bbox 2359 3604 2633 3647; x_wconf 77' lang='lat' dir='ltr'><strong>conventus</strong></span> <span class='ocrx_word' id='word_1_552' title='bbox 2687 3591 3176 3646; x_wconf 79' lang='lat' dir='ltr'><strong>Christianorum...</strong></span> <span class='ocrx_word' id='word_1_553' title='bbox 3230 3602 3391 3657; x_wconf 71' lang='lat' dir='ltr'><strong>neque</strong></span> 
     </span>
    </p>
   </div>
   <div class='ocr_carea' id='block_1_81' title="bbox 1830 3677 3391 3751">
    <p class='ocr_par' dir='ltr' id='par_1_81' title="bbox 1830 3677 3391 3751">
     <span class='ocr_line' id='line_1_81' title="bbox 1830 3677 3391 3751; baseline -0.004 -14"><span class='ocrx_word' id='word_1_554' title='bbox 1830 3687 1978 3737; x_wconf 78' lang='lat' dir='ltr'><strong>beata</strong></span> <span class='ocrx_word' id='word_1_555' title='bbox 2010 3686 2103 3738; x_wconf 83' lang='lat' dir='ltr'><strong>illa</strong></span> <span class='ocrx_word' id='word_1_556' title='bbox 2151 3685 2444 3749; x_wconf 81' lang='lat' dir='ltr'><strong>auinmrum</strong></span> <span class='ocrx_word' id='word_1_557' title='bbox 2494 3683 2795 3749; x_wconf 74' lang='lat' dir='ltr'><strong>exsultatio,</strong></span> <span class='ocrx_word' id='word_1_558' title='bbox 2837 3698 2954 3751; x_wconf 76' lang='lat' dir='ltr'><strong>qua:</strong></span> <span class='ocrx_word' id='word_1_559' title='bbox 3001 3696 3065 3733; x_wconf 77' lang='lat' dir='ltr'><strong>ea:</strong></span> <span class='ocrx_word' id='word_1_560' title='bbox 3103 3677 3391 3749; x_wconf 74' lang='lat' dir='ltr'><strong>aynaxibus</strong></span> 
     </span>
    </p>
   </div>
   <div class='ocr_carea' id='block_1_82' title="bbox 1830 3770 3387 3841">
    <p class='ocr_par' dir='ltr' id='par_1_82' title="bbox 1830 3770 3387 3841">
     <span class='ocr_line' id='line_1_82' title="bbox 1830 3770 3387 3841; baseline -0.006 -11"><span class='ocrx_word' id='word_1_561' title='bbox 1830 3789 1876 3830; x_wconf 84' lang='lat' dir='ltr'><strong>et</strong></span> <span class='ocrx_word' id='word_1_562' title='bbox 1909 3777 2374 3830; x_wconf 83' lang='lat' dir='ltr'><strong>communicatione</strong></span> <span class='ocrx_word' id='word_1_563' title='bbox 2401 3778 2660 3828; x_wconf 86' lang='lat' dir='ltr'><strong>donorum</strong></span> <span class='ocrx_word' id='word_1_564' title='bbox 2684 3773 3038 3841; x_wconf 77' lang='lat' dir='ltr'><strong>spiritualium</strong></span> <span class='ocrx_word' id='word_1_565' title='bbox 3068 3812 3082 3836; x_wconf 95' lang='lat'><strong>,</strong></span> <span class='ocrx_word' id='word_1_566' title='bbox 3109 3770 3387 3824; x_wconf 81' lang='lat' dir='ltr'><strong>animabus</strong></span> 
     </span>
    </p>
   </div>
   <div class='ocr_carea' id='block_1_83' title="bbox 1829 3862 3391 3928">
    <p class='ocr_par' dir='ltr' id='par_1_83' title="bbox 1829 3862 3391 3928">
     <span class='ocr_line' id='line_1_83' title="bbox 1829 3862 3391 3928; baseline -0.006 -5"><span class='ocrx_word' id='word_1_567' title='bbox 1829 3871 2147 3923; x_wconf 83' lang='lat' dir='ltr'><strong>credentium</strong></span> <span class='ocrx_word' id='word_1_568' title='bbox 2175 3868 2226 3921; x_wconf 81' lang='lat' dir='ltr'><strong>in</strong></span> <span class='ocrx_word' id='word_1_569' title='bbox 2248 3868 2527 3921; x_wconf 84' lang='lat' dir='ltr'><strong>Dominum</strong></span> <span class='ocrx_word' id='word_1_570' title='bbox 2552 3866 2863 3919; x_wconf 76' lang='lat' dir='ltr'><strong>innascitur.</strong></span> <span class='ocrx_word' id='word_1_571' title='bbox 2883 3864 3060 3928; x_wconf 85' lang='lat' dir='ltr'><strong>Quare</strong></span> <span class='ocrx_word' id='word_1_572' title='bbox 3085 3877 3208 3915; x_wconf 89' lang='lat' dir='ltr'><strong>cum</strong></span> <span class='ocrx_word' id='word_1_573' title='bbox 3230 3862 3391 3915; x_wconf 89' lang='lat' dir='ltr'><strong>sacri-</strong></span> 
     </span>
    </p>
   </div>
   <div class='ocr_carea' id='block_1_84' title="bbox 1831 3954 3386 4025">
    <p class='ocr_par' dir='ltr' id='par_1_84' title="bbox 1831 3954 3386 4025">
     <span class='ocr_line' id='line_1_84' title="bbox 1831 3954 3386 4025; baseline -0.008 -10"><span class='ocrx_word' id='word_1_574' title='bbox 1831 3962 2008 4015; x_wconf 85' lang='lat' dir='ltr'><strong>ficium</strong></span> <span class='ocrx_word' id='word_1_575' title='bbox 2046 3976 2149 4013; x_wconf 90' lang='lat' dir='ltr'><strong>non</strong></span> <span class='ocrx_word' id='word_1_576' title='bbox 2179 3969 2287 4012; x_wconf 89' lang='lat' dir='ltr'><strong>tam</strong></span> <span class='ocrx_word' id='word_1_577' title='bbox 2330 3960 2641 4025; x_wconf 81' lang='lat' dir='ltr'><strong>frequenter</strong></span> <span class='ocrx_word' id='word_1_578' title='bbox 2681 3954 2940 4009; x_wconf 89' lang='lat' dir='ltr'><strong>celebrari</strong></span> <span class='ocrx_word' id='word_1_579' title='bbox 2979 3963 3177 4021; x_wconf 88' lang='lat' dir='ltr'><strong>posset,</strong></span> <span class='ocrx_word' id='word_1_580' title='bbox 3225 3968 3386 4022; x_wconf 90' lang='lat' dir='ltr'><strong>quam</strong></span> 
     </span>
    </p>
   </div>
   <div class='ocr_carea' id='block_1_85' title="bbox 1828 4049 3389 4120">
    <p class='ocr_par' dir='ltr' id='par_1_85' title="bbox 1828 4049 3389 4120">
     <span class='ocr_line' id='line_1_85' title="bbox 1828 4049 3389 4120; baseline -0.005 -17"><span class='ocrx_word' id='word_1_581' title='bbox 1828 4052 2002 4120; x_wconf 83' lang='lat' dir='ltr'><strong>pietas</strong></span> <span class='ocrx_word' id='word_1_582' title='bbox 2063 4049 2298 4103; x_wconf 87' lang='lat' dir='ltr'><strong>Iidclium</strong></span> <span class='ocrx_word' id='word_1_583' title='bbox 2336 4050 2579 4116; x_wconf 80' lang='lat' dir='ltr'><strong>Optabat,</strong></span> <span class='ocrx_word' id='word_1_584' title='bbox 2626 4059 2845 4099; x_wconf 86' lang='lat' dir='ltr'><strong>necesse</strong></span> <span class='ocrx_word' id='word_1_585' title='bbox 2888 4054 3007 4098; x_wconf 90' lang='lat' dir='ltr'><strong>erat</strong></span> <span class='ocrx_word' id='word_1_586' title='bbox 3058 4052 3115 4098; x_wconf 91' lang='lat' dir='ltr'><strong>ut</strong></span> <span class='ocrx_word' id='word_1_587' title='bbox 3173 4058 3389 4098; x_wconf 87' lang='lat' dir='ltr'><strong>sacrum</strong></span> 
     </span>
    </p>
   </div>
   <div class='ocr_carea' id='block_1_86' title="bbox 1831 4134 3109 4204">
    <p class='ocr_par' dir='ltr' id='par_1_86' title="bbox 1831 4134 3109 4204">
     <span class='ocr_line' id='line_1_86' title="bbox 1831 4134 3109 4204; baseline -0.006 -10"><span class='ocrx_word' id='word_1_588' title='bbox 1831 4142 2142 4194; x_wconf 88' lang='lat' dir='ltr'><strong>alimentum</strong></span> <span class='ocrx_word' id='word_1_589' title='bbox 2173 4138 2272 4193; x_wconf 92' lang='lat' dir='ltr'><strong>sibi</strong></span> <span class='ocrx_word' id='word_1_590' title='bbox 2305 4141 2355 4191; x_wconf 87' lang='lat' dir='ltr'><strong>itt</strong></span> <span class='ocrx_word' id='word_1_591' title='bbox 2386 4137 2577 4191; x_wconf 90' lang='lat' dir='ltr'><strong>multos</strong></span> <span class='ocrx_word' id='word_1_592' title='bbox 2608 4136 2720 4190; x_wconf 89' lang='lat' dir='ltr'><strong>dies</strong></span> <span class='ocrx_word' id='word_1_593' title='bbox 2747 4134 3109 4204; x_wconf 87' lang='lat' dir='ltr'><strong>providerent.</strong></span> 
     </span>
    </p>
   </div>
   <div class='ocr_carea' id='block_1_87' title="bbox 1902 4222 3394 4297">
    <p class='ocr_par' dir='ltr' id='par_1_87' title="bbox 1902 4222 3394 4297">
     <span class='ocr_line' id='line_1_87' title="bbox 1902 4222 3394 4297; baseline -0.01 -9"><span class='ocrx_word' id='word_1_594' title='bbox 1902 4234 2084 4288; x_wconf 79' lang='lat' dir='ltr'><strong>Basilii</strong></span> <span class='ocrx_word' id='word_1_595' title='bbox 2112 4248 2214 4286; x_wconf 91' lang='lat' dir='ltr'><strong>non</strong></span> <span class='ocrx_word' id='word_1_596' title='bbox 2245 4246 2363 4285; x_wconf 88' lang='lat' dir='ltr'><strong>esse</strong></span> <span class='ocrx_word' id='word_1_597' title='bbox 2390 4230 2529 4284; x_wconf 83' lang='lat' dir='ltr'><strong>hanc</strong></span> <span class='ocrx_word' id='word_1_598' title='bbox 2552 4228 2826 4297; x_wconf 90' lang='lat' dir='ltr'><strong>epistolam</strong></span> <span class='ocrx_word' id='word_1_599' title='bbox 2859 4227 3167 4295; x_wconf 91' lang='lat' dir='ltr'><strong>suspicatur</strong></span> <span class='ocrx_word' id='word_1_600' title='bbox 3192 4222 3394 4278; x_wconf 85' lang='lat' dir='ltr'><strong>doctis-</strong></span> 
     </span>
    </p>
   </div>
   <div class='ocr_carea' id='block_1_88' title="bbox 1832 4316 3392 4391">
    <p class='ocr_par' dir='ltr' id='par_1_88' title="bbox 1832 4316 3392 4391">
     <span class='ocr_line' id='line_1_88' title="bbox 1832 4316 3392 4391; baseline -0.007 -11"><span class='ocrx_word' id='word_1_601' title='bbox 1832 4326 2003 4380; x_wconf 88' lang='lat' dir='ltr'><strong>simus</strong></span> <span class='ocrx_word' id='word_1_602' title='bbox 2047 4325 2311 4379; x_wconf 87' lang='lat' dir='ltr'><strong>Arnaldus</strong></span> <span class='ocrx_word' id='word_1_603' title='bbox 2359 4322 2428 4391; x_wconf 85' lang='lat' dir='ltr'><strong>(c)</strong></span> <span class='ocrx_word' id='word_1_604' title='bbox 2482 4339 2494 4375; x_wconf 90' lang='lat'><strong>:</strong></span> <span class='ocrx_word' id='word_1_605' title='bbox 2548 4322 2640 4375; x_wconf 87' lang='lat' dir='ltr'><strong>sed</strong></span> <span class='ocrx_word' id='word_1_606' title='bbox 2703 4320 2905 4374; x_wconf 88' lang='lat' dir='ltr'><strong>nullam</strong></span> <span class='ocrx_word' id='word_1_607' title='bbox 2960 4316 3229 4386; x_wconf 88' lang='lat' dir='ltr'><strong>opinionis</strong></span> <span class='ocrx_word' id='word_1_608' title='bbox 3282 4331 3392 4370; x_wconf 75' lang='lat' dir='ltr'><strong>sua:</strong></span> 
     </span>
    </p>
   </div>
   <div class='ocr_carea' id='block_1_89' title="bbox 1834 4406 3395 4483">
    <p class='ocr_par' dir='ltr' id='par_1_89' title="bbox 1834 4406 3395 4483">
     <span class='ocr_line' id='line_1_89' title="bbox 1834 4406 3395 4483; baseline -0.008 -13"><span class='ocrx_word' id='word_1_609' title='bbox 1834 4420 2095 4471; x_wconf 85' lang='lat' dir='ltr'><strong>rationem</strong></span> <span class='ocrx_word' id='word_1_610' title='bbox 2133 4415 2309 4469; x_wconf 88' lang='lat' dir='ltr'><strong>afTert.</strong></span> <span class='ocrx_word' id='word_1_611' title='bbox 2340 4413 2566 4483; x_wconf 76' lang='lat' dir='ltr'><strong>Coujicit</strong></span> <span class='ocrx_word' id='word_1_612' title='bbox 2599 4409 2978 4465; x_wconf 69' lang='lat' dir='ltr'><strong>&#39;I‘illemontius</strong></span> <span class='ocrx_word' id='word_1_613' title='bbox 3002 4406 3254 4477; x_wconf 78' lang='lat' dir='ltr'><strong>longioris</strong></span> <span class='ocrx_word' id='word_1_614' title='bbox 3280 4408 3395 4475; x_wconf 86' lang='lat' dir='ltr'><strong>epi-</strong></span> 
     </span>
    </p>
   </div>
   <div class='ocr_carea' id='block_1_90' title="bbox 171 4498 3395 4590">
    <p class='ocr_par' dir='ltr' id='par_1_90' title="bbox 171 4498 3395 4590">
     <span class='ocr_line' id='line_1_90' title="bbox 171 4498 3395 4590; baseline -0.003 -29"><span class='ocrx_word' id='word_1_615' title='bbox 171 4510 428 4576; x_wconf 72' lang='lat' dir='ltr'><strong>gravitate</strong></span> <span class='ocrx_word' id='word_1_616' title='bbox 486 4524 605 4573; x_wconf 82' lang='lat' dir='ltr'><strong>sua,</strong></span> <span class='ocrx_word' id='word_1_617' title='bbox 658 4512 750 4565; x_wconf 89' lang='lat' dir='ltr'><strong>sed</strong></span> <span class='ocrx_word' id='word_1_618' title='bbox 788 4512 949 4566; x_wconf 90' lang='lat' dir='ltr'><strong>etiam</strong></span> <span class='ocrx_word' id='word_1_619' title='bbox 998 4525 1225 4564; x_wconf 84' lang='lat' dir='ltr'><strong>numero</strong></span> <span class='ocrx_word' id='word_1_620' title='bbox 1274 4512 1481 4580; x_wconf 84' lang='lat' dir='ltr'><strong>pondus</strong></span> <span class='ocrx_word' id='word_1_621' title='bbox 1531 4522 1585 4565; x_wconf 88' lang='lat' dir='ltr'><strong>et</strong></span> <span class='ocrx_word' id='word_1_622' title='bbox 1632 4526 1728 4564; x_wconf 88' lang='lat' dir='ltr'><strong>au-</strong></span> <span class='ocrx_word' id='word_1_623' title='bbox 1760 4532 1811 4590; x_wconf 80' lang='grc' dir='ltr'><strong>ι)</strong></span> <span class='ocrx_word' id='word_1_624' title='bbox 1837 4508 1986 4562; x_wconf 69' lang='lat' dir='ltr'><strong>stola:</strong></span> <span class='ocrx_word' id='word_1_625' title='bbox 2012 4506 2368 4576; x_wconf 75' lang='lat' dir='ltr'><strong>fragmentum</strong></span> <span class='ocrx_word' id='word_1_626' title='bbox 2397 4520 2538 4567; x_wconf 73' lang='lat' dir='ltr'><strong>eSse,</strong></span> <span class='ocrx_word' id='word_1_627' title='bbox 2567 4513 2626 4557; x_wconf 91' lang='lat' dir='ltr'><strong>et</strong></span> <span class='ocrx_word' id='word_1_628' title='bbox 2650 4501 2939 4556; x_wconf 64' lang='lat' dir='ltr'><strong>Caisariam</strong></span> <span class='ocrx_word' id='word_1_629' title='bbox 2973 4498 3281 4563; x_wconf 87' lang='lat' dir='ltr'><strong>Patriciam,</strong></span> <span class='ocrx_word' id='word_1_630' title='bbox 3308 4498 3395 4551; x_wconf 89' lang='lat' dir='ltr'><strong>cui</strong></span> 
     </span>
    </p>
   </div>
   <div class='ocr_carea' id='block_1_91' title="bbox 170 4601 1729 4668">
    <p class='ocr_par' dir='ltr' id='par_1_91' title="bbox 170 4601 1729 4668">
     <span class='ocr_line' id='line_1_91' title="bbox 170 4601 1729 4668; baseline 0.003 -15"><span class='ocrx_word' id='word_1_631' title='bbox 170 4602 469 4656; x_wconf 81' lang='lat' dir='ltr'><strong>claritatem</strong></span> <span class='ocrx_word' id='word_1_632' title='bbox 522 4601 759 4657; x_wconf 89' lang='lat' dir='ltr'><strong>habeant</strong></span> <span class='ocrx_word' id='word_1_633' title='bbox 808 4604 874 4658; x_wconf 87' lang='lat' dir='ltr'><strong>ad</strong></span> <span class='ocrx_word' id='word_1_634' title='bbox 933 4602 1181 4657; x_wconf 69' lang='lat' dir='ltr'><strong>haeresim</strong></span> <span class='ocrx_word' id='word_1_635' title='bbox 1247 4604 1618 4668; x_wconf 81' lang='lat' dir='ltr'><strong>evertendam,</strong></span> <span class='ocrx_word' id='word_1_636' title='bbox 1676 4614 1729 4657; x_wconf 89' lang='lat' dir='ltr'><strong>et</strong></span> 
     </span>
    </p>
   </div>
   <div class='ocr_carea' id='block_1_92' title="bbox 170 4692 1730 4763">
    <p class='ocr_par' dir='ltr' id='par_1_92' title="bbox 170 4692 1730 4763">
     <span class='ocr_line' id='line_1_92' title="bbox 170 4692 1730 4763; baseline 0.001 -17"><span class='ocrx_word' id='word_1_637' title='bbox 170 4694 505 4747; x_wconf 82' lang='lat' dir='ltr'><strong>concordiam</strong></span> <span class='ocrx_word' id='word_1_638' title='bbox 547 4693 687 4747; x_wconf 89' lang='lat' dir='ltr'><strong>inter</strong></span> <span class='ocrx_word' id='word_1_639' title='bbox 727 4709 819 4748; x_wconf 79' lang='lat' dir='ltr'><strong>eos</strong></span> <span class='ocrx_word' id='word_1_640' title='bbox 867 4695 953 4763; x_wconf 89' lang='lat' dir='ltr'><strong>qui</strong></span> <span class='ocrx_word' id='word_1_641' title='bbox 1000 4694 1139 4749; x_wconf 89' lang='lat' dir='ltr'><strong>idem</strong></span> <span class='ocrx_word' id='word_1_642' title='bbox 1180 4692 1417 4749; x_wconf 85' lang='lat' dir='ltr'><strong>sentiunt</strong></span> <span class='ocrx_word' id='word_1_643' title='bbox 1446 4696 1730 4750; x_wconf 86' lang='lat' dir='ltr'><strong>restituen-</strong></span> 
     </span>
    </p>
   </div>
   <div class='ocr_carea' id='block_1_93' title="bbox 168 4784 303 4838">
    <p class='ocr_par' dir='ltr' id='par_1_93' title="bbox 168 4784 303 4838">
     <span class='ocr_line' id='line_1_93' title="bbox 168 4784 303 4838; baseline 0.015 -2"><span class='ocrx_word' id='word_1_644' title='bbox 168 4784 303 4838; x_wconf 80' lang='lat' dir='ltr'><strong>dam.</strong></span> 
     </span>
    </p>
   </div>
   <div class='ocr_carea' id='block_1_94' title="bbox 233 4874 1726 4947">
    <p class='ocr_par' dir='ltr' id='par_1_94' title="bbox 233 4874 1726 4947">
     <span class='ocr_line' id='line_1_94' title="bbox 233 4874 1726 4947; baseline 0.002 -20"><span class='ocrx_word' id='word_1_645' title='bbox 233 4874 364 4927; x_wconf 82' lang='lat' dir='ltr'><strong>Cum</strong></span> <span class='ocrx_word' id='word_1_646' title='bbox 415 4874 740 4940; x_wconf 82' lang='lat' dir='ltr'><strong>Dorouteus,</strong></span> <span class='ocrx_word' id='word_1_647' title='bbox 785 4875 874 4945; x_wconf 90' lang='lat' dir='ltr'><strong>qui</strong></span> <span class='ocrx_word' id='word_1_648' title='bbox 930 4875 1261 4947; x_wconf 89' lang='lat' dir='ltr'><strong>aliquantum</strong></span> <span class='ocrx_word' id='word_1_649' title='bbox 1310 4877 1362 4930; x_wconf 92' lang='lat' dir='ltr'><strong>in</strong></span> <span class='ocrx_word' id='word_1_650' title='bbox 1415 4876 1629 4947; x_wconf 85' lang='lat' dir='ltr'><strong>Illyrico</strong></span> <span class='ocrx_word' id='word_1_651' title='bbox 1672 4888 1726 4932; x_wconf 92' lang='lat' dir='ltr'><strong>et</strong></span> 
     </span>
    </p>
   </div>
   <div class='ocr_carea' id='block_1_95' title="bbox 169 4967 1723 5032">
    <p class='ocr_par' dir='ltr' id='par_1_95' title="bbox 169 4967 1723 5032">
     <span class='ocr_line' id='line_1_95' title="bbox 169 4967 1723 5032; baseline 0.002 -12"><span class='ocrx_word' id='word_1_652' title='bbox 169 4967 508 5021; x_wconf 71' lang='lat' dir='ltr'><strong>Alexandria:</strong></span> <span class='ocrx_word' id='word_1_653' title='bbox 559 4979 800 5024; x_wconf 88' lang='lat' dir='ltr'><strong>moratus</strong></span> <span class='ocrx_word' id='word_1_654' title='bbox 846 4978 948 5032; x_wconf 89' lang='lat' dir='ltr'><strong>est,</strong></span> <span class='ocrx_word' id='word_1_655' title='bbox 998 4980 1124 5025; x_wconf 89' lang='lat' dir='ltr'><strong>ante</strong></span> <span class='ocrx_word' id='word_1_656' title='bbox 1173 4972 1378 5025; x_wconf 86' lang='lat' dir='ltr'><strong>Pascha</strong></span> <span class='ocrx_word' id='word_1_657' title='bbox 1424 4969 1723 5024; x_wconf 66' lang='lat' dir='ltr'><strong>Caesaream</strong></span> 
     </span>
    </p>
   </div>
   <div class='ocr_carea' id='block_1_96' title="bbox 169 5060 1726 5131">
    <p class='ocr_par' dir='ltr' id='par_1_96' title="bbox 169 5060 1726 5131">
     <span class='ocr_line' id='line_1_96' title="bbox 169 5060 1726 5131; baseline 0.003 -20"><span class='ocrx_word' id='word_1_658' title='bbox 169 5061 476 5126; x_wconf 76' lang='lat' dir='ltr'><strong>advenerit;</strong></span> <span class='ocrx_word' id='word_1_659' title='bbox 529 5060 580 5115; x_wconf 93' lang='lat' dir='ltr'><strong>id</strong></span> <span class='ocrx_word' id='word_1_660' title='bbox 614 5071 931 5131; x_wconf 80' lang='lat' dir='ltr'><strong>argumento</strong></span> <span class='ocrx_word' id='word_1_661' title='bbox 963 5072 1046 5117; x_wconf 89' lang='lat' dir='ltr'><strong>est</strong></span> <span class='ocrx_word' id='word_1_662' title='bbox 1087 5065 1371 5117; x_wconf 90' lang='lat' dir='ltr'><strong>concilium</strong></span> <span class='ocrx_word' id='word_1_663' title='bbox 1424 5063 1726 5116; x_wconf 81' lang='lat' dir='ltr'><strong>Romanum</strong></span> 
     </span>
    </p>
   </div>
   <div class='ocr_carea' id='block_1_97' title="bbox 172 5151 1728 5224">
    <p class='ocr_par' dir='ltr' id='par_1_97' title="bbox 172 5151 1728 5224">
     <span class='ocr_line' id='line_1_97' title="bbox 172 5151 1728 5224; baseline 0.003 -21"><span class='ocrx_word' id='word_1_664' title='bbox 172 5166 270 5205; x_wconf 84' lang='lat' dir='ltr'><strong>non</strong></span> <span class='ocrx_word' id='word_1_665' title='bbox 297 5153 477 5207; x_wconf 81' lang='lat' dir='ltr'><strong>serius</strong></span> <span class='ocrx_word' id='word_1_666' title='bbox 504 5151 672 5205; x_wconf 86' lang='lat' dir='ltr'><strong>initiis</strong></span> <span class='ocrx_word' id='word_1_667' title='bbox 695 5153 819 5206; x_wconf 89' lang='lat' dir='ltr'><strong>anui</strong></span> <span class='ocrx_word' id='word_1_668' title='bbox 841 5152 945 5206; x_wconf 75' lang='lat'><strong>372</strong></span> <span class='ocrx_word' id='word_1_669' title='bbox 977 5152 1212 5207; x_wconf 88' lang='lat' dir='ltr'><strong>habitttm</strong></span> <span class='ocrx_word' id='word_1_670' title='bbox 1240 5154 1403 5209; x_wconf 88' lang='lat' dir='ltr'><strong>fuisse</strong></span> <span class='ocrx_word' id='word_1_671' title='bbox 1430 5154 1527 5223; x_wconf 73' lang='grc' dir='ltr'><strong>(ὁ).</strong></span> <span class='ocrx_word' id='word_1_672' title='bbox 1553 5152 1728 5224; x_wconf 77' lang='lat' dir='ltr'><strong>Rogat</strong></span> 
     </span>
    </p>
   </div>
   <div class='ocr_carea' id='block_1_98' title="bbox 171 5243 1722 5315">
    <p class='ocr_par' dir='ltr' id='par_1_98' title="bbox 171 5243 1722 5315">
     <span class='ocr_line' id='line_1_98' title="bbox 171 5243 1722 5315; baseline 0.001 -18"><span class='ocrx_word' id='word_1_673' title='bbox 171 5246 305 5298; x_wconf 85' lang='lat' dir='ltr'><strong>enim</strong></span> <span class='ocrx_word' id='word_1_674' title='bbox 361 5243 635 5299; x_wconf 71' lang='lat' dir='ltr'><strong>Meletium</strong></span> <span class='ocrx_word' id='word_1_675' title='bbox 692 5244 940 5312; x_wconf 87' lang='lat' dir='ltr'><strong>Basilius,</strong></span> <span class='ocrx_word' id='word_1_676' title='bbox 997 5254 1054 5299; x_wconf 90' lang='lat' dir='ltr'><strong>ut</strong></span> <span class='ocrx_word' id='word_1_677' title='bbox 1105 5247 1289 5299; x_wconf 88' lang='lat' dir='ltr'><strong>statim</strong></span> <span class='ocrx_word' id='word_1_678' title='bbox 1344 5256 1467 5315; x_wconf 88' lang='lat' dir='ltr'><strong>post</strong></span> <span class='ocrx_word' id='word_1_679' title='bbox 1514 5246 1722 5301; x_wconf 88' lang='lat' dir='ltr'><strong>Pascha</strong></span> 
     </span>
    </p>
   </div>
   <div class='ocr_carea' id='block_1_99' title="bbox 171 5329 1721 5406">
    <p class='ocr_par' dir='ltr' id='par_1_99' title="bbox 171 5329 1721 5406">
     <span class='ocr_line' id='line_1_99' title="bbox 171 5329 1721 5406; baseline 0.002 -17"><span class='ocrx_word' id='word_1_680' title='bbox 171 5333 520 5399; x_wconf 87' lang='lat' dir='ltr'><strong>Dorotueum,</strong></span> <span class='ocrx_word' id='word_1_681' title='bbox 549 5334 617 5389; x_wconf 88' lang='lat' dir='ltr'><strong>ad</strong></span> <span class='ocrx_word' id='word_1_682' title='bbox 647 5336 945 5405; x_wconf 85' lang='lat' dir='ltr'><strong>propositas</strong></span> <span class='ocrx_word' id='word_1_683' title='bbox 982 5351 1069 5391; x_wconf 88' lang='lat' dir='ltr'><strong>res</strong></span> <span class='ocrx_word' id='word_1_684' title='bbox 1102 5329 1433 5406; x_wconf 72' lang='lat' dir='ltr'><strong>peragendae</strong></span> <span class='ocrx_word' id='word_1_685' title='bbox 1467 5336 1721 5392; x_wconf 87' lang='lat' dir='ltr'><strong>dimittat.</strong></span> 
     </span>
    </p>
   </div>
   <div class='ocr_carea' id='block_1_100' title="bbox 170 5425 1727 5495">
    <p class='ocr_par' dir='ltr' id='par_1_100' title="bbox 170 5425 1727 5495">
     <span class='ocr_line' id='line_1_100' title="bbox 170 5425 1727 5495; baseline 0.002 -16"><span class='ocrx_word' id='word_1_686' title='bbox 170 5425 247 5479; x_wconf 82' lang='lat' dir='ltr'><strong>Ex</strong></span> <span class='ocrx_word' id='word_1_687' title='bbox 286 5440 389 5495; x_wconf 86' lang='lat' dir='ltr'><strong>quo</strong></span> <span class='ocrx_word' id='word_1_688' title='bbox 432 5428 635 5481; x_wconf 88' lang='lat' dir='ltr'><strong>frustra</strong></span> <span class='ocrx_word' id='word_1_689' title='bbox 682 5425 937 5494; x_wconf 86' lang='lat' dir='ltr'><strong>conjicias</strong></span> <span class='ocrx_word' id='word_1_690' title='bbox 981 5426 1209 5482; x_wconf 84' lang='lat' dir='ltr'><strong>voluisse</strong></span> <span class='ocrx_word' id='word_1_691' title='bbox 1258 5427 1534 5493; x_wconf 83' lang='lat' dir='ltr'><strong>Basilium,</strong></span> <span class='ocrx_word' id='word_1_692' title='bbox 1572 5440 1628 5483; x_wconf 90' lang='lat' dir='ltr'><strong>ut</strong></span> <span class='ocrx_word' id='word_1_693' title='bbox 1683 5430 1727 5482; x_wconf 93' lang='lat' dir='ltr'><strong>is</strong></span> 
     </span>
    </p>
   </div>
   <div class='ocr_carea' id='block_1_101' title="bbox 172 5514 1728 5591">
    <p class='ocr_par' dir='ltr' id='par_1_101' title="bbox 172 5514 1728 5591">
     <span class='ocr_line' id='line_1_101' title="bbox 172 5514 1728 5591; baseline 0.004 -23"><span class='ocrx_word' id='word_1_694' title='bbox 172 5514 391 5571; x_wconf 74' lang='lat' dir='ltr'><strong>Romam</strong></span> <span class='ocrx_word' id='word_1_695' title='bbox 413 5519 639 5574; x_wconf 86' lang='lat' dir='ltr'><strong>rediret.</strong></span> <span class='ocrx_word' id='word_1_696' title='bbox 671 5518 953 5573; x_wconf 77' lang='lat' dir='ltr'><strong>ltationent</strong></span> <span class='ocrx_word' id='word_1_697' title='bbox 978 5519 1119 5575; x_wconf 90' lang='lat' dir='ltr'><strong>enim</strong></span> <span class='ocrx_word' id='word_1_698' title='bbox 1144 5520 1311 5585; x_wconf 89' lang='lat' dir='ltr'><strong>addit,</strong></span> <span class='ocrx_word' id='word_1_699' title='bbox 1339 5535 1434 5576; x_wconf 88' lang='lat' dir='ltr'><strong>cur</strong></span> <span class='ocrx_word' id='word_1_700' title='bbox 1466 5534 1585 5575; x_wconf 91' lang='lat' dir='ltr'><strong>eum</strong></span> <span class='ocrx_word' id='word_1_701' title='bbox 1610 5531 1728 5591; x_wconf 89' lang='lat' dir='ltr'><strong>post</strong></span> 
     </span>
    </p>
   </div>
   <div class='ocr_carea' id='block_1_102' title="bbox 249 5721 997 5788">
    <p class='ocr_par' dir='ltr' id='par_1_102' title="bbox 249 5721 997 5788">
     <span class='ocr_line' id='line_1_102' title="bbox 249 5721 997 5788; baseline 0.005 -16"><span class='ocrx_word' id='word_1_702' title='bbox 249 5721 318 5786; x_wconf 68' lang='grc' dir='ltr'><strong>(τι)</strong></span> <span class='ocrx_word' id='word_1_703' title='bbox 352 5722 555 5777; x_wconf 84' lang='lat' dir='ltr'><strong>Socrat.</strong></span> <span class='ocrx_word' id='word_1_704' title='bbox 589 5724 686 5777; x_wconf 88' lang='lat' dir='ltr'><strong>lib.</strong></span> <span class='ocrx_word' id='word_1_705' title='bbox 724 5739 803 5788; x_wconf 87' lang='lat' dir='ltr'><strong>Ill,</strong></span> <span class='ocrx_word' id='word_1_706' title='bbox 835 5739 880 5780; x_wconf 90' lang='lat' dir='ltr'><strong>c.</strong></span> <span class='ocrx_word' id='word_1_707' title='bbox 914 5723 997 5777; x_wconf 79' lang='lat' dir='ltr'><strong>l5.</strong></span> 
     </span>
    </p>
   </div>
   <div class='ocr_carea' id='block_1_103' title="bbox 247 5792 727 5865">
    <p class='ocr_par' dir='ltr' id='par_1_103' title="bbox 247 5792 727 5865">
     <span class='ocr_line' id='line_1_103' title="bbox 247 5792 727 5865; baseline 0.013 -22"><span class='ocrx_word' id='word_1_708' title='bbox 247 5793 312 5863; x_wconf 74' lang='grc' dir='ltr'><strong>(ι)</strong></span> <span class='ocrx_word' id='word_1_709' title='bbox 345 5792 430 5865; x_wconf 74' lang='lat' dir='ltr'><strong>rp.</strong></span> <span class='ocrx_word' id='word_1_710' title='bbox 461 5794 549 5861; x_wconf 87' lang='lat'><strong>89,</strong></span> <span class='ocrx_word' id='word_1_711' title='bbox 580 5812 637 5850; x_wconf 85' lang='grc' dir='ltr'><strong>η.</strong></span> <span class='ocrx_word' id='word_1_712' title='bbox 672 5794 727 5849; x_wconf 79' lang='lat' dir='ltr'><strong>s.</strong></span> 
     </span>
    </p>
   </div>
   <div class='ocr_carea' id='block_1_104' title="bbox 1838 4589 3393 4670">
    <p class='ocr_par' dir='ltr' id='par_1_104' title="bbox 1838 4589 3393 4670">
     <span class='ocr_line' id='line_1_104' title="bbox 1838 4589 3393 4670; baseline -0.008 -16"><span class='ocrx_word' id='word_1_713' title='bbox 1838 4600 2089 4670; x_wconf 88' lang='lat' dir='ltr'><strong>inscripta</strong></span> <span class='ocrx_word' id='word_1_714' title='bbox 2114 4608 2215 4661; x_wconf 87' lang='lat' dir='ltr'><strong>est,</strong></span> <span class='ocrx_word' id='word_1_715' title='bbox 2246 4614 2470 4652; x_wconf 76' lang='lat' dir='ltr'><strong>uxorem</strong></span> <span class='ocrx_word' id='word_1_716' title='bbox 2498 4610 2616 4649; x_wconf 86' lang='lat' dir='ltr'><strong>esse</strong></span> <span class='ocrx_word' id='word_1_717' title='bbox 2640 4594 2871 4649; x_wconf 87' lang='lat' dir='ltr'><strong>Petronii</strong></span> <span class='ocrx_word' id='word_1_718' title='bbox 2907 4591 3143 4664; x_wconf 90' lang='lat' dir='ltr'><strong>patricii,</strong></span> <span class='ocrx_word' id='word_1_719' title='bbox 3168 4590 3255 4659; x_wconf 90' lang='lat' dir='ltr'><strong>qui</strong></span> <span class='ocrx_word' id='word_1_720' title='bbox 3286 4589 3393 4643; x_wconf 80' lang='lat' dir='ltr'><strong>Va-</strong></span> 
     </span>
    </p>
   </div>
   <div class='ocr_carea' id='block_1_105' title="bbox 1836 4680 3393 4750">
    <p class='ocr_par' dir='ltr' id='par_1_105' title="bbox 1836 4680 3393 4750">
     <span class='ocr_line' id='line_1_105' title="bbox 1836 4680 3393 4750; baseline -0.004 -12"><span class='ocrx_word' id='word_1_721' title='bbox 1836 4687 1993 4740; x_wconf 85' lang='lat' dir='ltr'><strong>lentis</strong></span> <span class='ocrx_word' id='word_1_722' title='bbox 2032 4700 2187 4740; x_wconf 88' lang='lat' dir='ltr'><strong>socer</strong></span> <span class='ocrx_word' id='word_1_723' title='bbox 2232 4684 2349 4744; x_wconf 85' lang='lat' dir='ltr'><strong>fuit,</strong></span> <span class='ocrx_word' id='word_1_724' title='bbox 2393 4700 2457 4737; x_wconf 90' lang='lat' dir='ltr'><strong>ac</strong></span> <span class='ocrx_word' id='word_1_725' title='bbox 2485 4684 2629 4736; x_wconf 90' lang='lat' dir='ltr'><strong>solus</strong></span> <span class='ocrx_word' id='word_1_726' title='bbox 2674 4683 2755 4737; x_wconf 89' lang='lat' dir='ltr'><strong>bis</strong></span> <span class='ocrx_word' id='word_1_727' title='bbox 2805 4682 3133 4748; x_wconf 85' lang='lat' dir='ltr'><strong>temporibus</strong></span> <span class='ocrx_word' id='word_1_728' title='bbox 3183 4680 3393 4750; x_wconf 87' lang='lat' dir='ltr'><strong>patricii</strong></span> 
     </span>
    </p>
   </div>
   <div class='ocr_carea' id='block_1_106' title="bbox 1835 4770 3397 4847">
    <p class='ocr_par' dir='ltr' id='par_1_106' title="bbox 1835 4770 3397 4847">
     <span class='ocr_line' id='line_1_106' title="bbox 1835 4770 3397 4847; baseline -0.006 -15"><span class='ocrx_word' id='word_1_729' title='bbox 1835 4776 2377 4847; x_wconf 78' lang='lat' dir='ltr'><strong>dignitatemhabuit.</strong></span> <span class='ocrx_word' id='word_1_730' title='bbox 2409 4774 2515 4830; x_wconf 80' lang='lat' dir='ltr'><strong>Sed</strong></span> <span class='ocrx_word' id='word_1_731' title='bbox 2545 4784 2600 4826; x_wconf 91' lang='lat' dir='ltr'><strong>ut</strong></span> <span class='ocrx_word' id='word_1_732' title='bbox 2624 4774 2870 4827; x_wconf 90' lang='lat' dir='ltr'><strong>omittam</strong></span> <span class='ocrx_word' id='word_1_733' title='bbox 2898 4771 3132 4826; x_wconf 71' lang='lat' dir='ltr'><strong>Cazsario</strong></span> <span class='ocrx_word' id='word_1_734' title='bbox 3171 4770 3397 4839; x_wconf 87' lang='lat' dir='ltr'><strong>patricio</strong></span> 
     </span>
    </p>
   </div>
   <div class='ocr_carea' id='block_1_107' title="bbox 1835 4860 3393 4939">
    <p class='ocr_par' dir='ltr' id='par_1_107' title="bbox 1835 4860 3393 4939">
     <span class='ocr_line' id='line_1_107' title="bbox 1835 4860 3393 4939; baseline -0.005 -17"><span class='ocrx_word' id='word_1_735' title='bbox 1835 4869 2115 4939; x_wconf 75' lang='lat' dir='ltr'><strong>epistolam</strong></span> <span class='ocrx_word' id='word_1_736' title='bbox 2154 4866 2374 4923; x_wconf 89' lang='lat' dir='ltr'><strong>inscribi</strong></span> <span class='ocrx_word' id='word_1_737' title='bbox 2415 4867 2468 4921; x_wconf 91' lang='lat' dir='ltr'><strong>iu</strong></span> <span class='ocrx_word' id='word_1_738' title='bbox 2514 4866 2699 4921; x_wconf 85' lang='lat' dir='ltr'><strong>codice</strong></span> <span class='ocrx_word' id='word_1_739' title='bbox 2730 4862 3060 4927; x_wconf 86' lang='lat' dir='ltr'><strong>Colhertino,</strong></span> <span class='ocrx_word' id='word_1_740' title='bbox 3092 4876 3155 4917; x_wconf 88' lang='lat' dir='ltr'><strong>ac</strong></span> <span class='ocrx_word' id='word_1_741' title='bbox 3189 4860 3393 4929; x_wconf 84' lang='lat' dir='ltr'><strong>simpli—</strong></span> 
     </span>
    </p>
   </div>
   <div class='ocr_carea' id='block_1_108' title="bbox 1830 4954 3390 5046">
    <p class='ocr_par' dir='ltr' id='par_1_108' title="bbox 1830 4954 3390 5046">
     <span class='ocr_line' id='line_1_108' title="bbox 1830 4954 3390 5046; baseline -0.006 -32"><span class='ocrx_word' id='word_1_742' title='bbox 1830 4963 1965 5017; x_wconf 88' lang='lat' dir='ltr'><strong>citer</strong></span> <span class='ocrx_word' id='word_1_743' title='bbox 2002 4962 2239 5016; x_wconf 66' lang='lat' dir='ltr'><strong>Caesarie</strong></span> <span class='ocrx_word' id='word_1_744' title='bbox 2263 4960 2316 5046; x_wconf 53' lang='lat' dir='ltr'><strong>i’n</strong></span> <span class='ocrx_word' id='word_1_745' title='bbox 2348 4974 2455 5012; x_wconf 87' lang='lat' dir='ltr'><strong>uno</strong></span> <span class='ocrx_word' id='word_1_746' title='bbox 2478 4974 2541 5012; x_wconf 71' lang='lat' dir='ltr'><strong>ex</strong></span> <span class='ocrx_word' id='word_1_747' title='bbox 2576 4958 2759 5027; x_wconf 75' lang='lat' dir='ltr'><strong>Regiis</strong></span> <span class='ocrx_word' id='word_1_748' title='bbox 2786 4956 3090 5021; x_wconf 90' lang='lat' dir='ltr'><strong>codicibus;</strong></span> <span class='ocrx_word' id='word_1_749' title='bbox 3121 4962 3267 5009; x_wconf 89' lang='lat' dir='ltr'><strong>certe</strong></span> <span class='ocrx_word' id='word_1_750' title='bbox 3297 4954 3390 5007; x_wconf 88' lang='lat' dir='ltr'><strong>ho:</strong></span> 
     </span>
    </p>
   </div>
   <div class='ocr_carea' id='block_1_109' title="bbox 1832 5042 3379 5115">
    <p class='ocr_par' dir='ltr' id='par_1_109' title="bbox 1832 5042 3379 5115">
     <span class='ocr_line' id='line_1_109' title="bbox 1832 5042 3379 5115; baseline -0.008 -6"><span class='ocrx_word' id='word_1_751' title='bbox 1832 5051 2079 5111; x_wconf 67' lang='lat' dir='ltr'><strong>Patricia:</strong></span> <span class='ocrx_word' id='word_1_752' title='bbox 2108 5042 2298 5105; x_wconf 83' lang='lat' dir='ltr'><strong>nomen</strong></span> <span class='ocrx_word' id='word_1_753' title='bbox 2325 5067 2428 5104; x_wconf 92' lang='lat' dir='ltr'><strong>nou</strong></span> <span class='ocrx_word' id='word_1_754' title='bbox 2456 5048 2762 5103; x_wconf 76' lang='lat' dir='ltr'><strong>necessario</strong></span> <span class='ocrx_word' id='word_1_755' title='bbox 2785 5046 3097 5115; x_wconf 81' lang='lat' dir='ltr'><strong>dignitatem</strong></span> <span class='ocrx_word' id='word_1_756' title='bbox 3124 5042 3379 5110; x_wconf 75' lang='lat' dir='ltr'><strong>designat.</strong></span> 
     </span>
    </p>
   </div>
   <div class='ocr_carea' id='block_1_110' title="bbox 2388 5140 2833 5198">
    <p class='ocr_par' dir='ltr' id='par_1_110' title="bbox 2388 5140 2833 5198">
     <span class='ocr_line' id='line_1_110' title="bbox 2388 5140 2833 5198; baseline -0.009 0"><span class='ocrx_word' id='word_1_757' title='bbox 2388 5141 2617 5198; x_wconf 74' lang='lat' dir='ltr'><strong>CAPUT</strong></span> <span class='ocrx_word' id='word_1_758' title='bbox 2651 5140 2833 5195; x_wconf 73' lang='lat' dir='ltr'><strong>XXIII.</strong></span> 
     </span>
    </p>
   </div>
   <div class='ocr_carea' id='block_1_111' title="bbox 1913 5229 3395 5305">
    <p class='ocr_par' dir='ltr' id='par_1_111' title="bbox 1913 5229 3395 5305">
     <span class='ocr_line' id='line_1_111' title="bbox 1913 5229 3395 5305; baseline -0.007 -14"><span class='ocrx_word' id='word_1_759' title='bbox 1913 5238 2187 5291; x_wconf 72' lang='lat' dir='ltr'><strong>Aut/timus</strong></span> <span class='ocrx_word' id='word_1_760' title='bbox 2221 5235 2505 5305; x_wconf 75' lang='lat' dir='ltr'><strong>Tytinemis</strong></span> <span class='ocrx_word' id='word_1_761' title='bbox 2544 5234 2937 5305; x_wconf 69' lang='lat' dir='ltr'><strong>metropolitano</strong></span> <span class='ocrx_word' id='word_1_762' title='bbox 2965 5229 3093 5305; x_wconf 72' lang='lat' dir='ltr'><strong>jura</strong></span> <span class='ocrx_word' id='word_1_763' title='bbox 3128 5229 3179 5305; x_wconf 78' lang='lat' dir='ltr'><strong>in</strong></span> <span class='ocrx_word' id='word_1_764' title='bbox 3210 5246 3395 5305; x_wconf 66' lang='lat' dir='ltr'><strong>secun-</strong></span> 
     </span>
    </p>
   </div>
   <div class='ocr_carea' id='block_1_112' title="bbox 1914 5300 3392 5376">
    <p class='ocr_par' dir='ltr' id='par_1_112' title="bbox 1914 5300 3392 5376">
     <span class='ocr_line' id='line_1_112' title="bbox 1914 5300 3392 5376; baseline -0.007 -15"><span class='ocrx_word' id='word_1_765' title='bbox 1914 5312 2025 5362; x_wconf 65' lang='lat' dir='ltr'><strong>dum</strong></span> <span class='ocrx_word' id='word_1_766' title='bbox 2059 5300 2441 5376; x_wconf 64' lang='lat' dir='ltr'><strong>Cappadociam</strong></span> <span class='ocrx_word' id='word_1_767' title='bbox 2476 5306 2571 5357; x_wconf 70' lang='lat' dir='ltr'><strong>sibi</strong></span> <span class='ocrx_word' id='word_1_768' title='bbox 2602 5312 2836 5371; x_wconf 76' lang='lat' dir='ltr'><strong>arrogat.</strong></span> <span class='ocrx_word' id='word_1_769' title='bbox 2871 5302 2933 5357; x_wconf 91' lang='lat' dir='ltr'><strong>ll.</strong></span> <span class='ocrx_word' id='word_1_770' title='bbox 2959 5300 3238 5376; x_wconf 65' lang='lat' dir='ltr'><strong>Gregorius</strong></span> <span class='ocrx_word' id='word_1_771' title='bbox 3277 5300 3392 5376; x_wconf 46' lang='lat' dir='ltr'><strong>{Ya-</strong></span> 
     </span>
    </p>
   </div>
   <div class='ocr_carea' id='block_1_113' title="bbox 1912 5369 3393 5442">
    <p class='ocr_par' dir='ltr' id='par_1_113' title="bbox 1912 5369 3393 5442">
     <span class='ocr_line' id='line_1_113' title="bbox 1912 5369 3393 5442; baseline -0.007 -13"><span class='ocrx_word' id='word_1_772' title='bbox 1912 5369 2190 5430; x_wconf 71' lang='lat' dir='ltr'><strong>zianzenus</strong></span> <span class='ocrx_word' id='word_1_773' title='bbox 2224 5377 2421 5431; x_wconf 71' lang='lat' dir='ltr'><strong>Basilio</strong></span> <span class='ocrx_word' id='word_1_774' title='bbox 2454 5391 2659 5442; x_wconf 81' lang='lat' dir='ltr'><strong>operam</strong></span> <span class='ocrx_word' id='word_1_775' title='bbox 2691 5369 2841 5425; x_wconf 77' lang='lat' dir='ltr'><strong>suam</strong></span> <span class='ocrx_word' id='word_1_776' title='bbox 2857 5372 3234 5442; x_wconf 16' lang='lat' dir='ltr'><strong>porrigitalll.‘</strong></span> <span class='ocrx_word' id='word_1_777' title='bbox 3267 5369 3393 5421; x_wconf 57' lang='lat' dir='ltr'><strong>llam</strong></span> 
     </span>
    </p>
   </div>
   <div class='ocr_carea' id='block_1_114' title="bbox 1907 5438 3394 5514">
    <p class='ocr_par' dir='ltr' id='par_1_114' title="bbox 1907 5438 3394 5514">
     <span class='ocr_line' id='line_1_114' title="bbox 1907 5438 3394 5514; baseline -0.007 -15"><span class='ocrx_word' id='word_1_778' title='bbox 1907 5450 2161 5501; x_wconf 71' lang='lat' dir='ltr'><strong>dissensio</strong></span> <span class='ocrx_word' id='word_1_779' title='bbox 2186 5461 2300 5499; x_wconf 83' lang='lat' dir='ltr'><strong>orta</strong></span> <span class='ocrx_word' id='word_1_780' title='bbox 2326 5456 2439 5514; x_wconf 74' lang='lat' dir='ltr'><strong>post</strong></span> <span class='ocrx_word' id='word_1_781' title='bbox 2470 5438 2755 5514; x_wconf 70' lang='lat' dir='ltr'><strong>discessum</strong></span> <span class='ocrx_word' id='word_1_782' title='bbox 2796 5438 3044 5514; x_wconf 64' lang='lat' dir='ltr'><strong>Valentis.</strong></span> <span class='ocrx_word' id='word_1_783' title='bbox 3074 5440 3158 5514; x_wconf 82' lang='lat' dir='ltr'><strong>|_V.</strong></span> <span class='ocrx_word' id='word_1_784' title='bbox 3195 5438 3394 5514; x_wconf 70' lang='lat' dir='ltr'><strong>Pugna</strong></span> 
     </span>
    </p>
   </div>
   <div class='ocr_carea' id='block_1_115' title="bbox 1910 5511 3393 5586">
    <p class='ocr_par' dir='ltr' id='par_1_115' title="bbox 1910 5511 3393 5586">
     <span class='ocr_line' id='line_1_115' title="bbox 1910 5511 3393 5586; baseline -0.005 -19"><span class='ocrx_word' id='word_1_785' title='bbox 1910 5535 2066 5586; x_wconf 79' lang='lat' dir='ltr'><strong>prope</strong></span> <span class='ocrx_word' id='word_1_786' title='bbox 2098 5514 2302 5570; x_wconf 79' lang='lat' dir='ltr'><strong>Sasima</strong></span> <span class='ocrx_word' id='word_1_787' title='bbox 2326 5511 2550 5568; x_wconf 70' lang='lat' dir='ltr'><strong>interest</strong></span> <span class='ocrx_word' id='word_1_788' title='bbox 2592 5512 2875 5583; x_wconf 75' lang='lat' dir='ltr'><strong>Gregorius</strong></span> <span class='ocrx_word' id='word_1_789' title='bbox 2912 5528 2972 5564; x_wconf 83' lang='lat' dir='ltr'><strong>ac</strong></span> <span class='ocrx_word' id='word_1_790' title='bbox 3007 5512 3205 5564; x_wconf 76' lang='lat' dir='ltr'><strong>rediens</strong></span> <span class='ocrx_word' id='word_1_791' title='bbox 3247 5511 3393 5563; x_wconf 80' lang='lat' dir='ltr'><strong>ordi-</strong></span> 
     </span>
    </p>
   </div>
   <div class='ocr_carea' id='block_1_116' title="bbox 1918 5717 2705 5792">
    <p class='ocr_par' dir='ltr' id='par_1_116' title="bbox 1918 5717 2705 5792">
     <span class='ocr_line' id='line_1_116' title="bbox 1918 5717 2705 5792; baseline 0.003 -21"><span class='ocrx_word' id='word_1_792' title='bbox 1918 5720 1986 5792; x_wconf 85' lang='lat' dir='ltr'><strong>(c)</strong></span> <span class='ocrx_word' id='word_1_793' title='bbox 2027 5719 2183 5792; x_wconf 80' lang='lat' dir='ltr'><strong>Freq.</strong></span> <span class='ocrx_word' id='word_1_794' title='bbox 2223 5737 2351 5775; x_wconf 85' lang='lat' dir='ltr'><strong>cont.</strong></span> <span class='ocrx_word' id='word_1_795' title='bbox 2384 5719 2474 5775; x_wconf 89' lang='lat' dir='ltr'><strong>lib.</strong></span> <span class='ocrx_word' id='word_1_796' title='bbox 2498 5735 2539 5787; x_wconf 84' lang='grc' dir='ltr'>ι,</span> <span class='ocrx_word' id='word_1_797' title='bbox 2567 5735 2615 5774; x_wconf 90' lang='lat' dir='ltr'><strong>c.</strong></span> <span class='ocrx_word' id='word_1_798' title='bbox 2652 5717 2705 5773; x_wconf 86' lang='lat'><strong>8.</strong></span> 
     </span>
    </p>
   </div>
  </div>
