4074 6312
676 376 739 415 ιε
2010 357 2536 431 nuowcoucxs.

744 488 897 551 natur
948 476 1273 551 Sasiinornnt
1321 477 1719 551 i:pi;;rotm:.4.“\’.
1745 478 2237 551 _R.’preltensusuob
2272 486 2315 540 Α
2345 479 2627 534 discordia:
2653 488 2847 549 rt'pcttl
2876 496 2937 535 ex
2969 482 3189 545 invidia,
3219 482 3595 551 episcoporum
3625 481 3908 546 videiicvt,

743 550 873 599 hanc
914 548 1288 598 ortlinatimtrm
1324 546 1568 596 Basilius.
1614 549 1693 598 VI.
1738 548 1950 601 Peracta
1997 561 2068 601 est
2123 549 2235 600 Na-

744 619 936 678 zianzi,
971 627 1016 667 et
1060 618 1171 679 ipso
1215 618 1295 667 die
1325 613 1598 684 Gregorius
1638 623 1925 673 orationem
1961 619 2235 683 septimam

742 689 1063 752 pronuntiat.
1101 686 1204 739 γιι.
1237 684 1407 737 Paulo
1436 696 1543 746 post
1572 688 1821 740 invisitnr
1846 708 1877 742 a
1922 687 2155 753 Nysscno
2188 701 2233 740 et

744 758 1030 807 oralionem
1081 766 1280 807 sextam
1337 757 1503 808 habet.
1555 756 1686 809 VIII.
1739 758 1895 823 Fitqu
1953 759 2234 825 Gregorius

744 826 959 891 objectis
995 825 1232 897 Sasimis.
1266 839 1311 877 et
1342 827 1569 878 dolerent
1609 845 1760 879 suum
1805 829 2002 884 Basilio
2032 829 2237 897 signi/i-

741 904 824 948 εστ
853 898 1085 963 pluribus
1113 895 1326 949 litteris.

742 1029 781 1084 I.
820 1028 1022 1085 Divisio
1055 1031 1424 1101 Cappadociai,
1462 1045 1524 1085 ex
1566 1049 1667 1101 qua
1709 1043 1783 1087 tot
1831 1034 1965 1087 mala
2004 1035 2055 1089 in
2097 1036 2234 1089 hanc

670 1122 1002 1190 provinciam
1051 1123 1263 1177 ﬂuxisse
1307 1122 1559 1183 vidimus.
1616 1127 1680 1177 ad
1732 1127 1901 1193 ipsius
1948 1129 2110 1182 etiam
2158 1129 2229 1181 rei

671 1212 1047 1267 ecclesiastica:
1093 1213 1547 1280 perturbationem
1598 1216 1933 1271 redundavit.
1987 1220 2062 1286 (a)
2120 1221 2229 1270 An-

672 1304 874 1358 thimus
898 1303 1193 1373 Tyancnsis
1227 1304 1508 1373 cpisc0pus
1542 1307 1902 1361 contendebat
1931 1310 2068 1362 hanc
2103 1308 2231 1361 civi-

672 1404 858 1457 tatem,
893 1409 1008 1460 qua:
1052 1394 1300 1446 secundae
1349 1393 1701 1462 Cappadociae
1751 1398 2060 1466 metropolis
2097 1396 2231 1449 facta

670 1484 866 1545 fuerat,
912 1483 1100 1538 eodem
1130 1483 1249 1550 jure
1290 1487 1340 1539 in
1377 1486 1759 1543 ecclesiasticis
1788 1489 1948 1543 rebus
1986 1504 2104 1543 esse
2138 1490 2231 1541 de-

670 1575 817 1628 bere.
861 1574 1060 1628 Contra
1102 1575 1329 1629 Basilius
1366 1580 1529 1632 veteri
1575 1581 1951 1632 consuetudini
1989 1595 2051 1631 ac
2095 1580 2234 1633 divi-

668 1662 804 1713 sioni
856 1677 885 1716 a
928 1663 1167 1731 patribus
1208 1663 1365 1717 factae
1414 1666 1804 1722 inhaerendum.
1850 1667 2030 1721 Basilii
2071 1684 2234 1724 causa

668 1752 854 1807 multis
884 1754 1190 1807 nominibus
1223 1756 1395 1823 potior
1424 1756 1589 1811 videri
1621 1768 1850 1826 poterat.
1888 1759 2039 1825 Nam,
2072 1769 2129 1813 ut
2159 1762 2236 1815 ait

2341 571 2534 639 quibus
2578 571 2677 627 hoc
2710 572 2894 624 vitium
2928 575 3172 627 attribuit
3198 574 3253 627 in
3286 583 3426 625 orat.
3453 572 3545 625 ‘20.
3584 573 3690 629 Sed
3718 585 3903 627 tamen

2342 662 2519 731 plures
2566 676 2629 715 cx
2690 664 2775 721 iis.
2827 664 2915 730 qui
2970 663 3149 716 Basilii
3193 666 3331 718 latus
3386 663 3691 732 cingebant,
3747 675 3903 719 extra

2340 755 2545 821 culpam
2597 771 2700 808 non
2735 771 2854 809 esse
2902 758 3232 821 pronuntiat,
3264 766 3321 811 ut
3372 759 3460 827 qui
3494 761 3769 810 commoda
3804 775 3905 811 sua

2342 863 2433 914 per
2464 846 2719 898 Basilimn
2748 856 3010 916 qua-rant.
3048 857 3103 901 cl.
3141 849 3494 903 dissensionis
3530 847 3772 902 fomitem
3803 866 3902 903 ac-

2340 939 2586 990 cendant.
2624 936 2819 991 Censet
2862 939 3235 993 Tillemontius
3285 941 3549 993 Eustathii
3602 940 3905 1009 discipulos

2339 1028 2406 1078 ab
2447 1042 2510 1081 eo
2561 1027 2832 1093 designari
2873 1048 2884 1082 ε
2933 1044 3105 1099 neque
3152 1030 3262 1083 lucc
3305 1030 3669 1097 improbabilis
3713 1031 3905 1097 conje-

2339 1130 2505 1171 ctura.
2539 1117 2761 1173 Videtur
2810 1122 2954 1173 enim
2996 1123 3275 1175 Enstathio
3323 1124 3528 1177 amicus
3573 1139 3674 1177 non
3728 1123 3903 1177 fuisse

2339 1212 2643 1276 Antbimus,
2677 1213 2767 1281 qui
2819 1228 2939 1265 cum
2976 1215 3248 1269 luereticis
3280 1216 3610 1283 pendendum
3640 1230 3744 1268 non
3775 1230 3900 1268 esse

2339 1306 2593 1356 tributum
2620 1305 2841 1369 diceret,
2877 1316 2981 1357 tam
3015 1305 3295 1361 inhoneste
3328 1308 3663 1361 ('miviciandi
3699 1323 3897 1361 ansam

2338 1398 2550 1451 aliunde
2576 1397 2815 1466 arripere
2848 1413 2950 1449 non
3001 1400 3188 1464 potuit,
3237 1415 3395 1468 quam
3444 1414 3509 1452 ex
3541 1397 3726 1452 Basilii
3769 1414 3897 1452 cum

2339 1488 2619 1543 Eusuithio
2668 1487 3064 1555 conjunctione.
3108 1489 3392 1559 Postquam
3442 1491 3701 1544 Basilium
3758 1494 3905 1546 inter

2334 1592 2385 1631 et
2415 1580 2747 1635 Enstatbium
2779 1591 2930 1649 rupta
2962 1583 3288 1647 communio,
3317 1584 3547 1638 Basilius
3576 1582 3895 1635 Anthimum

2336 1679 2491 1724 vocat
2523 1672 2825 1724 unanimem
2854 1687 3006 1725 suum
3035 1673 3087 1725 in
3117 1672 3277 1741 epist.
3309 1672 3434 1735 210,
3464 1692 3516 1727 ιι.
3546 1674 3598 1729 5.
3637 1671 3753 1726 Non
3789 1672 3897 1723 im-

2337 1763 2608 1830 probabile
2653 1778 2779 1831 ergo
2809 1775 2889 1817 est
2918 1764 3183 1818 Eusmtbii
3217 1765 3528 1830 discipulos,
3576 1783 3693 1819 cum
3737 1763 3902 1817 intel-

668 1843 721 1896 in
767 1861 823 1898 re
870 1844 1028 1897 simili
1067 1844 1407 1900 Innocentius
1443 1847 1499 1913 I,
1536 1848 1587 1901 in
1634 1850 1854 1919 epistola
1893 1852 1957 1903 ad
1999 1853 2232 1908 Alcxan-
2267 1824 2309 1876 Β
2336 1855 2556 1922 Iigcrent
2604 1856 2730 1923 quid
2774 1857 2837 1906 de
2867 1858 2992 1923 ipsis
3027 1859 3253 1909 sentiret
3302 1856 3611 1920 Antbimus,
3657 1874 3753 1926 pro
3785 1872 3889 1910 sua

667 1938 823 1989 drum
854 1936 1270 2002 Antiochenam,
1314 1954 1415 1990 non
1451 1940 1592 1992 decet
1642 1940 1711 1992 ad
1760 1941 2099 1995 mobilitatem
2147 1961 2234 1996 ne-

668 2032 968 2083 cessitatum
1018 2033 1402 2084 mundanorum
1433 2030 1529 2084 Dei
1569 2030 1857 2085 Ecclesiam
1892 2036 2231 2098 commutari;

666 2125 985 2190 honoresque
1006 2134 1093 2173 aut
1118 2123 1392 2175 divisiones
1415 2124 1628 2190 perpeti,
1653 2140 1783 2191 quas
1805 2142 1899 2193 pro
1923 2128 2036 2178 suis
2058 2128 2232 2179 causis

668 2212 934 2280 faciendos
961 2213 1169 2265 duxerit
1200 2215 1499 2281 imperator.
1537 2213 1665 2279 Sed,
1695 2217 1835 2286 quod
1872 2218 2110 2270 Antbimi
2146 2233 2232 2272 res

666 2307 950 2377 plurimum
985 2308 1265 2374 promovit,
1296 2308 1561 2377 episcopis
1595 2309 1945 2377 Cappadociae
1987 2326 2091 2363 non
2122 2312 2230 2365 dis-

666 2397 853 2465 plicuit
909 2397 1121 2451 occasio
1202 2398 1476 2465 rejicicndi
1532 2400 1736 2462 Basilii,
1786 2401 1871 2453 cui
1930 2402 2102 2455 tribus
2162 2403 2227 2455 de

666 2488 848 2542 causis
890 2490 1049 2543 amici
1104 2505 1204 2543 non
1243 2500 1414 2543 erant.
1455 2488 1586 2541 Nam
1636 2505 1733 2543 nec
1769 2490 1818 2543 in
1871 2491 1971 2546 fide
2004 2507 2126 2546 cum
2166 2508 2231 2546 eo

664 2581 1098 2643 consentiebant,
1132 2580 1230 2633 nisi
1264 2589 1522 2649 quantmn
1567 2581 1616 2633 id
1650 2579 1801 2650 ipsis,
1840 2592 2062 2653 cogente
2090 2584 2228 2638 mul-

669 2672 911 2734 titudine,
951 2671 1253 2725 faciendum
1303 2680 1457 2737 erat;
1500 2687 1597 2726 nec
1642 2685 1959 2742 conceptum
1993 2676 2230 2730 dolorem

664 2776 729 2813 ex
778 2762 919 2815 illius
969 2762 1308 2816 ordinatione
1356 2763 1763 2831 deposuerant:
1810 2775 1859 2816 et
1903 2764 2072 2832 gloria
2123 2777 2227 2818 tam

666 2852 821 2921 longe
854 2854 919 2905 ab
962 2867 1026 2905 eo
1054 2853 1297 2920 superari
1330 2856 1768 2908 molestissimum
1804 2856 1906 2909 illis
1932 2866 2070 2918 erat,
2106 2856 2236 2911 licet-

666 2944 824 2998 fatcri
859 2945 1248 3011 turpissimum.
1282 2944 1405 2999 llzec
1429 2946 1684 3000 discimus
1712 2961 1777 3001 ex
1807 2948 2093 3016 Gregorio,
2126 2964 2225 3003 cu-

658 3036 751 3104 jus
782 3035 1148 3089 lestimonimn
1190 3037 1473 3090 confirmat
1509 3036 1743 3093 Basilius
1778 3038 1828 3092 in
1864 3040 2087 3108 cpistola
2118 3040 2185 3095 98
2211 3082 2239 3105 ,,

667 3131 717 3183 in
768 3144 871 3199 qua
914 3128 990 3199 (η.
1042 3128 1097 3196 ‘2)
1146 3130 1222 3183 sic
1274 3131 1505 3199 loquitur
1550 3133 1614 3185 de
1658 3132 1924 3201 episcopis
1982 3135 2229 3189 secundm
2258 3162 2297 3210 (;

662 3220 1015 3288 Cappadocia:
1046 3239 1059 3273 :
1096 3220 1383 3290 Postquam
1432 3222 1671 3287 alterius,
1707 3224 1902 3290 inquit,
1945 3227 2227 3291 provincia:

665 3328 849 3365 nomen
875 3312 1189 3378 habuerunt,
1222 3313 1398 3364 subito
1433 3314 1801 3366 existimarunt
1830 3330 1884 3366 se
1921 3331 1985 3366 ea:
2029 3316 2135 3367 alia
2167 3333 2229 3368 ac

664 3421 755 3456 nos
784 3405 990 3457 natione
1018 3413 1064 3455 et
1092 3414 1239 3471 gente
1260 3419 1393 3465 esse,
1425 3412 1731 3475 tantumque
1759 3421 1851 3458 nos
1889 3406 2223 3473 ignorarunt,

665 3508 913 3565 quantum
946 3495 1035 3566 qui
1078 3494 1279 3548 nullum
1322 3512 1535 3563 prorsus
1578 3496 1867 3567 periculum
1912 3497 2099 3567 fecere,
2135 3515 2228 3553 nec

665 3604 893 3653 unquam
920 3589 972 3639 in
1009 3588 1325 3655 colloquium
1354 3599 1621 3641 venerunt.
1662 3590 1738 3643 De
1766 3591 1895 3659 ipsis
1926 3592 2088 3643 etiam
2113 3592 2227 3659 epi-

666 3679 845 3744 scopis
870 3678 1054 3743 primte
1082 3676 1430 3743 Cappadocia:
1455 3688 1766 3743 querentem
1802 3678 2103 3734 videbimus
2126 3679 2229 3734 Ba-

664 3767 843 3819 silium
887 3767 940 3820 in
987 3767 1228 3837 epistolis
1260 3767 1384 3821 anni
1416 3768 1692 3837 sequentis
1721 3769 1786 3823 ad
1829 3770 1884 3823 S.
1936 3770 2226 3826 Eusebium

662 3861 1119 3914 Samosatensem.

743 3954 1019 4007 'tnthimus
1058 3955 1157 4007 hoc
1207 3953 1459 4022 praesidio
1510 3954 1751 4009 munitus
1791 3955 1957 4024 cmpit
1986 3970 2221 4012 conven-

664 4057 749 4099 lus
768 4061 795 4097 a
826 4046 1023 4099 Basilio
1049 4056 1315 4110 avertere,
1358 4047 1562 4101 reditus
1598 4048 1850 4103 Ecclesia":
1872 4048 2227 4104 Caesariensis

663 4131 916 4199 diripere,
961 4131 1322 4187 Ecclesiarum
1373 4136 1719 4204 presbyteros
1775 4138 1972 4205 partim
2015 4153 2223 4193 sermo-

662 4239 788 4276 num
837 4224 1114 4278 hlanditiis
1163 4226 1404 4292 allicere,
1449 4228 1646 4296 partim
1690 4228 1966 4297 expellere
2001 4238 2054 4283 et
2092 4230 2225 4284 alios

663 4316 1015 4373 substituere.
1075 4317 1130 4371 Si
1166 4317 1297 4386 quid
1348 4328 1525 4372 autem
1582 4319 1648 4373 de
1712 4320 1901 4374 Basilii
1962 4323 2227 4376 reditibus

664 4405 1017 4473 praedaretur,
1067 4409 1361 4475 speciosam
1406 4410 1690 4464 latrocinio
1734 4420 1789 4465 et
1816 4413 2056 4465 avaritiae
2092 4428 2225 4467 cau-

669 4511 784 4547 sam
844 4497 1197 4562 przetexebat,
1248 4498 1383 4551 lilios
1427 4499 1737 4567 spirituales
1780 4512 1835 4554 et
1890 4502 2142 4568 animas,
2171 4511 2224 4555 et
2256 4491 2302 4549 υ

666 4585 785 4639 ﬁdei
819 4586 1153 4650 doctrinam,
1196 4586 1432 4655 itemque
1478 4589 1631 4655 illud,
1666 4591 1926 4645 tributqu
1967 4608 2071 4646 non
2107 4608 2226 4647 esse

665 4679 932 4732 haereticis
960 4680 1315 4748 pendendum.

735 4767 796 4821 II.
838 4768 970 4822 Erat
996 4770 1261 4836 ejusmodi
1291 4770 1485 4826 bellum
1516 4780 1569 4825 et
1593 4774 1861 4843 episcopis
1889 4790 2108 4843 prorsus
2142 4777 2225 4829 'm-

664 4854 974 4925 honestum,
1019 4873 1076 4914 et
1122 4861 1334 4930 populis
1372 4864 1754 4931 perniciosum.
1804 4866 1938 4919 Cum
1988 4869 2226 4922 audisset

659 4949 951 5018 Gregorius
983 4951 1181 5006 Basilio
1223 4953 1499 5007 molestias
1537 4957 1799 5022 exhiberi,
1831 4957 2070 5011 debitum
2097 4959 2222 5013 huic

663 5043 885 5109 tempori
938 5043 1170 5097 olIicium
1224 5058 1329 5098 non
1388 5048 1738 5113 praetermisit
1789 5049 1886 5119 (b).
1939 5049 2105 5103 Suam
2170 5053 2226 5106 ei.

659 5134 856 5186 obtulit
884 5149 1129 5203 operam,
1160 5151 1329 5204 seque
1356 5136 1662 5191 Caesaream
1699 5148 1980 5192 venturum
2015 5142 2221 5209 promi-

659 5228 749 5287 sit,
803 5227 845 5279 si
890 5228 957 5280 ita
993 5228 1187 5281 Basilio
1222 5228 1515 5291 videretur,
1557 5238 1669 5280 tum
1712 5239 1767 5280 ιιι
1817 5244 1940 5282 cum
1994 5231 2220 5282 consilio

658 5318 890 5384 iuvaret,
945 5327 1053 5370 tum
1114 5329 1171 5372 ut
1220 5319 1570 5372 contumelias
1622 5334 1742 5371 cmn
1797 5334 1861 5372 eo
1908 5321 2217 5387 partiretur.

658 5409 971 5476 Quanquam
1021 5411 1258 5463 declarat
1299 5426 1356 5463 sc
1403 5425 1506 5463 non
1543 5421 1808 5473 metuere,
1851 5425 1917 5464 ne
1961 5412 2085 5477 quid
2122 5411 2220 5462 Ba-

659 5501 811 5554 silius
868 5503 1144 5574 indignunt
1221 5504 1555 5576 philosophia
1614 5504 1937 5559 committat.
1990 5503 2215 5557 Causam

723 5634 796 5705 (τι)
847 5636 970 5693 Nat.
1000 5656 1080 5694 or.
1115 5640 1207 5698 ‘20.

728 5710 801 5775 (II)
844 5709 972 5762 Naz.
1006 5726 1088 5775 ep.
1130 5711 1218 5765 25.

742 5778 806 5851 (δ)
855 5782 1017 5849 Lpist.
1050 5781 1136 5835 8'2.

2318 2681 2627 2749 amplitudo
2681 2680 2975 2745 agebantur
3016 2694 3027 2729 :

2336 1957 2485 2015 parte
2514 1945 2753 2001 fomitem
2782 1947 3134 2001 dissensionis
3166 1948 3483 2002 incendisse.

2407 2039 2720 2094 Necessario
2758 2038 3036 2092 referenda
3069 2049 3154 2092 est
3185 2041 3247 2091 ad
3277 2055 3414 2105 eam,
3452 2053 3611 2107 quam
3643 2041 3896 2102 dicimus,

2334 2130 2655 2185 discordiam
2695 2131 2809 2184 litec
2838 2128 3165 2183 Nazianzeni
3198 2128 3445 2195 epistola.
3486 2128 3555 2181 Ut
3581 2130 3724 2181 cnim
3763 2131 3900 2182 invt-

2334 2223 2475 2274 diam
2509 2224 2881 2292 episcoporunt
2909 2233 2959 2274 et
2989 2220 3157 2273 factas
3186 2219 3387 2273 Basilio
3423 2219 3644 2284 injurias
3670 2231 3899 2286 praiter-

2335 2314 2576 2376 mittam,
2615 2313 2725 2380 ipsa
2763 2314 2848 2365 illa
2891 2329 3033 2379 spes,
3060 2326 3224 2381 quam
3263 2310 3362 2363 sibi
3390 2308 3683 2377 Gregorius
3712 2310 3897 2361 inesse

2335 2416 2582 2466 testatur,
2617 2405 2746 2457 nihil
2780 2405 3040 2458 facturum
3075 2405 3348 2468 Basiliam,
3372 2404 3511 2472 quod
3543 2401 3890 2468 pItiIOSOpItIa

2334 2498 2609 2567 indignum
2637 2497 2727 2561 sit,
2755 2498 2953 2564 optime
2975 2498 3221 2563 congruit
3247 2494 3505 2561 ejusmodi
3535 2491 3907 2552 dissensioni,»

2334 2590 2383 2642 in
2416 2604 2522 2658 qua
2562 2604 2666 2642 non
2702 2589 2830 2641 tidcs
2862 2600 2951 2640 aut
2989 2589 3254 2645 doctrina,
3302 2587 3393 2639 sed
3434 2586 3631 2638 reditus
3663 2593 3717 2637 et
3749 2584 3897 2636 sedis

3077 2677 3269 2729 deinde
3317 2691 3442 2728 vero
3494 2676 3747 2729 exhibitze
3792 2676 3895 2727 illa:

2332 2769 2585 2822 molestia:
2614 2769 2672 2821 ob
2705 2780 2953 2820 recentem
2986 2782 3160 2819 rerum
3195 2766 3546 2830 novationem,
3582 2774 3629 2817 et
3671 2773 3786 2816 orta
3812 2778 3897 2816 ea.

2330 2860 2609 2926 sophistica
2638 2861 2865 2929 quadam
2906 2870 2952 2913 et
2993 2860 3189 2912 usitata
3222 2873 3423 2921 eorum,
3454 2859 3541 2925 qui
3571 2872 3744 2909 rerum
3797 2873 3897 2927 po-

2331 2952 2557 3015 tiuntur,
2596 2953 2899 3005 curiositate
2934 2955 3161 3021 negotia,
3192 2967 3296 3005 non
3334 2960 3555 3021 possunt
3585 2952 3651 3006 ad
3681 2950 3893 3019 Cappa-

2331 3046 2499 3099 dociae
2537 3046 2848 3099 divisionem
2885 3060 2990 3098 non
3027 3044 3233 3097 referri.

2403 3138 2487 3192 Ill.
2537 3139 2860 3191 Divisionem
2908 3137 3118 3189 civilem
3170 3134 3521 3202 Cappadociae
3559 3148 3661 3185 non
3705 3132 3893 3185 statim

2333 3237 2516 3282 secuta
2571 3236 2652 3280 est
2705 3226 3089 3279 ecclesiastica:
3143 3224 3431 3291 provincia:
3479 3223 3694 3276 divisio.
3754 3221 3894 3277 Nam

2333 3321 2502 3387 prima
2537 3320 2633 3374 sub
2659 3318 2865 3371 initium
2901 3316 3093 3369 hiemis
3121 3316 3387 3382 instituta,
3415 3314 3581 3369 altera
3604 3329 3732 3368 vero
3762 3326 3887 3384 post

2330 3411 2622 3463 discessum
2658 3409 2915 3473 Valentis,
2947 3409 2994 3461 id
3025 3418 3127 3470 est,
3157 3410 3302 3462 circa
3348 3423 3585 3461 mensem
3630 3406 3892 3461 Martium

2330 3500 2488 3568 hujus
2519 3499 2643 3553 anni
2667 3500 2787 3553 579..
2825 3500 2928 3554 Res
2953 3499 3161 3569 probari
3197 3508 3369 3568 potest
3393 3513 3498 3552 non
3527 3498 3773 3553 obscuris
3801 3498 3888 3551 in-

2331 3591 2502 3647 (liciis.

2404 3685 2453 3740 1°
2506 3684 2724 3739 Summa
2768 3692 2883 3737 crat
2921 3684 3292 3753 episcoporum
3321 3683 3606 3736 concordia
3637 3682 3897 3735 sazviente

2330 3779 2722 3846 persecutione,
2775 3786 2832 3831 ut
2882 3785 3105 3831 testatur
3152 3775 3380 3830 Basilius
3418 3776 3487 3845 (ε)
3534 3775 3588 3827 in
3623 3773 3846 3842 cpistola
3875 3812 3892 3837 ,

2331 3886 2489 3939 quam
2524 3880 2647 3923 tunc
2678 3871 2742 3923 ad
2788 3871 2846 3924 S.
2880 3868 3237 3923 Athanasium
3271 3867 3562 3922 scribebat.
3598 3866 3707 3920 Nec
3758 3881 3895 3921 sane

2329 3975 2509 4034 aptum
2542 3974 2657 4019 erat
2692 3964 2872 4017 litibus
2911 3962 3297 4031 persequendis
3338 3962 3440 4015 hoc
3474 3970 3705 4028 tempus,
3742 3960 3891 4029 quod

2326 4058 2536 4110 animos
2575 4059 2639 4109 ad
2674 4060 2973 4111 communis
3005 4070 3180 4108 causa:
3216 4053 3579 4107 defensionem
3629 4066 3891 4105 revocare

2328 4149 2528 4203 debuit.
2563 4147 2824 4200 Praeterea
2856 4161 2955 4198 non
2989 4150 3168 4198 statim
3201 4144 3401 4213 Tyanis
3429 4144 3660 4196 secunda
3688 4153 3892 4197 metro-

2327 4238 2463 4308 polis
2494 4239 2804 4300 constituta,
2845 4237 2936 4291 sed
2982 4252 3109 4306 pars
3155 4236 3317 4289 curite
3347 4234 3656 4287 Podaudum
3714 4237 3891 4303 primo

2330 4324 2582 4378 translata
2630 4324 2850 4379 fuerat:
2900 4326 3038 4377 unde
3072 4339 3175 4376 non
3229 4324 3423 4375 mirum
3469 4331 3570 4385 est,
3627 4323 3669 4376 si
3714 4325 3895 4377 serius

2330 4425 2451 4467 nata
2489 4415 2745 4467 Antbimo
2769 4414 3161 4481 iurisdictionis
3188 4412 3297 4467 sibi.
3317 4413 3629 4480 arrogandae
3650 4415 3887 4467 occasio.

2397 4504 2455 4556 2°
2494 4502 2583 4557 Sic
2623 4503 2868 4557 discessit
2895 4502 3136 4557 Caesarea
3166 4501 3361 4556 Valens
3384 4512 3441 4554 ut
3470 4501 3664 4556 Basilio
3689 4505 3890 4554 mirum

2328 4595 2378 4648 in
2407 4598 2621 4649 modum
2656 4594 2877 4648 faveret.
2905 4594 3081 4659 Quare
3110 4595 3153 4647 si
3183 4608 3246 4647 eo
3276 4604 3543 4661 prazsente
3573 4602 3886 4646 controver-

2325 4687 2401 4740 sia
2438 4688 2735 4754 erupisset,
2768 4686 2898 4739 satis
2929 4687 3075 4738 durae
3118 4686 3361 4739 Anthimi
3402 4695 3582 4754 partes
3614 4684 3851 4737 fuissent
3874 4725 3891 4749 ,

2327 4774 2413 4841 qui
2446 4782 2618 4826 tamen
2653 4774 2720 4827 ab
2752 4774 2879 4842 ipsis
2910 4773 3074 4826 initiis
3106 4773 3250 4827 velut
3300 4776 3351 4827 in
3388 4774 3608 4828 victoria
3640 4772 3890 4827 exsulta-

2327 4867 2439 4920 bat.
2462 4868 2532 4919 At
2562 4866 2831 4921 Valentem
2860 4881 2919 4918 ea
2947 4867 3011 4918 dc
3040 4881 3094 4918 re
3127 4880 3231 4918 non
3265 4867 3424 4919 modo
3454 4865 3582 4917 nihil
3609 4866 3890 4928 statuisse,

2330 4957 2421 5010 sed
2468 4973 2531 5011 ne
2572 4958 2835 5012 audivisse
2882 4960 3095 5027 cuidem
3146 4958 3269 5011 inde
3299 4958 3478 5026 colligi
3508 4968 3703 5025 potest,
3745 4960 3890 5027 quod

2332 5057 2451 5116 post
2490 5049 2603 5116 ejus
2637 5049 2928 5103 discessum
2970 5052 3258 5104 Antbitnus
3290 5060 3343 5103 et
3394 5052 3443 5103 ei
3492 5050 3730 5105 faventes
3774 5052 3893 5119 epi-

2330 5142 2471 5206 scopi
2501 5140 2602 5210 (d),
2635 5150 2693 5193 ιιι
2728 5141 2778 5193 in
2815 5157 2872 5195 rc
2910 5157 3130 5209 prorsus
3180 5145 3383 5211 integra
3415 5154 3467 5195 et
3513 5142 3712 5196 intacta
3747 5157 3888 5211 prte-

2330 5231 2497 5285 sidein
2534 5231 2806 5297 adierunt,
2844 5249 3077 5303 eumque
3108 5236 3156 5287 in
3192 5249 3314 5287 suas
3347 5247 3527 5301 partes
3554 5236 3769 5287 trahere
3802 5249 3892 5288 co.

2332 5322 2437 5372 nali
2476 5330 2619 5377 sunt.
2650 5322 2767 5389 Ipse
2798 5326 2960 5377 etiam
2996 5325 3220 5379 Basilius
3245 5325 3311 5393 (e)
3354 5342 3472 5378 cum
3513 5325 3739 5390 praeside
3768 5335 3893 5391 post

2330 5415 2670 5483 imperatoris
2700 5416 2995 5471 discessum
3026 5433 3185 5484 agere
3216 5434 3273 5469 ea
3308 5417 3373 5469 de
3408 5432 3465 5470 re
3494 5416 3751 5470 voluerat.
3784 5417 3889 5471 Sed

2329 5520 2383 5558 se
2418 5505 2533 5573 ipse
2568 5509 2843 5577 repressit,
2885 5518 2994 5564 tum
3027 5523 3090 5563 nc
3117 5510 3315 5565 homini
3347 5516 3425 5564 tot
3455 5510 3679 5579 negotiis
3717 5525 3882 5565 oceu-

2396 5641 2471 5711 (u)
2512 5644 2601 5712 rep.
2634 5647 2723 5701 at.

2402 5716 2469 5783 ιιι)
2506 5715 2633 5768 Ibid.
