4080 6312
1517 350 1681 408 ἚἹΤΑ
1720 358 1727 408 ε

1828 355 2091 413 BASILII.
3323 373 3410 418 xc!

175 476 291 540 pato
317 480 519 521 novum
547 480 683 521 onus
708 465 947 532 adderet,
982 475 1093 521 tum
1127 480 1191 522 ne
1214 482 1400 538 puram
1436 470 1580 527 illius
1612 476 1730 528 ani-
1770 485 1817 538 Α
1848 479 2128 532 ordinatus
2173 488 2270 533 est.
2318 479 2515 534 Locum
2550 481 2767 552 egregie
2814 482 3071 537 describit
3120 481 3411 550 Gregorius

177 573 309 613 mam
328 562 707 628 episcoporum
726 558 1102 613 altercationes
1120 559 1396 617 laederent.
1423 563 1535 619 Non
1563 566 1734 623 multo

178 660 346 702 tamen
386 661 509 718 post
550 650 841 704 discessum
895 650 1130 706 Valentis
1173 654 1377 708 exarsit
1432 656 1729 729 dissensio;

177 741 439 804 siquidem
471 740 766 806 Gregorius
794 742 1123 797 Sasimorum
1155 746 1457 815 episcopus,
1486 759 1543 802 ut
1575 753 1732 807 modo

176 831 491 894 ridebimus,
530 840 657 885 ante
687 832 887 887 Pascha
920 834 1078 903 hujus
1131 838 1254 891 anni
1307 838 1411 893 572
1452 843 1732 899 ordinatus

174 933 269 986 est,
297 923 442 989 quod
476 924 527 976 in
558 924 700 977 diem
736 934 979 978 octavum
1012 927 1211 996 Aprilis
1240 929 1446 986 incidit.

237 1010 323 1065 IV.
364 1012 642 1066 Auxilium
686 1013 825 1066 enim
861 1030 889 1066 a
936 1015 1194 1086 Gregorio
1223 1032 1561 1087 perantanter
1584 1023 1733 1079 obla-

176 1116 300 1169 tum,
331 1105 521 1172 procul
562 1106 722 1159 dubio
760 1105 987 1162 Basilius
1036 1108 1264 1163 libenter
1292 1111 1394 1165 sibi
1436 1114 1648 1181 ascivit,
1677 1126 1731 1170 et

174 1198 427 1264 amicum,
456 1208 516 1252 ut
541 1200 749 1253 veniret
775 1216 935 1269 quam
965 1200 1262 1265 celerrime,
1300 1207 1524 1274 rogavit.
1556 1209 1729 1263 Ambo

174 1290 325 1343 simul
357 1290 587 1360 profecti
622 1302 746 1345 sunt
787 1294 851 1347 ad
885 1305 1119 1347 montem
1151 1294 1387 1351 Taurum
1413 1338 1427 1363 ,
1462 1300 1549 1355 ubi
1581 1301 1731 1357 locus

175 1382 385 1449 quidam
423 1392 541 1436 erat
571 1384 683 1438 sive
732 1385 958 1439 ecclesia
1009 1386 1106 1439 sub
1155 1388 1328 1442 sancti
1377 1390 1588 1447 Orestis
1636 1410 1730 1447 no-

175 1474 331 1537 miue,
361 1475 505 1527 unde
532 1488 737 1531 annuos
778 1476 979 1530 reditus
1008 1479 1251 1546 capiebat
1284 1483 1566 1553 episcopus
1614 1484 1729 1539 Cte-

174 1563 448 1617 sariensis.
496 1564 630 1619 Dum
670 1569 911 1629 redeunt,
944 1568 1233 1625 Anthimus
1266 1588 1461 1641 prarter
1514 1585 1728 1629 aetatem

173 1668 317 1706 suam
362 1664 420 1709 et
466 1657 823 1726 episcopalem
877 1660 1194 1726 gravitatem
1241 1678 1361 1717 cum
1409 1667 1726 1734 prtedatoria

172 1760 325 1797 manu
363 1750 640 1818 angustias
673 1761 899 1816 occupat
933 1750 1031 1821 (a).
1069 1762 1123 1807 et
1166 1757 1493 1809 transeuntis
1543 1755 1723 1811 Basilii

172 1835 342 1901 mulis,
373 1840 462 1906 qui
509 1839 665 1892 rebus
698 1853 763 1892 ex
796 1851 985 1896 sancto
1023 1840 1213 1897 Oreste
1246 1848 1513 1914 perceptis
1543 1850 1722 1904 onusti
1760 1837 1801 1891 Β

172 1925 414 1981 videntur
463 1927 647 1993 fuisse,
694 1930 794 1983 iter
830 1931 1175 1998 intercludit;
1208 1952 1328 1989 nam
1373 1937 1637 1993 lactentes
1678 1952 1733 1995 et

171 2032 290 2072 aves
338 2028 393 2073 et
443 2020 548 2072 alia
604 2020 867 2089 ejusmodi
921 2024 1043 2077 inde
1097 2029 1429 2097 percipiebat
1478 2030 1726 2088 Basilius.

171 2110 464 2166 Commissa
504 2113 617 2167 haec
668 2130 842 2186 pugna
889 2133 1054 2189 prope
1096 2121 1328 2177 Sasima.
1370 2124 1499 2178 Nam
1530 2126 1731 2198 Grego-

172 2205 273 2256 rius
298 2202 370 2271 (ὁ)
388 2217 493 2257 non
522 2204 637 2258 sine
660 2208 934 2263 stomacho
958 2209 1167 2277 jocatur
1191 2214 1241 2266 in
1273 2213 1523 2269 Basilium
1547 2234 1561 2283 ;
1588 2221 1730 2287 quod

170 2309 221 2345 se
250 2294 582 2349 Sasintorum
624 2299 935 2370 episcopum
969 2304 1353 2369 constituisset,
1384 2315 1440 2360 ut
1464 2324 1582 2361 cum
1621 2311 1729 2363 An—

170 2385 327 2440 thitno
382 2387 584 2443 bellum
635 2405 867 2460 gereret,
899 2394 943 2448 si
988 2395 1201 2463 quando
1247 2398 1290 2448 is
1337 2396 1521 2451 Basilii
1558 2402 1731 2456 mulos

169 2478 445 2547 arriperet,
472 2484 750 2553 angustias
774 2495 956 2539 tenens
974 2495 1027 2537 et
1050 2484 1195 2539 velut
1219 2487 1442 2543 Amalec
1474 2491 1727 2547 lsraelem

170 2584 432 2627 coercens.
469 2572 614 2629 [dem
645 2576 775 2629 dicit
805 2577 854 2629 in
894 2576 1135 2630 carmine
1162 2576 1230 2631 de
1257 2580 1368 2633 vita
1392 2594 1515 2647 sua,
1542 2600 1732 2655 nempe

168 2663 339 2717 datum
372 2681 431 2719 se
472 2664 640 2720 fuisse
675 2665 928 2734 Sasimis,
970 2670 1094 2736 quia
1141 2669 1346 2725 bellica:
1392 2671 1730 2731 fortitudinis

169 2755 585 2823 signiﬁcationes
626 2756 850 2811 dederat
893 2758 959 2812 ad
1004 2758 1188 2815 Basilii
1236 2776 1413 2818 causa:
1459 2764 1729 2823 defensio-

170 2861 299 2896 nem.
333 2844 485 2900 Unde
517 2850 681 2901 etiam
724 2852 917 2923 colligo
948 2869 1070 2908 eum
1108 2857 1416 2909 interfuisse
1448 2857 1520 2909 illi
1559 2875 1724 2927 prope

171 2936 401 2991 Sasimos
440 2954 674 3009 pugna}:
709 2958 811 2996 non
840 2945 982 2997 enim
1013 2945 1153 2999 aliud
1187 2956 1395 3013 tempus
1447 2948 1620 3014 video,
1671 2952 1724 3003 in

168 3042 265 3094 quo
298 3030 611 3083 bellicosum
660 3047 717 3085 se
762 3031 940 3086 Basilii
989 3034 1220 3089 amicum
1253 3049 1511 3105 praestare
1542 3051 1728 3108 potue-

168 3120 247 3172 rit.
277 3120 477 3173 Locutn
512 3123 779 3189 integrum
813 3124 1060 3179 referam.

223 3253 439 3333 ’[ούτοες
478 3256 532 3324 μ’
566 3258 593 3309 ὁ
621 3260 959 3333 agentium-:1
994 3266 1429 3333 χωρεπισκὸποις

226 3324 583 3396 Στενούμενος
616 3324 830 3403 δέδωκέ·
862 3333 961 3401 τῆς
993 3324 1274 3403 εὐψυχίας.

225 3398 330 3474 Ι-ςαὶ
355 3400 508 3452 ταῦτ’
539 3401 606 3452 ἵν’
634 3398 969 3474 ἀρπάζοντὸς
992 3398 1161 3456 ἄλλοῦ
1180 3408 1312 3474 πρὸς
1349 3406 1487 3474 βίαν,

228 3468 610 3541 Περικρατήσῃ
642 3468 741 3540 τὴν
776 3473 1039 3541 καθέδραν
1070 3468 1334 3538 καινίὰας,

235 3539 420 3607 Ἡμεῖς
448 3541 555 3610 γὰρ
770 3539 1157 3613 τῶν-Ἄρηΐων
1190 3546 1359 3613 φίλων

224 3607 555 3686 Esaiam-.1"
591 3607 718 3686 (geli
747 3607 1281 3686 γὰρ-ἧμείφᾶλκιμοί
1318 3618 1477 3686 ποτε)

225 3677 330 3729 Καὶ
358 3678 530 3732 δεινὸν
558 3681 710 3734 οὐδὲν
738 3677 1003 3753 mopse
1040 3677 1240 3757 ηὑλοῇη
1250 3688 1403 3758 μένα.

226 3788 340 3869 ῌὶδ,
368 3794 639 3863 quinquies
672 3813 753 3850 me
786 3798 1167 3869 chorepiscopis
1200 3806 1372 3855 decem

226 3861 438 3941 flanabit
460 3875 670 3941 aret-us,
704 3869 839 3920 mira
870 3861 1066 3925 amoris
1089 3861 1352 3941 pignora!

222 3932 383 4011 atque
416 3938 467 3989 id
500 3938 733 4005 quidem,
759 3949 813 4011 ut
843 3943 1077 4007 rapiente
1096 3932 1211 3995 ἠὸη
1234 3946 1386 4011 probe
1412 3947 1579 4001 altero

233 4000 411 4074 Yictor
437 4000 688 4067 maneret,
719 4000 919 4074 eriqens
958 4013 1132 4064 sedem
1161 4000 1295 4067 hanc
1321 4032 1470 4071 nove.

225 4071 363 4125 Nam
397 4078 675 4131 bellicosus
700 4078 776 4129 illt
801 4071 1001 4132 amicus
1031 4085 1203 4135 exstiti

226 4140 606 4229 ζώῃ-(σεεν
638 4150 828 4201 etenim
859 4160 905 4202 et
941 4162 1186 4229 strenuus
1220 4157 1485 4229 quondam
1512 4158 1612 4229 fni)

232 4210 513 4267 Benedicta
546 4234 649 4270 non
677 4229 750 4271 est
781 4223 1207 4289 conquerendum
1232 4210 1305 4276 'ad
1341 4210 1577 4283 vulnera.

224 4334 353 4388 Dum
400 4332 704 4387 Caesaream
758 4337 894 4390 redit
945 4337 1191 4401 Basilius,
1243 4340 1455 4397 videtur
1505 4350 1720 4405 venisse

163 4420 510 4487 Nazianzum,
537 4422 719 4489 ibique
745 4422 1078 4478 Sasitnorum
1104 4429 1416 4496 episcopum
1439 4435 1720 4491 ordinasse

1846 570 1898 623 in
1928 570 2167 624 carmine
2194 571 2258 625 de
2290 569 2410 625 Vita
2438 587 2554 637 sua,
2581 573 2669 626 ubi
2699 574 2815 628 haec
2846 574 3119 644 leguntur:

1986 682 2231 762 Efadpo;
2266 701 2347 762 τις
2386 686 2529 762 ὲῖτὶν
2545 688 2620 762 μὲν
2641 687 2779 762 μέμφῃ
2807 687 3065 762 λεῳφορῳ

1980 750 2090 832 ’ζῇς
2117 750 2513 832 ᾕαππᾳδρκῶν,
2542 750 2835 832 ᾃς-Αὰχίζὲτξ
2853 750 2939 832 ek?
2957 750 3177 832 έτρίσσὴν
3201 761 3339 821 ὁδόν.

1983 823 2259 895 Ἀνυδρος,
2279 826 2491 894 ἄχλους,
2523 828 2629 879 οὐδ’
2657 823 2790 891 ὅλως
2824 823 3124 895 ἐλεύθέρος,

2007 849 2491 894 εινυορος,αχΛους,
2523 849 2614 879 0υο
2657 849 2790 891 οΛως
2824 849 3006 883 εΛευῠε
3079 849 3124 895 ς,

1980 894 2181 988 eam};
2203 896 2485 988 ἑπξυκτδν
2518 899 2823 988 κειὶιςτενὸν
2845 849 3175 988 ῳμύὲἔιον.

1978 964 2141 1043 563:;
2162 965 2230 1016 τὰ
2260 968 2451 1032 πάντα,
2484 969 2576 1020 καὶ
2601 968 2782 1043 ψόφοι,
2811 972 2903 1024 σὺν
2929 964 3155 1043 app-acu.

1980 1032 2225 1114 Qpﬁvqtt
2241 1040 2552 1114 στεῖᾳγμοὶ,
2582 1032 2908 1114 ἠρᾶκιςὸρες,
2941 1032 3218 1114 ότρἑϐλαι,
3237 1044 3410 1100 πέδαι·

1976 1104 2115 1182 agt;
2200 1107 2310 1182 ooot
2339 1104 2488 1182 Eévor
2501 1126 2560 1160 τε
2582 1104 2674 1182 ita].
2706 1104 3059 1182 πλάνὼμενόι.

1966 1173 2113 1238 Αὕτη
2144 1177 2397 1247 Σασίμων
2423 1179 2529 1232 τῶν
2556 1179 2701 1237 ἐμῶν
2729 1173 3008 1251 ἑκκλτίσία..

1980 1309 2047 1382 ΙΑη
2082 1313 2238 1379 regite
2264 1314 2433 1367 medio
2466 1316 2557 1368 via:
2583 1327 2658 1370 est
2690 1319 2831 1371 vicus
2872 1319 3024 1382 situs,

1988 1378 2092 1457 Qui
2116 1378 2310 1457 scindit
2339 1384 2395 1457 in
2423 1395 2523 1457 tres
2553 1402 2606 1438 se
2635 1388 2769 1450 vias,
2803 1378 3025 1457 lymphis
3054 1406 3262 1450 carens,

1980 1449 2181 1524 Exsors
2205 1454 2410 1517 oiroris,
2448 1455 2608 1508 libero
2637 1449 2886 1524 indignus
2908 1449 3038 1523 uiro,

1976 1521 2293 1594 {fretumque
2315 1541 2531 1591 prorsus
2571 1521 2833 1594 Oppidum,
2860 1530 3005 1581 triste
3021 1521 3068 1583 et
3096 1530 3273 1585 nimis.

1984 1591 2081 1666 l_lic
2100 1597 2582 1666 cuncturstrepitus,
2604 1591 2791 1659 pulvis
2819 1598 2901 1651 Itic
2932 1615 3046 1651 cum
3078 1601 3343 1666 curribus,

1980 1660 2253 1742 ganteuta,
2277 1660 2449 1742 ﬂetus,
2476 1666 2801 1742 carnifex,_et
2830 1672 3137 1742 compedesJ

1982 1730 2293 1808 Tormenta}
2326 1736 2457 1788 cives
2487 1730 2712 1808 hospites
2740 1740 2842 1804 hic,
2873 1749 2915 1791 et
2944 1730 3081 1808 rogi.

1978 1800 2113 1855 Erat
2143 1806 2253 1856 hwc
2276 1820 2508 1859 meorum
2536 1800 2862 1862 Sasimorutn
2891 1800 3132 1871 ecclEsia.

1909 1933 1973 1991 V.
2008 1935 2120 1992 Hac
2147 1940 2490 1998 ordinatione
2513 1943 2703 1999 vulnus
2744 1946 3053 2016 impositum
3084 1948 3237 2003 cordi
3269 1953 3407 2004 Gre-

1835 2029 1993 2098 gorii,
2021 2034 2160 2100 quod
2197 2035 2338 2089 nulla
2368 2036 2453 2091 die
2487 2037 2681 2093 obduci
2719 2042 2913 2109 potuit.
2961 2041 3214 2099 Pluribus
3273 2043 3411 2099 locis

1835 2122 2124 2191 exprobrat
2157 2122 2353 2179 Basilio
2378 2126 2664 2183 elationem
2689 2130 2851 2183 animi
2870 2131 3161 2199 quamdam
3195 2132 3409 2201 magni-

1838 2215 2023 2267 tudine
2055 2216 2197 2270 sedis
2220 2216 2478 2274 alllatam.
2502 2220 2757 2287 Queritur
2783 2222 2962 2292 elapso
2989 2223 3245 2278 decennio
3262 2224 3406 2293 quod

1834 2317 1955 2355 cum
1992 2304 2118 2357 olim
2149 2321 2209 2359 se
2243 2306 2474 2362 Basilius
2505 2309 2767 2382 Gregorio
2797 2329 2901 2366 non
2938 2312 3240 2382 praeferret,
3270 2324 3323 2369 et
3363 2314 3409 2369 si

1834 2394 2176 2459 praetulisset,
2236 2398 2618 2455 dissentientes
2680 2404 2957 2457 habuisset
2992 2420 3173 2473 aequos
3228 2418 3409 2458 rerum

1832 2485 2228 2553 aestimatores;
2261 2501 2447 2558 pOStea
2478 2494 2529 2545 in
2574 2493 2905 2563 amplissimo
2941 2497 3235 2551 collocatus
3270 2498 3410 2562 loco,

1833 2579 2069 2633 amicum
2103 2596 2207 2635 non
2235 2582 2405 2651 pluris
2453 2600 2615 2653 quam
2664 2584 2878 2641 simium
2917 2588 3122 2644 fecerit.
3174 2589 3250 2642 Eo
3277 2589 3411 2642 libe—

1833 2670 1946 2723 rius
1976 2672 2027 2725 in
2070 2672 2169 2727 has
2206 2676 2457 2741 querelas
2495 2680 2831 2747 erumpebat,
2864 2681 3005 2749 quod
3048 2694 3260 2743 eorum,
3292 2696 3419 2749 quae.

1831 2760 2015 2815 Basilii
2050 2778 2211 2818 causa
2247 2764 2470 2835 fecerat,
2512 2780 2677 2826 testes
2727 2784 2883 2825 erant
2909 2772 3114 2827 Pontus
3150 2783 3204 2827 et
3231 2773 3415 2827 Gesn.-

1835 2870 1946 2921 rea,
1973 2870 2037 2909 ac
2078 2858 2177 2925 ipsi
2220 2856 2421 2915 Basilio
2461 2878 2619 2917 suum
2653 2866 3049 2933 approbavcrat
3086 2864 3295 2919 vivendi
3355 2867 3410 2920 in

1831 2946 2124 3003 solitudine
2156 2952 2467 3021 consilium,
2499 2967 2784 3026 postquam
2818 2966 3072 3026 parentes
3098 2972 3129 3011 e
3157 2956 3267 3009 vita
3304 2958 3415 3010 mi-

1832 3054 2103 3107 grassent.
2140 3042 2329 3113 itaque
2396 3050 2653 3104 amicitia:
2715 3050 2953 3105 colenda:
3024 3050 3257 3116 laudem,
3303 3064 3415 3117 qua

1755 3179 1801 3237 c
1835 3134 1979 3187 illum
2030 3135 2301 3191 fatebatur
2350 3140 2639 3203 excellere,
2685 3142 2786 3196 hac
2829 3143 2882 3195 in
2914 3158 2971 3196 re
3001 3142 3047 3196 ei
3082 3142 3409 3213 denegabat.

1904 3225 2189 3280 llultorum
2215 3243 2347 3283 sane
2382 3231 2433 3283 in
2472 3234 2735 3301 vituperia
2764 3233 2949 3288 incidit
2976 3233 3224 3297 Basilius,
3256 3233 3409 3289 fidis-

1833 3318 1969 3371 simo
2008 3319 2184 3372 amico
2218 3334 2283 3375 ac
2318 3324 2523 3391 optime
2557 3324 2623 3379 de
2656 3340 2715 3380 se
2749 3328 2941 3381 merito
2979 3328 3028 3381 in
3076 3329 3407 3399 episcopales

1830 3424 1987 3461 curas
2025 3421 2224 3479 prmter
2257 3414 2426 3483 ipsius
2477 3415 2804 3471 voluntatem
2852 3420 3119 3487 conjecto,
3153 3430 3206 3473 et
3265 3423 3405 3489 quod

1831 3502 2010 3559 minus
2056 3503 2295 3561 habebat
2324 3508 2716 3573 excusationis,
2765 3509 2883 3563 viro
2915 3518 2991 3563 tot
3040 3526 3105 3565 ac
3134 3523 3279 3565 tanta
3318 3513 3409 3566 ha-

1830 3597 1976 3651 benti
2011 3599 2263 3654 Ecclesiae
2295 3600 2546 3671 iuvanda:
2589 3602 2944 3657 instrumenta
2989 3605 3043 3657 in
3086 3603 3409 3660 obscurissi—

1831 3706 1975 3742 mttm
2004 3690 2256 3762 angulum
2280 3704 2333 3744 et
2353 3693 2603 3745 omnibus
2622 3693 2744 3745 vitzc
2768 3694 3068 3749 commodis
3086 3696 3403 3750 dc5titutunt

1830 3779 2064 3849 relegato
2079 3781 2278 3850 (d).Qui
2303 3781 2573 3835 levissime
2592 3782 3076 3852 reprehendebant,
3098 3788 3400 3858 neglectum

1831 3888 1894 3924 ac
1922 3882 2289 3941 contemptum
2313 3872 2478 3927 fuisse
2496 3872 2813 3943 Gregorium
2832 3878 3105 3941 dicebant,
3130 3892 3181 3934 et
3206 3896 3233 3933 a
3253 3880 3404 3935 Basi-

1830 3961 1923 4025 lio,
1969 3972 2255 4034 postquam
2286 3965 2454 4035 ipsius
2489 3981 2653 4036 opera
2687 3984 2814 4023 usus
2864 3969 3061 4037 fuerat,
3098 3972 3255 4026 veluti
3306 3988 3407 4029 vas

1828 4056 2095 4123 quoddam
2141 4058 2392 4129 ignobile,
2442 4062 2739 4129 projectum
2790 4062 2883 4131 (e).
2923 4062 3001 4117 Ne
3048 4066 3144 4131 ipsi
3182 4067 3409 4137 quidem

1828 4144 2059 4199 Eusebio
2089 4146 2457 4201 Samos-stensi
2496 4148 2717 4216 probata
2749 4149 2861 4204 haec
2894 4151 3188 4211 ordinatio.

1900 4236 2301 4305 Reprehensum
2368 4239 2419 4291 in
2484 4238 2683 4294 Basilio
2752 4240 3045 4297 elationem
3108 4245 3274 4299 animi
3335 4246 3402 4299 li-

1827 4329 2018 4384 benter
2069 4332 2333 4400 arripiunt
2382 4334 2647 4398 nonnulli,
2710 4344 2770 4388 ut
2814 4337 3077 4404 ejusmodi
3123 4340 3400 4394 hominum

1828 4423 2171 4475 sanctitatem
2232 4438 2337 4475 non
2400 4434 2601 4478 tantam
2657 4424 2819 4479 fuisse
2888 4430 3137 4495 probent,
3195 4440 3406 4499 quanta

164 4511 493 4578 Gregorium.
530 4512 645 4568 Non
674 4512 817 4566 enim
849 4514 898 4567 id
925 4515 1182 4570 Caesarea:
1209 4519 1433 4584 factum,
1461 4534 1518 4577 ut
1543 4528 1719 4578 existi-
1753 4523 1795 4576 D
1829 4515 1984 4583 “1'30
2040 4515 2403 4571 ειίειίιιιυῑυνο
2473 4518 2575 4571 δείΙ
2645 4517 2759 4586 ipse
2819 4519 3109 4590 Gregorius
3159 4523 3223 4592 (Ῑ)
3283 4538 3393 4578 “ll”

167 4606 320 4659 mavit
356 4605 738 4661 Tillemontius
768 4602 863 4673 (ε).
903 4605 1132 4664 Basilius
1171 4624 1292 4663 cum
1337 4629 1438 4670 nec
1480 4616 1719 4671 Anthimi

165 4696 429 4751 malefacta
474 4697 679 4752 imitari
714 4695 892 4761 vellet,
932 4712 1031 4752 nec
1066 4714 1178 4754 rem
1211 4702 1481 4771 negligere
1506 4746 1520 4770 ,
1568 4717 1722 4777 opta-

165 4789 418 4842 tissimum
471 4789 768 4841 remedium
797 4789 1091 4857 excogitat,
1122 4801 1177 4845 et
1202 4794 1551 4863 episcopatus
1583 4796 1719 4850 mnis

165 4878 393 4947 tiplicare
442 4882 650 4942 statuit,
703 4892 760 4935 ιιι
802 4885 977 4953 ipsum
1023 4881 1307 4939 dissidium
1347 4888 1410 4940 ad
1464 4885 1718 4943 Ecclesite

162 4971 434 5026 utilitatem
463 4984 839 5030 convertatur.
875 4975 987 5031 Hoc
1016 4978 1301 5033 consilium
1336 4981 1422 5035 ditt
1455 4983 1713 5035 multum-

162 5078 255 5129 que
286 5064 456 5118 doluit
498 5065 781 5135 Gregorio,
811 5070 899 5137 qui
930 5085 1049 5123 cum
1094 5070 1399 5139 epise0pale
1432 5088 1570 5127 onus
1604 5074 1715 5126 for-

162 5153 397 5217 ntidaret,
447 5170 510 5209 ac
550 5171 776 5225 prorsus
809 5159 1041 5228 fugeret,
1072 5161 1206 5217 adeo
1236 5163 1286 5216 ei
1335 5166 1532 5219 institit
1566 5166 1719 5219 Basi-

164 5242 272 5310 lius,
307 5246 599 5316 adiuvante
623 5250 866 5319 Gregorii
891 5265 1063 5320 patre,
1091 5264 1149 5308 ut
1175 5258 1388 5309 tandem
1414 5258 1605 5312 cedere
1632 5272 1719 5311 co-

162 5352 383 5406 geretur,
410 5352 463 5395 et
494 5343 537 5396 si
578 5346 758 5397 minus
788 5345 1050 5409 animum,
1078 5347 1266 5402 saltem
1298 5358 1454 5417 caput
1492 5350 1712 5403 ordina—

165 5432 281 5485 tioni
345 5435 706 5490 submitteret.
779 5433 964 5508 Itaque
1022 5439 1357 5497 Sasimorum
1427 5441 1714 5511 episcopus

223 5662 297 5735 (to
324 5662 442 5735 an.
486 5682 570 5735 ep.
603 5668 693 5732 si,
726 5683 806 5724 or.
838 5666 927 5724 eo.

226 5732 297 5793 ib)
341 5732 471 5788 ibid.

222 5804 291 5867 ίς)
330 5804 450 5861 Nan.
483 5824 565 5863 or.
600 5808 691 5863 ΞΟ.

1823 4622 1944 4659 cum
1988 4606 2053 4659 de
2083 4605 2286 4663 Basilio
2313 4610 2579 4677 queritur,
2618 4607 2670 4663 in
2706 4626 2811 4679 quo
2842 4614 3011 4681 posita
3066 4614 3227 4667 fuerit
3281 4617 3401 4669 haec

1823 4699 1986 4751 animi
2028 4700 2208 4766 elatio,
2243 4703 2321 4754 sic
2354 4701 2586 4770 explicat
2624 4723 2636 4756 :
2676 4702 2797 4757 Nisi
2820 4706 2935 4775 quis
2960 4717 3152 4770 tamen,
3195 4708 3397 4774 inquit,

1820 4796 1915 4849 Itoc
1935 4812 2081 4874 a‘me
2128 4813 2220 4864 pro
2260 4795 2403 4849 illius
2430 4801 2746 4868 purgatione
2777 4799 3025 4868 accipiat,
3054 4800 3193 4869 quod
3226 4801 3394 4854 subli—

1820 4893 2013 4957 miora,
2042 4906 2198 4962 quam
2227 4906 2325 4959 pro
2364 4892 2587 4946 hominis
2636 4892 2935 4945 conditione
2958 4893 3204 4956 sentiens,
3237 4903 3394 4965 atque

1820 4982 1965 5046 hinc,
2012 4983 2158 5050 prius
2202 4983 2361 5035 etiam
2392 4999 2547 5051 quam
2598 4985 2701 5035 vita
2754 4983 3043 5048 excederet,
3103 4986 3393 5054 digressus,

1821 5076 1998 5127 omnia
2039 5075 2107 5125 ad
2137 5075 2377 5140 spiritum
2410 5074 2707 5139 referebat:
2737 5081 2891 5141 atque
2933 5075 3176 5127 amicitia:
3200 5076 3391 5147 officia,

1817 5183 1933 5233 qua:
1964 5168 2160 5231 alioqui
2204 5175 2380 5218 sancte
2409 5164 2625 5229 cofebat,
2666 5166 2747 5217 hic
2772 5166 2941 5217 solum
2985 5169 3384 5234 aspernabatur,

1819 5261 1905 5311 ubi
1944 5258 2108 5309 Deum
2131 5261 2373 5325 anteponi
2416 5258 2683 5322 Oportebat
2729 5268 2883 5325 atque
2931 5260 3247 5329 antiquiores
3290 5262 3388 5313 Im-

1820 5353 1936 5402 bere
1968 5367 2045 5401 res
2066 5354 2116 5401 in
2152 5366 2238 5412 spe
2260 5350 2480 5417 positas,
2505 5366 2662 5415 quam
2692 5348 2905 5419 fragiles
2932 5362 2976 5403 et
3008 5356 3395 5411 caducaleaec

1818 5442 2110 5512 Gregorius
2160 5444 2227 5495 de
2270 5441 2466 5495 Basilio
2494 5442 2546 5496 in
2590 5440 2783 5496 cadum
2832 5456 3040 5500 evecw.
3076 5444 3184 5503 Nec
3231 5448 3389 5507 aliter

1883 5674 1960 5743 (ri)
1990 5675 2119 5728 Nm.
2158 5692 2242 5745 ep.
2276 5677 2362 5731 5|.

1887 5747 1958 5811 (ε)
1990 5745 2085 5813 Ep.
2115 5746 2203 5810 98,
2233 5762 2284 5801 tt.
2326 5748 2381 5803 2.

1888 5814 1952 5884 (f)
1978 5813 2067 5871 Or.
2098 5816 2188 5872 ‘20.
