4074 6312
683 379 793 424 κει

2030 362 2556 421 ΡειοιεοωιεΝΑ.

684 497 806 534 eum
840 479 898 536 in
935 481 1092 535 ternis
1122 490 1425 535 versantem
1467 479 1727 536 allocutus
1764 492 1866 549 est,
1910 490 1968 537 ut
2005 492 2150 550 patet
2185 499 2247 539 ex
2279 492 2322 547 Α
2353 486 2642 540 solaretur.
2712 482 2780 537 Et
2837 480 2959 551 quia
3016 474 3377 532 Nazianzenus
3419 475 3472 530 in
3521 475 3766 531 oratione
3802 473 3917 545 (Δ),

683 572 767 627 his
799 572 975 628 verbis
1009 572 1087 643 (a)
1121 588 1136 624 :
1179 572 1294 628 Οὐκ
1323 573 1556 644 ἤνεγκας
1590 574 1650 626 τὸ
1688 572 1904 645 πνεῦμα.
1942 573 2043 643 τῆς
2074 575 2250 644 φιλίας

684 664 904 737 ποιῆσαι
941 664 1212 737 δεύτερονο
1250 665 1371 717 ἐπεὶ
1412 664 1521 717 τῶν
1566 665 1661 736 μὲν
1708 664 1879 718 ἄλλων
1914 666 2043 728 ἴσως
2072 667 2250 737 ἡμεῖς,

682 758 837 830 ἡμῶν
864 759 921 812 δὲ
952 760 1012 813 τὸ
1038 758 1255 828 πνεῦμά
1282 775 1363 812 σοι
1395 756 1574 827 πολλῷ
1618 756 1958 829 τιμιώτερον.
1998 757 2252 826 Spiritum

682 850 926 904 amicitia:
940 850 1245 911 post/rabere
1267 848 1474 901 minime
1489 848 1809 913 sustinuisti,
1831 837 2252 915 quandoquidem

685 948 740 992 ut
769 956 859 994 nos
890 939 1064 1009 pluris
1105 940 1354 1007 fortasse,
1385 955 1539 1007 quam
1572 937 1703 991 alios
1745 953 1919 991 omnes
1951 939 2097 991 ducis
2134 938 2254 990 :ita

683 1048 890 1085 rursum
914 1030 1173 1101 Spiritum
1194 1030 1342 1084 nobis
1368 1030 1521 1100 longe
1546 1030 1842 1097 anteponis.

753 1122 838 1177 Vl.
895 1123 1045 1177 llanc
1092 1122 1484 1177 ordinationem
1538 1135 1641 1173 non
1693 1120 1975 1184 Caesareas,
2018 1118 2105 1174 sed
2149 1118 2253 1173 Na-

684 1215 857 1269 zianzi
889 1223 1161 1284 peractam
1183 1228 1303 1269 esse
1335 1220 1565 1267 testatur
1595 1211 1708 1279 ipse
1731 1208 2019 1281 Gregorius
2043 1210 2138 1282 (b),
2162 1209 2252 1282 qui

683 1308 937 1363 Basilium
972 1307 1184 1362 venisse
1205 1304 1536 1360 Nazianzum
1574 1304 1727 1359 dicit.

910 1400 1046 1454 Ἀλλ’
1069 1395 1202 1470 ἧκεν
1230 1401 1357 1470 ἡμῖν
1380 1396 1489 1451 τῶν
1518 1396 1685 1468 φίλων
1702 1399 1730 1451 ὀ
1760 1396 2011 1465 φίλτατος

971 1470 1236 1533 Βασιλίος,
1272 1481 1378 1525 etc.

895 1583 999 1640 Sed
1027 1584 1159 1637 uertit
1190 1582 1258 1636 ad
1282 1598 1375 1636 nos
1401 1583 1633 1635 omnium
1664 1580 2005 1635 charissimus

971 1656 1229 1720 Basilius,
1261 1663 1367 1708 etc.

684 1768 821 1825 Tum
850 1780 1040 1825 narrat
1071 1768 1342 1839 quomodo
1380 1774 1535 1838 patre
1559 1765 1816 1821 Basiliutn
1845 1765 2136 1835 adiuvante
2160 1763 2255 1821 de-

2351 593 2512 648 quam
2546 575 2734 631 habuit
2762 589 2941 629 coram
2979 570 3242 642 Nysseno,
3275 570 3344 624 ab
3372 568 3540 624 amico
3565 581 3688 621 eum
3725 566 3917 623 venire

2351 668 2503 733 dicit,
2535 666 2626 736 qui
2660 680 2757 720 nec
2785 664 2979 718 virtute
3028 660 3248 717 inferior
3289 670 3428 724 erat,
3463 673 3563 715 nec
3586 660 3765 713 minus
3787 658 3917 714 dilio

2354 762 2541 829 gebat;
2603 757 2745 812 hunc
2797 756 3026 810 amicum
3089 753 3460 807 Tillemontius
3521 751 3918 820 interpretatur

2357 852 2413 905 S.
2463 850 2729 905 Meletium
2786 857 2878 902 aut
2928 847 2984 902 S.
3028 847 3313 902 Eusebium
3367 843 3797 899 Samosateuum.
3842 840 3919 895 At

2359 942 2603 1013 profecto
2630 941 2840 996 amicus
2876 940 2962 994 ille
2998 956 3100 995 non
3136 938 3271 992 alius
3293 947 3394 1002 est,
3420 951 3581 1005 quam
3617 937 3732 1005 ipse
3756 933 3920 987 Basi-

2363 1036 2485 1089 lius.
2522 1033 2805 1103 Postquam
2830 1032 2970 1086 enim
2998 1031 3364 1085 Nazianzenus
3386 1028 3437 1080 in
3464 1026 3723 1082 orationis
3750 1039 3919 1079 exor-

2356 1129 2444 1183 dio
2494 1129 2727 1181 amicum
2770 1126 2870 1182 sibi
2903 1126 2970 1180 ab
3002 1124 3174 1179 amico
3221 1122 3406 1177 venire
3439 1119 3594 1183 dixit,
3634 1127 3744 1173 tum
3778 1117 3921 1190 petit

2357 1228 2631 1276 oratorum
2679 1234 2827 1273 more
2869 1217 2935 1272 ab
2964 1215 3321 1280 audientibus,
3358 1229 3425 1268 an
3451 1226 3560 1267 rem
3591 1209 3793 1264 clarius
3821 1209 3921 1263 de-

2360 1314 2506 1384 piugi
2543 1310 2729 1373 velint,
2770 1311 3061 1378 statimque
3088 1306 3303 1378 Moysen
3329 1317 3382 1360 et
3416 1307 3682 1360 Aarouem
3717 1301 3771 1354 in
3802 1316 3921 1355 me-

2356 1405 2502 1458 dium
2534 1402 2775 1463 adducit,
2819 1400 2994 1470 iisque
3019 1405 3271 1467 peracute
3303 1396 3440 1450 inter
3474 1410 3533 1449 se
3564 1394 3915 1460 comparatis.

2358 1496 2549 1549 iterum
2586 1492 2826 1563 postulat
2883 1490 2950 1545 ab
2979 1487 3333 1552 auditoribus,
3375 1500 3442 1539 an
3478 1500 3583 1539 non
3629 1482 3922 1554 perspicue

2356 1586 2731 1655 cognominem
2776 1598 2955 1646 suum,
3005 1583 3056 1636 id
3103 1589 3187 1636 est
3238 1576 3574 1647 Gregorium,
3628 1586 3683 1630 et
3725 1572 3925 1628 unani-

2364 1696 2528 1746 mem,
2564 1680 2615 1735 id
2650 1688 2731 1735 est
2762 1677 3041 1740 Basiliam,
3071 1673 3264 1744 pictrix
3297 1669 3469 1727 oratio
3489 1665 3772 1722 efﬁnxerit.
3806 1663 3925 1718 Ho-

2358 1791 2473 1827 rum
2507 1773 2659 1837 alter,
2702 1770 2895 1840 inquit,
2949 1785 3040 1823 nos
3074 1770 3221 1821 unxit
3263 1782 3324 1820 ac
3353 1764 3568 1817 latentes
3602 1761 3656 1813 in
3687 1760 3923 1811 medium

685 1875 871 1934 CCplﬂS
895 1862 1075 1918 fuerit.
1115 1863 1400 1925 Prmterea,
1436 1875 1542 1929 quo
1577 1860 1663 1915 die
1690 1859 1968 1915 ordinatus
1986 1870 2090 1925 εει,
2123 1874 2251 1914 ora-
2286 1839 2327 1893 Β
2353 1867 2668 1936 produxit,”
2699 1839 2801 1919 ῃοίι
2841 1874 2895 1917 ιιι
2929 1864 3141 1933 dignum
3164 1868 3276 1914 erat
3303 1875 3360 1913 εο
3384 1856 3570 1925 spiritu
3596 1853 3682 1920 qui
3721 1852 3777 1904 in
3806 1853 3923 1917 ipso

687 1960 887 2013 tionem
918 1958 1106 2012 habuit
1135 1973 1316 2012 coram
1338 1964 1489 2026 patre
1511 1966 1565 2009 et
1582 1951 1800 2017 Basilio,
1830 1964 1883 2008 et
1903 1954 2022 2008 aliis
2047 1954 2256 2023 cpisco-

682 2052 768 2122 pis
816 2050 906 2121 qui
951 2065 1073 2105 eum
1120 2050 1528 2104 ordinaverunt.
1583 2048 1653 2100 At
1698 2045 2018 2114 Gregorium
2070 2058 2253 2099 senem

684 2142 842 2209 huius
875 2142 1237 2198 ordinationis
1275 2155 1438 2195 causa
1469 2138 1770 2193 Czcsaream
1798 2135 2031 2199 venisse,
2064 2152 2152 2192 res
2172 2145 2256 2191 est

687 2251 812 2289 cum
839 2251 934 2291 sua
970 2246 1161 2306 sponte
1204 2233 1596 2305 improbabilis,
1643 2241 1753 2285 tum
1791 2232 2003 2286 silentio
2036 2231 2255 2286 minime

685 2328 1146 2393 prtetermittenda
1187 2342 1216 2381 a
1260 2325 1540 2394 Gregorio,
1580 2325 1669 2394 qui
1711 2325 1885 2380 simile
1917 2324 2085 2394 patris
2131 2324 2253 2388 iter,

693 2420 874 2475 Basilii
914 2434 1077 2473 causa
1130 2429 1459 2489 susceptum,
1502 2430 1555 2475 ut
1588 2434 1815 2475 summa:
1841 2418 2007 2471 animi
2039 2416 2257 2471 fortitu.

685 2512 831 2569 diuis
858 2514 910 2566 in
946 2512 1107 2568 elleto
1138 2527 1363 2582 corpore
1391 2513 1688 2582 specimen,
1726 2512 2043 2566 admiratur.
2077 2508 2256 2578 Septi-

692 2622 774 2659 ma
806 2612 891 2660 est
941 2604 1055 2659 haec
1097 2606 1274 2659 oratio
1301 2605 1443 2658 inter
1473 2605 1752 2660 orationes
1780 2600 2047 2672 Gregorii.
2071 2599 2257 2654 Miscet

685 2696 932 2752 luulibus
990 2697 1170 2751 Basilii
1236 2697 1524 2766 vituperia,
1570 2706 1626 2750 et
1670 2694 1932 2764 obsequio
1983 2692 2255 2763 querelas,

686 2790 831 2858 quod
858 2799 1081 2844 coactus
1117 2788 1307 2858 magis,
1339 2803 1499 2858 quam
1520 2787 1894 2858 persuadendo
1920 2785 2093 2841 victus
2128 2786 2257 2840 fuis-

688 2892 794 2939 ret.
820 2882 1113 2953 Postquam
1146 2890 1327 2937 autem
1370 2882 1618 2950 exposuit
1647 2896 1743 2936 cur
1779 2881 2147 2951 episcopatum
2176 2879 2258 2932 fu-

681 2976 843 3045 gerit,
884 2992 944 3030 ac
985 2974 1239 3029 nonnullo
1281 2973 1536 3041 temporis
1571 2973 1745 3041 Spatio
1805 2986 1940 3040 opus
1983 2969 2255 3032 habuerit,

684 3077 744 3119 ut
767 3082 824 3119 se
853 3065 968 3133 ipse
1001 3064 1298 3133 colligeret,
1343 3076 1409 3115 ac
1444 3061 1660 3113 tandem
1712 3058 2022 3113 melioribus
2052 3057 2259 3126 cogita-

2354 1968 2461 2024 cst;
2495 1960 2630 2012 alter
2652 1961 2788 2013 venit
2819 1968 2871 2011 ut
2901 1974 2991 2010 nos
3019 1957 3311 2010 consoletur
3340 1968 3399 2006 ac
3423 1956 3719 2015 componat,
3744 1942 3928 2013 Spiri-

2354 2053 2529 2120 tuique
2550 2048 2945 2115 mansuefaciat.

2426 2144 2587 2198 Venit
2622 2156 2751 2213 ergo
2784 2140 3107 2194 Nazianzum
3140 2137 3451 2209 Nyssenus;
3486 2141 3540 2188 et
3565 2146 3683 2187 cum
3706 2144 3736 2183 a
3767 2124 3927 2179 Basi-

2355 2238 2426 2291 lio
2467 2236 2661 2290 missus
2714 2231 2894 2296 fuerit,
2930 2229 3183 2283 adteuire
3212 2244 3316 2282 non
3350 2225 3522 2296 potuit
3549 2219 3813 2293 postridie
3835 2231 3930 2269 or-

2356 2328 2675 2391 dinationis,
2716 2332 2772 2379 ut
2809 2319 3141 2394 perabsurde
3167 2317 3362 2388 legitur
3386 2317 3439 2371 in
3471 2314 3624 2369 titulo
3655 2307 3928 2367 orationis

2355 2431 2521 2476 sexta:
2546 2416 2896 2475 Nazianzeui.
2929 2413 3031 2468 Sed
3065 2421 3240 2465 tamen
3278 2407 3558 2475 perpaucis
3612 2413 3732 2474 post
3776 2400 3930 2456 ordi-

2359 2513 2633 2567 nationem
2662 2508 2847 2563 diebus
2894 2504 3131 2559 advenit.
3184 2500 3316 2554 Nam
3358 2499 3470 2552 haec
3520 2496 3715 2556 oratio,
3756 2506 3928 2561 quam

2356 2615 2537 2657 coram
2563 2615 2626 2655 eo
2655 2599 3028 2652 Nazianzenus
3072 2593 3209 2647 festo
3242 2587 3473 2659 quodam
3513 2592 3814 2653 martyrum
3839 2582 3932 2633 die

2359 2694 2567 2757 habuit,
2610 2691 2661 2744 in
2698 2687 2937 2743 eamdem
2968 2701 3188 2757 prorsus
3224 2681 3544 2738 sententiam
3578 2672 3931 2744 pronuntiata

2356 2794 2461 2847 est,
2493 2799 2555 2837 ac
2581 2783 2805 2852 septima
2835 2793 3016 2833 coram
3053 2776 3269 2830 Basilio.
3315 2773 3600 2841 Vituperat
3642 2763 3788 2820 enim
3821 2760 3932 2814 Ba-

2357 2878 2535 2932 silium
2562 2875 2701 2945 quod
2736 2872 2837 2928 sibi
2864 2871 2969 2925 vim
2996 2868 3256 2930 intulerit,
3289 2866 3382 2921 sed
3412 2873 3589 2918 tamen
3626 2870 3781 2913 suum
3829 2854 3935 2908 ob-

2358 2970 2600 3038 sequium
2650 2966 2939 3038 siguilicat.
3003 2960 3160 3016 Dolet
3214 2957 3356 3029 quod
3416 2953 3712 3025 Gregorius
3750 2946 3934 3004 serius

2361 3060 2589 3121 venerit,
2617 3057 2783 3112 veluti
2814 3064 2934 3124 post
2953 3054 3157 3109 cladem
3183 3048 3461 3113 auxilium,
3485 3053 3605 3114 post
3634 3048 3934 3111 tempesta-

688 3131 928 3211 tiouibus
980 3131 1335 3212 subeuntibus
1365 3151 1441 3225 (p.
1476 3150 1622 3220 144),
1669 3149 1892 3219 Spiritui
1949 3163 2068 3202 sese
2101 3147 2251 3203 daret
2282 3179 2331 3243 ο
2364 3162 2465 3205 tem
2493 3149 2837 3220 gubernator,
2874 3156 2993 3213 post
3030 3143 3335 3199 cicatricem
3378 3138 3638 3224 medicina
3684 3136 3760 3205 (p.
3798 3131 3931 3195 138,

688 3251 755 3304 ad
807 3249 1193 3314 ministerium;
1247 3257 1360 3302 tum
1402 3259 1531 3301 vero
1576 3243 1642 3299 ad
1678 3242 1957 3312 episcopos
1998 3256 2027 3293 a
2062 3239 2258 3309 quibus

690 3341 973 3395 ordinatus
1003 3339 1198 3404 iuerat,
1230 3352 1291 3391 ac
1318 3335 1637 3391 nominatim
1681 3334 1746 3387 ad
1782 3343 1987 3402 patrem
2018 3346 2079 3386 ac
2112 3331 2259 3385 Basi-

687 3431 817 3486 lium
870 3430 1168 3485 orationem
1222 3427 1516 3493 convertit,
1557 3434 1611 3480 et
1643 3424 1710 3479 ab
1738 3424 1817 3478 eis
1867 3423 2024 3488 petit,
2053 3431 2109 3475 ut
2156 3420 2259 3476 sibi

683 3525 947 3594 Optimam
983 3522 1235 3577 Ecclesia:
1265 3520 1510 3592 regenda:
1543 3518 1806 3572 rationem
1834 3516 2071 3567 tradant.

758 3614 1009 3671 Adfuisse
1054 3613 1261 3682 aliquos
1287 3626 1318 3665 e
1352 3611 1647 3666 Sasimensi
1682 3606 1877 3676 pepulo
1909 3605 2117 3675 legatos
2143 3602 2262 3657 exi-

694 3708 879 3763 stimat
920 3705 1318 3765 Tillemontius,
1373 3702 1532 3770 idque
1578 3698 1784 3769 colligit
1809 3713 1873 3754 ex
1904 3712 1968 3752 eo
1992 3694 2132 3766 quod
2185 3693 2263 3747 ait

693 3798 987 3870 Gregorius
1024 3799 1112 3867 (p.,
1139 3797 1264 3867 145)
1309 3809 1365 3851 se
1403 3794 1633 3863 Spiritui
1672 3792 1903 3846 cessisse
1945 3790 2022 3853 εἰς
2061 3803 2264 3857 καταρο

697 3894 880 3964 statpr
903 3891 996 3947 τοῦ
1014 3890 1144 3945 λαοῦ
1167 3890 1377 3953 τούτῳ,
1402 3888 1468 3941 ad
1494 3885 1852 3951 perfectionem
1876 3882 2032 3951 hujus
2053 3880 2261 3949 populi:

695 3997 749 4040 et
784 3987 881 4040 sub
913 3986 1073 4039 linem
1117 3982 1379 4037 orationis
1416 3998 1430 4033 :
1486 3976 1555 4031 Et
1595 3994 1695 4042 me,
1732 3986 1779 4030 et
1816 3991 1919 4029 una
1948 3988 2148 4027 mecum
2173 3987 2264 4024 sa-

695 4096 836 4133 crum
876 4078 1011 4131 Ituuc
1035 4092 1238 4147 gregem
1286 4074 1505 4144 pascite,
1534 4068 1869 4141 τωιμαῑνοιτε
1896 4068 1989 4120 καὶ
2031 4080 2263 4136 συμποιο

696 4170 957 4242 μιίνοιτε.
1014 4169 1121 4225 Sed
1172 4182 1330 4236 supra
1382 4164 1458 4234 (c)
1499 4160 1904 4217 observavimus
1945 4157 2263 4227 Gregorium

697 4262 1024 4333 Nyssenum,
1070 4259 1173 4313 etsi
1223 4259 1484 4314 Cmsareae
1529 4270 1634 4309 non
1690 4250 2029 4321 loquebatur,
2064 4248 2266 4302 dixisse

695 4366 875 4411 tamen
922 4355 988 4411 de
1018 4351 1263 4407 Basilio:
1311 4349 1556 4402 Testatur
1605 4348 1689 4401 hic
1732 4343 1954 4415 papulas
1988 4356 2135 4412 quem
2176 4354 2267 4415 per

695 4448 1043 4507 sacerdotium
1070 4444 1222 4498 duxit
1249 4442 1319 4499 ad
1360 4441 1454 4497 Dei
1472 4439 1881 4505 promissionem,
1913 4433 2263 4506 quemadmo-

2362 3245 2505 3314 Ml).
2547 3242 2653 3298 Sed
2682 3248 2861 3295 tamen
2898 3250 2957 3292 se
2995 3251 3138 3290 nunc
3163 3234 3357 3289 cedere
3381 3222 3435 3286 et
3469 3228 3717 3283 fiduciam
3739 3224 3933 3280 conci-

2360 3350 2486 3405 pere
2514 3331 2784 3396 declarat;
2807 3327 2949 3399 quod
2990 3333 3307 3395 argumento
3330 3330 3410 3375 est
3439 3321 3555 3372 hate
3571 3318 3767 3370 dixisse
3791 3313 3935 3370 Gre-

2360 3402 2592 3496 gorium,
2632 3434 2919 3493 antequam
2967 3417 3195 3488 fugeret.
3242 3411 3398 3468 Nulla
3434 3408 3639 3463 mentio
3680 3402 3936 3465 Gregorii

2361 3521 2527 3588 patris
2562 3519 2616 3573 in
2643 3518 2750 3572 hac
2778 3513 3024 3571 oratione
3055 3527 3068 3565 :
3111 3508 3247 3565 forte
3271 3504 3397 3576 quia
3426 3498 3680 3570 templum
3718 3505 3937 3565 marty-

2366 3627 2504 3675 rum,
2528 3610 2622 3680 qui
2657 3624 2723 3666 eo
2759 3610 2847 3665 die
2888 3606 3224 3667 colebantur,
3255 3595 3479 3654 nimium
3514 3592 3647 3649 urbe
3672 3588 3938 3656 distabat,

2363 3718 2522 3774 quam
2556 3711 2614 3756 ut
2646 3716 2809 3756 senex
2841 3715 2905 3756 eo
2931 3703 3198 3768 pergeret.

2442 3794 2570 3854 VIII.
2622 3795 2721 3850 Vix
2773 3792 3046 3863 Nyssenus
3099 3785 3370 3841 Nazianzo
3414 3782 3756 3844 discesserat,
3808 3788 3937 3831 cum

2362 3890 2658 3962 Gregorius
2709 3886 2986 3955 deceptum
3050 3894 3111 3937 se
3151 3890 3271 3934 esse
3318 3874 3508 3930 sensit.
3560 3872 3939 3926 Recursarunt

2365 3959 2505 4038 illius
2526 3983 2707 4036 animo
2750 3979 2929 4049 priora
2963 3973 3211 4030 fastidia:
3249 3967 3378 4023 vidit
3407 3965 3545 4020 hanc
3582 3962 3653 4032 (ε)
3688 3959 3940 4013 Sasimo-

2366 4090 2484 4129 rum
2514 4074 2692 4127 sedem
2730 4070 2847 4124 sine
2878 4066 3141 4137 sanguine
3179 4058 3411 4118 obtineri
3448 4071 3552 4110 non
3587 4065 3787 4119 posse:
3824 4065 3936 4105 non

2368 4167 2677 4223 habiturum
2707 4174 2766 4216 se
2815 4160 2906 4215 ubi
2933 4160 3142 4215 senium
3173 4162 3357 4227 ponat,
3391 4149 3485 4203 sed
3520 4143 3743 4201 subinde
3790 4152 3943 4198 tecto

2366 4258 2643 4330 expulsum
2678 4254 2795 4309 iri:
2852 4267 2957 4308 non
3005 4250 3312 4305 adfuturum
3351 4254 3543 4312 panem
3590 4251 3746 4306 quem
3808 4248 3939 4287 cum

2369 4326 2579 4419 hospite
2632 4346 2929 4418 partiatur;
2977 4342 3182 4396 nullum
3241 4335 3463 4391 omnino
3515 4330 3631 4387 fore
3685 4326 3938 4379 laborum

2372 4417 2644 4507 fructum,
2683 4454 2782 4497 nec
2817 4450 2996 4495 tamen
3041 4434 3147 4489 ulla
3191 4429 3439 4487 ablutura
3474 4424 3683 4481 urbium
3727 4417 3941 4470 incomo

695 4544 821 4595 dum
856 4540 1018 4595 etiam
1063 4538 1260 4593 ibidem
1307 4538 1382 4589 ait
1413 4532 1694 4596 Basilium,
1737 4531 1965 4583 urbanos
2006 4524 2262 4581 tumultus
2295 4537 2340 4592 ι)
2371 4536 2548 4589 moda,
2589 4532 2680 4587 ms
2697 4530 3079 4602 cognationum
3120 4522 3321 4579 aculeis
3352 4512 3711 4591 pungentibus
3737 4507 3939 4562 iterum

695 4645 742 4689 et
763 4631 1061 4688 materiales
1084 4630 1179 4684 Itos
1207 4628 1463 4681 tumultus
1487 4624 1711 4696 fugisse.
1738 4619 1854 4675 Non
1887 4620 2022 4673 alius
2054 4618 2263 4672 videtur

695 4740 816 4782 esse
863 4738 1055 4779 sensus
1101 4717 1430 4776 Nazianzeni
1480 4716 1790 4771 verborum.
1832 4712 2023 4768 Dicere
2067 4710 2265 4780 potuit,

697 4815 1249 4874 Nazianzenostnauu
1275 4809 1647 4871 monstrando,
1686 4822 1742 4861 se
1777 4804 1842 4859 ad
1878 4802 2264 4875 perfectionem

702 4911 860 4979 hujus
886 4907 1063 4978 populi
1104 4903 1465 4961 constitutum
1498 4914 1621 4956 esse
1657 4898 1997 4967 episcopum,
2020 4895 2269 4963 quamvis

701 5003 1037 5059 Sasimorum
1063 5006 1228 5061 esset,
1273 5011 1378 5051 non
1418 4993 1673 5048 Naziauzi
1704 4990 2009 5059 episcopus.
2042 4988 2117 5041 Eo
2153 5003 2266 5040 ma-

693 5100 779 5165 gis
807 5090 1099 5162 probanda:
1133 5088 1392 5158 ejusmodi
1434 5087 1674 5142 rationes
1711 5084 1988 5156 loquendi,
2022 5085 2163 5153 quod
2212 5084 2263 5135 in

699 5184 937 5245 Ecclesia
966 5199 1069 5236 una
1098 5192 1183 5237 est
1204 5181 1460 5237 cathedra
1485 5189 1540 5233 et
1574 5194 1713 5232 unus
1740 5194 1889 5247 grex.

772 5279 875 5336 Vll.
914 5276 1045 5331 Illud
1098 5274 1261 5331 etiam
1293 5289 1396 5329 non
1446 5272 1585 5327 belle
1614 5271 1865 5341 Opinatus
1888 5280 1970 5326 est
2005 5270 2269 5325 Baronius

701 5370 1015 5443 Gregorium
1040 5364 1338 5438 Nyssenutn
1370 5365 1631 5434 postridie
1657 5364 2015 5419 ordinationis
2037 5361 2272 5416 Nazianc

703 5468 816 5526 ueni
846 5467 1149 5523 Caesaream
1191 5465 1423 5530 venisse,
1461 5471 1520 5516 ut
1554 5463 1929 5533 cognominem
1958 5478 2112 5517 suum
2135 5475 2265 5516 con-

772 5673 851 5733 (αἱ
881 5673 973 5729 Or.
1012 5674 1064 5731 5.

774 5741 850 5873 (lt;
876 5747 1052 5795 llarttt.
1092 5744 1155 5795 tle
1191 5741 1302 5797 Vit.

774 5818 825 5873 (ς
877 5810 1005 5873 Cap.
1042 5811 1123 5873 il,
1159 5828 1211 5864 tt.
1238 5813 1290 5863 ι.

774 5810 848 5878 (ε)
877 5810 1005 5878 Cap.
1042 5811 1123 5873 il,
1159 5828 1211 5864 tt.
1238 5813 1290 5863 ι.

2370 4624 2528 4695 fuglt,
2565 4636 2630 4676 ac
2662 4621 2967 4678 solitudinis
3003 4616 3209 4670 deliciis
3232 4609 3547 4683 perfruitur.

2442 4687 2772 4772 l’ermolesta
2822 4712 2922 4767 fuit
2951 4708 3148 4765 Basilio
3186 4701 3431 4773 Gregorii
3463 4696 3611 4765 fuga,
3658 4706 3763 4763 qua
3813 4687 3943 4757 qui-

2371 4810 2491 4866 dem
2515 4807 2742 4864 consilia
2774 4821 2869 4861 sua
2902 4801 3131 4873 perverti
3156 4799 3363 4860 videns,
3388 4806 3507 4847 cum
3532 4802 3597 4843 eo
3624 4778 3942 4854 expostula-

2372 4904 2448 4957 vit
2479 4917 2582 4956 non
2626 4900 2742 4954 sine
2775 4895 2939 4951 animi
2974 4891 3161 4950 oﬂ'cnsi
3193 4897 3247 4942 et
3282 4882 3505 4941 subirati
3531 4873 3945 4950 signiﬁcationi-

2374 4997 2495 5050 bus.
2549 4993 2619 5047 At
2651 4991 2942 5061 Gregorius
2988 4987 3064 5055 (f)
3105 4985 3158 5039 in
3209 4976 3579 5049 respondendo
3620 4983 3724 5025 non
3756 4965 3944 5061 minus

2373 5090 2692 5150 Vehemens,
2747 5058 2905 5154 negat
2941 5081 3041 5135 sibi
3080 5077 3224 5131 litem
3264 5071 3592 5128 inferendam
3624 5074 3745 5115 esse
3792 5058 3943 5128 quod

2376 5181 2617 5237 fraudem
2673 5152 2885 5233 tandem
2949 5170 3235 5241 aliquando
3292 5162 3541 5223 senserit,
3592 5152 3943 5227 periniqnum

2375 5274 2519 5328 enim
2569 5284 2709 5333 esse,
2755 5276 2808 5321 ut
2856 5267 2995 5321 idem
3033 5260 3222 5329 injuria
3256 5254 3516 5311 afﬁciatur
3540 5258 3595 5303 et.
3628 5254 3947 5299 accusetur.

2378 5364 2625 5420 lteclarat
2649 5378 2705 5416 se
2733 5375 2881 5413 arma
2902 5359 3041 5412 ferre
3070 5369 3175 5409 nou
3207 5364 3382 5419 posse,
3408 5355 3461 5401 et
3485 5356 3583 5412 pro
3618 5335 3945 5394 lactentibus

2374 5469 2426 5515 et
2448 5456 2640 5512 avibus
2670 5452 2853 5507 Basilii
2891 5461 3139 5521 tauquam
3186 5460 3281 5517 pro
3310 5439 3592 5498 animabus
3629 5442 3685 5490 et
3721 5427 3946 5488 canoni-

2459 5660 2530 5732 (ά)
2554 5659 2681 5732 δεῖ.
2708 5673 2787 5732 ον..
2824 5660 2888 5732 (5.

2455 5723 2524 5795 (ἰ)
2552 5726 2782 5795 Cartn._l
2816 5728 2881 5781 de
2920 5723 3028 5782 Vit.

2458 5793 2522 5861 (ft
2548 5793 2820 5859 Epist.'5l.
