  <div class='ocr_page' id='page_1' title='image "/cluster/home/n/w/nwhite01/storage/ocr_20150623/29/pst.000005712274/100.png"; bbox 0 0 4074 6312; ppageno 0'>
   <div class='ocr_carea' id='block_1_1' title="bbox 1538 360 2084 416">
    <p class='ocr_par' dir='ltr' id='par_1_1' title="bbox 1538 360 2084 416">
     <span class='ocr_line' id='line_1_1' title="bbox 1538 360 2084 416; baseline 0.005 -3"><span class='ocrx_word' id='word_1_1' title='bbox 1538 360 1693 416; x_wconf 70' lang='lat' dir='ltr'><strong><em>VITA</em></strong></span> <span class='ocrx_word' id='word_1_2' title='bbox 1734 362 1789 416; x_wconf 92' lang='lat' dir='ltr'><strong><em>S.</em></strong></span> <span class='ocrx_word' id='word_1_3' title='bbox 1825 362 1906 415; x_wconf 76' lang='lat' dir='ltr'><strong><em>BA</em></strong></span> <span class='ocrx_word' id='word_1_4' title='bbox 1917 361 2084 416; x_wconf 87' lang='lat' dir='ltr'><strong>SILII.</strong></span> 
     </span>
    </p>
   </div>
   <div class='ocr_carea' id='block_1_2' title="bbox 3279 376 3409 420">
    <p class='ocr_par' dir='ltr' id='par_1_2' title="bbox 3279 376 3409 420">
     <span class='ocr_line' id='line_1_2' title="bbox 3279 376 3409 420; baseline 0.015 -2"><span class='ocrx_word' id='word_1_5' title='bbox 3279 376 3409 420; x_wconf 66' lang='lat' dir='ltr'><strong>XCIII</strong></span> 
     </span>
    </p>
   </div>
   <div class='ocr_carea' id='block_1_3' title="bbox 189 474 3408 549">
    <p class='ocr_par' dir='ltr' id='par_1_3' title="bbox 189 474 3408 549">
     <span class='ocr_line' id='line_1_3' title="bbox 189 474 3408 549; baseline 0.002 -20"><span class='ocrx_word' id='word_1_6' title='bbox 189 477 279 531; x_wconf 88' lang='lat' dir='ltr'><strong><em>bus</em></strong></span> <span class='ocrx_word' id='word_1_7' title='bbox 314 474 633 546; x_wconf 77' lang='lat' dir='ltr'><strong><em>digladiari,</em></strong></span> <span class='ocrx_word' id='word_1_8' title='bbox 682 488 838 548; x_wconf 83' lang='lat' dir='ltr'><strong><em>rogat</em></strong></span> <span class='ocrx_word' id='word_1_9' title='bbox 869 489 924 532; x_wconf 89' lang='lat' dir='ltr'><strong><em>ut</em></strong></span> <span class='ocrx_word' id='word_1_10' title='bbox 959 479 1075 549; x_wconf 86' lang='lat' dir='ltr'><strong><em>ipse</em></strong></span> <span class='ocrx_word' id='word_1_11' title='bbox 1114 493 1232 534; x_wconf 88' lang='lat' dir='ltr'><strong><em>cum</em></strong></span> <span class='ocrx_word' id='word_1_12' title='bbox 1265 478 1519 535; x_wconf 83' lang='lat' dir='ltr'><strong><em>Antbimo</em></strong></span> <span class='ocrx_word' id='word_1_13' title='bbox 1564 480 1756 536; x_wconf 81' lang='lat' dir='ltr'><strong><em>beilum</em></strong></span> <span class='ocrx_word' id='word_1_14' title='bbox 1786 488 1833 546; x_wconf 75' lang='grc' dir='ltr'>Α</span> <span class='ocrx_word' id='word_1_15' title='bbox 1931 494 2194 547; x_wconf 82' lang='lat' dir='ltr'><strong><em>ponuntur</em></strong></span> <span class='ocrx_word' id='word_1_16' title='bbox 2215 483 2351 537; x_wconf 86' lang='lat' dir='ltr'><strong><em>inter</em></strong></span> <span class='ocrx_word' id='word_1_17' title='bbox 2367 483 2617 537; x_wconf 82' lang='lat' dir='ltr'><strong><em>Basiliam</em></strong></span> <span class='ocrx_word' id='word_1_18' title='bbox 2650 484 3033 537; x_wconf 73' lang='lat' dir='ltr'><strong><em>etAntItimum.</em></strong></span> <span class='ocrx_word' id='word_1_19' title='bbox 3067 483 3171 537; x_wconf 73' lang='grc' dir='ltr'>νη.</span> <span class='ocrx_word' id='word_1_20' title='bbox 3209 484 3408 540; x_wconf 81' lang='lat' dir='ltr'><strong><em>Ilnrsus</em></strong></span> 
     </span>
    </p>
   </div>
   <div class='ocr_carea' id='block_1_4' title="bbox 189 570 1751 643">
    <p class='ocr_par' dir='ltr' id='par_1_4' title="bbox 189 570 1751 643">
     <span class='ocr_line' id='line_1_4' title="bbox 189 570 1751 643; baseline 0.001 -17"><span class='ocrx_word' id='word_1_21' title='bbox 189 580 352 642; x_wconf 83' lang='lat' dir='ltr'><strong><em>gerat,</em></strong></span> <span class='ocrx_word' id='word_1_22' title='bbox 407 585 473 627; x_wconf 85' lang='lat' dir='ltr'><strong><em>ac</em></strong></span> <span class='ocrx_word' id='word_1_23' title='bbox 501 571 609 626; x_wconf 85' lang='lat' dir='ltr'><strong><em>sibi</em></strong></span> <span class='ocrx_word' id='word_1_24' title='bbox 664 572 903 626; x_wconf 89' lang='lat' dir='ltr'><strong><em>omnium</em></strong></span> <span class='ocrx_word' id='word_1_25' title='bbox 934 588 1109 627; x_wconf 87' lang='lat' dir='ltr'><strong><em>rerum</em></strong></span> <span class='ocrx_word' id='word_1_26' title='bbox 1153 570 1270 628; x_wconf 85' lang='lat' dir='ltr'><strong><em>loco</em></strong></span> <span class='ocrx_word' id='word_1_27' title='bbox 1299 573 1530 643; x_wconf 85' lang='lat' dir='ltr'><strong><em>quietem</em></strong></span> <span class='ocrx_word' id='word_1_28' title='bbox 1562 589 1751 629; x_wconf 82' lang='lat' dir='ltr'><strong><em>conce-</em></strong></span> 
     </span>
    </p>
   </div>
   <div class='ocr_carea' id='block_1_5' title="bbox 188 660 1748 734">
    <p class='ocr_par' dir='ltr' id='par_1_5' title="bbox 188 660 1748 734">
     <span class='ocr_line' id='line_1_5' title="bbox 188 660 1748 734; baseline 0.003 -19"><span class='ocrx_word' id='word_1_29' title='bbox 188 662 290 715; x_wconf 83' lang='lat' dir='ltr'><strong><em>dat.</em></strong></span> <span class='ocrx_word' id='word_1_30' title='bbox 325 660 433 717; x_wconf 89' lang='lat' dir='ltr'><strong><em>Sed</em></strong></span> <span class='ocrx_word' id='word_1_31' title='bbox 473 661 618 717; x_wconf 87' lang='lat' dir='ltr'><strong><em>illius</em></strong></span> <span class='ocrx_word' id='word_1_32' title='bbox 669 663 821 717; x_wconf 86' lang='lat' dir='ltr'><strong><em>dolor</em></strong></span> <span class='ocrx_word' id='word_1_33' title='bbox 880 673 1003 718; x_wconf 91' lang='lat' dir='ltr'><strong><em>tunc</em></strong></span> <span class='ocrx_word' id='word_1_34' title='bbox 1059 664 1289 719; x_wconf 77' lang='lat' dir='ltr'><strong><em>maxime</em></strong></span> <span class='ocrx_word' id='word_1_35' title='bbox 1335 668 1584 734; x_wconf 84' lang='lat' dir='ltr'><strong><em>erumpit,</em></strong></span> <span class='ocrx_word' id='word_1_36' title='bbox 1626 680 1748 719; x_wconf 90' lang='lat' dir='ltr'><strong><em>cum</em></strong></span> 
     </span>
    </p>
   </div>
   <div class='ocr_carea' id='block_1_6' title="bbox 188 751 1741 826">
    <p class='ocr_par' dir='ltr' id='par_1_6' title="bbox 188 751 1741 826">
     <span class='ocr_line' id='line_1_6' title="bbox 188 751 1741 826; baseline 0.004 -21"><span class='ocrx_word' id='word_1_37' title='bbox 188 751 437 806; x_wconf 73' lang='lat' dir='ltr'><strong><em>Basiliam</em></strong></span> <span class='ocrx_word' id='word_1_38' title='bbox 472 755 736 818; x_wconf 76' lang='lat' dir='ltr'><strong><em>hortatur,</em></strong></span> <span class='ocrx_word' id='word_1_39' title='bbox 768 766 824 807; x_wconf 89' lang='lat' dir='ltr'><strong><em>ut</em></strong></span> <span class='ocrx_word' id='word_1_40' title='bbox 856 756 1029 809; x_wconf 89' lang='lat' dir='ltr'><strong><em>omnia</em></strong></span> <span class='ocrx_word' id='word_1_41' title='bbox 1051 756 1120 807; x_wconf 90' lang='lat' dir='ltr'><strong><em>ad</em></strong></span> <span class='ocrx_word' id='word_1_42' title='bbox 1147 770 1296 809; x_wconf 85' lang='lat' dir='ltr'><strong><em>suam</em></strong></span> <span class='ocrx_word' id='word_1_43' title='bbox 1318 756 1477 820; x_wconf 88' lang='lat' dir='ltr'><strong><em>ipsius</em></strong></span> <span class='ocrx_word' id='word_1_44' title='bbox 1502 757 1741 826; x_wconf 81' lang='lat' dir='ltr'><strong><em>gloriam,</em></strong></span> 
     </span>
    </p>
   </div>
   <div class='ocr_carea' id='block_1_7' title="bbox 184 846 1747 914">
    <p class='ocr_par' dir='ltr' id='par_1_7' title="bbox 184 846 1747 914">
     <span class='ocr_line' id='line_1_7' title="bbox 184 846 1747 914; baseline 0.004 -17"><span class='ocrx_word' id='word_1_45' title='bbox 184 846 628 911; x_wconf 68' lang='lat' dir='ltr'><strong><em>quemadmodum</em></strong></span> <span class='ocrx_word' id='word_1_46' title='bbox 664 846 813 914; x_wconf 78' lang='lat' dir='ltr'><strong><em>[invii</em></strong></span> <span class='ocrx_word' id='word_1_47' title='bbox 835 856 1099 908; x_wconf 88' lang='lat' dir='ltr'><strong><em>torrentes,</em></strong></span> <span class='ocrx_word' id='word_1_48' title='bbox 1124 848 1319 911; x_wconf 89' lang='lat' dir='ltr'><strong><em>traltat,</em></strong></span> <span class='ocrx_word' id='word_1_49' title='bbox 1349 864 1438 902; x_wconf 85' lang='lat' dir='ltr'><strong><em>nec</em></strong></span> <span class='ocrx_word' id='word_1_50' title='bbox 1462 851 1747 904; x_wconf 74' lang='lat' dir='ltr'><strong><em>amicitiam</em></strong></span> 
     </span>
    </p>
   </div>
   <div class='ocr_carea' id='block_1_8' title="bbox 187 936 1745 1008">
    <p class='ocr_par' dir='ltr' id='par_1_8' title="bbox 187 936 1745 1008">
     <span class='ocr_line' id='line_1_8' title="bbox 187 936 1745 1008; baseline 0.006 -22"><span class='ocrx_word' id='word_1_51' title='bbox 187 952 272 988; x_wconf 82' lang='lat' dir='ltr'><strong><em>nec</em></strong></span> <span class='ocrx_word' id='word_1_52' title='bbox 289 937 723 990; x_wconf 72' lang='lat' dir='ltr'><strong><em>consuetudinem</em></strong></span> <span class='ocrx_word' id='word_1_53' title='bbox 744 946 793 990; x_wconf 90' lang='lat' dir='ltr'><strong><em>et</em></strong></span> <span class='ocrx_word' id='word_1_54' title='bbox 821 936 1235 1004; x_wconf 76' lang='lat' dir='ltr'><strong><em>familiaritatem</em></strong></span> <span class='ocrx_word' id='word_1_55' title='bbox 1271 939 1453 993; x_wconf 76' lang='lat' dir='ltr'><strong><em>uirtute</em></strong></span> <span class='ocrx_word' id='word_1_56' title='bbox 1477 956 1537 993; x_wconf 93' lang='lat' dir='ltr'><strong><em>ac</em></strong></span> <span class='ocrx_word' id='word_1_57' title='bbox 1557 942 1745 1008; x_wconf 84' lang='lat' dir='ltr'><strong><em>pietate</em></strong></span> 
     </span>
    </p>
   </div>
   <div class='ocr_carea' id='block_1_9' title="bbox 185 1028 1743 1096">
    <p class='ocr_par' dir='ltr' id='par_1_9' title="bbox 185 1028 1743 1096">
     <span class='ocr_line' id='line_1_9' title="bbox 185 1028 1743 1096; baseline 0.005 -19"><span class='ocrx_word' id='word_1_58' title='bbox 185 1028 437 1090; x_wconf 83' lang='lat' dir='ltr'><strong><em>potiorem</em></strong></span> <span class='ocrx_word' id='word_1_59' title='bbox 494 1028 707 1091; x_wconf 84' lang='lat' dir='ltr'><strong><em>habens,</em></strong></span> <span class='ocrx_word' id='word_1_60' title='bbox 766 1043 856 1081; x_wconf 86' lang='lat' dir='ltr'><strong><em>nec</em></strong></span> <span class='ocrx_word' id='word_1_61' title='bbox 899 1043 1016 1096; x_wconf 70' lang='lat' dir='ltr'><strong><em>qua</em></strong></span> <span class='ocrx_word' id='word_1_62' title='bbox 1071 1044 1137 1083; x_wconf 78' lang='lat' dir='ltr'><strong><em>ea:</em></strong></span> <span class='ocrx_word' id='word_1_63' title='bbox 1183 1029 1264 1082; x_wconf 92' lang='lat' dir='ltr'><strong><em>Itis</em></strong></span> <span class='ocrx_word' id='word_1_64' title='bbox 1298 1030 1445 1083; x_wconf 85' lang='lat' dir='ltr'><strong><em>rebus</em></strong></span> <span class='ocrx_word' id='word_1_65' title='bbox 1478 1029 1743 1085; x_wconf 77' lang='lat' dir='ltr'><strong><em>hominum</em></strong></span> 
     </span>
    </p>
   </div>
   <div class='ocr_carea' id='block_1_10' title="bbox 182 1118 1746 1195">
    <p class='ocr_par' dir='ltr' id='par_1_10' title="bbox 182 1118 1746 1195">
     <span class='ocr_line' id='line_1_10' title="bbox 182 1118 1746 1195; baseline 0.008 -29"><span class='ocrx_word' id='word_1_66' title='bbox 182 1118 356 1181; x_wconf 82' lang='lat' dir='ltr'><strong><em>opinio</em></strong></span> <span class='ocrx_word' id='word_1_67' title='bbox 373 1119 438 1172; x_wconf 85' lang='lat' dir='ltr'><strong><em>de</em></strong></span> <span class='ocrx_word' id='word_1_68' title='bbox 458 1135 514 1173; x_wconf 82' lang='lat' dir='ltr'><strong><em>se</em></strong></span> <span class='ocrx_word' id='word_1_69' title='bbox 541 1120 717 1187; x_wconf 80' lang='lat' dir='ltr'><strong><em>futura</em></strong></span> <span class='ocrx_word' id='word_1_70' title='bbox 732 1121 820 1185; x_wconf 89' lang='lat' dir='ltr'><strong><em>sit,</em></strong></span> <span class='ocrx_word' id='word_1_71' title='bbox 840 1136 1051 1189; x_wconf 85' lang='lat' dir='ltr'><strong><em>curans,</em></strong></span> <span class='ocrx_word' id='word_1_72' title='bbox 1076 1122 1164 1176; x_wconf 88' lang='lat' dir='ltr'><strong><em>sed</em></strong></span> <span class='ocrx_word' id='word_1_73' title='bbox 1194 1122 1283 1176; x_wconf 87' lang='lat' dir='ltr'><strong><em>uni</em></strong></span> <span class='ocrx_word' id='word_1_74' title='bbox 1306 1120 1558 1177; x_wconf 71' lang='lat' dir='ltr'><strong><em>duntaxat</em></strong></span> <span class='ocrx_word' id='word_1_75' title='bbox 1590 1124 1746 1195; x_wconf 76' lang='lat' dir='ltr'><strong><em>spirio</em></strong></span> 
     </span>
    </p>
   </div>
   <div class='ocr_carea' id='block_1_11' title="bbox 184 1208 630 1267">
    <p class='ocr_par' dir='ltr' id='par_1_11' title="bbox 184 1208 630 1267">
     <span class='ocr_line' id='line_1_11' title="bbox 184 1208 630 1267; baseline 0.02 -10"><span class='ocrx_word' id='word_1_76' title='bbox 184 1208 253 1258; x_wconf 85' lang='lat' dir='ltr'><strong><em>tui</em></strong></span> <span class='ocrx_word' id='word_1_77' title='bbox 276 1225 335 1261; x_wconf 84' lang='lat' dir='ltr'><strong><em>se</em></strong></span> <span class='ocrx_word' id='word_1_78' title='bbox 359 1210 630 1267; x_wconf 84' lang='lat' dir='ltr'><strong><em>addicens.</em></strong></span> 
     </span>
    </p>
   </div>
   <div class='ocr_carea' id='block_1_12' title="bbox 248 1298 1743 1377">
    <p class='ocr_par' dir='ltr' id='par_1_12' title="bbox 248 1298 1743 1377">
     <span class='ocr_line' id='line_1_12' title="bbox 248 1298 1743 1377; baseline 0.009 -25"><span class='ocrx_word' id='word_1_79' title='bbox 248 1298 491 1357; x_wconf 81' lang='lat' dir='ltr'><strong><em>Credere</em></strong></span> <span class='ocrx_word' id='word_1_80' title='bbox 517 1317 620 1357; x_wconf 89' lang='lat' dir='ltr'><strong><em>non</em></strong></span> <span class='ocrx_word' id='word_1_81' title='bbox 643 1317 861 1372; x_wconf 87' lang='lat' dir='ltr'><strong><em>possum</em></strong></span> <span class='ocrx_word' id='word_1_82' title='bbox 890 1304 1141 1361; x_wconf 86' lang='lat' dir='ltr'><strong><em>Basilium</em></strong></span> <span class='ocrx_word' id='word_1_83' title='bbox 1172 1320 1234 1360; x_wconf 88' lang='lat' dir='ltr'><strong><em>ea</em></strong></span> <span class='ocrx_word' id='word_1_84' title='bbox 1268 1305 1553 1377; x_wconf 88' lang='lat' dir='ltr'><strong><em>ingessisse</em></strong></span> <span class='ocrx_word' id='word_1_85' title='bbox 1577 1308 1743 1365; x_wconf 85' lang='lat' dir='ltr'><strong><em>male-</em></strong></span> 
     </span>
    </p>
   </div>
   <div class='ocr_carea' id='block_1_13' title="bbox 182 1389 1740 1465">
    <p class='ocr_par' dir='ltr' id='par_1_13' title="bbox 182 1389 1740 1465">
     <span class='ocr_line' id='line_1_13' title="bbox 182 1389 1740 1465; baseline 0.007 -22"><span class='ocrx_word' id='word_1_86' title='bbox 182 1389 345 1456; x_wconf 85' lang='lat' dir='ltr'><strong><em>dicta,</em></strong></span> <span class='ocrx_word' id='word_1_87' title='bbox 383 1393 582 1460; x_wconf 84' lang='lat' dir='ltr'><strong><em>quibus</em></strong></span> <span class='ocrx_word' id='word_1_88' title='bbox 616 1394 911 1463; x_wconf 87' lang='lat' dir='ltr'><strong><em>appetitum</em></strong></span> <span class='ocrx_word' id='word_1_89' title='bbox 944 1411 1001 1450; x_wconf 89' lang='lat' dir='ltr'><strong><em>se</em></strong></span> <span class='ocrx_word' id='word_1_90' title='bbox 1046 1394 1339 1465; x_wconf 74' lang='lat' dir='ltr'><strong><em>Gregorius</em></strong></span> <span class='ocrx_word' id='word_1_91' title='bbox 1362 1397 1492 1452; x_wconf 77' lang='lat' dir='ltr'><strong><em>dicit</em></strong></span> <span class='ocrx_word' id='word_1_92' title='bbox 1529 1415 1545 1455; x_wconf 87' lang='lat'><strong>:</strong></span> <span class='ocrx_word' id='word_1_93' title='bbox 1584 1399 1740 1454; x_wconf 86' lang='lat' dir='ltr'><strong><em>Desi-</em></strong></span> 
     </span>
    </p>
   </div>
   <div class='ocr_carea' id='block_1_14' title="bbox 183 1480 1737 1556">
    <p class='ocr_par' dir='ltr' id='par_1_14' title="bbox 183 1480 1737 1556">
     <span class='ocr_line' id='line_1_14' title="bbox 183 1480 1737 1556; baseline 0.011 -27"><span class='ocrx_word' id='word_1_94' title='bbox 183 1495 358 1544; x_wconf 83' lang='lat' dir='ltr'><strong><em>nesne,</em></strong></span> <span class='ocrx_word' id='word_1_95' title='bbox 409 1480 608 1550; x_wconf 88' lang='lat' dir='ltr'><strong>inquit,</strong></span> <span class='ocrx_word' id='word_1_96' title='bbox 661 1500 753 1538; x_wconf 79' lang='lat' dir='ltr'><strong><em>nos</em></strong></span> <span class='ocrx_word' id='word_1_97' title='bbox 784 1486 989 1539; x_wconf 81' lang='lat' dir='ltr'><strong><em>tandem</em></strong></span> <span class='ocrx_word' id='word_1_98' title='bbox 1030 1485 1319 1541; x_wconf 84' lang='lat' dir='ltr'><strong><em>maledictis</em></strong></span> <span class='ocrx_word' id='word_1_99' title='bbox 1355 1488 1629 1556; x_wconf 88' lang='lat' dir='ltr'><strong><em>incessere,</em></strong></span> <span class='ocrx_word' id='word_1_100' title='bbox 1680 1501 1737 1546; x_wconf 89' lang='lat' dir='ltr'><strong><em>ut</em></strong></span> 
     </span>
    </p>
   </div>
   <div class='ocr_carea' id='block_1_15' title="bbox 180 1570 1732 1652">
    <p class='ocr_par' dir='ltr' id='par_1_15' title="bbox 180 1570 1732 1652">
     <span class='ocr_line' id='line_1_15' title="bbox 180 1570 1732 1652; baseline 0.011 -32"><span class='ocrx_word' id='word_1_101' title='bbox 180 1570 402 1623; x_wconf 75' lang='lat' dir='ltr'><strong><em>insulsus</em></strong></span> <span class='ocrx_word' id='word_1_102' title='bbox 431 1580 481 1624; x_wconf 86' lang='lat' dir='ltr'><strong><em>et</em></strong></span> <span class='ocrx_word' id='word_1_103' title='bbox 516 1574 741 1628; x_wconf 81' lang='lat' dir='ltr'><strong><em>rusticos</em></strong></span> <span class='ocrx_word' id='word_1_104' title='bbox 774 1585 821 1629; x_wconf 90' lang='lat' dir='ltr'><strong><em>et</em></strong></span> <span class='ocrx_word' id='word_1_105' title='bbox 844 1577 949 1629; x_wconf 88' lang='lat' dir='ltr'><strong><em>sine</em></strong></span> <span class='ocrx_word' id='word_1_106' title='bbox 982 1591 1179 1643; x_wconf 87' lang='lat' dir='ltr'><strong><em>umore,</em></strong></span> <span class='ocrx_word' id='word_1_107' title='bbox 1216 1589 1264 1632; x_wconf 92' lang='lat' dir='ltr'><strong><em>et</em></strong></span> <span class='ocrx_word' id='word_1_108' title='bbox 1310 1596 1371 1634; x_wconf 88' lang='lat' dir='ltr'><strong><em>ne</em></strong></span> <span class='ocrx_word' id='word_1_109' title='bbox 1402 1585 1503 1635; x_wconf 74' lang='lat' dir='ltr'><strong><em>vita</em></strong></span> <span class='ocrx_word' id='word_1_110' title='bbox 1526 1584 1732 1652; x_wconf 78' lang='lat' dir='ltr'><strong><em>quidem</em></strong></span> 
     </span>
    </p>
   </div>
   <div class='ocr_carea' id='block_1_16' title="bbox 178 1660 1729 1745">
    <p class='ocr_par' dir='ltr' id='par_1_16' title="bbox 178 1660 1729 1745">
     <span class='ocr_line' id='line_1_16' title="bbox 178 1660 1729 1745; baseline 0.01 -33"><span class='ocrx_word' id='word_1_111' title='bbox 178 1660 401 1728; x_wconf 72' lang='lat' dir='ltr'><strong><em>dignos?</em></strong></span> <span class='ocrx_word' id='word_1_112' title='bbox 435 1662 522 1729; x_wconf 83' lang='grc' dir='ltr'><strong><em>Ὧς</em></strong></span> <span class='ocrx_word' id='word_1_113' title='bbox 566 1664 939 1745; x_wconf 72' lang='grc' dir='ltr'><strong><em>ἁπαιδεύτρυς,</em></strong></span> <span class='ocrx_word' id='word_1_114' title='bbox 979 1669 1070 1722; x_wconf 79' lang='grc' dir='ltr'><strong><em>καὶ</em></strong></span> <span class='ocrx_word' id='word_1_115' title='bbox 1099 1672 1339 1737; x_wconf 79' lang='grc' dir='ltr'><strong><em>σκαιοὺς,</em></strong></span> <span class='ocrx_word' id='word_1_116' title='bbox 1370 1674 1462 1726; x_wconf 78' lang='grc' dir='ltr'><strong><em>καὶ</em></strong></span> <span class='ocrx_word' id='word_1_117' title='bbox 1488 1673 1729 1742; x_wconf 76' lang='grc' dir='ltr'><strong><em>ἀφίλους,</em></strong></span> 
     </span>
    </p>
   </div>
   <div class='ocr_carea' id='block_1_17' title="bbox 180 1754 1732 1831">
    <p class='ocr_par' dir='ltr' id='par_1_17' title="bbox 180 1754 1732 1831">
     <span class='ocr_line' id='line_1_17' title="bbox 180 1754 1732 1831; baseline 0.011 -25"><span class='ocrx_word' id='word_1_118' title='bbox 180 1754 266 1807; x_wconf 73' lang='grc' dir='ltr'><strong><em>καὶ</em></strong></span> <span class='ocrx_word' id='word_1_119' title='bbox 291 1754 416 1809; x_wconf 71' lang='grc' dir='ltr'><strong><em>οὐδὲ</em></strong></span> <span class='ocrx_word' id='word_1_120' title='bbox 446 1757 546 1828; x_wconf 77' lang='grc' dir='ltr'><strong><em>ζῇν</em></strong></span> <span class='ocrx_word' id='word_1_121' title='bbox 581 1758 780 1825; x_wconf 78' lang='grc' dir='ltr'><strong><em>ἀξίους.</em></strong></span> <span class='ocrx_word' id='word_1_122' title='bbox 809 1758 923 1826; x_wconf 88' lang='lat' dir='ltr'><strong><em>His,</em></strong></span> <span class='ocrx_word' id='word_1_123' title='bbox 955 1761 1195 1831; x_wconf 91' lang='lat' dir='ltr'><strong><em>inquam,</em></strong></span> <span class='ocrx_word' id='word_1_124' title='bbox 1220 1779 1251 1819; x_wconf 91' lang='lat' dir='ltr'><strong><em>e</em></strong></span> <span class='ocrx_word' id='word_1_125' title='bbox 1286 1766 1444 1821; x_wconf 84' lang='lat' dir='ltr'><strong><em>trivio</em></strong></span> <span class='ocrx_word' id='word_1_126' title='bbox 1473 1767 1732 1823; x_wconf 72' lang='lat' dir='ltr'><strong><em>conviciis</em></strong></span> 
     </span>
    </p>
   </div>
   <div class='ocr_carea' id='block_1_18' title="bbox 183 1845 1730 1925">
    <p class='ocr_par' dir='ltr' id='par_1_18' title="bbox 183 1845 1730 1925">
     <span class='ocr_line' id='line_1_18' title="bbox 183 1845 1730 1925; baseline 0.01 -25"><span class='ocrx_word' id='word_1_127' title='bbox 183 1845 437 1904; x_wconf 86' lang='lat' dir='ltr'><strong><em>Basilium</em></strong></span> <span class='ocrx_word' id='word_1_128' title='bbox 487 1867 639 1907; x_wconf 88' lang='lat' dir='ltr'><strong><em>usum</em></strong></span> <span class='ocrx_word' id='word_1_129' title='bbox 688 1866 808 1905; x_wconf 84' lang='lat' dir='ltr'><strong><em>csse</em></strong></span> <span class='ocrx_word' id='word_1_130' title='bbox 847 1867 1066 1921; x_wconf 77' lang='lat' dir='ltr'><strong><em>prorsus</em></strong></span> <span class='ocrx_word' id='word_1_131' title='bbox 1095 1855 1445 1925; x_wconf 76' lang='lat' dir='ltr'><strong><em>improbabile</em></strong></span> <span class='ocrx_word' id='word_1_132' title='bbox 1481 1870 1586 1925; x_wconf 89' lang='lat' dir='ltr'><strong><em>est,</em></strong></span> <span class='ocrx_word' id='word_1_133' title='bbox 1638 1861 1730 1915; x_wconf 88' lang='lat' dir='ltr'><strong><em>sed</em></strong></span> 
     </span>
    </p>
   </div>
   <div class='ocr_carea' id='block_1_19' title="bbox 178 1941 1734 2015">
    <p class='ocr_par' dir='ltr' id='par_1_19' title="bbox 178 1941 1734 2015">
     <span class='ocr_line' id='line_1_19' title="bbox 178 1941 1734 2015; baseline 0.008 -22"><span class='ocrx_word' id='word_1_134' title='bbox 178 1952 238 1993; x_wconf 80' lang='lat' dir='ltr'><strong><em>es</em></strong></span> <span class='ocrx_word' id='word_1_135' title='bbox 275 1942 395 2007; x_wconf 78' lang='lat' dir='ltr'><strong><em>ejus</em></strong></span> <span class='ocrx_word' id='word_1_136' title='bbox 448 1941 608 1996; x_wconf 84' lang='lat' dir='ltr'><strong><em>dictis</em></strong></span> <span class='ocrx_word' id='word_1_137' title='bbox 654 1943 910 2012; x_wconf 81' lang='lat' dir='ltr'><strong><em>consequi</em></strong></span> <span class='ocrx_word' id='word_1_138' title='bbox 952 1942 1211 2015; x_wconf 78' lang='lat' dir='ltr'><strong><em>Gregorio</em></strong></span> <span class='ocrx_word' id='word_1_139' title='bbox 1263 1947 1580 2004; x_wconf 80' lang='lat' dir='ltr'><strong><em>videbantur</em></strong></span> <span class='ocrx_word' id='word_1_140' title='bbox 1622 1965 1734 2011; x_wconf 77' lang='lat' dir='ltr'><strong><em>orte</em></strong></span> 
     </span>
    </p>
   </div>
   <div class='ocr_carea' id='block_1_20' title="bbox 179 2034 583 2091">
    <p class='ocr_par' dir='ltr' id='par_1_20' title="bbox 179 2034 583 2091">
     <span class='ocr_line' id='line_1_20' title="bbox 179 2034 583 2091; baseline 0.01 -6"><span class='ocrx_word' id='word_1_141' title='bbox 179 2034 340 2091; x_wconf 88' lang='lat' dir='ltr'><strong><em>nimio</em></strong></span> <span class='ocrx_word' id='word_1_142' title='bbox 372 2034 583 2089; x_wconf 89' lang='lat' dir='ltr'><strong><em>dolore.</em></strong></span> 
     </span>
    </p>
   </div>
   <div class='ocr_carea' id='block_1_21' title="bbox 241 2124 1729 2201">
    <p class='ocr_par' dir='ltr' id='par_1_21' title="bbox 241 2124 1729 2201">
     <span class='ocr_line' id='line_1_21' title="bbox 241 2124 1729 2201; baseline 0.005 -21"><span class='ocrx_word' id='word_1_143' title='bbox 241 2125 456 2195; x_wconf 81' lang='lat' dir='ltr'><strong><em>Scripta</em></strong></span> <span class='ocrx_word' id='word_1_144' title='bbox 474 2125 592 2179; x_wconf 67' lang='lat' dir='ltr'><strong><em>haec</em></strong></span> <span class='ocrx_word' id='word_1_145' title='bbox 618 2124 889 2181; x_wconf 87' lang='lat' dir='ltr'><strong><em>tricesima</em></strong></span> <span class='ocrx_word' id='word_1_146' title='bbox 909 2126 1078 2197; x_wconf 86' lang='lat' dir='ltr'><strong><em>prima</em></strong></span> <span class='ocrx_word' id='word_1_147' title='bbox 1105 2126 1348 2201; x_wconf 77' lang='lat' dir='ltr'><strong><em>Gregorii</em></strong></span> <span class='ocrx_word' id='word_1_148' title='bbox 1379 2131 1597 2201; x_wconf 83' lang='lat' dir='ltr'><strong><em>epistola</em></strong></span> <span class='ocrx_word' id='word_1_149' title='bbox 1624 2148 1729 2189; x_wconf 91' lang='lat' dir='ltr'><strong><em>non</em></strong></span> 
     </span>
    </p>
   </div>
   <div class='ocr_carea' id='block_1_22' title="bbox 176 2216 1729 2294">
    <p class='ocr_par' dir='ltr' id='par_1_22' title="bbox 176 2216 1729 2294">
     <span class='ocr_line' id='line_1_22' title="bbox 176 2216 1729 2294; baseline 0.006 -25"><span class='ocrx_word' id='word_1_150' title='bbox 176 2216 336 2269; x_wconf 85' lang='lat' dir='ltr'><strong><em>solum</em></strong></span> <span class='ocrx_word' id='word_1_151' title='bbox 378 2224 503 2284; x_wconf 84' lang='lat' dir='ltr'><strong><em>post</em></strong></span> <span class='ocrx_word' id='word_1_152' title='bbox 549 2216 965 2279; x_wconf 84' lang='lat' dir='ltr'><strong><em>ordinationem.</em></strong></span> <span class='ocrx_word' id='word_1_153' title='bbox 1003 2221 1096 2274; x_wconf 87' lang='lat' dir='ltr'><strong><em>sed</em></strong></span> <span class='ocrx_word' id='word_1_154' title='bbox 1127 2222 1291 2275; x_wconf 89' lang='lat' dir='ltr'><strong><em>etiam</em></strong></span> <span class='ocrx_word' id='word_1_155' title='bbox 1353 2232 1473 2292; x_wconf 88' lang='lat' dir='ltr'><strong><em>post</em></strong></span> <span class='ocrx_word' id='word_1_156' title='bbox 1528 2223 1729 2294; x_wconf 77' lang='lat' dir='ltr'><strong><em>fugam.</em></strong></span> 
     </span>
    </p>
   </div>
   <div class='ocr_carea' id='block_1_23' title="bbox 174 2307 1726 2383">
    <p class='ocr_par' dir='ltr' id='par_1_23' title="bbox 174 2307 1726 2383">
     <span class='ocr_line' id='line_1_23' title="bbox 174 2307 1726 2383; baseline 0.006 -21"><span class='ocrx_word' id='word_1_157' title='bbox 174 2307 444 2376; x_wconf 72' lang='lat' dir='ltr'><strong><em>Siquidem</em></strong></span> <span class='ocrx_word' id='word_1_158' title='bbox 476 2307 768 2379; x_wconf 85' lang='lat' dir='ltr'><strong><em>Gregorius</em></strong></span> <span class='ocrx_word' id='word_1_159' title='bbox 803 2312 1057 2365; x_wconf 86' lang='lat' dir='ltr'><strong><em>damnum</em></strong></span> <span class='ocrx_word' id='word_1_160' title='bbox 1089 2324 1367 2383; x_wconf 87' lang='lat' dir='ltr'><strong><em>acceptum</em></strong></span> <span class='ocrx_word' id='word_1_161' title='bbox 1399 2323 1453 2369; x_wconf 91' lang='lat' dir='ltr'><strong><em>et</em></strong></span> <span class='ocrx_word' id='word_1_162' title='bbox 1486 2315 1726 2371; x_wconf 83' lang='lat' dir='ltr'><strong><em>fraudem</em></strong></span> 
     </span>
    </p>
   </div>
   <div class='ocr_carea' id='block_1_24' title="bbox 173 2396 1725 2464">
    <p class='ocr_par' dir='ltr' id='par_1_24' title="bbox 173 2396 1725 2464">
     <span class='ocr_line' id='line_1_24' title="bbox 173 2396 1725 2464; baseline 0.007 -13"><span class='ocrx_word' id='word_1_163' title='bbox 173 2396 264 2451; x_wconf 82' lang='lat' dir='ltr'><strong><em>sibi</em></strong></span> <span class='ocrx_word' id='word_1_164' title='bbox 296 2396 495 2452; x_wconf 80' lang='lat' dir='ltr'><strong><em>iactam</em></strong></span> <span class='ocrx_word' id='word_1_165' title='bbox 524 2399 760 2454; x_wconf 77' lang='lat' dir='ltr'><strong><em>sensisse</em></strong></span> <span class='ocrx_word' id='word_1_166' title='bbox 793 2412 853 2453; x_wconf 81' lang='lat' dir='ltr'><strong><em>se</em></strong></span> <span class='ocrx_word' id='word_1_167' title='bbox 888 2401 1034 2464; x_wconf 92' lang='lat' dir='ltr'><strong><em>dicit,</em></strong></span> <span class='ocrx_word' id='word_1_168' title='bbox 1074 2410 1128 2456; x_wconf 92' lang='lat' dir='ltr'><strong><em>et</em></strong></span> <span class='ocrx_word' id='word_1_169' title='bbox 1171 2416 1202 2455; x_wconf 89' lang='lat' dir='ltr'><strong><em>a</em></strong></span> <span class='ocrx_word' id='word_1_170' title='bbox 1253 2400 1450 2458; x_wconf 83' lang='lat' dir='ltr'><strong><em>Basilio</em></strong></span> <span class='ocrx_word' id='word_1_171' title='bbox 1488 2407 1725 2462; x_wconf 88' lang='lat' dir='ltr'><strong><em>omnium</em></strong></span> 
     </span>
    </p>
   </div>
   <div class='ocr_carea' id='block_1_25' title="bbox 174 2489 1726 2565">
    <p class='ocr_par' dir='ltr' id='par_1_25' title="bbox 174 2489 1726 2565">
     <span class='ocr_line' id='line_1_25' title="bbox 174 2489 1726 2565; baseline 0.006 -23"><span class='ocrx_word' id='word_1_172' title='bbox 174 2503 345 2543; x_wconf 82' lang='lat' dir='ltr'><strong><em>rerum</em></strong></span> <span class='ocrx_word' id='word_1_173' title='bbox 374 2489 497 2545; x_wconf 91' lang='lat' dir='ltr'><strong><em>Ioco</em></strong></span> <span class='ocrx_word' id='word_1_174' title='bbox 526 2492 761 2560; x_wconf 81' lang='lat' dir='ltr'><strong><em>quietem</em></strong></span> <span class='ocrx_word' id='word_1_175' title='bbox 800 2491 1053 2561; x_wconf 78' lang='lat' dir='ltr'><strong><em>postulat.</em></strong></span> <span class='ocrx_word' id='word_1_176' title='bbox 1083 2491 1199 2561; x_wconf 86' lang='lat' dir='ltr'><strong><em>Ipsa</em></strong></span> <span class='ocrx_word' id='word_1_177' title='bbox 1219 2493 1380 2547; x_wconf 89' lang='lat' dir='ltr'><strong><em>etiam</em></strong></span> <span class='ocrx_word' id='word_1_178' title='bbox 1417 2494 1726 2565; x_wconf 87' lang='lat' dir='ltr'><strong><em>maledicta,</em></strong></span> 
     </span>
    </p>
   </div>
   <div class='ocr_carea' id='block_1_26' title="bbox 170 2580 1725 2659">
    <p class='ocr_par' dir='ltr' id='par_1_26' title="bbox 170 2580 1725 2659">
     <span class='ocr_line' id='line_1_26' title="bbox 170 2580 1725 2659; baseline 0.008 -27"><span class='ocrx_word' id='word_1_179' title='bbox 170 2580 354 2647; x_wconf 86' lang='lat' dir='ltr'><strong><em>quibus</em></strong></span> <span class='ocrx_word' id='word_1_180' title='bbox 390 2595 453 2637; x_wconf 89' lang='lat' dir='ltr'><strong><em>se</em></strong></span> <span class='ocrx_word' id='word_1_181' title='bbox 493 2580 783 2650; x_wconf 84' lang='lat' dir='ltr'><strong><em>Gregorius</em></strong></span> <span class='ocrx_word' id='word_1_182' title='bbox 827 2597 856 2633; x_wconf 83' lang='grc' dir='ltr'><strong><em>ιι</em></strong></span> <span class='ocrx_word' id='word_1_183' title='bbox 903 2580 1097 2636; x_wconf 83' lang='lat' dir='ltr'><strong><em>Basilio</em></strong></span> <span class='ocrx_word' id='word_1_184' title='bbox 1150 2584 1371 2651; x_wconf 91' lang='lat' dir='ltr'><strong><em>petitum</em></strong></span> <span class='ocrx_word' id='word_1_185' title='bbox 1424 2586 1576 2653; x_wconf 88' lang='lat' dir='ltr'><strong><em>dicit,</em></strong></span> <span class='ocrx_word' id='word_1_186' title='bbox 1615 2590 1725 2659; x_wconf 85' lang='lat' dir='ltr'><strong><em>jam</em></strong></span> 
     </span>
    </p>
   </div>
   <div class='ocr_carea' id='block_1_27' title="bbox 171 2670 1725 2741">
    <p class='ocr_par' dir='ltr' id='par_1_27' title="bbox 171 2670 1725 2741">
     <span class='ocr_line' id='line_1_27' title="bbox 171 2670 1725 2741; baseline 0.008 -17"><span class='ocrx_word' id='word_1_187' title='bbox 171 2670 357 2741; x_wconf 73' lang='lat' dir='ltr'><strong><em>fugisse</em></strong></span> <span class='ocrx_word' id='word_1_188' title='bbox 395 2671 717 2741; x_wconf 86' lang='lat' dir='ltr'><strong><em>Gregorium</em></strong></span> <span class='ocrx_word' id='word_1_189' title='bbox 759 2670 1005 2740; x_wconf 89' lang='lat' dir='ltr'><strong><em>probant,</em></strong></span> <span class='ocrx_word' id='word_1_190' title='bbox 1045 2683 1101 2728; x_wconf 88' lang='lat' dir='ltr'><strong><em>et</em></strong></span> <span class='ocrx_word' id='word_1_191' title='bbox 1138 2673 1333 2733; x_wconf 78' lang='lat' dir='ltr'><strong><em>Basilio</em></strong></span> <span class='ocrx_word' id='word_1_192' title='bbox 1389 2680 1725 2736; x_wconf 78' lang='lat' dir='ltr'><strong><em>stomachum</em></strong></span> 
     </span>
    </p>
   </div>
   <div class='ocr_carea' id='block_1_28' title="bbox 173 2764 1727 2845">
    <p class='ocr_par' dir='ltr' id='par_1_28' title="bbox 173 2764 1727 2845">
     <span class='ocr_line' id='line_1_28' title="bbox 173 2764 1727 2845; baseline 0.009 -28"><span class='ocrx_word' id='word_1_193' title='bbox 173 2765 378 2830; x_wconf 79' lang='lat' dir='ltr'><strong><em>iecisse,</em></strong></span> <span class='ocrx_word' id='word_1_194' title='bbox 410 2764 538 2818; x_wconf 87' lang='lat' dir='ltr'><strong><em>dum</em></strong></span> <span class='ocrx_word' id='word_1_195' title='bbox 575 2764 751 2834; x_wconf 85' lang='lat' dir='ltr'><strong><em>palam</em></strong></span> <span class='ocrx_word' id='word_1_196' title='bbox 779 2772 833 2819; x_wconf 92' lang='lat' dir='ltr'><strong><em>et</em></strong></span> <span class='ocrx_word' id='word_1_197' title='bbox 863 2779 1045 2836; x_wconf 86' lang='lat' dir='ltr'><strong><em>aperte</em></strong></span> <span class='ocrx_word' id='word_1_198' title='bbox 1061 2766 1423 2827; x_wconf 81' lang='lat' dir='ltr'><strong><em>Sasimensem</em></strong></span> <span class='ocrx_word' id='word_1_199' title='bbox 1447 2775 1727 2845; x_wconf 80' lang='lat' dir='ltr'><strong><em>episcopa-</em></strong></span> 
     </span>
    </p>
   </div>
   <div class='ocr_carea' id='block_1_29' title="bbox 170 2854 540 2924">
    <p class='ocr_par' dir='ltr' id='par_1_29' title="bbox 170 2854 540 2924">
     <span class='ocr_line' id='line_1_29' title="bbox 170 2854 540 2924; baseline 0.003 -14"><span class='ocrx_word' id='word_1_200' title='bbox 170 2864 269 2910; x_wconf 73' lang='lat' dir='ltr'><strong>tum</strong></span> <span class='ocrx_word' id='word_1_201' title='bbox 299 2854 413 2924; x_wconf 89' lang='lat' dir='ltr'><strong><em>proj</em></strong></span> <span class='ocrx_word' id='word_1_202' title='bbox 422 2856 540 2911; x_wconf 85' lang='lat' dir='ltr'><strong><em>icit.</em></strong></span> 
     </span>
    </p>
   </div>
   <div class='ocr_carea' id='block_1_30' title="bbox 230 2944 1722 3023">
    <p class='ocr_par' dir='ltr' id='par_1_30' title="bbox 230 2944 1722 3023">
     <span class='ocr_line' id='line_1_30' title="bbox 230 2944 1722 3023; baseline 0.009 -22"><span class='ocrx_word' id='word_1_203' title='bbox 230 2944 445 3017; x_wconf 87' lang='lat' dir='ltr'><strong><em>Scripta</em></strong></span> <span class='ocrx_word' id='word_1_204' title='bbox 484 2949 649 3003; x_wconf 89' lang='lat' dir='ltr'><strong><em>etiam</em></strong></span> <span class='ocrx_word' id='word_1_205' title='bbox 681 2948 735 3003; x_wconf 92' lang='lat' dir='ltr'><strong><em>in</em></strong></span> <span class='ocrx_word' id='word_1_206' title='bbox 777 2965 990 3006; x_wconf 83' lang='lat' dir='ltr'><strong><em>secessu</em></strong></span> <span class='ocrx_word' id='word_1_207' title='bbox 1020 2965 1251 3020; x_wconf 82' lang='lat' dir='ltr'><strong><em>sequens</em></strong></span> <span class='ocrx_word' id='word_1_208' title='bbox 1291 2953 1511 3023; x_wconf 89' lang='lat' dir='ltr'><strong><em>epistola</em></strong></span> <span class='ocrx_word' id='word_1_209' title='bbox 1547 2956 1635 3022; x_wconf 73' lang='lat'><strong><em>32,</em></strong></span> <span class='ocrx_word' id='word_1_210' title='bbox 1670 2959 1722 3014; x_wconf 87' lang='lat' dir='ltr'><strong><em>in</em></strong></span> 
     </span>
    </p>
   </div>
   <div class='ocr_carea' id='block_1_31' title="bbox 168 3038 1721 3122">
    <p class='ocr_par' dir='ltr' id='par_1_31' title="bbox 168 3038 1721 3122">
     <span class='ocr_line' id='line_1_31' title="bbox 168 3038 1721 3122; baseline 0.011 -32"><span class='ocrx_word' id='word_1_211' title='bbox 168 3052 261 3104; x_wconf 77' lang='lat' dir='ltr'><strong><em>qua</em></strong></span> <span class='ocrx_word' id='word_1_212' title='bbox 282 3038 584 3110; x_wconf 84' lang='lat' dir='ltr'><strong><em>Gregorius</em></strong></span> <span class='ocrx_word' id='word_1_213' title='bbox 628 3041 935 3110; x_wconf 80' lang='lat' dir='ltr'><strong><em>indignatur</em></strong></span> <span class='ocrx_word' id='word_1_214' title='bbox 966 3045 1207 3098; x_wconf 88' lang='lat' dir='ltr'><strong><em>accusari</em></strong></span> <span class='ocrx_word' id='word_1_215' title='bbox 1243 3060 1300 3100; x_wconf 89' lang='lat' dir='ltr'><strong><em>se</em></strong></span> <span class='ocrx_word' id='word_1_216' title='bbox 1331 3047 1563 3115; x_wconf 62' lang='lat' dir='ltr'><strong><em>inertiae,</em></strong></span> <span class='ocrx_word' id='word_1_217' title='bbox 1597 3053 1721 3122; x_wconf 83' lang='lat' dir='ltr'><strong><em>quia</em></strong></span> 
     </span>
    </p>
   </div>
   <div class='ocr_carea' id='block_1_32' title="bbox 169 3128 1790 3231">
    <p class='ocr_par' dir='ltr' id='par_1_32' title="bbox 169 3128 1790 3231">
     <span class='ocr_line' id='line_1_32' title="bbox 169 3128 1790 3231; baseline 0.011 -50"><span class='ocrx_word' id='word_1_218' title='bbox 169 3128 363 3182; x_wconf 84' lang='lat' dir='ltr'><strong><em>Sasima</em></strong></span> <span class='ocrx_word' id='word_1_219' title='bbox 396 3144 503 3184; x_wconf 92' lang='lat' dir='ltr'><strong><em>non</em></strong></span> <span class='ocrx_word' id='word_1_220' title='bbox 531 3131 761 3197; x_wconf 85' lang='lat' dir='ltr'><strong><em>accepit.</em></strong></span> <span class='ocrx_word' id='word_1_221' title='bbox 784 3131 905 3186; x_wconf 89' lang='lat' dir='ltr'><strong><em>Otio</em></strong></span> <span class='ocrx_word' id='word_1_222' title='bbox 932 3146 990 3187; x_wconf 84' lang='lat' dir='ltr'><strong><em>se</em></strong></span> <span class='ocrx_word' id='word_1_223' title='bbox 1026 3143 1079 3189; x_wconf 92' lang='lat' dir='ltr'><strong><em>et</em></strong></span> <span class='ocrx_word' id='word_1_224' title='bbox 1102 3136 1280 3204; x_wconf 87' lang='lat' dir='ltr'><strong><em>quiete</em></strong></span> <span class='ocrx_word' id='word_1_225' title='bbox 1322 3140 1477 3195; x_wconf 90' lang='lat' dir='ltr'><strong><em>unice</em></strong></span> <span class='ocrx_word' id='word_1_226' title='bbox 1503 3143 1720 3212; x_wconf 83' lang='lat' dir='ltr'><strong><em>gloriari</em></strong></span> <span class='ocrx_word' id='word_1_227' title='bbox 1745 3174 1790 3231; x_wconf 66' lang='grc' dir='ltr'>ο</span> 
     </span>
    </p>
   </div>
   <div class='ocr_carea' id='block_1_33' title="bbox 1934 554 3405 622">
    <p class='ocr_par' dir='ltr' id='par_1_33' title="bbox 1934 554 3405 622">
     <span class='ocr_line' id='line_1_33' title="bbox 1934 554 3405 622; baseline 0.001 -16"><span class='ocrx_word' id='word_1_228' title='bbox 1934 557 1987 606; x_wconf 87' lang='lat' dir='ltr'><strong><em>in</em></strong></span> <span class='ocrx_word' id='word_1_229' title='bbox 2013 555 2311 608; x_wconf 79' lang='lat' dir='ltr'><strong><em>Armeniam</em></strong></span> <span class='ocrx_word' id='word_1_230' title='bbox 2338 554 2590 615; x_wconf 86' lang='lat' dir='ltr'><strong><em>Basilius,</em></strong></span> <span class='ocrx_word' id='word_1_231' title='bbox 2624 566 2678 607; x_wconf 86' lang='lat' dir='ltr'><strong><em>ut</em></strong></span> <span class='ocrx_word' id='word_1_232' title='bbox 2705 558 2967 622; x_wconf 77' lang='lat' dir='ltr'><strong><em>episcopos</em></strong></span> <span class='ocrx_word' id='word_1_233' title='bbox 3005 557 3317 607; x_wconf 88' lang='lat' dir='ltr'><strong><em>constituat:</em></strong></span> <span class='ocrx_word' id='word_1_234' title='bbox 3352 566 3405 608; x_wconf 87' lang='lat' dir='ltr'><strong><em>at</em></strong></span> 
     </span>
    </p>
   </div>
   <div class='ocr_carea' id='block_1_34' title="bbox 1933 623 3407 693">
    <p class='ocr_par' dir='ltr' id='par_1_34' title="bbox 1933 623 3407 693">
     <span class='ocr_line' id='line_1_34' title="bbox 1933 623 3407 693; baseline 0.001 -17"><span class='ocrx_word' id='word_1_235' title='bbox 1933 623 2223 677; x_wconf 79' lang='lat' dir='ltr'><strong><em>Theodotus</em></strong></span> <span class='ocrx_word' id='word_1_236' title='bbox 2254 641 2367 693; x_wconf 80' lang='lat' dir='ltr'><strong><em>eum</em></strong></span> <span class='ocrx_word' id='word_1_237' title='bbox 2392 625 2577 693; x_wconf 81' lang='lat' dir='ltr'><strong><em>jurare</em></strong></span> <span class='ocrx_word' id='word_1_238' title='bbox 2616 641 2714 677; x_wconf 87' lang='lat' dir='ltr'><strong><em>non</em></strong></span> <span class='ocrx_word' id='word_1_239' title='bbox 2752 625 2876 687; x_wconf 81' lang='lat' dir='ltr'><strong><em>rult,</em></strong></span> <span class='ocrx_word' id='word_1_240' title='bbox 2911 640 3002 677; x_wconf 83' lang='lat' dir='ltr'><strong><em>nec</em></strong></span> <span class='ocrx_word' id='word_1_241' title='bbox 3026 640 3140 676; x_wconf 87' lang='lat' dir='ltr'><strong><em>cum</em></strong></span> <span class='ocrx_word' id='word_1_242' title='bbox 3169 642 3227 676; x_wconf 77' lang='lat' dir='ltr'><strong><em>eo</em></strong></span> <span class='ocrx_word' id='word_1_243' title='bbox 3267 641 3407 677; x_wconf 89' lang='lat' dir='ltr'><strong><em>cout-</em></strong></span> 
     </span>
    </p>
   </div>
   <div class='ocr_carea' id='block_1_35' title="bbox 1924 692 3405 762">
    <p class='ocr_par' dir='ltr' id='par_1_35' title="bbox 1924 692 3405 762">
     <span class='ocr_line' id='line_1_35' title="bbox 1924 692 3405 762; baseline 0.001 -16"><span class='ocrx_word' id='word_1_244' title='bbox 1924 697 2206 747; x_wconf 85' lang='lat' dir='ltr'><strong><em>municare.</em></strong></span> <span class='ocrx_word' id='word_1_245' title='bbox 2234 692 2507 760; x_wconf 74' lang='lat' dir='ltr'><strong><em>Cognoscit</em></strong></span> <span class='ocrx_word' id='word_1_246' title='bbox 2536 693 2763 762; x_wconf 74' lang='lat' dir='ltr'><strong><em>Basilius</em></strong></span> <span class='ocrx_word' id='word_1_247' title='bbox 2796 694 2859 745; x_wconf 85' lang='lat' dir='ltr'><strong><em>de</em></strong></span> <span class='ocrx_word' id='word_1_248' title='bbox 2880 694 3182 746; x_wconf 85' lang='lat' dir='ltr'><strong><em>criminibus</em></strong></span> <span class='ocrx_word' id='word_1_249' title='bbox 3208 694 3405 762; x_wconf 81' lang='lat' dir='ltr'><strong><em>Cyrillo</em></strong></span> 
     </span>
    </p>
   </div>
   <div class='ocr_carea' id='block_1_36' title="bbox 1926 761 3403 828">
    <p class='ocr_par' dir='ltr' id='par_1_36' title="bbox 1926 761 3403 828">
     <span class='ocr_line' id='line_1_36' title="bbox 1926 761 3403 828; baseline 0 -12"><span class='ocrx_word' id='word_1_250' title='bbox 1926 766 2163 828; x_wconf 88' lang='lat' dir='ltr'><strong><em>episcopo</em></strong></span> <span class='ocrx_word' id='word_1_251' title='bbox 2196 765 2381 819; x_wconf 77' lang='lat' dir='ltr'><strong><em>illatis.</em></strong></span> <span class='ocrx_word' id='word_1_252' title='bbox 2428 763 2556 817; x_wconf 80' lang='lat' dir='ltr'><strong>VIII.</strong></span> <span class='ocrx_word' id='word_1_253' title='bbox 2601 761 2812 816; x_wconf 77' lang='lat' dir='ltr'><strong><em>Rediens</em></strong></span> <span class='ocrx_word' id='word_1_254' title='bbox 2857 765 3037 814; x_wconf 81' lang='lat' dir='ltr'><strong><em>scribit</em></strong></span> <span class='ocrx_word' id='word_1_255' title='bbox 3069 761 3303 817; x_wconf 84' lang='lat' dir='ltr'><strong><em>Terentio</em></strong></span> <span class='ocrx_word' id='word_1_256' title='bbox 3356 774 3403 816; x_wconf 85' lang='lat' dir='ltr'><strong><em>et</em></strong></span> 
     </span>
    </p>
   </div>
   <div class='ocr_carea' id='block_1_37' title="bbox 1920 831 3403 903">
    <p class='ocr_par' dir='ltr' id='par_1_37' title="bbox 1920 831 3403 903">
     <span class='ocr_line' id='line_1_37' title="bbox 1920 831 3403 903; baseline -0.002 -12"><span class='ocrx_word' id='word_1_257' title='bbox 1920 831 2163 897; x_wconf 81' lang='lat' dir='ltr'><strong><em>Eusebio,</em></strong></span> <span class='ocrx_word' id='word_1_258' title='bbox 2229 844 2277 888; x_wconf 88' lang='lat' dir='ltr'><strong><em>et</em></strong></span> <span class='ocrx_word' id='word_1_259' title='bbox 2315 836 2465 903; x_wconf 83' lang='lat' dir='ltr'><strong><em>epist.</em></strong></span> <span class='ocrx_word' id='word_1_260' title='bbox 2530 834 2651 889; x_wconf 77' lang='lat' dir='ltr'><strong><em>iOI.</em></strong></span> <span class='ocrx_word' id='word_1_261' title='bbox 2688 832 3006 887; x_wconf 83' lang='lat' dir='ltr'><strong><em>Ptemenium</em></strong></span> <span class='ocrx_word' id='word_1_262' title='bbox 3049 831 3403 888; x_wconf 83' lang='lat' dir='ltr'><strong><em>Sutaleusibus</em></strong></span> 
     </span>
    </p>
   </div>
   <div class='ocr_carea' id='block_1_38' title="bbox 1919 906 2494 971">
    <p class='ocr_par' dir='ltr' id='par_1_38' title="bbox 1919 906 2494 971">
     <span class='ocr_line' id='line_1_38' title="bbox 1919 906 2494 971; baseline 0.002 -15"><span class='ocrx_word' id='word_1_263' title='bbox 1919 908 2209 971; x_wconf 79' lang='lat' dir='ltr'><strong><em>episcOpum</em></strong></span> <span class='ocrx_word' id='word_1_264' title='bbox 2239 906 2494 958; x_wconf 86' lang='lat' dir='ltr'><strong><em>concedit.</em></strong></span> 
     </span>
    </p>
   </div>
   <div class='ocr_carea' id='block_1_39' title="bbox 1915 995 3405 1067">
    <p class='ocr_par' dir='ltr' id='par_1_39' title="bbox 1915 995 3405 1067">
     <span class='ocr_line' id='line_1_39' title="bbox 1915 995 3405 1067; baseline -0.002 -16"><span class='ocrx_word' id='word_1_265' title='bbox 1915 996 1957 1051; x_wconf 93' lang='grc'>1.</span> <span class='ocrx_word' id='word_1_266' title='bbox 2011 996 2153 1052; x_wconf 86' lang='lat' dir='ltr'><strong><em>Inter</em></strong></span> <span class='ocrx_word' id='word_1_267' title='bbox 2220 998 2430 1067; x_wconf 87' lang='lat' dir='ltr'><strong><em>negotia</em></strong></span> <span class='ocrx_word' id='word_1_268' title='bbox 2490 996 2556 1051; x_wconf 84' lang='lat' dir='ltr'><strong><em>ab</em></strong></span> <span class='ocrx_word' id='word_1_269' title='bbox 2610 996 2864 1052; x_wconf 81' lang='lat' dir='ltr'><strong><em>Antbimo</em></strong></span> <span class='ocrx_word' id='word_1_270' title='bbox 2911 1004 2963 1050; x_wconf 89' lang='lat' dir='ltr'><strong><em>et</em></strong></span> <span class='ocrx_word' id='word_1_271' title='bbox 2991 995 3111 1050; x_wconf 86' lang='lat' dir='ltr'><strong><em>aliis</em></strong></span> <span class='ocrx_word' id='word_1_272' title='bbox 3156 995 3405 1050; x_wconf 74' lang='lat' dir='ltr'><strong><em>secunda:</em></strong></span> 
     </span>
    </p>
   </div>
   <div class='ocr_carea' id='block_1_40' title="bbox 1853 1087 3401 1160">
    <p class='ocr_par' dir='ltr' id='par_1_40' title="bbox 1853 1087 3401 1160">
     <span class='ocr_line' id='line_1_40' title="bbox 1853 1087 3401 1160; baseline -0.002 -17"><span class='ocrx_word' id='word_1_273' title='bbox 1853 1089 2203 1160; x_wconf 70' lang='lat' dir='ltr'><strong><em>Cappadociae</em></strong></span> <span class='ocrx_word' id='word_1_274' title='bbox 2240 1090 2504 1159; x_wconf 87' lang='lat' dir='ltr'><strong><em>episcopis</em></strong></span> <span class='ocrx_word' id='word_1_275' title='bbox 2545 1090 2803 1154; x_wconf 81' lang='lat' dir='ltr'><strong><em>exhibita,</em></strong></span> <span class='ocrx_word' id='word_1_276' title='bbox 2839 1103 3084 1159; x_wconf 89' lang='lat' dir='ltr'><strong><em>magnum</em></strong></span> <span class='ocrx_word' id='word_1_277' title='bbox 3117 1087 3401 1142; x_wconf 70' lang='lat' dir='ltr'><strong><em>aediﬁcium</em></strong></span> 
     </span>
    </p>
   </div>
   <div class='ocr_carea' id='block_1_41' title="bbox 1842 1179 3405 1237">
    <p class='ocr_par' dir='ltr' id='par_1_41' title="bbox 1842 1179 3405 1237">
     <span class='ocr_line' id='line_1_41' title="bbox 1842 1179 3405 1237; baseline 0 -2"><span class='ocrx_word' id='word_1_278' title='bbox 1842 1180 2070 1236; x_wconf 82' lang='lat' dir='ltr'><strong><em>Basilius</em></strong></span> <span class='ocrx_word' id='word_1_279' title='bbox 2099 1184 2164 1235; x_wconf 91' lang='lat' dir='ltr'><strong><em>ad</em></strong></span> <span class='ocrx_word' id='word_1_280' title='bbox 2193 1182 2473 1236; x_wconf 89' lang='lat' dir='ltr'><strong><em>utilitatem</em></strong></span> <span class='ocrx_word' id='word_1_281' title='bbox 2510 1179 2762 1237; x_wconf 69' lang='lat' dir='ltr'><strong><em>Ecclesia:</em></strong></span> <span class='ocrx_word' id='word_1_282' title='bbox 2794 1181 3135 1236; x_wconf 67' lang='lat' dir='ltr'><strong><em>Cmsariensis</em></strong></span> <span class='ocrx_word' id='word_1_283' title='bbox 3166 1190 3405 1235; x_wconf 75' lang='lat' dir='ltr'><strong><em>exstrue~</em></strong></span> 
     </span>
    </p>
   </div>
   <div class='ocr_carea' id='block_1_42' title="bbox 1841 1271 3403 1345">
    <p class='ocr_par' dir='ltr' id='par_1_42' title="bbox 1841 1271 3403 1345">
     <span class='ocr_line' id='line_1_42' title="bbox 1841 1271 3403 1345; baseline -0.001 -18"><span class='ocrx_word' id='word_1_284' title='bbox 1841 1271 1934 1327; x_wconf 90' lang='lat' dir='ltr'><strong><em>bat</em></strong></span> <span class='ocrx_word' id='word_1_285' title='bbox 1959 1273 2053 1345; x_wconf 90' lang='lat' dir='ltr'><strong><em>(a).</em></strong></span> <span class='ocrx_word' id='word_1_286' title='bbox 2086 1273 2141 1327; x_wconf 90' lang='lat' dir='ltr'><strong><em>In</em></strong></span> <span class='ocrx_word' id='word_1_287' title='bbox 2171 1274 2357 1342; x_wconf 88' lang='lat' dir='ltr'><strong><em>primis</em></strong></span> <span class='ocrx_word' id='word_1_288' title='bbox 2390 1275 2711 1344; x_wconf 85' lang='lat' dir='ltr'><strong><em>precationis</em></strong></span> <span class='ocrx_word' id='word_1_289' title='bbox 2743 1275 2935 1329; x_wconf 82' lang='lat' dir='ltr'><strong><em>dooms</em></strong></span> <span class='ocrx_word' id='word_1_290' title='bbox 2974 1271 3255 1342; x_wconf 79' lang='lat' dir='ltr'><strong><em>magniﬁce</em></strong></span> <span class='ocrx_word' id='word_1_291' title='bbox 3307 1287 3403 1325; x_wconf 80' lang='lat' dir='ltr'><strong><em>ex—</em></strong></span> 
     </span>
    </p>
   </div>
   <div class='ocr_carea' id='block_1_43' title="bbox 1840 1360 3397 1430">
    <p class='ocr_par' dir='ltr' id='par_1_43' title="bbox 1840 1360 3397 1430">
     <span class='ocr_line' id='line_1_43' title="bbox 1840 1360 3397 1430; baseline -0.003 -13"><span class='ocrx_word' id='word_1_292' title='bbox 1840 1364 2183 1430; x_wconf 85' lang='lat' dir='ltr'><strong><em>struebatur;</em></strong></span> <span class='ocrx_word' id='word_1_293' title='bbox 2229 1364 2371 1418; x_wconf 88' lang='lat' dir='ltr'><strong><em>circa</em></strong></span> <span class='ocrx_word' id='word_1_294' title='bbox 2427 1362 2567 1417; x_wconf 91' lang='lat' dir='ltr'><strong><em>illam</em></strong></span> <span class='ocrx_word' id='word_1_295' title='bbox 2612 1363 2755 1418; x_wconf 59' lang='lat' dir='ltr'><strong><em>ardes</em></strong></span> <span class='ocrx_word' id='word_1_296' title='bbox 2799 1372 2979 1426; x_wconf 90' lang='lat' dir='ltr'><strong><em>erant,</em></strong></span> <span class='ocrx_word' id='word_1_297' title='bbox 3034 1362 3137 1415; x_wconf 91' lang='lat' dir='ltr'><strong><em>alia</em></strong></span> <span class='ocrx_word' id='word_1_298' title='bbox 3182 1360 3397 1430; x_wconf 89' lang='lat' dir='ltr'><strong><em>quidem</em></strong></span> 
     </span>
    </p>
   </div>
   <div class='ocr_carea' id='block_1_44' title="bbox 1850 1453 3398 1526">
    <p class='ocr_par' dir='ltr' id='par_1_44' title="bbox 1850 1453 3398 1526">
     <span class='ocr_line' id='line_1_44' title="bbox 1850 1453 3398 1526; baseline -0.003 -17"><span class='ocrx_word' id='word_1_299' title='bbox 1850 1455 2058 1511; x_wconf 86' lang='lat' dir='ltr'><strong><em>liberali</em></strong></span> <span class='ocrx_word' id='word_1_300' title='bbox 2086 1456 2283 1526; x_wconf 85' lang='lat' dir='ltr'><strong><em>specie,</em></strong></span> <span class='ocrx_word' id='word_1_301' title='bbox 2310 1456 2557 1526; x_wconf 85' lang='lat' dir='ltr'><strong><em>episcopo</em></strong></span> <span class='ocrx_word' id='word_1_302' title='bbox 2585 1455 2830 1525; x_wconf 86' lang='lat' dir='ltr'><strong><em>privatim</em></strong></span> <span class='ocrx_word' id='word_1_303' title='bbox 2866 1455 3099 1519; x_wconf 89' lang='lat' dir='ltr'><strong><em>addicta,</em></strong></span> <span class='ocrx_word' id='word_1_304' title='bbox 3130 1453 3246 1507; x_wconf 61' lang='lat' dir='ltr'><strong><em>alia!</em></strong></span> <span class='ocrx_word' id='word_1_305' title='bbox 3271 1468 3398 1506; x_wconf 88' lang='lat' dir='ltr'><strong><em>vero</em></strong></span> 
     </span>
    </p>
   </div>
   <div class='ocr_carea' id='block_1_45' title="bbox 1836 1546 3397 1615">
    <p class='ocr_par' dir='ltr' id='par_1_45' title="bbox 1836 1546 3397 1615">
     <span class='ocr_line' id='line_1_45' title="bbox 1836 1546 3397 1615; baseline -0.002 -12"><span class='ocrx_word' id='word_1_306' title='bbox 1836 1548 2119 1605; x_wconf 81' lang='lat' dir='ltr'><strong><em>inferiores</em></strong></span> <span class='ocrx_word' id='word_1_307' title='bbox 2156 1549 2247 1603; x_wconf 88' lang='lat' dir='ltr'><strong><em>Dei</em></strong></span> <span class='ocrx_word' id='word_1_308' title='bbox 2272 1548 2485 1604; x_wconf 86' lang='lat' dir='ltr'><strong><em>lamulls</em></strong></span> <span class='ocrx_word' id='word_1_309' title='bbox 2506 1563 2569 1604; x_wconf 81' lang='lat' dir='ltr'><strong><em>ex</em></strong></span> <span class='ocrx_word' id='word_1_310' title='bbox 2602 1546 2789 1603; x_wconf 88' lang='lat' dir='ltr'><strong><em>ordine</em></strong></span> <span class='ocrx_word' id='word_1_311' title='bbox 2822 1546 3138 1609; x_wconf 60' lang='lat' dir='ltr'><strong><em>distributa,</em></strong></span> <span class='ocrx_word' id='word_1_312' title='bbox 3169 1559 3397 1615; x_wconf 88' lang='lat' dir='ltr'><strong><em>quarum</em></strong></span> 
     </span>
    </p>
   </div>
   <div class='ocr_carea' id='block_1_46' title="bbox 1838 1637 3393 1708">
    <p class='ocr_par' dir='ltr' id='par_1_46' title="bbox 1838 1637 3393 1708">
     <span class='ocr_line' id='line_1_46' title="bbox 1838 1637 3393 1708; baseline -0.003 -13"><span class='ocrx_word' id='word_1_313' title='bbox 1838 1656 1964 1695; x_wconf 88' lang='lat' dir='ltr'><strong><em>usus</em></strong></span> <span class='ocrx_word' id='word_1_314' title='bbox 1993 1649 2047 1695; x_wconf 85' lang='lat' dir='ltr'><strong><em>et</em></strong></span> <span class='ocrx_word' id='word_1_315' title='bbox 2094 1641 2383 1708; x_wconf 73' lang='lat' dir='ltr'><strong><em>provincia:</em></strong></span> <span class='ocrx_word' id='word_1_316' title='bbox 2433 1640 2751 1706; x_wconf 86' lang='lat' dir='ltr'><strong><em>rectoribus,</em></strong></span> <span class='ocrx_word' id='word_1_317' title='bbox 2786 1653 3076 1707; x_wconf 84' lang='lat' dir='ltr'><strong><em>coramque</em></strong></span> <span class='ocrx_word' id='word_1_318' title='bbox 3112 1637 3393 1692; x_wconf 86' lang='lat' dir='ltr'><strong><em>comitatui</em></strong></span> 
     </span>
    </p>
   </div>
   <div class='ocr_carea' id='block_1_47' title="bbox 1834 1728 3395 1801">
    <p class='ocr_par' dir='ltr' id='par_1_47' title="bbox 1834 1728 3395 1801">
     <span class='ocr_line' id='line_1_47' title="bbox 1834 1728 3395 1801; baseline -0.004 -14"><span class='ocrx_word' id='word_1_319' title='bbox 1834 1731 2136 1787; x_wconf 72' lang='lat' dir='ltr'><strong><em>communis</em></strong></span> <span class='ocrx_word' id='word_1_320' title='bbox 2163 1740 2303 1795; x_wconf 90' lang='lat' dir='ltr'><strong><em>erat,</em></strong></span> <span class='ocrx_word' id='word_1_321' title='bbox 2336 1731 2407 1784; x_wconf 91' lang='lat' dir='ltr'><strong><em>ita</em></strong></span> <span class='ocrx_word' id='word_1_322' title='bbox 2453 1740 2513 1783; x_wconf 90' lang='lat' dir='ltr'><strong><em>ut</em></strong></span> <span class='ocrx_word' id='word_1_323' title='bbox 2541 1740 2778 1786; x_wconf 84' lang='lat' dir='ltr'><strong><em>rectores</em></strong></span> <span class='ocrx_word' id='word_1_324' title='bbox 2812 1730 3107 1801; x_wconf 89' lang='lat' dir='ltr'><strong><em>insignibus</em></strong></span> <span class='ocrx_word' id='word_1_325' title='bbox 3140 1728 3246 1783; x_wconf 84' lang='lat' dir='ltr'><strong><em>illis</em></strong></span> <span class='ocrx_word' id='word_1_326' title='bbox 3267 1728 3395 1782; x_wconf 65' lang='lat' dir='ltr'><strong><em>aedi-</em></strong></span> 
     </span>
    </p>
   </div>
   <div class='ocr_carea' id='block_1_48' title="bbox 1764 1824 3391 1898">
    <p class='ocr_par' dir='ltr' id='par_1_48' title="bbox 1764 1824 3391 1898">
     <span class='ocr_line' id='line_1_48' title="bbox 1764 1824 3391 1898; baseline -0.009 -14"><span class='ocrx_word' id='word_1_327' title='bbox 1764 1824 1953 1893; x_wconf 82' lang='lat' dir='ltr'><strong><em>Bbus,</em></strong></span> <span class='ocrx_word' id='word_1_328' title='bbox 2006 1843 2125 1898; x_wconf 72' lang='lat' dir='ltr'><strong><em>quae</em></strong></span> <span class='ocrx_word' id='word_1_329' title='bbox 2173 1827 2423 1897; x_wconf 90' lang='lat' dir='ltr'><strong><em>episcopo</em></strong></span> <span class='ocrx_word' id='word_1_330' title='bbox 2473 1825 2696 1881; x_wconf 70' lang='lat' dir='ltr'><strong><em>addictie</em></strong></span> <span class='ocrx_word' id='word_1_331' title='bbox 2753 1832 2929 1887; x_wconf 88' lang='lat' dir='ltr'><strong><em>erant,</em></strong></span> <span class='ocrx_word' id='word_1_332' title='bbox 2976 1836 3160 1876; x_wconf 87' lang='lat' dir='ltr'><strong><em>eorum</em></strong></span> <span class='ocrx_word' id='word_1_333' title='bbox 3215 1827 3391 1873; x_wconf 88' lang='lat' dir='ltr'><strong><em>autem</em></strong></span> 
     </span>
    </p>
   </div>
   <div class='ocr_carea' id='block_1_49' title="bbox 1835 1912 3392 1988">
    <p class='ocr_par' dir='ltr' id='par_1_49' title="bbox 1835 1912 3392 1988">
     <span class='ocr_line' id='line_1_49' title="bbox 1835 1912 3392 1988; baseline -0.007 -14"><span class='ocrx_word' id='word_1_334' title='bbox 1835 1921 2067 1977; x_wconf 86' lang='lat' dir='ltr'><strong><em>comites</em></strong></span> <span class='ocrx_word' id='word_1_335' title='bbox 2136 1918 2477 1975; x_wconf 84' lang='lat' dir='ltr'><strong><em>inferioribus</em></strong></span> <span class='ocrx_word' id='word_1_336' title='bbox 2551 1917 2945 1988; x_wconf 78' lang='lat' dir='ltr'><strong><em>exciperentur.</em></strong></span> <span class='ocrx_word' id='word_1_337' title='bbox 3008 1913 3176 1968; x_wconf 87' lang='lat' dir='ltr'><strong><em>Erant</em></strong></span> <span class='ocrx_word' id='word_1_338' title='bbox 3230 1912 3392 1967; x_wconf 88' lang='lat' dir='ltr'><strong><em>etiam</em></strong></span> 
     </span>
    </p>
   </div>
   <div class='ocr_carea' id='block_1_50' title="bbox 1837 2004 3389 2083">
    <p class='ocr_par' dir='ltr' id='par_1_50' title="bbox 1837 2004 3389 2083">
     <span class='ocr_line' id='line_1_50' title="bbox 1837 2004 3389 2083; baseline -0.008 -15"><span class='ocrx_word' id='word_1_339' title='bbox 1837 2013 2065 2083; x_wconf 89' lang='lat' dir='ltr'><strong><em>hospitia</em></strong></span> <span class='ocrx_word' id='word_1_340' title='bbox 2093 2012 2417 2083; x_wconf 86' lang='lat' dir='ltr'><strong><em>peregrinis,</em></strong></span> <span class='ocrx_word' id='word_1_341' title='bbox 2454 2010 2566 2066; x_wconf 88' lang='lat' dir='ltr'><strong><em>sive</em></strong></span> <span class='ocrx_word' id='word_1_342' title='bbox 2596 2008 3017 2071; x_wconf 90' lang='lat' dir='ltr'><strong><em>transeuntibus,</em></strong></span> <span class='ocrx_word' id='word_1_343' title='bbox 3046 2005 3159 2059; x_wconf 88' lang='lat' dir='ltr'><strong><em>sive</em></strong></span> <span class='ocrx_word' id='word_1_344' title='bbox 3183 2004 3389 2058; x_wconf 87' lang='lat' dir='ltr'><strong><em>medela</em></strong></span> 
     </span>
    </p>
   </div>
   <div class='ocr_carea' id='block_1_51' title="bbox 1832 2093 3388 2175">
    <p class='ocr_par' dir='ltr' id='par_1_51' title="bbox 1832 2093 3388 2175">
     <span class='ocr_line' id='line_1_51' title="bbox 1832 2093 3388 2175; baseline -0.007 -17"><span class='ocrx_word' id='word_1_345' title='bbox 1832 2105 2009 2175; x_wconf 88' lang='lat' dir='ltr'><strong><em>aliqua</em></strong></span> <span class='ocrx_word' id='word_1_346' title='bbox 2063 2103 2445 2174; x_wconf 80' lang='lat' dir='ltr'><strong><em>indigentibus,</em></strong></span> <span class='ocrx_word' id='word_1_347' title='bbox 2503 2101 2696 2171; x_wconf 87' lang='lat' dir='ltr'><strong><em>quibus</em></strong></span> <span class='ocrx_word' id='word_1_348' title='bbox 2746 2098 2974 2153; x_wconf 85' lang='lat' dir='ltr'><strong><em>Basilius</em></strong></span> <span class='ocrx_word' id='word_1_349' title='bbox 3026 2093 3388 2152; x_wconf 81' lang='lat' dir='ltr'><strong><em>necessarium</em></strong></span> 
     </span>
    </p>
   </div>
   <div class='ocr_carea' id='block_1_52' title="bbox 1832 2188 3390 2265">
    <p class='ocr_par' dir='ltr' id='par_1_52' title="bbox 1832 2188 3390 2265">
     <span class='ocr_line' id='line_1_52' title="bbox 1832 2188 3390 2265; baseline -0.004 -18"><span class='ocrx_word' id='word_1_350' title='bbox 1832 2195 2144 2265; x_wconf 80' lang='lat' dir='ltr'><strong><em>providebat</em></strong></span> <span class='ocrx_word' id='word_1_351' title='bbox 2171 2194 2443 2259; x_wconf 87' lang='lat' dir='ltr'><strong><em>solatium,</em></strong></span> <span class='ocrx_word' id='word_1_352' title='bbox 2472 2207 2734 2264; x_wconf 79' lang='lat' dir='ltr'><strong><em>aegrorum</em></strong></span> <span class='ocrx_word' id='word_1_353' title='bbox 2782 2201 3086 2253; x_wconf 85' lang='lat' dir='ltr'><strong><em>curatores,</em></strong></span> <span class='ocrx_word' id='word_1_354' title='bbox 3126 2188 3390 2253; x_wconf 83' lang='lat' dir='ltr'><strong><em>medicos,</em></strong></span> 
     </span>
    </p>
   </div>
   <div class='ocr_carea' id='block_1_53' title="bbox 1822 2282 3388 2356">
    <p class='ocr_par' dir='ltr' id='par_1_53' title="bbox 1822 2282 3388 2356">
     <span class='ocr_line' id='line_1_53' title="bbox 1822 2282 3388 2356; baseline -0.003 -18"><span class='ocrx_word' id='word_1_355' title='bbox 1822 2288 2085 2356; x_wconf 83' lang='lat' dir='ltr'><strong><em>jumenta,</em></strong></span> <span class='ocrx_word' id='word_1_356' title='bbox 2118 2285 2458 2341; x_wconf 85' lang='lat' dir='ltr'><strong><em>deducturos.</em></strong></span> <span class='ocrx_word' id='word_1_357' title='bbox 2497 2284 2775 2355; x_wconf 76' lang='lat' dir='ltr'><strong><em>Adjunctte</em></strong></span> <span class='ocrx_word' id='word_1_358' title='bbox 2822 2282 2982 2337; x_wconf 89' lang='lat' dir='ltr'><strong><em>etiam</em></strong></span> <span class='ocrx_word' id='word_1_359' title='bbox 3027 2288 3185 2335; x_wconf 89' lang='lat' dir='ltr'><strong><em>erant</em></strong></span> <span class='ocrx_word' id='word_1_360' title='bbox 3223 2290 3388 2345; x_wconf 84' lang='lat' dir='ltr'><strong><em>artes,</em></strong></span> 
     </span>
    </p>
   </div>
   <div class='ocr_carea' id='block_1_54' title="bbox 1827 2371 3391 2445">
    <p class='ocr_par' dir='ltr' id='par_1_54' title="bbox 1827 2371 3391 2445">
     <span class='ocr_line' id='line_1_54' title="bbox 1827 2371 3391 2445; baseline -0.004 -13"><span class='ocrx_word' id='word_1_361' title='bbox 1827 2388 1937 2432; x_wconf 87' lang='lat' dir='ltr'><strong><em>tum</em></strong></span> <span class='ocrx_word' id='word_1_362' title='bbox 1968 2392 2084 2445; x_wconf 62' lang='lat' dir='ltr'><strong><em>qua:</em></strong></span> <span class='ocrx_word' id='word_1_363' title='bbox 2135 2377 2201 2431; x_wconf 91' lang='lat' dir='ltr'><strong><em>ad</em></strong></span> <span class='ocrx_word' id='word_1_364' title='bbox 2232 2376 2401 2431; x_wconf 86' lang='lat' dir='ltr'><strong><em>vitam</em></strong></span> <span class='ocrx_word' id='word_1_365' title='bbox 2428 2376 2764 2439; x_wconf 80' lang='lat' dir='ltr'><strong><em>necessariae,</em></strong></span> <span class='ocrx_word' id='word_1_366' title='bbox 2803 2384 2911 2428; x_wconf 92' lang='lat' dir='ltr'><strong><em>tum</em></strong></span> <span class='ocrx_word' id='word_1_367' title='bbox 2947 2388 3065 2443; x_wconf 72' lang='lat' dir='ltr'><strong><em>qua:</em></strong></span> <span class='ocrx_word' id='word_1_368' title='bbox 3092 2375 3157 2426; x_wconf 89' lang='lat' dir='ltr'><strong><em>ad</em></strong></span> <span class='ocrx_word' id='word_1_369' title='bbox 3193 2371 3391 2426; x_wconf 71' lang='lat' dir='ltr'><strong><em>littera-</em></strong></span> 
     </span>
    </p>
   </div>
   <div class='ocr_carea' id='block_1_55' title="bbox 1828 2462 3389 2536">
    <p class='ocr_par' dir='ltr' id='par_1_55' title="bbox 1828 2462 3389 2536">
     <span class='ocr_line' id='line_1_55' title="bbox 1828 2462 3389 2536; baseline -0.002 -15"><span class='ocrx_word' id='word_1_370' title='bbox 1828 2468 1930 2522; x_wconf 89' lang='lat' dir='ltr'><strong><em>lem</em></strong></span> <span class='ocrx_word' id='word_1_371' title='bbox 1978 2469 2175 2522; x_wconf 86' lang='lat' dir='ltr'><strong><em>victum</em></strong></span> <span class='ocrx_word' id='word_1_372' title='bbox 2210 2468 2519 2536; x_wconf 90' lang='lat' dir='ltr'><strong><em>cultumque</em></strong></span> <span class='ocrx_word' id='word_1_373' title='bbox 2568 2466 2817 2521; x_wconf 63' lang='lat' dir='ltr'><strong><em>inventae.</em></strong></span> <span class='ocrx_word' id='word_1_374' title='bbox 2865 2464 3031 2520; x_wconf 83' lang='lat' dir='ltr'><strong><em>Erant</em></strong></span> <span class='ocrx_word' id='word_1_375' title='bbox 3069 2465 3231 2520; x_wconf 85' lang='lat' dir='ltr'><strong><em>etiam</em></strong></span> <span class='ocrx_word' id='word_1_376' title='bbox 3266 2462 3389 2518; x_wconf 71' lang='lat' dir='ltr'><strong><em>aliae</em></strong></span> 
     </span>
    </p>
   </div>
   <div class='ocr_carea' id='block_1_56' title="bbox 1824 2558 2752 2629">
    <p class='ocr_par' dir='ltr' id='par_1_56' title="bbox 1824 2558 2752 2629">
     <span class='ocr_line' id='line_1_56' title="bbox 1824 2558 2752 2629; baseline -0.004 -12"><span class='ocrx_word' id='word_1_377' title='bbox 1824 2561 1964 2617; x_wconf 63' lang='lat' dir='ltr'><strong><em>cedes</em></strong></span> <span class='ocrx_word' id='word_1_378' title='bbox 1993 2563 2059 2615; x_wconf 91' lang='lat' dir='ltr'><strong><em>ad</em></strong></span> <span class='ocrx_word' id='word_1_379' title='bbox 2085 2560 2321 2617; x_wconf 85' lang='lat' dir='ltr'><strong><em>lacienda</em></strong></span> <span class='ocrx_word' id='word_1_380' title='bbox 2344 2575 2505 2629; x_wconf 90' lang='lat' dir='ltr'><strong><em>opera</em></strong></span> <span class='ocrx_word' id='word_1_381' title='bbox 2531 2558 2752 2614; x_wconf 69' lang='lat' dir='ltr'><strong><em>idoneae.</em></strong></span> 
     </span>
    </p>
   </div>
   <div class='ocr_carea' id='block_1_57' title="bbox 1896 2647 3384 2718">
    <p class='ocr_par' dir='ltr' id='par_1_57' title="bbox 1896 2647 3384 2718">
     <span class='ocr_line' id='line_1_57' title="bbox 1896 2647 3384 2718; baseline -0.004 -13"><span class='ocrx_word' id='word_1_382' title='bbox 1896 2650 2073 2707; x_wconf 87' lang='lat' dir='ltr'><strong><em>Basilii</em></strong></span> <span class='ocrx_word' id='word_1_383' title='bbox 2098 2652 2401 2717; x_wconf 88' lang='lat' dir='ltr'><strong><em>consilium,</em></strong></span> <span class='ocrx_word' id='word_1_384' title='bbox 2432 2651 2531 2705; x_wconf 90' lang='lat' dir='ltr'><strong><em>etsi</em></strong></span> <span class='ocrx_word' id='word_1_385' title='bbox 2558 2648 2810 2704; x_wconf 64' lang='lat' dir='ltr'><strong><em>Ecclesiae</em></strong></span> <span class='ocrx_word' id='word_1_386' title='bbox 2844 2664 2907 2703; x_wconf 91' lang='lat' dir='ltr'><strong><em>ac</em></strong></span> <span class='ocrx_word' id='word_1_387' title='bbox 2934 2647 3238 2718; x_wconf 68' lang='lat' dir='ltr'><strong><em>reipublicae</em></strong></span> <span class='ocrx_word' id='word_1_388' title='bbox 3256 2660 3384 2714; x_wconf 90' lang='lat' dir='ltr'><strong><em>pcr-</em></strong></span> 
     </span>
    </p>
   </div>
   <div class='ocr_carea' id='block_1_58' title="bbox 1827 2736 3384 2809">
    <p class='ocr_par' dir='ltr' id='par_1_58' title="bbox 1827 2736 3384 2809">
     <span class='ocr_line' id='line_1_58' title="bbox 1827 2736 3384 2809; baseline -0.006 -12"><span class='ocrx_word' id='word_1_389' title='bbox 1827 2744 1977 2803; x_wconf 89' lang='lat' dir='ltr'><strong><em>utile.</em></strong></span> <span class='ocrx_word' id='word_1_390' title='bbox 2038 2743 2262 2797; x_wconf 87' lang='lat' dir='ltr'><strong><em>incurrit</em></strong></span> <span class='ocrx_word' id='word_1_391' title='bbox 2308 2752 2485 2794; x_wconf 87' lang='lat' dir='ltr'><strong><em>tamen</em></strong></span> <span class='ocrx_word' id='word_1_392' title='bbox 2524 2740 2574 2793; x_wconf 91' lang='lat' dir='ltr'><strong><em>in</em></strong></span> <span class='ocrx_word' id='word_1_393' title='bbox 2631 2739 3096 2809; x_wconf 89' lang='lat' dir='ltr'><strong><em>reprehensionem</em></strong></span> <span class='ocrx_word' id='word_1_394' title='bbox 3147 2736 3384 2791; x_wconf 82' lang='lat' dir='ltr'><strong><em>nonnul-</em></strong></span> 
     </span>
    </p>
   </div>
   <div class='ocr_carea' id='block_1_59' title="bbox 1836 2829 3383 2902">
    <p class='ocr_par' dir='ltr' id='par_1_59' title="bbox 1836 2829 3383 2902">
     <span class='ocr_line' id='line_1_59' title="bbox 1836 2829 3383 2902; baseline -0.003 -14"><span class='ocrx_word' id='word_1_395' title='bbox 1836 2838 2005 2888; x_wconf 92' lang='lat' dir='ltr'><strong><em>lorum</em></strong></span> <span class='ocrx_word' id='word_1_396' title='bbox 2035 2834 2325 2895; x_wconf 85' lang='lat' dir='ltr'><strong><em>hominum,</em></strong></span> <span class='ocrx_word' id='word_1_397' title='bbox 2352 2832 2444 2902; x_wconf 89' lang='lat' dir='ltr'><strong><em>qui</em></strong></span> <span class='ocrx_word' id='word_1_398' title='bbox 2474 2830 2598 2889; x_wconf 85' lang='lat' dir='ltr'><strong><em>inde</em></strong></span> <span class='ocrx_word' id='word_1_399' title='bbox 2628 2846 2816 2885; x_wconf 84' lang='lat' dir='ltr'><strong><em>ansam</em></strong></span> <span class='ocrx_word' id='word_1_400' title='bbox 2861 2830 3203 2901; x_wconf 86' lang='lat' dir='ltr'><strong><em>arripuerunt</em></strong></span> <span class='ocrx_word' id='word_1_401' title='bbox 3236 2829 3383 2884; x_wconf 87' lang='lat' dir='ltr'><strong><em>illius</em></strong></span> 
     </span>
    </p>
   </div>
   <div class='ocr_carea' id='block_1_60' title="bbox 1829 2921 3380 2995">
    <p class='ocr_par' dir='ltr' id='par_1_60' title="bbox 1829 2921 3380 2995">
     <span class='ocr_line' id='line_1_60' title="bbox 1829 2921 3380 2995; baseline -0.003 -16"><span class='ocrx_word' id='word_1_402' title='bbox 1829 2926 1967 2995; x_wconf 84' lang='lat' dir='ltr'><strong><em>apud</em></strong></span> <span class='ocrx_word' id='word_1_403' title='bbox 1992 2924 2273 2994; x_wconf 67' lang='lat' dir='ltr'><strong><em>praesidem</em></strong></span> <span class='ocrx_word' id='word_1_404' title='bbox 2299 2924 2620 2989; x_wconf 86' lang='lat' dir='ltr'><strong><em>accusandi;</em></strong></span> <span class='ocrx_word' id='word_1_405' title='bbox 2655 2924 2769 2979; x_wconf 83' lang='lat' dir='ltr'><strong><em>sive</em></strong></span> <span class='ocrx_word' id='word_1_406' title='bbox 2802 2924 2942 2994; x_wconf 88' lang='lat' dir='ltr'><strong><em>quod</em></strong></span> <span class='ocrx_word' id='word_1_407' title='bbox 2985 2921 3246 2991; x_wconf 81' lang='lat' dir='ltr'><strong><em>ejusmodi</em></strong></span> <span class='ocrx_word' id='word_1_408' title='bbox 3296 2923 3380 2975; x_wconf 82' lang='lat' dir='ltr'><strong><em>in-</em></strong></span> 
     </span>
    </p>
   </div>
   <div class='ocr_carea' id='block_1_61' title="bbox 1824 3016 3382 3089">
    <p class='ocr_par' dir='ltr' id='par_1_61' title="bbox 1824 3016 3382 3089">
     <span class='ocr_line' id='line_1_61' title="bbox 1824 3016 3382 3089; baseline -0.003 -15"><span class='ocrx_word' id='word_1_409' title='bbox 1824 3028 2058 3089; x_wconf 63' lang='lat' dir='ltr'><strong><em>coeptum</em></strong></span> <span class='ocrx_word' id='word_1_410' title='bbox 2092 3017 2326 3073; x_wconf 87' lang='lat' dir='ltr'><strong><em>hominis</em></strong></span> <span class='ocrx_word' id='word_1_411' title='bbox 2367 3032 2555 3089; x_wconf 90' lang='lat' dir='ltr'><strong><em>parum</em></strong></span> <span class='ocrx_word' id='word_1_412' title='bbox 2586 3016 2774 3086; x_wconf 84' lang='lat' dir='ltr'><strong><em>quieti,</em></strong></span> <span class='ocrx_word' id='word_1_413' title='bbox 2799 3018 3128 3087; x_wconf 91' lang='lat' dir='ltr'><strong><em>nimiumque</em></strong></span> <span class='ocrx_word' id='word_1_414' title='bbox 3159 3016 3382 3071; x_wconf 83' lang='lat' dir='ltr'><strong><em>audacis</em></strong></span> 
     </span>
    </p>
   </div>
   <div class='ocr_carea' id='block_1_62' title="bbox 1825 3105 3376 3175">
    <p class='ocr_par' dir='ltr' id='par_1_62' title="bbox 1825 3105 3376 3175">
     <span class='ocr_line' id='line_1_62' title="bbox 1825 3105 3376 3175; baseline -0.003 -9"><span class='ocrx_word' id='word_1_415' title='bbox 1825 3126 1945 3166; x_wconf 81' lang='lat' dir='ltr'><strong><em>esse</em></strong></span> <span class='ocrx_word' id='word_1_416' title='bbox 1972 3110 2235 3175; x_wconf 90' lang='lat' dir='ltr'><strong><em>dicerent,</em></strong></span> <span class='ocrx_word' id='word_1_417' title='bbox 2268 3109 2378 3162; x_wconf 82' lang='lat' dir='ltr'><strong><em>sive</em></strong></span> <span class='ocrx_word' id='word_1_418' title='bbox 2404 3108 2544 3175; x_wconf 90' lang='lat' dir='ltr'><strong><em>quod</em></strong></span> <span class='ocrx_word' id='word_1_419' title='bbox 2578 3108 2791 3161; x_wconf 88' lang='lat' dir='ltr'><strong><em>crimini</em></strong></span> <span class='ocrx_word' id='word_1_420' title='bbox 2830 3117 3103 3161; x_wconf 81' lang='lat' dir='ltr'><strong><em>verterent</em></strong></span> <span class='ocrx_word' id='word_1_421' title='bbox 3155 3105 3376 3172; x_wconf 79' lang='lat' dir='ltr'><strong><em>Basilio,</em></strong></span> 
     </span>
    </p>
   </div>
   <div class='ocr_carea' id='block_1_63' title="bbox 170 3198 3378 3303">
    <p class='ocr_par' dir='ltr' id='par_1_63' title="bbox 170 3198 3378 3303">
     <span class='ocr_line' id='line_1_63' title="bbox 170 3198 3378 3303; baseline 0 -52"><span class='ocrx_word' id='word_1_422' title='bbox 170 3220 464 3289; x_wconf 55' lang='lat' dir='ltr'><strong><em>promea&quot;,</em></strong></span> <span class='ocrx_word' id='word_1_423' title='bbox 489 3222 811 3277; x_wconf 49' lang='lat' dir='ltr'><strong><em>necdum,“</em></strong></span> <span class='ocrx_word' id='word_1_424' title='bbox 835 3224 961 3294; x_wconf 67' lang='lat' dir='ltr'><strong>quin</strong></span> <span class='ocrx_word' id='word_1_425' title='bbox 986 3236 1040 3281; x_wconf 51' lang='lat' dir='ltr'><strong><em>et</em></strong></span> <span class='ocrx_word' id='word_1_426' title='bbox 1066 3198 1323 3286; x_wconf 49' lang='grc' dir='ltr'><strong><em>Εὲοιεδίπ</em></strong></span> <span class='ocrx_word' id='word_1_427' title='bbox 1353 3229 1406 3285; x_wconf 69' lang='lat' dir='ltr'><strong>in</strong></span> <span class='ocrx_word' id='word_1_428' title='bbox 1440 3198 1722 3303; x_wconf 65' lang='lat' dir='ltr'><strong><em>&quot;a&#39;nqumo</em></strong></span> <span class='ocrx_word' id='word_1_429' title='bbox 1745 3198 1790 3231; x_wconf 68' lang='grc' dir='ltr'>υ</span> <span class='ocrx_word' id='word_1_430' title='bbox 1822 3203 1961 3272; x_wconf 88' lang='lat' dir='ltr'><strong><em>quod</em></strong></span> <span class='ocrx_word' id='word_1_431' title='bbox 1997 3201 2391 3303; x_wconf 57' lang='lat' dir='ltr'><strong><em>multitudinem</em></strong></span> <span class='ocrx_word' id='word_1_432' title='bbox 2422 3198 2506 3252; x_wconf 88' lang='lat' dir='ltr'><strong><em>his</em></strong></span> <span class='ocrx_word' id='word_1_433' title='bbox 2532 3198 2742 3253; x_wconf 86' lang='lat' dir='ltr'><strong><em>artibus</em></strong></span> <span class='ocrx_word' id='word_1_434' title='bbox 2773 3198 2872 3252; x_wconf 85' lang='lat' dir='ltr'><strong><em>sibi</em></strong></span> <span class='ocrx_word' id='word_1_435' title='bbox 2894 3198 3157 3253; x_wconf 85' lang='lat' dir='ltr'><strong><em>clmritatc</em></strong></span> <span class='ocrx_word' id='word_1_436' title='bbox 3192 3200 3378 3253; x_wconf 85' lang='lat' dir='ltr'><strong><em>devin-</em></strong></span> 
     </span>
    </p>
   </div>
   <div class='ocr_carea' id='block_1_64' title="bbox 166 3316 1718 3397">
    <p class='ocr_par' dir='ltr' id='par_1_64' title="bbox 166 3316 1718 3397">
     <span class='ocr_line' id='line_1_64' title="bbox 166 3316 1718 3397; baseline 0.011 -30"><span class='ocrx_word' id='word_1_437' title='bbox 166 3323 430 3381; x_wconf 82' lang='lat' dir='ltr'><strong><em>essent,et</em></strong></span> <span class='ocrx_word' id='word_1_438' title='bbox 462 3316 593 3371; x_wconf 87' lang='lat' dir='ltr'><strong><em>lldes</em></strong></span> <span class='ocrx_word' id='word_1_439' title='bbox 613 3317 665 3371; x_wconf 90' lang='lat' dir='ltr'><strong><em>in</em></strong></span> <span class='ocrx_word' id='word_1_440' title='bbox 702 3327 836 3385; x_wconf 88' lang='lat' dir='ltr'><strong><em>tuto,</em></strong></span> <span class='ocrx_word' id='word_1_441' title='bbox 863 3320 907 3374; x_wconf 90' lang='lat' dir='ltr'><strong><em>si</em></strong></span> <span class='ocrx_word' id='word_1_442' title='bbox 942 3336 1131 3377; x_wconf 89' lang='lat' dir='ltr'><strong><em>omnes</em></strong></span> <span class='ocrx_word' id='word_1_443' title='bbox 1164 3323 1263 3379; x_wconf 88' lang='lat' dir='ltr'><strong><em>sibi</em></strong></span> <span class='ocrx_word' id='word_1_444' title='bbox 1300 3324 1401 3380; x_wconf 89' lang='lat' dir='ltr'><strong><em>hoc</em></strong></span> <span class='ocrx_word' id='word_1_445' title='bbox 1419 3330 1718 3397; x_wconf 80' lang='lat' dir='ltr'><strong><em>exemplum</em></strong></span> 
     </span>
    </p>
   </div>
   <div class='ocr_carea' id='block_1_65' title="bbox 164 3405 983 3478">
    <p class='ocr_par' dir='ltr' id='par_1_65' title="bbox 164 3405 983 3478">
     <span class='ocr_line' id='line_1_65' title="bbox 164 3405 983 3478; baseline 0.01 -20"><span class='ocrx_word' id='word_1_446' title='bbox 164 3405 222 3461; x_wconf 87' lang='lat' dir='ltr'><strong><em>ad</em></strong></span> <span class='ocrx_word' id='word_1_447' title='bbox 242 3406 564 3462; x_wconf 88' lang='lat' dir='ltr'><strong><em>imitandum</em></strong></span> <span class='ocrx_word' id='word_1_448' title='bbox 599 3420 983 3478; x_wconf 87' lang='lat' dir='ltr'><strong><em>proponerent.</em></strong></span> 
     </span>
    </p>
   </div>
   <div class='ocr_carea' id='block_1_66' title="bbox 227 3496 1715 3581">
    <p class='ocr_par' dir='ltr' id='par_1_66' title="bbox 227 3496 1715 3581">
     <span class='ocr_line' id='line_1_66' title="bbox 227 3496 1715 3581; baseline 0.008 -27"><span class='ocrx_word' id='word_1_449' title='bbox 227 3496 507 3554; x_wconf 87' lang='lat' dir='ltr'><strong><em>Immerito</em></strong></span> <span class='ocrx_word' id='word_1_450' title='bbox 548 3500 921 3557; x_wconf 85' lang='lat' dir='ltr'><strong><em>Tillemontius</em></strong></span> <span class='ocrx_word' id='word_1_451' title='bbox 946 3504 1202 3573; x_wconf 86' lang='lat' dir='ltr'><strong><em>scriptam</em></strong></span> <span class='ocrx_word' id='word_1_452' title='bbox 1232 3505 1372 3562; x_wconf 90' lang='lat' dir='ltr'><strong><em>inter</em></strong></span> <span class='ocrx_word' id='word_1_453' title='bbox 1398 3506 1511 3563; x_wconf 71' lang='lat' dir='ltr'><strong><em>haec</em></strong></span> <span class='ocrx_word' id='word_1_454' title='bbox 1539 3507 1715 3581; x_wconf 77' lang='lat' dir='ltr'><strong><em>iurgia</em></strong></span> 
     </span>
    </p>
   </div>
   <div class='ocr_carea' id='block_1_67' title="bbox 161 3588 1711 3664">
    <p class='ocr_par' dir='ltr' id='par_1_67' title="bbox 161 3588 1711 3664">
     <span class='ocr_line' id='line_1_67' title="bbox 161 3588 1711 3664; baseline 0.009 -23"><span class='ocrx_word' id='word_1_455' title='bbox 161 3596 299 3654; x_wconf 88' lang='lat' dir='ltr'><strong><em>putat</em></strong></span> <span class='ocrx_word' id='word_1_456' title='bbox 320 3588 603 3656; x_wconf 84' lang='lat' dir='ltr'><strong><em>epistolam</em></strong></span> <span class='ocrx_word' id='word_1_457' title='bbox 633 3589 921 3643; x_wconf 85' lang='lat' dir='ltr'><strong><em>secundam</em></strong></span> <span class='ocrx_word' id='word_1_458' title='bbox 954 3589 1221 3663; x_wconf 85' lang='lat' dir='ltr'><strong><em>Gregorii,</em></strong></span> <span class='ocrx_word' id='word_1_459' title='bbox 1256 3608 1376 3664; x_wconf 76' lang='lat' dir='ltr'><strong><em>qua:</em></strong></span> <span class='ocrx_word' id='word_1_460' title='bbox 1405 3608 1492 3651; x_wconf 87' lang='lat' dir='ltr'><strong><em>est</em></strong></span> <span class='ocrx_word' id='word_1_461' title='bbox 1521 3599 1588 3654; x_wconf 90' lang='lat' dir='ltr'><strong><em>ad</em></strong></span> <span class='ocrx_word' id='word_1_462' title='bbox 1614 3597 1711 3655; x_wconf 74' lang='lat' dir='ltr'><strong><em>Ni-</em></strong></span> 
     </span>
    </p>
   </div>
   <div class='ocr_carea' id='block_1_68' title="bbox 162 3678 1712 3750">
    <p class='ocr_par' dir='ltr' id='par_1_68' title="bbox 162 3678 1712 3750">
     <span class='ocr_line' id='line_1_68' title="bbox 162 3678 1712 3750; baseline 0.011 -17"><span class='ocrx_word' id='word_1_463' title='bbox 162 3679 420 3734; x_wconf 81' lang='lat' dir='ltr'><strong><em>cobulum.</em></strong></span> <span class='ocrx_word' id='word_1_464' title='bbox 450 3678 586 3734; x_wconf 81' lang='lat' dir='ltr'><strong><em>Cum</em></strong></span> <span class='ocrx_word' id='word_1_465' title='bbox 628 3681 869 3737; x_wconf 86' lang='lat' dir='ltr'><strong><em>mitteret</em></strong></span> <span class='ocrx_word' id='word_1_466' title='bbox 913 3680 1173 3743; x_wconf 86' lang='lat' dir='ltr'><strong><em>Nicobnlo</em></strong></span> <span class='ocrx_word' id='word_1_467' title='bbox 1197 3686 1405 3747; x_wconf 87' lang='lat' dir='ltr'><strong><em>litteras</em></strong></span> <span class='ocrx_word' id='word_1_468' title='bbox 1431 3690 1614 3749; x_wconf 88' lang='lat' dir='ltr'><strong><em>Basilii</em></strong></span> <span class='ocrx_word' id='word_1_469' title='bbox 1640 3694 1712 3750; x_wconf 85' lang='lat' dir='ltr'><strong><em>si-</em></strong></span> 
     </span>
    </p>
   </div>
   <div class='ocr_carea' id='block_1_69' title="bbox 161 3772 1713 3855">
    <p class='ocr_par' dir='ltr' id='par_1_69' title="bbox 161 3772 1713 3855">
     <span class='ocr_line' id='line_1_69' title="bbox 161 3772 1713 3855; baseline 0.013 -30"><span class='ocrx_word' id='word_1_470' title='bbox 161 3772 260 3827; x_wconf 84' lang='lat' dir='ltr'><strong><em>mul</em></strong></span> <span class='ocrx_word' id='word_1_471' title='bbox 310 3788 435 3829; x_wconf 89' lang='lat' dir='ltr'><strong><em>cum</em></strong></span> <span class='ocrx_word' id='word_1_472' title='bbox 472 3773 625 3841; x_wconf 86' lang='lat' dir='ltr'><strong><em>suis,</em></strong></span> <span class='ocrx_word' id='word_1_473' title='bbox 658 3774 745 3831; x_wconf 86' lang='lat' dir='ltr'><strong><em>bis</em></strong></span> <span class='ocrx_word' id='word_1_474' title='bbox 777 3792 895 3848; x_wconf 66' lang='lat' dir='ltr'><strong><em>quae</em></strong></span> <span class='ocrx_word' id='word_1_475' title='bbox 937 3778 1116 3835; x_wconf 83' lang='lat' dir='ltr'><strong><em>Basilii</em></strong></span> <span class='ocrx_word' id='word_1_476' title='bbox 1172 3793 1330 3839; x_wconf 89' lang='lat' dir='ltr'><strong><em>erant</em></strong></span> <span class='ocrx_word' id='word_1_477' title='bbox 1378 3786 1560 3855; x_wconf 89' lang='lat' dir='ltr'><strong><em>priore</em></strong></span> <span class='ocrx_word' id='word_1_478' title='bbox 1596 3787 1713 3845; x_wconf 87' lang='lat' dir='ltr'><strong><em>loco</em></strong></span> 
     </span>
    </p>
   </div>
   <div class='ocr_carea' id='block_1_70' title="bbox 161 3866 1713 3943">
    <p class='ocr_par' dir='ltr' id='par_1_70' title="bbox 161 3866 1713 3943">
     <span class='ocr_line' id='line_1_70' title="bbox 161 3866 1713 3943; baseline 0.014 -28"><span class='ocrx_word' id='word_1_479' title='bbox 161 3866 356 3933; x_wconf 75' lang='lat' dir='ltr'><strong><em>positis,</em></strong></span> <span class='ocrx_word' id='word_1_480' title='bbox 414 3881 544 3922; x_wconf 83' lang='lat' dir='ltr'><strong><em>suas</em></strong></span> <span class='ocrx_word' id='word_1_481' title='bbox 597 3867 889 3939; x_wconf 69' lang='lat' dir='ltr'><strong><em>subiunxit,</em></strong></span> <span class='ocrx_word' id='word_1_482' title='bbox 925 3886 1044 3927; x_wconf 88' lang='lat' dir='ltr'><strong><em>sese</em></strong></span> <span class='ocrx_word' id='word_1_483' title='bbox 1089 3874 1303 3943; x_wconf 86' lang='lat' dir='ltr'><strong><em>quidem</em></strong></span> <span class='ocrx_word' id='word_1_484' title='bbox 1346 3892 1465 3931; x_wconf 92' lang='lat' dir='ltr'><strong><em>cum</em></strong></span> <span class='ocrx_word' id='word_1_485' title='bbox 1515 3878 1713 3937; x_wconf 84' lang='lat' dir='ltr'><strong><em>Basilio</em></strong></span> 
     </span>
    </p>
   </div>
   <div class='ocr_carea' id='block_1_71' title="bbox 158 3956 1708 4039">
    <p class='ocr_par' dir='ltr' id='par_1_71' title="bbox 158 3956 1708 4039">
     <span class='ocr_line' id='line_1_71' title="bbox 158 3956 1708 4039; baseline 0.014 -32"><span class='ocrx_word' id='word_1_486' title='bbox 158 3956 348 4021; x_wconf 82' lang='lat' dir='ltr'><strong><em>Ibique</em></strong></span> <span class='ocrx_word' id='word_1_487' title='bbox 396 3957 649 4026; x_wconf 85' lang='lat' dir='ltr'><strong><em>conjungi</em></strong></span> <span class='ocrx_word' id='word_1_488' title='bbox 683 3959 889 4023; x_wconf 85' lang='lat' dir='ltr'><strong><em>volens,</em></strong></span> <span class='ocrx_word' id='word_1_489' title='bbox 935 3962 1028 4015; x_wconf 88' lang='lat' dir='ltr'><strong><em>sed</em></strong></span> <span class='ocrx_word' id='word_1_490' title='bbox 1056 3977 1178 4014; x_wconf 84' lang='lat' dir='ltr'><strong><em>eum</em></strong></span> <span class='ocrx_word' id='word_1_491' title='bbox 1217 3965 1317 4018; x_wconf 88' lang='lat' dir='ltr'><strong><em>sibi</em></strong></span> <span class='ocrx_word' id='word_1_492' title='bbox 1360 3976 1708 4039; x_wconf 86' lang='lat' dir='ltr'><strong><em>anteponens.</em></strong></span> 
     </span>
    </p>
   </div>
   <div class='ocr_carea' id='block_1_72' title="bbox 159 4041 1707 4114">
    <p class='ocr_par' dir='ltr' id='par_1_72' title="bbox 159 4041 1707 4114">
     <span class='ocr_line' id='line_1_72' title="bbox 159 4041 1707 4114; baseline 0.013 -19"><span class='ocrx_word' id='word_1_493' title='bbox 159 4041 320 4098; x_wconf 64' lang='lat' dir='ltr'><strong><em>Minus</em></strong></span> <span class='ocrx_word' id='word_1_494' title='bbox 348 4046 613 4099; x_wconf 72' lang='lat' dir='ltr'><strong><em>intellexit</em></strong></span> <span class='ocrx_word' id='word_1_495' title='bbox 641 4045 1013 4103; x_wconf 86' lang='lat' dir='ltr'><strong><em>Tillemontius</em></strong></span> <span class='ocrx_word' id='word_1_496' title='bbox 1044 4048 1155 4103; x_wconf 63' lang='lat' dir='ltr'><strong><em>haec</em></strong></span> <span class='ocrx_word' id='word_1_497' title='bbox 1190 4052 1347 4107; x_wconf 84' lang='lat' dir='ltr'><strong><em>verba</em></strong></span> <span class='ocrx_word' id='word_1_498' title='bbox 1384 4071 1398 4108; x_wconf 89' lang='lat'><strong>:</strong></span> <span class='ocrx_word' id='word_1_499' title='bbox 1437 4055 1567 4111; x_wconf 80' lang='lat' dir='ltr'><strong><em>Cum</em></strong></span> <span class='ocrx_word' id='word_1_500' title='bbox 1598 4058 1707 4114; x_wconf 84' lang='lat' dir='ltr'><strong><em>Ba-</em></strong></span> 
     </span>
    </p>
   </div>
   <div class='ocr_carea' id='block_1_73' title="bbox 158 4134 1709 4210">
    <p class='ocr_par' dir='ltr' id='par_1_73' title="bbox 158 4134 1709 4210">
     <span class='ocr_line' id='line_1_73' title="bbox 158 4134 1709 4210; baseline 0.014 -24"><span class='ocrx_word' id='word_1_501' title='bbox 158 4134 325 4187; x_wconf 87' lang='lat' dir='ltr'><strong><em>silium</em></strong></span> <span class='ocrx_word' id='word_1_502' title='bbox 358 4152 608 4202; x_wconf 86' lang='lat' dir='ltr'><strong><em>magnum</em></strong></span> <span class='ocrx_word' id='word_1_503' title='bbox 636 4139 760 4192; x_wconf 78' lang='lat' dir='ltr'><strong><em>mihi</em></strong></span> <span class='ocrx_word' id='word_1_504' title='bbox 794 4156 991 4210; x_wconf 81' lang='lat' dir='ltr'><strong><em>semper</em></strong></span> <span class='ocrx_word' id='word_1_505' title='bbox 1019 4144 1364 4209; x_wconf 78' lang='lat' dir='ltr'><strong><em>prwtulerint,</em></strong></span> <span class='ocrx_word' id='word_1_506' title='bbox 1393 4154 1597 4206; x_wconf 89' lang='lat' dir='ltr'><strong><em>tametsi</em></strong></span> <span class='ocrx_word' id='word_1_507' title='bbox 1631 4155 1709 4208; x_wconf 83' lang='lat' dir='ltr'><strong><em>illi</em></strong></span> 
     </span>
    </p>
   </div>
   <div class='ocr_carea' id='block_1_74' title="bbox 158 4230 1706 4311">
    <p class='ocr_par' dir='ltr' id='par_1_74' title="bbox 158 4230 1706 4311">
     <span class='ocr_line' id='line_1_74' title="bbox 158 4230 1706 4311; baseline 0.015 -33"><span class='ocrx_word' id='word_1_508' title='bbox 158 4230 469 4281; x_wconf 80' lang='lat' dir='ltr'><strong><em>contrarium</em></strong></span> <span class='ocrx_word' id='word_1_509' title='bbox 510 4231 782 4297; x_wconf 79' lang='lat' dir='ltr'><strong><em>uideatur;</em></strong></span> <span class='ocrx_word' id='word_1_510' title='bbox 818 4251 950 4287; x_wconf 85' lang='lat' dir='ltr'><strong><em>nunc</em></strong></span> <span class='ocrx_word' id='word_1_511' title='bbox 977 4252 1177 4304; x_wconf 82' lang='lat' dir='ltr'><strong><em>quoque</em></strong></span> <span class='ocrx_word' id='word_1_512' title='bbox 1210 4240 1457 4309; x_wconf 77' lang='lat' dir='ltr'><strong><em>prmfero,</em></strong></span> <span class='ocrx_word' id='word_1_513' title='bbox 1503 4254 1628 4311; x_wconf 89' lang='lat' dir='ltr'><strong><em>etc.,</em></strong></span> <span class='ocrx_word' id='word_1_514' title='bbox 1654 4247 1706 4301; x_wconf 85' lang='lat' dir='ltr'><strong><em>id</em></strong></span> 
     </span>
    </p>
   </div>
   <div class='ocr_carea' id='block_1_75' title="bbox 158 4317 1706 4399">
    <p class='ocr_par' dir='ltr' id='par_1_75' title="bbox 158 4317 1706 4399">
     <span class='ocr_line' id='line_1_75' title="bbox 158 4317 1706 4399; baseline 0.016 -30"><span class='ocrx_word' id='word_1_515' title='bbox 158 4326 246 4378; x_wconf 84' lang='lat' dir='ltr'><strong><em>est,</em></strong></span> <span class='ocrx_word' id='word_1_516' title='bbox 279 4318 455 4386; x_wconf 82' lang='lat' dir='ltr'><strong><em>inquit</em></strong></span> <span class='ocrx_word' id='word_1_517' title='bbox 478 4317 680 4383; x_wconf 74' lang='lat' dir='ltr'><strong><em>Dillius,</em></strong></span> <span class='ocrx_word' id='word_1_518' title='bbox 710 4326 913 4377; x_wconf 86' lang='lat' dir='ltr'><strong><em>tametsi</em></strong></span> <span class='ocrx_word' id='word_1_519' title='bbox 936 4326 1024 4381; x_wconf 83' lang='lat' dir='ltr'><strong><em>ille</em></strong></span> <span class='ocrx_word' id='word_1_520' title='bbox 1056 4347 1135 4383; x_wconf 88' lang='lat' dir='ltr'><strong><em>me</em></strong></span> <span class='ocrx_word' id='word_1_521' title='bbox 1156 4329 1253 4384; x_wconf 82' lang='lat' dir='ltr'><strong><em>sibi</em></strong></span> <span class='ocrx_word' id='word_1_522' title='bbox 1274 4332 1551 4399; x_wconf 82' lang='lat' dir='ltr'><strong><em>anteferat.</em></strong></span> <span class='ocrx_word' id='word_1_523' title='bbox 1584 4336 1706 4393; x_wconf 74' lang='lat' dir='ltr'><strong><em>Non</em></strong></span> 
     </span>
    </p>
   </div>
   <div class='ocr_carea' id='block_1_76' title="bbox 154 4408 1700 4491">
    <p class='ocr_par' dir='ltr' id='par_1_76' title="bbox 154 4408 1700 4491">
     <span class='ocr_line' id='line_1_76' title="bbox 154 4408 1700 4491; baseline 0.017 -34"><span class='ocrx_word' id='word_1_524' title='bbox 154 4408 277 4459; x_wconf 79' lang='lat' dir='ltr'><strong><em>enim</em></strong></span> <span class='ocrx_word' id='word_1_525' title='bbox 301 4412 414 4463; x_wconf 68' lang='lat' dir='ltr'><strong><em>haec</em></strong></span> <span class='ocrx_word' id='word_1_526' title='bbox 449 4410 603 4463; x_wconf 82' lang='lat' dir='ltr'><strong><em>verba</em></strong></span> <span class='ocrx_word' id='word_1_527' title='bbox 628 4410 701 4462; x_wconf 84' lang='lat' dir='ltr'><strong><em>ita</em></strong></span> <span class='ocrx_word' id='word_1_528' title='bbox 745 4415 1044 4473; x_wconf 80' lang='lat' dir='ltr'><strong><em>accipienda</em></strong></span> <span class='ocrx_word' id='word_1_529' title='bbox 1079 4432 1221 4487; x_wconf 87' lang='lat' dir='ltr'><strong><em>sunt,</em></strong></span> <span class='ocrx_word' id='word_1_530' title='bbox 1255 4425 1407 4491; x_wconf 89' lang='lat' dir='ltr'><strong><em>quasi</em></strong></span> <span class='ocrx_word' id='word_1_531' title='bbox 1445 4422 1700 4483; x_wconf 74' lang='lat' dir='ltr'><strong><em>Basiliam</em></strong></span> 
     </span>
    </p>
   </div>
   <div class='ocr_carea' id='block_1_77' title="bbox 155 4499 1560 4585">
    <p class='ocr_par' dir='ltr' id='par_1_77' title="bbox 155 4499 1560 4585">
     <span class='ocr_line' id='line_1_77' title="bbox 155 4499 1560 4585; baseline 0.016 -35"><span class='ocrx_word' id='word_1_532' title='bbox 155 4499 398 4554; x_wconf 65' lang='lat' dir='ltr'><strong><em>existimet</em></strong></span> <span class='ocrx_word' id='word_1_533' title='bbox 440 4500 723 4572; x_wconf 82' lang='lat' dir='ltr'><strong><em>Gregorius</em></strong></span> <span class='ocrx_word' id='word_1_534' title='bbox 743 4504 859 4572; x_wconf 85' lang='lat' dir='ltr'><strong><em>plus</em></strong></span> <span class='ocrx_word' id='word_1_535' title='bbox 884 4510 981 4561; x_wconf 85' lang='lat' dir='ltr'><strong><em>sibi</em></strong></span> <span class='ocrx_word' id='word_1_536' title='bbox 1013 4512 1238 4568; x_wconf 87' lang='lat' dir='ltr'><strong><em>tribuere</em></strong></span> <span class='ocrx_word' id='word_1_537' title='bbox 1258 4532 1411 4585; x_wconf 82' lang='lat' dir='ltr'><strong><em>quam</em></strong></span> <span class='ocrx_word' id='word_1_538' title='bbox 1441 4517 1560 4584; x_wconf 85' lang='lat' dir='ltr'><strong><em>ipsi.</em></strong></span> 
     </span>
    </p>
   </div>
   <div class='ocr_carea' id='block_1_78' title="bbox 704 4638 1144 4701">
    <p class='ocr_par' dir='ltr' id='par_1_78' title="bbox 704 4638 1144 4701">
     <span class='ocr_line' id='line_1_78' title="bbox 704 4638 1144 4701; baseline 0.018 -8"><span class='ocrx_word' id='word_1_539' title='bbox 704 4638 926 4696; x_wconf 75' lang='lat' dir='ltr'><strong><em>CAPUT</em></strong></span> <span class='ocrx_word' id='word_1_540' title='bbox 960 4642 1144 4701; x_wconf 79' lang='lat' dir='ltr'><strong>XXIV.</strong></span> 
     </span>
    </p>
   </div>
   <div class='ocr_carea' id='block_1_79' title="bbox 155 4722 1698 4807">
    <p class='ocr_par' dir='ltr' id='par_1_79' title="bbox 155 4722 1698 4807">
     <span class='ocr_line' id='line_1_79' title="bbox 155 4722 1698 4807; baseline 0.017 -30"><span class='ocrx_word' id='word_1_541' title='bbox 155 4722 189 4778; x_wconf 89' lang='lat' dir='ltr'><strong><em>I.</em></strong></span> <span class='ocrx_word' id='word_1_542' title='bbox 216 4725 268 4783; x_wconf 89' lang='lat' dir='ltr'><strong><em>S.</em></strong></span> <span class='ocrx_word' id='word_1_543' title='bbox 303 4726 539 4783; x_wconf 86' lang='lat' dir='ltr'><strong><em>Basilius</em></strong></span> <span class='ocrx_word' id='word_1_544' title='bbox 562 4736 781 4807; x_wconf 70' lang='lat' dir='ltr'><strong><em>exstruit</em></strong></span> <span class='ocrx_word' id='word_1_545' title='bbox 816 4734 1284 4807; x_wconf 78' lang='lat' dir='ltr'><strong><em>ptocltotropliium,</em></strong></span> <span class='ocrx_word' id='word_1_546' title='bbox 1321 4752 1369 4797; x_wconf 87' lang='lat' dir='ltr'><strong><em>et</em></strong></span> <span class='ocrx_word' id='word_1_547' title='bbox 1395 4762 1454 4799; x_wconf 89' lang='lat' dir='ltr'><strong><em>eo</em></strong></span> <span class='ocrx_word' id='word_1_548' title='bbox 1496 4750 1698 4803; x_wconf 83' lang='lat' dir='ltr'><strong><em>nomine</em></strong></span> 
     </span>
    </p>
   </div>
   <div class='ocr_carea' id='block_1_80' title="bbox 214 4802 1696 4875">
    <p class='ocr_par' dir='ltr' id='par_1_80' title="bbox 214 4802 1696 4875">
     <span class='ocr_line' id='line_1_80' title="bbox 214 4802 1696 4875; baseline 0.014 -25"><span class='ocrx_word' id='word_1_549' title='bbox 214 4810 493 4875; x_wconf 74' lang='lat' dir='ltr'><strong><em>accusatur</em></strong></span> <span class='ocrx_word' id='word_1_550' title='bbox 520 4802 585 4875; x_wconf 77' lang='lat' dir='ltr'><strong><em>ab</em></strong></span> <span class='ocrx_word' id='word_1_551' title='bbox 618 4805 865 4868; x_wconf 85' lang='lat' dir='ltr'><strong><em>episcopis</em></strong></span> <span class='ocrx_word' id='word_1_552' title='bbox 904 4809 1047 4875; x_wconf 89' lang='lat' dir='ltr'><strong><em>apud</em></strong></span> <span class='ocrx_word' id='word_1_553' title='bbox 1075 4802 1363 4867; x_wconf 61' lang='lat' dir='ltr'><strong><em>EliamJl.</em></strong></span> <span class='ocrx_word' id='word_1_554' title='bbox 1400 4815 1547 4869; x_wconf 74' lang='lat' dir='ltr'><strong><em>Redit</em></strong></span> <span class='ocrx_word' id='word_1_555' title='bbox 1570 4814 1696 4871; x_wconf 79' lang='lat' dir='ltr'><strong><em>Gre-</em></strong></span> 
     </span>
    </p>
   </div>
   <div class='ocr_carea' id='block_1_81' title="bbox 212 4868 1691 4956">
    <p class='ocr_par' dir='ltr' id='par_1_81' title="bbox 212 4868 1691 4956">
     <span class='ocr_line' id='line_1_81' title="bbox 212 4868 1691 4956; baseline 0.014 -36"><span class='ocrx_word' id='word_1_556' title='bbox 212 4873 388 4956; x_wconf 63' lang='lat' dir='ltr'><strong><em>gorius</em></strong></span> <span class='ocrx_word' id='word_1_557' title='bbox 412 4868 573 4936; x_wconf 84' lang='lat' dir='ltr'><strong><em>paulo</em></strong></span> <span class='ocrx_word' id='word_1_558' title='bbox 594 4884 706 4935; x_wconf 84' lang='lat' dir='ltr'><strong><em>post</em></strong></span> <span class='ocrx_word' id='word_1_559' title='bbox 734 4868 1009 4956; x_wconf 58' lang='grc' dir='ltr'><strong><em>ΙιςιεεΙιιιίςε</em></strong></span> <span class='ocrx_word' id='word_1_560' title='bbox 1036 4894 1212 4956; x_wconf 67' lang='lat' dir='ltr'><strong><em>coram</em></strong></span> <span class='ocrx_word' id='word_1_561' title='bbox 1238 4882 1439 4956; x_wconf 85' lang='lat' dir='ltr'><strong><em>Basilio</em></strong></span> <span class='ocrx_word' id='word_1_562' title='bbox 1452 4868 1691 4956; x_wconf 77' lang='lat' dir='ltr'><strong><em>quintani</em></strong></span> 
     </span>
    </p>
   </div>
   <div class='ocr_carea' id='block_1_82' title="bbox 212 4942 1696 5020">
    <p class='ocr_par' dir='ltr' id='par_1_82' title="bbox 212 4942 1696 5020">
     <span class='ocr_line' id='line_1_82' title="bbox 212 4942 1696 5020; baseline 0.012 -29"><span class='ocrx_word' id='word_1_563' title='bbox 212 4942 503 5020; x_wconf 70' lang='lat' dir='ltr'><strong><em>orationem</em></strong></span> <span class='ocrx_word' id='word_1_564' title='bbox 549 4946 1004 5020; x_wconf 24' lang='lat' dir='ltr'><strong><em>pronumiutnlll.</em></strong></span> <span class='ocrx_word' id='word_1_565' title='bbox 1050 4947 1362 5020; x_wconf 74' lang='lat' dir='ltr'><strong><em>Episcopum</em></strong></span> <span class='ocrx_word' id='word_1_566' title='bbox 1396 4942 1581 5010; x_wconf 66' lang='lat' dir='ltr'><strong><em>Boaris</em></strong></span> <span class='ocrx_word' id='word_1_567' title='bbox 1609 4975 1696 5012; x_wconf 88' lang='lat' dir='ltr'><strong><em>or-</em></strong></span> 
     </span>
    </p>
   </div>
   <div class='ocr_carea' id='block_1_83' title="bbox 212 5010 1693 5095">
    <p class='ocr_par' dir='ltr' id='par_1_83' title="bbox 212 5010 1693 5095">
     <span class='ocr_line' id='line_1_83' title="bbox 212 5010 1693 5095; baseline 0.016 -37"><span class='ocrx_word' id='word_1_568' title='bbox 212 5010 717 5095; x_wconf 40' lang='lat' dir='ltr'><strong><em>d‘inat,hqui_prilitus</em></strong></span> <span class='ocrx_word' id='word_1_569' title='bbox 738 5018 910 5095; x_wconf 58' lang='lat' dir='ltr'><strong><em>oppidi</em></strong></span> <span class='ocrx_word' id='word_1_570' title='bbox 942 5010 1205 5087; x_wconf 73' lang='lat' dir='ltr'><strong><em>episcopus</em></strong></span> <span class='ocrx_word' id='word_1_571' title='bbox 1238 5010 1458 5095; x_wconf 52' lang='lat' dir='ltr'><strong><em>fuitJV.</em></strong></span> <span class='ocrx_word' id='word_1_572' title='bbox 1485 5025 1562 5079; x_wconf 86' lang='lat' dir='ltr'><strong><em>De</em></strong></span> <span class='ocrx_word' id='word_1_573' title='bbox 1588 5010 1693 5095; x_wconf 82' lang='lat' dir='ltr'><strong><em>epi-</em></strong></span> 
     </span>
    </p>
   </div>
   <div class='ocr_carea' id='block_1_84' title="bbox 210 5077 1695 5155">
    <p class='ocr_par' dir='ltr' id='par_1_84' title="bbox 210 5077 1695 5155">
     <span class='ocr_line' id='line_1_84' title="bbox 210 5077 1695 5155; baseline 0.016 -28"><span class='ocrx_word' id='word_1_574' title='bbox 210 5077 569 5155; x_wconf 84' lang='lat' dir='ltr'><strong><em>stola_Busilii</em></strong></span> <span class='ocrx_word' id='word_1_575' title='bbox 592 5082 683 5155; x_wconf 85' lang='lat'><strong><em>9_5.</em></strong></span> <span class='ocrx_word' id='word_1_576' title='bbox 727 5081 883 5155; x_wconf 14' lang='lat' dir='ltr'><strong><em>Elius,</em></strong></span> <span class='ocrx_word' id='word_1_577' title='bbox 912 5077 1188 5143; x_wconf 72' lang='lat' dir='ltr'><strong><em>accusatus</em></strong></span> <span class='ocrx_word' id='word_1_578' title='bbox 1224 5077 1517 5155; x_wconf 66' lang='lat' dir='ltr'><strong><em>Sophronia</em></strong></span> <span class='ocrx_word' id='word_1_579' title='bbox 1541 5077 1695 5151; x_wconf 18' lang='lat' dir='ltr'><strong><em>Veii};-</em></strong></span> 
     </span>
    </p>
   </div>
   <div class='ocr_carea' id='block_1_85' title="bbox 208 5149 1693 5231">
    <p class='ocr_par' dir='ltr' id='par_1_85' title="bbox 208 5149 1693 5231">
     <span class='ocr_line' id='line_1_85' title="bbox 208 5149 1693 5231; baseline 0.018 -34"><span class='ocrx_word' id='word_1_580' title='bbox 208 5149 485 5231; x_wconf 64' lang='lat' dir='ltr'><strong><em>mendatitr</em></strong></span> <span class='ocrx_word' id='word_1_581' title='bbox 514 5166 547 5231; x_wconf 64' lang='lat' dir='ltr'><strong><em>tt</em></strong></span> <span class='ocrx_word' id='word_1_582' title='bbox 593 5152 816 5231; x_wconf 57' lang='lat' dir='ltr'><strong><em>Basilio.</em></strong></span> <span class='ocrx_word' id='word_1_583' title='bbox 850 5154 915 5231; x_wconf 82' lang='lat' dir='ltr'><strong><em>V_._</em></strong></span> <span class='ocrx_word' id='word_1_584' title='bbox 929 5228 937 5231; x_wconf 25' lang='grc' dir='ltr'><strong>Α</strong></span> <span class='ocrx_word' id='word_1_585' title='bbox 962 5158 1145 5214; x_wconf 81' lang='lat' dir='ltr'><strong><em>Peleus</em></strong></span> <span class='ocrx_word' id='word_1_586' title='bbox 1176 5149 1384 5217; x_wconf 72' lang='lat' dir='ltr'><strong><em>Sasiam</em></strong></span> <span class='ocrx_word' id='word_1_587' title='bbox 1415 5149 1693 5231; x_wconf 77' lang='lat' dir='ltr'><strong><em>Gregorius</em></strong></span> 
     </span>
    </p>
   </div>
   <div class='ocr_carea' id='block_1_86' title="bbox 208 5222 1688 5304">
    <p class='ocr_par' dir='ltr' id='par_1_86' title="bbox 208 5222 1688 5304">
     <span class='ocr_line' id='line_1_86' title="bbox 208 5222 1688 5304; baseline 0.016 -36"><span class='ocrx_word' id='word_1_588' title='bbox 208 5223 478 5304; x_wconf 58' lang='lat' dir='ltr'><strong><em>repellitur</em></strong></span> <span class='ocrx_word' id='word_1_589' title='bbox 493 5222 557 5272; x_wconf 90' lang='lat' dir='ltr'><strong><em>ab</em></strong></span> <span class='ocrx_word' id='word_1_590' title='bbox 572 5223 839 5277; x_wconf 75' lang='lat' dir='ltr'><strong><em>Ant/timo.</em></strong></span> <span class='ocrx_word' id='word_1_591' title='bbox 867 5224 998 5304; x_wconf 73' lang='lat' dir='ltr'><strong><em>Ejus</em></strong></span> <span class='ocrx_word' id='word_1_592' title='bbox 1029 5243 1198 5304; x_wconf 75' lang='lat' dir='ltr'><strong><em>tamen</em></strong></span> <span class='ocrx_word' id='word_1_593' title='bbox 1230 5245 1412 5304; x_wconf 85' lang='lat' dir='ltr'><strong><em>rogatu</em></strong></span> <span class='ocrx_word' id='word_1_594' title='bbox 1437 5222 1542 5302; x_wconf 74' lang='lat' dir='ltr'><strong><em>agit</em></strong></span> <span class='ocrx_word' id='word_1_595' title='bbox 1573 5222 1688 5291; x_wconf 76' lang='lat' dir='ltr'><strong><em>cum</em></strong></span> 
     </span>
    </p>
   </div>
   <div class='ocr_carea' id='block_1_87' title="bbox 206 5284 1686 5371">
    <p class='ocr_par' dir='ltr' id='par_1_87' title="bbox 206 5284 1686 5371">
     <span class='ocr_line' id='line_1_87' title="bbox 206 5284 1686 5371; baseline 0.016 -34"><span class='ocrx_word' id='word_1_596' title='bbox 206 5284 409 5371; x_wconf 65' lang='lat' dir='ltr'><strong><em>Basilio</em></strong></span> <span class='ocrx_word' id='word_1_597' title='bbox 439 5293 504 5371; x_wconf 50' lang='lat' dir='ltr'><strong><em>de</em></strong></span> <span class='ocrx_word' id='word_1_598' title='bbox 544 5284 1091 5371; x_wconf 24' lang='lat' dir='ltr'><strong><em>congressunjn‘nuit</em></strong></span> <span class='ocrx_word' id='word_1_599' title='bbox 1131 5284 1686 5361; x_wconf 57' lang='lat' dir='ltr'><strong><em>Basilias&quot;aé&quot;}c}iiii</em></strong></span> 
     </span>
    </p>
   </div>
   <div class='ocr_carea' id='block_1_88' title="bbox 205 5359 1686 5441">
    <p class='ocr_par' dir='ltr' id='par_1_88' title="bbox 205 5359 1686 5441">
     <span class='ocr_line' id='line_1_88' title="bbox 205 5359 1686 5441; baseline 0.017 -35"><span class='ocrx_word' id='word_1_600' title='bbox 205 5359 409 5441; x_wconf 58' lang='lat' dir='ltr'><strong><em>senatui</em></strong></span> <span class='ocrx_word' id='word_1_601' title='bbox 462 5359 740 5441; x_wconf 58' lang='lat' dir='ltr'><strong><em>&#39;i‘yanensi.</em></strong></span> <span class='ocrx_word' id='word_1_602' title='bbox 802 5364 900 5441; x_wconf 80' lang='lat' dir='ltr'><strong><em>_VI.</em></strong></span> <span class='ocrx_word' id='word_1_603' title='bbox 952 5367 1315 5438; x_wconf 75' lang='lat' dir='ltr'><strong><em>Proficiscitur</em></strong></span> <span class='ocrx_word' id='word_1_604' title='bbox 1378 5359 1686 5431; x_wconf 77' lang='lat' dir='ltr'><strong><em>Sebastiani.</em></strong></span> 
     </span>
    </p>
   </div>
   <div class='ocr_carea' id='block_1_89' title="bbox 206 5426 1689 5511">
    <p class='ocr_par' dir='ltr' id='par_1_89' title="bbox 206 5426 1689 5511">
     <span class='ocr_line' id='line_1_89' title="bbox 206 5426 1689 5511; baseline 0.014 -34"><span class='ocrx_word' id='word_1_605' title='bbox 206 5426 550 5511; x_wconf 44' lang='lat' dir='ltr'><strong><em>l‘binEusebio</em></strong></span> <span class='ocrx_word' id='word_1_606' title='bbox 576 5436 859 5511; x_wconf 54' lang='lat' dir='ltr'><strong><em>respondet</em></strong></span> <span class='ocrx_word' id='word_1_607' title='bbox 901 5454 992 5511; x_wconf 71' lang='lat' dir='ltr'><strong><em>per</em></strong></span> <span class='ocrx_word' id='word_1_608' title='bbox 1024 5426 1291 5506; x_wconf 72' lang='lat' dir='ltr'><strong><em>epistolam</em></strong></span> <span class='ocrx_word' id='word_1_609' title='bbox 1318 5426 1404 5497; x_wconf 50' lang='lat'><strong><em>98:</em></strong></span> 
     </span>
    </p>
   </div>
   <div class='ocr_carea' id='block_1_90' title="bbox 204 5494 1681 5577">
    <p class='ocr_par' dir='ltr' id='par_1_90' title="bbox 204 5494 1681 5577">
     <span class='ocr_line' id='line_1_90' title="bbox 204 5494 1681 5577; baseline 0.014 -32"><span class='ocrx_word' id='word_1_610' title='bbox 204 5499 278 5577; x_wconf 49' lang='lat' dir='ltr'><strong><em>de.</em></strong></span> <span class='ocrx_word' id='word_1_611' title='bbox 295 5494 540 5577; x_wconf 68' lang='lat' dir='ltr'><strong><em>Gregorio</em></strong></span> <span class='ocrx_word' id='word_1_612' title='bbox 565 5494 927 5577; x_wconf 55' lang='lat' dir='ltr'><strong><em>Nasianzené</em></strong></span> <span class='ocrx_word' id='word_1_613' title='bbox 940 5508 1022 5557; x_wconf 77' lang='lat' dir='ltr'><strong><em>hic</em></strong></span> <span class='ocrx_word' id='word_1_614' title='bbox 1051 5494 1162 5577; x_wconf 68' lang='lat' dir='ltr'><strong><em>agi,</em></strong></span> <span class='ocrx_word' id='word_1_615' title='bbox 1192 5526 1253 5561; x_wconf 89' lang='lat' dir='ltr'><strong><em>ac</em></strong></span> <span class='ocrx_word' id='word_1_616' title='bbox 1280 5494 1404 5562; x_wconf 25' lang='lat' dir='ltr'><strong><em>eum-</em></strong></span> <span class='ocrx_word' id='word_1_617' title='bbox 1424 5494 1551 5564; x_wconf 68' lang='lat' dir='ltr'><strong><em>ante</em></strong></span> 
     </span>
    </p>
   </div>
   <div class='ocr_carea' id='block_1_91' title="bbox 203 5564 1677 5646">
    <p class='ocr_par' dir='ltr' id='par_1_91' title="bbox 203 5564 1677 5646">
     <span class='ocr_line' id='line_1_91' title="bbox 203 5564 1677 5646; baseline 0.013 -33"><span class='ocrx_word' id='word_1_618' title='bbox 203 5564 329 5613; x_wconf 62' lang='grc' dir='ltr'><strong><em>κισ</em></strong></span> <span class='ocrx_word' id='word_1_619' title='bbox 357 5568 652 5621; x_wconf 85' lang='lat' dir='ltr'><strong><em>ordinatum</em></strong></span> <span class='ocrx_word' id='word_1_620' title='bbox 670 5572 861 5637; x_wconf 77' lang='lat' dir='ltr'><strong><em>fuisse.</em></strong></span> <span class='ocrx_word' id='word_1_621' title='bbox 889 5564 1223 5641; x_wconf 51' lang='lat' dir='ltr'><strong><em>Synodu&#39;s&#39;in</em></strong></span> <span class='ocrx_word' id='word_1_622' title='bbox 1257 5593 1358 5646; x_wconf 84' lang='lat' dir='ltr'><strong><em>qua</em></strong></span> <span class='ocrx_word' id='word_1_623' title='bbox 1391 5578 1505 5631; x_wconf 85' lang='lat' dir='ltr'><strong><em>lites</em></strong></span> <span class='ocrx_word' id='word_1_624' title='bbox 1540 5564 1677 5632; x_wconf 83' lang='lat' dir='ltr'><strong><em>com-</em></strong></span> 
     </span>
    </p>
   </div>
   <div class='ocr_carea' id='block_1_92' title="bbox 202 5757 497 5820">
    <p class='ocr_par' dir='ltr' id='par_1_92' title="bbox 202 5757 497 5820">
     <span class='ocr_line' id='line_1_92' title="bbox 202 5757 497 5820; baseline 0.003 -4"><span class='ocrx_word' id='word_1_625' title='bbox 202 5758 273 5816; x_wconf 71' lang='lat' dir='ltr'><strong><em>te)</em></strong></span> <span class='ocrx_word' id='word_1_626' title='bbox 302 5757 386 5820; x_wconf 78' lang='lat' dir='ltr'><strong><em>Ea.</em></strong></span> <span class='ocrx_word' id='word_1_627' title='bbox 413 5761 497 5817; x_wconf 68' lang='lat'><strong><em>95.</em></strong></span> 
     </span>
    </p>
   </div>
   <div class='ocr_carea' id='block_1_93' title="bbox 1818 3289 3376 3361">
    <p class='ocr_par' dir='ltr' id='par_1_93' title="bbox 1818 3289 3376 3361">
     <span class='ocr_line' id='line_1_93' title="bbox 1818 3289 3376 3361; baseline -0.002 -13"><span class='ocrx_word' id='word_1_628' title='bbox 1818 3294 1972 3349; x_wconf 89' lang='lat' dir='ltr'><strong><em>ciret.</em></strong></span> <span class='ocrx_word' id='word_1_629' title='bbox 2011 3290 2267 3346; x_wconf 80' lang='lat' dir='ltr'><strong><em>Volucrat</em></strong></span> <span class='ocrx_word' id='word_1_630' title='bbox 2304 3289 2536 3346; x_wconf 89' lang='lat' dir='ltr'><strong><em>Basilius</em></strong></span> <span class='ocrx_word' id='word_1_631' title='bbox 2560 3306 2682 3344; x_wconf 89' lang='lat' dir='ltr'><strong><em>cum</em></strong></span> <span class='ocrx_word' id='word_1_632' title='bbox 2724 3290 2974 3361; x_wconf 59' lang='lat' dir='ltr'><strong><em>praeside,</em></strong></span> <span class='ocrx_word' id='word_1_633' title='bbox 3003 3299 3115 3345; x_wconf 89' lang='lat' dir='ltr'><strong>tum</strong></span> <span class='ocrx_word' id='word_1_634' title='bbox 3138 3304 3257 3345; x_wconf 88' lang='lat' dir='ltr'><strong><em>cum</em></strong></span> <span class='ocrx_word' id='word_1_635' title='bbox 3288 3291 3376 3345; x_wconf 88' lang='lat' dir='ltr'><strong><em>ille</em></strong></span> 
     </span>
    </p>
   </div>
   <div class='ocr_carea' id='block_1_94' title="bbox 1816 3383 3376 3455">
    <p class='ocr_par' dir='ltr' id='par_1_94' title="bbox 1816 3383 3376 3455">
     <span class='ocr_line' id='line_1_94' title="bbox 1816 3383 3376 3455; baseline -0.004 -14"><span class='ocrx_word' id='word_1_636' title='bbox 1816 3394 1959 3442; x_wconf 84' lang='lat' dir='ltr'><strong><em>esset</em></strong></span> <span class='ocrx_word' id='word_1_637' title='bbox 1996 3383 2278 3455; x_wconf 71' lang='lat' dir='ltr'><strong><em>Cmsareze,</em></strong></span> <span class='ocrx_word' id='word_1_638' title='bbox 2309 3393 2362 3440; x_wconf 90' lang='lat' dir='ltr'><strong><em>et</em></strong></span> <span class='ocrx_word' id='word_1_639' title='bbox 2393 3385 2457 3440; x_wconf 90' lang='lat' dir='ltr'><strong><em>de</em></strong></span> <span class='ocrx_word' id='word_1_640' title='bbox 2484 3385 2845 3439; x_wconf 80' lang='lat' dir='ltr'><strong><em>exterioribus</em></strong></span> <span class='ocrx_word' id='word_1_641' title='bbox 2888 3385 2999 3438; x_wconf 88' lang='lat' dir='ltr'><strong><em>suis</em></strong></span> <span class='ocrx_word' id='word_1_642' title='bbox 3034 3384 3265 3453; x_wconf 84' lang='lat' dir='ltr'><strong><em>negotiis</em></strong></span> <span class='ocrx_word' id='word_1_643' title='bbox 3320 3393 3376 3436; x_wconf 84' lang='lat' dir='ltr'><strong><em>ct</em></strong></span> 
     </span>
    </p>
   </div>
   <div class='ocr_carea' id='block_1_95' title="bbox 1816 3474 3376 3545">
    <p class='ocr_par' dir='ltr' id='par_1_95' title="bbox 1816 3474 3376 3545">
     <span class='ocr_line' id='line_1_95' title="bbox 1816 3474 3376 3545; baseline -0.003 -11"><span class='ocrx_word' id='word_1_644' title='bbox 1816 3478 1883 3534; x_wconf 87' lang='lat' dir='ltr'><strong><em>de</em></strong></span> <span class='ocrx_word' id='word_1_645' title='bbox 1910 3477 2071 3534; x_wconf 86' lang='lat' dir='ltr'><strong><em>rebus</em></strong></span> <span class='ocrx_word' id='word_1_646' title='bbox 2105 3478 2491 3534; x_wconf 87' lang='lat' dir='ltr'><strong><em>ecclesiasticis</em></strong></span> <span class='ocrx_word' id='word_1_647' title='bbox 2524 3476 2777 3545; x_wconf 89' lang='lat' dir='ltr'><strong><em>colloqui,</em></strong></span> <span class='ocrx_word' id='word_1_648' title='bbox 2814 3484 2870 3529; x_wconf 89' lang='lat' dir='ltr'><strong><em>ut</em></strong></span> <span class='ocrx_word' id='word_1_649' title='bbox 2908 3474 3376 3531; x_wconf 88' lang='lat' dir='ltr'><strong><em>criminationibus</em></strong></span> 
     </span>
    </p>
   </div>
   <div class='ocr_carea' id='block_1_96' title="bbox 1816 3565 3370 3636">
    <p class='ocr_par' dir='ltr' id='par_1_96' title="bbox 1816 3565 3370 3636">
     <span class='ocr_line' id='line_1_96' title="bbox 1816 3565 3370 3636; baseline -0.005 -11"><span class='ocrx_word' id='word_1_650' title='bbox 1816 3568 1869 3625; x_wconf 87' lang='lat' dir='ltr'><strong><em>in</em></strong></span> <span class='ocrx_word' id='word_1_651' title='bbox 1901 3580 2237 3624; x_wconf 85' lang='lat' dir='ltr'><strong><em>antecessum</em></strong></span> <span class='ocrx_word' id='word_1_652' title='bbox 2286 3576 2617 3623; x_wconf 89' lang='lat' dir='ltr'><strong><em>occurreret.</em></strong></span> <span class='ocrx_word' id='word_1_653' title='bbox 2678 3565 2785 3623; x_wconf 88' lang='lat' dir='ltr'><strong><em>Sed</em></strong></span> <span class='ocrx_word' id='word_1_654' title='bbox 2836 3566 3091 3636; x_wconf 88' lang='lat' dir='ltr'><strong><em>repressit</em></strong></span> <span class='ocrx_word' id='word_1_655' title='bbox 3125 3581 3220 3631; x_wconf 87' lang='lat' dir='ltr'><strong><em>se;</em></strong></span> <span class='ocrx_word' id='word_1_656' title='bbox 3260 3575 3370 3618; x_wconf 90' lang='lat' dir='ltr'><strong><em>tum</em></strong></span> 
     </span>
    </p>
   </div>
   <div class='ocr_carea' id='block_1_97' title="bbox 1815 3659 3370 3732">
    <p class='ocr_par' dir='ltr' id='par_1_97' title="bbox 1815 3659 3370 3732">
     <span class='ocr_line' id='line_1_97' title="bbox 1815 3659 3370 3732; baseline -0.004 -16"><span class='ocrx_word' id='word_1_657' title='bbox 1815 3676 1883 3716; x_wconf 90' lang='lat' dir='ltr'><strong><em>ne</em></strong></span> <span class='ocrx_word' id='word_1_658' title='bbox 1917 3661 2195 3732; x_wconf 62' lang='lat' dir='ltr'><strong><em>praesidem</em></strong></span> <span class='ocrx_word' id='word_1_659' title='bbox 2235 3674 2263 3714; x_wconf 88' lang='lat' dir='ltr'><strong><em>a</em></strong></span> <span class='ocrx_word' id='word_1_660' title='bbox 2301 3659 2633 3728; x_wconf 81' lang='lat' dir='ltr'><strong><em>publicartmi</em></strong></span> <span class='ocrx_word' id='word_1_661' title='bbox 2682 3673 2861 3713; x_wconf 89' lang='lat' dir='ltr'><strong><em>rerum</em></strong></span> <span class='ocrx_word' id='word_1_662' title='bbox 2914 3674 3040 3713; x_wconf 86' lang='lat' dir='ltr'><strong><em>cura</em></strong></span> <span class='ocrx_word' id='word_1_663' title='bbox 3081 3667 3370 3721; x_wconf 87' lang='lat' dir='ltr'><strong><em>averteret,</em></strong></span> 
     </span>
    </p>
   </div>
   <div class='ocr_carea' id='block_1_98' title="bbox 1815 3748 3371 3820">
    <p class='ocr_par' dir='ltr' id='par_1_98' title="bbox 1815 3748 3371 3820">
     <span class='ocr_line' id='line_1_98' title="bbox 1815 3748 3371 3820; baseline -0.001 -15"><span class='ocrx_word' id='word_1_664' title='bbox 1815 3761 1927 3807; x_wconf 89' lang='lat' dir='ltr'><strong><em>tum</em></strong></span> <span class='ocrx_word' id='word_1_665' title='bbox 1954 3766 2020 3807; x_wconf 90' lang='lat' dir='ltr'><strong><em>ne</em></strong></span> <span class='ocrx_word' id='word_1_666' title='bbox 2046 3766 2233 3820; x_wconf 89' lang='lat' dir='ltr'><strong><em>puram</em></strong></span> <span class='ocrx_word' id='word_1_667' title='bbox 2260 3750 2399 3805; x_wconf 90' lang='lat' dir='ltr'><strong><em>illius</em></strong></span> <span class='ocrx_word' id='word_1_668' title='bbox 2426 3751 2659 3803; x_wconf 89' lang='lat' dir='ltr'><strong><em>animatn</em></strong></span> <span class='ocrx_word' id='word_1_669' title='bbox 2691 3748 3067 3804; x_wconf 87' lang='lat' dir='ltr'><strong><em>altercationes</em></strong></span> <span class='ocrx_word' id='word_1_670' title='bbox 3096 3751 3371 3820; x_wconf 83' lang='lat' dir='ltr'><strong><em>episcopo-</em></strong></span> 
     </span>
    </p>
   </div>
   <div class='ocr_carea' id='block_1_99' title="bbox 1814 3840 3363 3900">
    <p class='ocr_par' dir='ltr' id='par_1_99' title="bbox 1814 3840 3363 3900">
     <span class='ocr_line' id='line_1_99' title="bbox 1814 3840 3363 3900; baseline -0.003 -1"><span class='ocrx_word' id='word_1_671' title='bbox 1814 3860 1932 3900; x_wconf 87' lang='lat' dir='ltr'><strong><em>rum</em></strong></span> <span class='ocrx_word' id='word_1_672' title='bbox 1966 3844 2237 3898; x_wconf 70' lang='lat' dir='ltr'><strong><em>lazderent.</em></strong></span> <span class='ocrx_word' id='word_1_673' title='bbox 2285 3840 2383 3899; x_wconf 87' lang='lat' dir='ltr'><strong><em>Ubi</em></strong></span> <span class='ocrx_word' id='word_1_674' title='bbox 2420 3852 2597 3897; x_wconf 87' lang='lat' dir='ltr'><strong><em>autem</em></strong></span> <span class='ocrx_word' id='word_1_675' title='bbox 2629 3842 2833 3897; x_wconf 89' lang='lat' dir='ltr'><strong><em>audivit</em></strong></span> <span class='ocrx_word' id='word_1_676' title='bbox 2864 3842 3205 3897; x_wconf 85' lang='lat' dir='ltr'><strong><em>adversarios</em></strong></span> <span class='ocrx_word' id='word_1_677' title='bbox 3232 3856 3363 3895; x_wconf 79' lang='lat' dir='ltr'><strong><em>suos</em></strong></span> 
     </span>
    </p>
   </div>
   <div class='ocr_carea' id='block_1_100' title="bbox 1811 3934 3370 4001">
    <p class='ocr_par' dir='ltr' id='par_1_100' title="bbox 1811 3934 3370 4001">
     <span class='ocr_line' id='line_1_100' title="bbox 1811 3934 3370 4001; baseline -0.004 -9"><span class='ocrx_word' id='word_1_678' title='bbox 1811 3937 1976 3992; x_wconf 89' lang='lat' dir='ltr'><strong><em>multa</em></strong></span> <span class='ocrx_word' id='word_1_679' title='bbox 2008 3936 2150 3991; x_wconf 91' lang='lat' dir='ltr'><strong><em>illius</em></strong></span> <span class='ocrx_word' id='word_1_680' title='bbox 2179 3936 2396 3990; x_wconf 88' lang='lat' dir='ltr'><strong><em>auribus</em></strong></span> <span class='ocrx_word' id='word_1_681' title='bbox 2432 3936 2837 3998; x_wconf 77' lang='lat' dir='ltr'><strong><em>insnsnrrasse,</em></strong></span> <span class='ocrx_word' id='word_1_682' title='bbox 2889 3945 3000 3989; x_wconf 88' lang='lat' dir='ltr'><strong><em>tum</em></strong></span> <span class='ocrx_word' id='word_1_683' title='bbox 3035 3950 3183 4001; x_wconf 83' lang='lat' dir='ltr'><strong><em>vero,</em></strong></span> <span class='ocrx_word' id='word_1_684' title='bbox 3217 3934 3370 3988; x_wconf 83' lang='lat' dir='ltr'><strong><em>inlir-</em></strong></span> 
     </span>
    </p>
   </div>
   <div class='ocr_carea' id='block_1_101' title="bbox 1810 4025 3366 4097">
    <p class='ocr_par' dir='ltr' id='par_1_101' title="bbox 1810 4025 3366 4097">
     <span class='ocr_line' id='line_1_101' title="bbox 1810 4025 3366 4097; baseline -0.003 -14"><span class='ocrx_word' id='word_1_685' title='bbox 1810 4029 1993 4083; x_wconf 89' lang='lat' dir='ltr'><strong><em>mitate</em></strong></span> <span class='ocrx_word' id='word_1_686' title='bbox 2041 4028 2308 4096; x_wconf 89' lang='lat' dir='ltr'><strong><em>corporis,</em></strong></span> <span class='ocrx_word' id='word_1_687' title='bbox 2349 4026 2640 4097; x_wconf 87' lang='lat' dir='ltr'><strong><em>quominus</em></strong></span> <span class='ocrx_word' id='word_1_688' title='bbox 2693 4026 2974 4094; x_wconf 71' lang='lat' dir='ltr'><strong><em>prmsidem</em></strong></span> <span class='ocrx_word' id='word_1_689' title='bbox 3022 4025 3214 4087; x_wconf 88' lang='lat' dir='ltr'><strong><em>adiret,</em></strong></span> <span class='ocrx_word' id='word_1_690' title='bbox 3245 4040 3366 4093; x_wconf 91' lang='lat' dir='ltr'><strong><em>pro-</em></strong></span> 
     </span>
    </p>
   </div>
   <div class='ocr_carea' id='block_1_102' title="bbox 1811 4115 3367 4187">
    <p class='ocr_par' dir='ltr' id='par_1_102' title="bbox 1811 4115 3367 4187">
     <span class='ocr_line' id='line_1_102' title="bbox 1811 4115 3367 4187; baseline -0.003 -13"><span class='ocrx_word' id='word_1_691' title='bbox 1811 4120 2048 4183; x_wconf 90' lang='lat' dir='ltr'><strong><em>hibente,</em></strong></span> <span class='ocrx_word' id='word_1_692' title='bbox 2080 4134 2300 4173; x_wconf 86' lang='lat' dir='ltr'><strong><em>causam</em></strong></span> <span class='ocrx_word' id='word_1_693' title='bbox 2328 4132 2423 4187; x_wconf 83' lang='lat' dir='ltr'><strong><em>per</em></strong></span> <span class='ocrx_word' id='word_1_694' title='bbox 2458 4115 2923 4173; x_wconf 73' lang='lat' dir='ltr'><strong><em>Iitterasdcl‘endit</em></strong></span> <span class='ocrx_word' id='word_1_695' title='bbox 2950 4131 3013 4169; x_wconf 89' lang='lat' dir='ltr'><strong><em>ac</em></strong></span> <span class='ocrx_word' id='word_1_696' title='bbox 3032 4116 3367 4170; x_wconf 84' lang='lat' dir='ltr'><strong><em>demonstrat</em></strong></span> 
     </span>
    </p>
   </div>
   <div class='ocr_carea' id='block_1_103' title="bbox 1809 4208 3365 4278">
    <p class='ocr_par' dir='ltr' id='par_1_103' title="bbox 1809 4208 3365 4278">
     <span class='ocr_line' id='line_1_103' title="bbox 1809 4208 3365 4278; baseline -0.001 -12"><span class='ocrx_word' id='word_1_697' title='bbox 1809 4211 2090 4266; x_wconf 86' lang='lat' dir='ltr'><strong><em>consilium</em></strong></span> <span class='ocrx_word' id='word_1_698' title='bbox 2121 4226 2277 4265; x_wconf 85' lang='lat' dir='ltr'><strong><em>suum</em></strong></span> <span class='ocrx_word' id='word_1_699' title='bbox 2326 4226 2429 4265; x_wconf 90' lang='lat' dir='ltr'><strong><em>non</em></strong></span> <span class='ocrx_word' id='word_1_700' title='bbox 2477 4209 2632 4263; x_wconf 88' lang='lat' dir='ltr'><strong><em>modo</em></strong></span> <span class='ocrx_word' id='word_1_701' title='bbox 2683 4208 2909 4278; x_wconf 89' lang='lat' dir='ltr'><strong><em>publicis</em></strong></span> <span class='ocrx_word' id='word_1_702' title='bbox 2944 4208 3103 4264; x_wconf 86' lang='lat' dir='ltr'><strong><em>rebus</em></strong></span> <span class='ocrx_word' id='word_1_703' title='bbox 3133 4225 3237 4263; x_wconf 91' lang='lat' dir='ltr'><strong><em>non</em></strong></span> <span class='ocrx_word' id='word_1_704' title='bbox 3269 4224 3365 4264; x_wconf 87' lang='lat' dir='ltr'><strong><em>no-</em></strong></span> 
     </span>
    </p>
   </div>
   <div class='ocr_carea' id='block_1_104' title="bbox 1809 4300 3365 4371">
    <p class='ocr_par' dir='ltr' id='par_1_104' title="bbox 1809 4300 3365 4371">
     <span class='ocr_line' id='line_1_104' title="bbox 1809 4300 3365 4371; baseline 0.001 -16"><span class='ocrx_word' id='word_1_705' title='bbox 1809 4316 1951 4365; x_wconf 86' lang='lat' dir='ltr'><strong><em>cere,</em></strong></span> <span class='ocrx_word' id='word_1_706' title='bbox 1977 4302 2070 4356; x_wconf 85' lang='lat' dir='ltr'><strong><em>sed</em></strong></span> <span class='ocrx_word' id='word_1_707' title='bbox 2102 4303 2261 4356; x_wconf 87' lang='lat' dir='ltr'><strong><em>etiam</em></strong></span> <span class='ocrx_word' id='word_1_708' title='bbox 2318 4300 2606 4371; x_wconf 83' lang='lat' dir='ltr'><strong><em>plurimum</em></strong></span> <span class='ocrx_word' id='word_1_709' title='bbox 2641 4302 2913 4371; x_wconf 88' lang='lat' dir='ltr'><strong><em>prodesse,</em></strong></span> <span class='ocrx_word' id='word_1_710' title='bbox 2949 4317 3012 4356; x_wconf 91' lang='lat' dir='ltr'><strong><em>ac</em></strong></span> <span class='ocrx_word' id='word_1_711' title='bbox 3051 4303 3147 4371; x_wconf 91' lang='lat' dir='ltr'><strong><em>ipsi</em></strong></span> <span class='ocrx_word' id='word_1_712' title='bbox 3195 4303 3365 4371; x_wconf 81' lang='lat' dir='ltr'><strong><em>impe-</em></strong></span> 
     </span>
    </p>
   </div>
   <div class='ocr_carea' id='block_1_105' title="bbox 1807 4390 3363 4463">
    <p class='ocr_par' dir='ltr' id='par_1_105' title="bbox 1807 4390 3363 4463">
     <span class='ocr_line' id='line_1_105' title="bbox 1807 4390 3363 4463; baseline 0.001 -15"><span class='ocrx_word' id='word_1_713' title='bbox 1807 4394 1976 4448; x_wconf 85' lang='lat' dir='ltr'><strong><em>ratori</em></strong></span> <span class='ocrx_word' id='word_1_714' title='bbox 2011 4394 2292 4463; x_wconf 89' lang='lat' dir='ltr'><strong><em>probatum</em></strong></span> <span class='ocrx_word' id='word_1_715' title='bbox 2327 4390 2515 4449; x_wconf 86' lang='lat' dir='ltr'><strong><em>luisse.</em></strong></span> <span class='ocrx_word' id='word_1_716' title='bbox 2547 4390 2676 4458; x_wconf 72' lang='lat' dir='ltr'><strong><em>Quae</em></strong></span> <span class='ocrx_word' id='word_1_717' title='bbox 2699 4402 2877 4447; x_wconf 89' lang='lat' dir='ltr'><strong><em>autem</em></strong></span> <span class='ocrx_word' id='word_1_718' title='bbox 2913 4392 3060 4458; x_wconf 67' lang='lat' dir='ltr'><strong><em>Eliso,</em></strong></span> <span class='ocrx_word' id='word_1_719' title='bbox 3103 4401 3157 4445; x_wconf 92' lang='lat' dir='ltr'><strong><em>ut</em></strong></span> <span class='ocrx_word' id='word_1_720' title='bbox 3187 4395 3363 4449; x_wconf 85' lang='lat' dir='ltr'><strong><em>amico</em></strong></span> 
     </span>
    </p>
   </div>
   <div class='ocr_carea' id='block_1_106' title="bbox 1727 4482 3362 4572">
    <p class='ocr_par' dir='ltr' id='par_1_106' title="bbox 1727 4482 3362 4572">
     <span class='ocr_line' id='line_1_106' title="bbox 1727 4482 3362 4572; baseline 0.001 -32"><span class='ocrx_word' id='word_1_721' title='bbox 1727 4513 1778 4572; x_wconf 70' lang='grc' dir='ltr'>ο</span> <span class='ocrx_word' id='word_1_722' title='bbox 1806 4496 1859 4540; x_wconf 88' lang='lat' dir='ltr'><strong><em>et</em></strong></span> <span class='ocrx_word' id='word_1_723' title='bbox 1911 4483 2239 4547; x_wconf 83' lang='lat' dir='ltr'><strong><em>Christiano,</em></strong></span> <span class='ocrx_word' id='word_1_724' title='bbox 2275 4482 2341 4536; x_wconf 88' lang='lat' dir='ltr'><strong><em>de</em></strong></span> <span class='ocrx_word' id='word_1_725' title='bbox 2396 4484 2783 4541; x_wconf 83' lang='lat' dir='ltr'><strong><em>ecclesiasticis</em></strong></span> <span class='ocrx_word' id='word_1_726' title='bbox 2842 4486 2998 4539; x_wconf 88' lang='lat' dir='ltr'><strong><em>rebus</em></strong></span> <span class='ocrx_word' id='word_1_727' title='bbox 3040 4487 3362 4554; x_wconf 84' lang='lat' dir='ltr'><strong><em>respondere</em></strong></span> 
     </span>
    </p>
   </div>
   <div class='ocr_carea' id='block_1_107' title="bbox 1810 4573 3360 4647">
    <p class='ocr_par' dir='ltr' id='par_1_107' title="bbox 1810 4573 3360 4647">
     <span class='ocr_line' id='line_1_107' title="bbox 1810 4573 3360 4647; baseline 0.002 -17"><span class='ocrx_word' id='word_1_728' title='bbox 1810 4592 1903 4646; x_wconf 80' lang='lat' dir='ltr'><strong><em>par</em></strong></span> <span class='ocrx_word' id='word_1_729' title='bbox 1932 4583 2067 4640; x_wconf 88' lang='lat' dir='ltr'><strong><em>erat,</em></strong></span> <span class='ocrx_word' id='word_1_730' title='bbox 2109 4588 2169 4628; x_wconf 86' lang='lat' dir='ltr'><strong><em>ca</em></strong></span> <span class='ocrx_word' id='word_1_731' title='bbox 2216 4573 2449 4631; x_wconf 87' lang='lat' dir='ltr'><strong><em>Basilius</em></strong></span> <span class='ocrx_word' id='word_1_732' title='bbox 2504 4578 2556 4630; x_wconf 91' lang='lat' dir='ltr'><strong><em>in</em></strong></span> <span class='ocrx_word' id='word_1_733' title='bbox 2610 4578 2752 4630; x_wconf 89' lang='lat' dir='ltr'><strong><em>aliud</em></strong></span> <span class='ocrx_word' id='word_1_734' title='bbox 2808 4586 3018 4647; x_wconf 89' lang='lat' dir='ltr'><strong><em>tempus</em></strong></span> <span class='ocrx_word' id='word_1_735' title='bbox 3062 4578 3258 4643; x_wconf 77' lang='lat' dir='ltr'><strong><em>diliert,</em></strong></span> <span class='ocrx_word' id='word_1_736' title='bbox 3299 4594 3360 4633; x_wconf 90' lang='lat' dir='ltr'><strong><em>ac</em></strong></span> 
     </span>
    </p>
   </div>
   <div class='ocr_carea' id='block_1_108' title="bbox 1806 4667 3360 4739">
    <p class='ocr_par' dir='ltr' id='par_1_108' title="bbox 1806 4667 3360 4739">
     <span class='ocr_line' id='line_1_108' title="bbox 1806 4667 3360 4739; baseline 0.003 -17"><span class='ocrx_word' id='word_1_737' title='bbox 1806 4667 2085 4739; x_wconf 67' lang='lat' dir='ltr'><strong><em>praisidem</em></strong></span> <span class='ocrx_word' id='word_1_738' title='bbox 2135 4679 2310 4739; x_wconf 86' lang='lat' dir='ltr'><strong><em>rogat,</em></strong></span> <span class='ocrx_word' id='word_1_739' title='bbox 2370 4679 2427 4723; x_wconf 91' lang='lat' dir='ltr'><strong><em>ut</em></strong></span> <span class='ocrx_word' id='word_1_740' title='bbox 2479 4669 2577 4723; x_wconf 90' lang='lat' dir='ltr'><strong><em>sibi</em></strong></span> <span class='ocrx_word' id='word_1_741' title='bbox 2626 4668 2847 4723; x_wconf 88' lang='lat' dir='ltr'><strong><em>alteram</em></strong></span> <span class='ocrx_word' id='word_1_742' title='bbox 2882 4686 3067 4725; x_wconf 87' lang='lat' dir='ltr'><strong><em>aurem</em></strong></span> <span class='ocrx_word' id='word_1_743' title='bbox 3118 4672 3360 4739; x_wconf 78' lang='lat' dir='ltr'><strong><em>exemplo</em></strong></span> 
     </span>
    </p>
   </div>
   <div class='ocr_carea' id='block_1_109' title="bbox 1802 4761 3308 4835">
    <p class='ocr_par' dir='ltr' id='par_1_109' title="bbox 1802 4761 3308 4835">
     <span class='ocr_line' id='line_1_109' title="bbox 1802 4761 3308 4835; baseline 0.003 -20"><span class='ocrx_word' id='word_1_744' title='bbox 1802 4761 2119 4828; x_wconf 83' lang='lat' dir='ltr'><strong><em>Alexandri,</em></strong></span> <span class='ocrx_word' id='word_1_745' title='bbox 2144 4778 2313 4830; x_wconf 86' lang='lat' dir='ltr'><strong><em>usque</em></strong></span> <span class='ocrx_word' id='word_1_746' title='bbox 2345 4765 2409 4816; x_wconf 86' lang='lat' dir='ltr'><strong><em>ad</em></strong></span> <span class='ocrx_word' id='word_1_747' title='bbox 2434 4778 2779 4833; x_wconf 86' lang='lat' dir='ltr'><strong><em>congressum</em></strong></span> <span class='ocrx_word' id='word_1_748' title='bbox 2810 4764 3071 4835; x_wconf 81' lang='lat' dir='ltr'><strong><em>integram</em></strong></span> <span class='ocrx_word' id='word_1_749' title='bbox 3107 4776 3308 4819; x_wconf 87' lang='lat' dir='ltr'><strong><em>servet.</em></strong></span> 
     </span>
    </p>
   </div>
   <div class='ocr_carea' id='block_1_110' title="bbox 1880 4851 3352 4923">
    <p class='ocr_par' dir='ltr' id='par_1_110' title="bbox 1880 4851 3352 4923">
     <span class='ocr_line' id='line_1_110' title="bbox 1880 4851 3352 4923; baseline -0.001 -16"><span class='ocrx_word' id='word_1_750' title='bbox 1880 4851 2002 4907; x_wconf 68' lang='lat' dir='ltr'><strong><em>Haec</em></strong></span> <span class='ocrx_word' id='word_1_751' title='bbox 2052 4855 2275 4923; x_wconf 82' lang='lat' dir='ltr'><strong><em>epistola</em></strong></span> <span class='ocrx_word' id='word_1_752' title='bbox 2332 4855 2428 4920; x_wconf 77' lang='grc' dir='ltr'><strong><em>(ω,</em></strong></span> <span class='ocrx_word' id='word_1_753' title='bbox 2458 4869 2619 4923; x_wconf 87' lang='lat' dir='ltr'><strong><em>quam</em></strong></span> <span class='ocrx_word' id='word_1_754' title='bbox 2667 4857 2860 4910; x_wconf 87' lang='lat' dir='ltr'><strong><em>eruditi</em></strong></span> <span class='ocrx_word' id='word_1_755' title='bbox 2892 4856 2991 4909; x_wconf 88' lang='lat' dir='ltr'><strong><em>viri</em></strong></span> <span class='ocrx_word' id='word_1_756' title='bbox 3047 4856 3111 4908; x_wconf 89' lang='lat' dir='ltr'><strong><em>ad</em></strong></span> <span class='ocrx_word' id='word_1_757' title='bbox 3155 4870 3352 4908; x_wconf 88' lang='lat' dir='ltr'><strong><em>amnnn</em></strong></span> 
     </span>
    </p>
   </div>
   <div class='ocr_carea' id='block_1_111' title="bbox 1800 4947 3355 5012">
    <p class='ocr_par' dir='ltr' id='par_1_111' title="bbox 1800 4947 3355 5012">
     <span class='ocr_line' id='line_1_111' title="bbox 1800 4947 3355 5012; baseline 0.002 -10"><span class='ocrx_word' id='word_1_758' title='bbox 1800 4947 1893 5002; x_wconf 79' lang='lat' dir='ltr'><strong><em>57l</em></strong></span> <span class='ocrx_word' id='word_1_759' title='bbox 1928 4948 2246 5012; x_wconf 88' lang='lat' dir='ltr'><strong><em>retulerunt,</em></strong></span> <span class='ocrx_word' id='word_1_760' title='bbox 2281 4949 2416 5003; x_wconf 83' lang='lat' dir='ltr'><strong><em>inter</em></strong></span> <span class='ocrx_word' id='word_1_761' title='bbox 2456 4947 2555 5003; x_wconf 88' lang='lat' dir='ltr'><strong><em>bas</em></strong></span> <span class='ocrx_word' id='word_1_762' title='bbox 2610 4949 2791 5004; x_wconf 85' lang='lat' dir='ltr'><strong><em>Basilii</em></strong></span> <span class='ocrx_word' id='word_1_763' title='bbox 2835 4965 2954 5002; x_wconf 90' lang='lat' dir='ltr'><strong><em>cum</em></strong></span> <span class='ocrx_word' id='word_1_764' title='bbox 3000 4947 3255 5002; x_wconf 78' lang='lat' dir='ltr'><strong><em>Anthimo</em></strong></span> <span class='ocrx_word' id='word_1_765' title='bbox 3300 4961 3355 5005; x_wconf 80' lang='lat' dir='ltr'><strong><em>et</em></strong></span> 
     </span>
    </p>
   </div>
   <div class='ocr_carea' id='block_1_112' title="bbox 1796 5039 3351 5111">
    <p class='ocr_par' dir='ltr' id='par_1_112' title="bbox 1796 5039 3351 5111">
     <span class='ocr_line' id='line_1_112' title="bbox 1796 5039 3351 5111; baseline 0.001 -19"><span class='ocrx_word' id='word_1_766' title='bbox 1796 5040 1913 5093; x_wconf 86' lang='lat' dir='ltr'><strong><em>aliis</em></strong></span> <span class='ocrx_word' id='word_1_767' title='bbox 1942 5040 2208 5111; x_wconf 82' lang='lat' dir='ltr'><strong><em>episcOpis</em></strong></span> <span class='ocrx_word' id='word_1_768' title='bbox 2252 5040 2617 5095; x_wconf 87' lang='lat' dir='ltr'><strong><em>dissensiones</em></strong></span> <span class='ocrx_word' id='word_1_769' title='bbox 2660 5040 2994 5095; x_wconf 73' lang='lat' dir='ltr'><strong><em>collocanda.</em></strong></span> <span class='ocrx_word' id='word_1_770' title='bbox 3040 5039 3162 5094; x_wconf 69' lang='lat' dir='ltr'><strong><em>llaec</em></strong></span> <span class='ocrx_word' id='word_1_771' title='bbox 3208 5040 3351 5094; x_wconf 86' lang='lat' dir='ltr'><strong><em>enim</em></strong></span> 
     </span>
    </p>
   </div>
   <div class='ocr_carea' id='block_1_113' title="bbox 1794 5130 3352 5201">
    <p class='ocr_par' dir='ltr' id='par_1_113' title="bbox 1794 5130 3352 5201">
     <span class='ocr_line' id='line_1_113' title="bbox 1794 5130 3352 5201; baseline 0.002 -18"><span class='ocrx_word' id='word_1_772' title='bbox 1794 5141 1940 5198; x_wconf 73' lang='lat' dir='ltr'><strong><em>gesta</em></strong></span> <span class='ocrx_word' id='word_1_773' title='bbox 1968 5140 2093 5183; x_wconf 89' lang='lat' dir='ltr'><strong><em>sunt</em></strong></span> <span class='ocrx_word' id='word_1_774' title='bbox 2144 5141 2424 5201; x_wconf 87' lang='lat' dir='ltr'><strong><em>postquam</em></strong></span> <span class='ocrx_word' id='word_1_775' title='bbox 2469 5130 2664 5188; x_wconf 82' lang='lat' dir='ltr'><strong><em>Valens</em></strong></span> <span class='ocrx_word' id='word_1_776' title='bbox 2708 5133 2947 5187; x_wconf 72' lang='lat' dir='ltr'><strong><em>Caesarea</em></strong></span> <span class='ocrx_word' id='word_1_777' title='bbox 2993 5132 3258 5195; x_wconf 87' lang='lat' dir='ltr'><strong><em>discessit,</em></strong></span> <span class='ocrx_word' id='word_1_778' title='bbox 3295 5142 3352 5186; x_wconf 92' lang='lat' dir='ltr'><strong><em>ut</em></strong></span> 
     </span>
    </p>
   </div>
   <div class='ocr_carea' id='block_1_114' title="bbox 1792 5222 3349 5293">
    <p class='ocr_par' dir='ltr' id='par_1_114' title="bbox 1792 5222 3349 5293">
     <span class='ocr_line' id='line_1_114' title="bbox 1792 5222 3349 5293; baseline 0.001 -19"><span class='ocrx_word' id='word_1_779' title='bbox 1792 5231 1934 5291; x_wconf 86' lang='lat' dir='ltr'><strong><em>patet</em></strong></span> <span class='ocrx_word' id='word_1_780' title='bbox 1967 5237 2035 5276; x_wconf 83' lang='lat' dir='ltr'><strong><em>ex</em></strong></span> <span class='ocrx_word' id='word_1_781' title='bbox 2069 5223 2154 5277; x_wconf 88' lang='lat' dir='ltr'><strong><em>his</em></strong></span> <span class='ocrx_word' id='word_1_782' title='bbox 2190 5224 2366 5277; x_wconf 82' lang='lat' dir='ltr'><strong><em>verbis</em></strong></span> <span class='ocrx_word' id='word_1_783' title='bbox 2404 5242 2419 5278; x_wconf 89' lang='lat'><strong>:</strong></span> <span class='ocrx_word' id='word_1_784' title='bbox 2454 5222 2600 5278; x_wconf 83' lang='lat' dir='ltr'><strong><em>Unde</em></strong></span> <span class='ocrx_word' id='word_1_785' title='bbox 2636 5226 2762 5277; x_wconf 80' lang='lat' dir='ltr'><strong><em>mihi</em></strong></span> <span class='ocrx_word' id='word_1_786' title='bbox 2811 5224 3011 5278; x_wconf 81' lang='lat' dir='ltr'><strong><em>ridetur</em></strong></span> <span class='ocrx_word' id='word_1_787' title='bbox 3038 5236 3086 5278; x_wconf 94' lang='lat' dir='ltr'><strong><em>et</em></strong></span> <span class='ocrx_word' id='word_1_788' title='bbox 3132 5240 3349 5293; x_wconf 83' lang='lat' dir='ltr'><strong><em>magnus</em></strong></span> 
     </span>
    </p>
   </div>
   <div class='ocr_carea' id='block_1_115' title="bbox 1796 5312 3345 5381">
    <p class='ocr_par' dir='ltr' id='par_1_115' title="bbox 1796 5312 3345 5381">
     <span class='ocr_line' id='line_1_115' title="bbox 1796 5312 3345 5381; baseline -0.001 -15"><span class='ocrx_word' id='word_1_789' title='bbox 1796 5313 2097 5380; x_wconf 81' lang='lat' dir='ltr'><strong><em>imperator,</em></strong></span> <span class='ocrx_word' id='word_1_790' title='bbox 2130 5312 2216 5367; x_wconf 85' lang='lat' dir='ltr'><strong><em>ubi</em></strong></span> <span class='ocrx_word' id='word_1_791' title='bbox 2246 5327 2474 5367; x_wconf 80' lang='lat' dir='ltr'><strong><em>nostram</em></strong></span> <span class='ocrx_word' id='word_1_792' title='bbox 2500 5316 2632 5367; x_wconf 83' lang='lat' dir='ltr'><strong><em>hanc</em></strong></span> <span class='ocrx_word' id='word_1_793' title='bbox 2650 5314 3048 5367; x_wconf 81' lang='lat' dir='ltr'><strong><em>sollicitudinem</em></strong></span> <span class='ocrx_word' id='word_1_794' title='bbox 3064 5315 3345 5381; x_wconf 69' lang='lat' dir='ltr'><strong><em>perspexit,</em></strong></span> 
     </span>
    </p>
   </div>
   <div class='ocr_carea' id='block_1_116' title="bbox 1794 5398 3343 5465">
    <p class='ocr_par' dir='ltr' id='par_1_116' title="bbox 1794 5398 3343 5465">
     <span class='ocr_line' id='line_1_116' title="bbox 1794 5398 3343 5465; baseline -0.003 -13"><span class='ocrx_word' id='word_1_795' title='bbox 1794 5401 1989 5453; x_wconf 79' lang='lat' dir='ltr'><strong><em>ueniam</em></strong></span> <span class='ocrx_word' id='word_1_796' title='bbox 2020 5400 2252 5465; x_wconf 84' lang='lat' dir='ltr'><strong><em>dedisse,</em></strong></span> <span class='ocrx_word' id='word_1_797' title='bbox 2280 5412 2333 5453; x_wconf 90' lang='lat' dir='ltr'><strong><em>ut</em></strong></span> <span class='ocrx_word' id='word_1_798' title='bbox 2363 5401 2621 5453; x_wconf 79' lang='lat' dir='ltr'><strong><em>Ecclesias</em></strong></span> <span class='ocrx_word' id='word_1_799' title='bbox 2652 5416 2743 5465; x_wconf 87' lang='lat' dir='ltr'><strong><em>per</em></strong></span> <span class='ocrx_word' id='word_1_800' title='bbox 2771 5416 2861 5452; x_wconf 86' lang='lat' dir='ltr'><strong><em>nos</em></strong></span> <span class='ocrx_word' id='word_1_801' title='bbox 2886 5400 2982 5465; x_wconf 89' lang='lat' dir='ltr'><strong><em>ipsi</em></strong></span> <span class='ocrx_word' id='word_1_802' title='bbox 3009 5398 3343 5451; x_wconf 80' lang='lat' dir='ltr'><strong><em>administra-</em></strong></span> 
     </span>
    </p>
   </div>
   <div class='ocr_carea' id='block_1_117' title="bbox 1792 5486 3336 5558">
    <p class='ocr_par' dir='ltr' id='par_1_117' title="bbox 1792 5486 3336 5558">
     <span class='ocr_line' id='line_1_117' title="bbox 1792 5486 3336 5558; baseline -0.001 -19"><span class='ocrx_word' id='word_1_803' title='bbox 1792 5505 1980 5542; x_wconf 83' lang='lat' dir='ltr'><strong><em>remus.</em></strong></span> <span class='ocrx_word' id='word_1_804' title='bbox 2008 5488 2233 5542; x_wconf 84' lang='lat' dir='ltr'><strong><em>Frustra</em></strong></span> <span class='ocrx_word' id='word_1_805' title='bbox 2260 5505 2387 5558; x_wconf 89' lang='lat' dir='ltr'><strong><em>ergo</em></strong></span> <span class='ocrx_word' id='word_1_806' title='bbox 2420 5492 2530 5543; x_wconf 65' lang='lat' dir='ltr'><strong><em>hinc</em></strong></span> <span class='ocrx_word' id='word_1_807' title='bbox 2560 5490 2863 5556; x_wconf 87' lang='lat' dir='ltr'><strong><em>epistolain</em></strong></span> <span class='ocrx_word' id='word_1_808' title='bbox 2896 5503 3093 5540; x_wconf 90' lang='lat' dir='ltr'><strong><em>annum</em></strong></span> <span class='ocrx_word' id='word_1_809' title='bbox 3121 5486 3216 5539; x_wconf 80' lang='lat' dir='ltr'><strong><em>37l</em></strong></span> <span class='ocrx_word' id='word_1_810' title='bbox 3254 5500 3336 5537; x_wconf 83' lang='lat' dir='ltr'><strong><em>re-</em></strong></span> 
     </span>
    </p>
   </div>
   <div class='ocr_carea' id='block_1_118' title="bbox 1787 5575 3328 5645">
    <p class='ocr_par' dir='ltr' id='par_1_118' title="bbox 1787 5575 3328 5645">
     <span class='ocr_line' id='line_1_118' title="bbox 1787 5575 3328 5645; baseline -0.005 -14"><span class='ocrx_word' id='word_1_811' title='bbox 1787 5581 2053 5632; x_wconf 87' lang='lat' dir='ltr'><strong><em>traltatur.</em></strong></span> <span class='ocrx_word' id='word_1_812' title='bbox 2082 5577 2195 5631; x_wconf 81' lang='lat' dir='ltr'><strong><em>Non</em></strong></span> <span class='ocrx_word' id='word_1_813' title='bbox 2222 5586 2398 5633; x_wconf 85' lang='lat' dir='ltr'><strong><em>tamen</em></strong></span> <span class='ocrx_word' id='word_1_814' title='bbox 2427 5578 2590 5632; x_wconf 90' lang='lat' dir='ltr'><strong><em>multo</em></strong></span> <span class='ocrx_word' id='word_1_815' title='bbox 2620 5588 2736 5645; x_wconf 81' lang='lat' dir='ltr'><strong><em>post</em></strong></span> <span class='ocrx_word' id='word_1_816' title='bbox 2773 5575 3002 5629; x_wconf 65' lang='lat' dir='ltr'><strong><em>Valentis</em></strong></span> <span class='ocrx_word' id='word_1_817' title='bbox 3036 5575 3328 5629; x_wconf 78' lang='lat' dir='ltr'><strong><em>discessum</em></strong></span> 
     </span>
    </p>
   </div>
   <div class='ocr_carea' id='block_1_119' title="bbox 1853 5766 2156 5829">
    <p class='ocr_par' dir='ltr' id='par_1_119' title="bbox 1853 5766 2156 5829">
     <span class='ocr_line' id='line_1_119' title="bbox 1853 5766 2156 5829; baseline 0.007 -12"><span class='ocrx_word' id='word_1_818' title='bbox 1853 5768 1922 5829; x_wconf 69' lang='lat' dir='ltr'><strong><em>(lt)</em></strong></span> <span class='ocrx_word' id='word_1_819' title='bbox 1957 5766 2047 5825; x_wconf 77' lang='grc' dir='ltr'><strong><em>ΕΡ.</em></strong></span> <span class='ocrx_word' id='word_1_820' title='bbox 2080 5767 2156 5820; x_wconf 67' lang='grc'>98.</span> 
     </span>
    </p>
   </div>
  </div>
