4074 6312
648 385 766 425 »ειν

652 588 786 641 toria
826 585 1087 640 hactenus
1130 594 1460 654 cornportata
1507 601 1520 637 :
1568 600 1704 654 opus
1753 595 1929 639 autem
1974 601 2079 640 non
2132 601 2225 653 po-

652 681 751 733 tuit
781 680 957 733 serius
991 680 1228 747 incipere
1257 680 1356 747 (a),
1388 678 1659 747 siquidem
1710 682 1819 748 jam
1872 690 2055 747 aptum
2100 691 2219 733 erat

650 782 705 824 et
739 780 987 837 paratum
1026 771 1331 838 hospitibus
1362 769 1745 837 suscipiendis,
1769 770 1881 839 jam
1909 771 2224 824 monasterii

655 864 827 917 forma
854 864 967 917 suis
1009 861 1253 915 absoluta
1286 860 1525 915 numeris
1556 872 1679 915 ante
1708 862 1866 915 finem
1925 861 2049 913 anni
2101 860 2224 914 575.

655 958 831 1019 Quare
868 967 1067 1008 mutual:
1101 954 1203 1007 illae
1242 953 1623 1009 altercationes
1670 952 2064 1022 episcoporum,
2110 953 2228 1020 qui-

659 1052 755 1100 bus
780 1047 1010 1101 Basilius
1043 1048 1276 1099 animam
1306 1045 1438 1101 Elia:
1480 1046 1595 1100 laedi
1630 1047 1865 1110 uolebat,
1911 1046 2043 1099 nihil
2082 1047 2225 1100 aliud

651 1149 781 1193 sunt
811 1155 971 1207 quam
994 1140 1361 1193 dissensiones
1397 1155 1515 1192 cum
1545 1140 1802 1193 Anthimo
1836 1150 1891 1193 et
1933 1140 2081 1204 aliis;
2118 1155 2223 1193 non

653 1235 796 1287 enim
851 1233 996 1287 aliud
1055 1249 1278 1301 prorsus
1331 1234 1586 1299 suspicari
1626 1233 1773 1294 licet,
1831 1248 1927 1287 nec
1956 1232 2227 1287 immerito

658 1336 866 1396 tempus
930 1324 1193 1395 ejusmodi
1258 1324 1657 1379 dissensionum
1714 1340 1777 1379 ex
1835 1324 1937 1379 hac
2001 1324 2225 1395 epistola

654 1416 1064 1471 constituimus.

727 1528 839 1584 Hoc
898 1532 1375 1601 ptochotrophinm
1444 1532 1495 1584 in
1552 1531 1811 1585 suburbio
1859 1532 2135 1585 conditum
2196 1547 2225 1586 a

658 1623 825 1676 fratre
866 1621 1053 1677 laudat
1086 1624 1383 1695 Nyssenns.
1418 1624 1619 1677 Novam
1664 1624 1934 1675 civitatem
1967 1623 2041 1693 (ὁ)
2074 1633 2225 1677 extra

657 1716 964 1769 Caesaream
1026 1717 1259 1785 appellat
1311 1716 1682 1770 Nazianzenus
1720 1716 1810 1783 (c).
1867 1715 1996 1769 Erat
2048 1724 2225 1769 autem

659 1806 966 1875 hospitibus
1015 1820 1071 1862 et
1120 1810 1420 1879 peregrinis
1474 1808 1823 1870 destinatum,
1878 1818 1987 1862 tum
2038 1809 2108 1862 iis
2137 1808 2224 1876 qui

659 1901 770 1953 i-ito
804 1910 1111 1963 transeunt,
1146 1911 1255 1955 tum
1292 1901 1360 1955 iis
1390 1902 1479 1967 qui
1509 1899 1716 1953 medela
1752 1900 1932 1968 aliqua
1968 1899 2225 1968 indigent.

660 1992 755 2047 llis
800 1995 984 2049 verbis
1028 1995 1334 2050 indicantur
1371 1992 1596 2061 leprosi,
1633 1993 1722 2061 qui
1774 2008 1893 2046 cum
1925 1993 2233 2049 civitatibus

666 2087 1019 2153 pellerentur,
1047 2103 1151 2141 non
1187 2088 1460 2140 immerito
1510 2086 1651 2139 inter
1696 2086 1939 2153 hospites
1983 2097 2037 2140 et
2076 2102 2230 2156 pere-

658 2178 843 2245 grinos
878 2179 1233 2233 habebantur.
1282 2178 1376 2233 His
1428 2179 1705 2249 prmcipue
1741 2178 2013 2246 provisum
2070 2178 2233 2231 fuisse

656 2270 763 2322 hoc
793 2270 1080 2338 hospitium
1119 2281 1385 2326 testantur
1419 2270 1793 2324 Nazianzenus
1828 2269 1905 2340 (tl)
1950 2279 2003 2322 et
2054 2268 2230 2323 Theo-

658 2360 882 2415 doretus
909 2362 977 2432 (ε)
1017 2380 1034 2418 :
1066 2378 1171 2416 non
1201 2372 1379 2416 tamen
1416 2363 1667 2416 videntur
1702 2362 1911 2415 exclusi
1942 2358 2105 2414 fuisse
2141 2359 2232 2413 alii

659 2469 726 2507 ex
756 2454 982 2508 civitate
1019 2465 1111 2509 aut
1133 2472 1198 2509 ex
1227 2456 1344 2508 aliis
1374 2455 1503 2509 locis
1525 2455 1869 2509 advenientes
1898 2452 2102 2520 aegroti.
2130 2450 2234 2505 Sed

660 2548 929 2613 prmcipue
962 2547 1013 2599 in
1049 2547 1293 2613 leprosos
1340 2547 1536 2599 enitnit
1576 2546 1814 2599 charitas
1852 2544 2055 2609 Basilii,
2099 2558 2233 2611 quos

662 2639 747 2690 vir
770 2637 968 2690 nobilis
997 2644 1050 2689 et
1080 2638 1347 2690 nobilibus
1382 2647 1534 2689 ortus
1566 2636 1799 2689 osculari
1859 2650 1961 2687 non
2020 2636 2233 2687 dubita-

661 2732 778 2793 bat,
809 2745 914 2783 non
955 2730 1021 2784 ad
1074 2730 1288 2783 inanem
1346 2729 1569 2798 gloriam
1613 2730 1791 2799 (nemo
1844 2731 1985 2781 enim
2037 2729 2102 2780 ab
2135 2728 2236 2781 hoc

659 2822 794 2875 vitio
829 2822 1105 2885 remotior,
1144 2822 1315 2891 inquit
1346 2821 1735 2885 Nazianzenus,
1781 2822 1871 2875 sed
1906 2830 1961 2873 ut
1990 2820 2123 2875 alios
2168 2818 2235 2890 (Ῑ)

661 2913 907 2979 exemplo
952 2928 1046 2965 suo
1096 2913 1159 2964 ad
1212 2928 1494 2979 corpornm
1523 2914 1849 2966 curationem
1883 2911 2110 2965 libenter
2140 2926 2233 2967 ac—

668 3004 865 3057 cedere
892 3004 1132 3057 doceret.
1172 3002 1279 3056 Nec
1309 3018 1435 3055 vero
1466 3002 1575 3056 sola
1607 3003 1794 3055 civitas
1829 3002 1970 3054 illius
2004 3004 2235 3055 charita-

665 3103 773 3147 tom
805 3095 995 3155 sensit,
1033 3095 1125 3148 sed
1176 3093 1228 3148 in
1267 3108 1431 3162 pagos
1454 3094 1615 3147 etiam
1665 3092 2058 3145 sollicitudines
2110 3106 2237 3145 suas

662 3188 1002 3247 extendebat,
1023 3200 1082 3238 ac
1116 3185 1364 3238 omnibus
1412 3184 1590 3254 populi
1642 3182 1947 3253 prmpositis
1988 3184 2237 3237 humani-
2266 3203 2306 3259 ο

666 3288 826 3330 tatem
860 3280 911 3330 in
946 3292 1229 3345 pauperes,
1257 3286 1313 3330 ut
1352 3294 1636 3331 commune
1663 3288 1937 3331 certamen
1973 3291 2238 3346 propone-

664 3372 775 3421 bat.
813 3370 964 3425 Unde
993 3368 1066 3440 (9)
1108 3369 1302 3440 singuli
1342 3372 1717 3442 chorcpiscopi
1758 3374 2009 3427 videntur
2037 3374 2086 3427 in
2144 3390 2240 3442 pa-

663 3463 746 3533 gis
779 3462 878 3516 sibi
921 3463 1226 3518 commissis
1257 3479 1546 3518 commune
1586 3465 1804 3533 aliquod
1836 3466 2088 3521 habuisse
2118 3479 2236 3537 pto-

665 3553 1075 3622 cbotrophium.

739 3685 814 3758 (Ιι)
845 3684 1149 3756 Schissime
1196 3688 1247 3741 in
1280 3687 1751 3757 ptochotrophium
1787 3689 2039 3744 veniebat
2090 3689 2242 3745 Basi-

669 3775 794 3840 lius,
832 3792 934 3829 non
971 3776 1165 3838 solum,
1195 3787 1251 3829 ttt
1298 3793 1587 3845 pauperum
1624 3795 1809 3832 curam
1862 3789 2096 3849 gereret,
2147 3781 2241 3835 sed

668 3869 831 3919 etiam
867 3876 925 3921 ut
974 3868 1362 3921 monasterium
1410 3870 1685 3935 inviseret,
1714 3870 1854 3938 quod
1886 3872 1953 3925 ibi
1989 3884 2239 3927 constru-

673 3978 686 4003 ι
708 3968 819 4009 ιιιιιι
851 3971 988 4012 erat.
1022 3959 1269 4012 Monachi
1298 3959 1441 4011 enim
1486 3970 1641 4013 erant
1671 3963 1814 4015 servi
1858 3962 1933 4015 illi
1974 3963 2089 4027 Dei,
2118 3967 2237 4032 qni-

671 4050 772 4103 bns
801 4051 1090 4119 assignatze
1122 4062 1274 4104 erant
1295 4052 1438 4104 mdes
1466 4052 1770 4109 inferiores.
1794 4054 1869 4107 Ex
1904 4056 2005 4109 hoc
2036 4055 2151 4108 loco
2180 4056 2239 4124 (i)

672 4144 960 4210 perscribit
997 4145 1371 4209 Amphilochia
1403 4145 1715 4200 Heraclidas
1739 4148 1917 4201 audita
1952 4163 2015 4202 ex
2046 4147 2243 4204 Basilio

674 4238 988 4289 monasticae
1019 4238 1140 4289 vita:
1170 4248 1459 4306 przccepta.
1489 4239 1709 4292 Praefuit
1733 4250 1785 4293 et
1824 4242 2155 4298 monaSIerio
2189 4253 2244 4297 et

674 4326 1091 4394 ptochotmphio
1139 4329 1220 4381 vir
1275 4330 1489 4383 eximiae
1545 4331 1784 4394 virtutis,
1842 4330 2104 4387 Sacerdos
2149 4350 2245 4388 no-

674 4420 847 4481 mine;
897 4421 988 4473 sed
1010 4422 1056 4474 ei
1092 4432 1380 4490 utrumque
1406 4421 1791 4487 ministerium,
1818 4424 1958 4492 quod
1994 4423 2241 4491 Basilius,

2002 369 2525 426 PllOLEGOMENA.

648 493 872 561 scripta.
907 491 1002 545 Vis
1050 492 1193 546 enim
1237 488 1503 545 aedificare
1548 500 1789 560 coeperat
1833 489 2082 555 Basilius,
2114 507 2227 545 ma-
2254 496 2299 551 Α
2329 492 2472 544 ditur
2505 492 2572 545 ab
2602 490 2701 544 hac
2730 492 2809 545 sui
2850 491 2898 545 in
2932 501 3136 559 patrem
3170 502 3221 545 et
3250 494 3498 548 Basiliam
3528 496 3771 564 obsequii
3819 496 3893 550 si—

2329 583 2703 651 gnificatione.
2749 540 3314 657 Oﬁéév'lczupétspov,
3350 589 3538 657 inquit,
3564 540 3770 660 yfpdig,
3806 540 3916 643 καὶ(

2328 676 2487 728 οὐδὲν
2546 676 2725 745 φιλίας
2793 678 3230 750 αἱδευιμώτερον.
3278 679 3413 731 Ὑπὸ
3469 681 3669 733 τούτων
3727 682 3899 751 ἧχθην

2331 770 2464 837 ὑμῖν
2495 768 2606 836 ἐγὼ
2638 770 2857 839 δέσμιος
2897 772 2953 821 ἐν
2985 770 3222 840 Χριστῷ,
3246 771 3419 835 δεθεὶς
3440 774 3539 825 οὐκ
3564 772 3786 826 ἁλύσεσι
3816 790 3897 826 σι-

2333 862 2547 932 δηραῖς,
2601 862 2736 916 ἀλλὰ
2781 865 2892 925 τοῖς
2920 862 3132 925 ἀλύτοις
3160 864 3375 935 δεσμοῖς
3416 865 3510 918 τοῦ
3564 867 3895 937 πνεύματος.

2342 951 2496 1006 Nihil
2541 964 2801 1008 senectute
2832 955 3041 1024 fortius,
3074 956 3202 1008 nihil
3248 957 3478 1010 amicitia
3531 959 3894 1013 venerabilius.

2335 1046 2414 1098 Ab
2445 1046 2524 1099 his
2548 1064 2637 1116 ego
2691 1049 2758 1099 ad
2794 1064 2881 1100 vos
2935 1049 3119 1100 ductus
3150 1064 3286 1112 sum,
3338 1051 3534 1103 vinctus
3576 1052 3631 1103 in
3660 1050 3893 1118 Christo,

2337 1154 2436 1189 non
2462 1140 2657 1191 catenis
2685 1138 2888 1207 ferreis,
2918 1141 3007 1192 sed
3047 1140 3394 1193 tenacissimis
3426 1143 3634 1208 spiritus
3673 1145 3894 1197 uinculis

2330 1231 2672 1282 constrictus.
2732 1230 2823 1285 llis
2856 1246 2985 1285 sane
3038 1232 3217 1284 verbis
3262 1232 3460 1285 indicat
3505 1231 3797 1302 Gregorius
3836 1247 3897 1288 se

2329 1322 2508 1389 aliquo
2549 1337 2613 1375 ex
2641 1322 2755 1375 loco
2791 1322 3122 1376 Nazianzum
3165 1324 3377 1385 venire;
3414 1339 3475 1379 ac
3502 1325 3727 1391 proinde
3781 1326 3898 1380 haec

2334 1414 2507 1468 oratio
2546 1428 2650 1466 non
2683 1414 2864 1466 statim
2894 1426 3013 1482 post
3042 1416 3430 1470 ordinationem
3458 1424 3510 1469 et
3545 1426 3667 1469 ante
3691 1416 3899 1471 oratio-

2331 1521 2451 1559 nem
2485 1506 2801 1575 septimam,
2832 1518 2889 1560 ut
2923 1509 3094 1561 visum
3126 1519 3207 1561 est
3238 1509 3599 1572 Tillemontio,
3634 1508 3727 1562 sed
3775 1518 3899 1576 post

2336 1596 2574 1650 reditum
2611 1611 2677 1650 ex
2706 1597 2825 1666 fuga
2860 1598 3199 1664 pronuntiata
3257 1608 3357 1654 est.
3414 1598 3501 1653 Sic
3542 1600 3702 1653 etiam
3755 1597 3897 1667 quod

2333 1687 2482 1740 addit
2510 1702 2569 1741 se
2603 1697 2759 1740 antea
2784 1688 2902 1740 aliis
2936 1689 3116 1742 omnia
3146 1688 3444 1756 reliquisse,
3482 1699 3538 1742 ut
3571 1703 3751 1745 secum
3774 1688 3901 1758 phi-

2332 1777 2727 1845 losopharetur,
2752 1786 2803 1832 et
2825 1777 2950 1831 Elia:
2967 1777 3268 1833 Carmelum
3292 1795 3352 1833 ac
3375 1780 3595 1835 Joannis
3623 1784 3897 1836 desertore

2334 1869 2614 1937 cogitasse,
2651 1871 2700 1922 id
2735 1870 2977 1938 profecto
3010 1870 3187 1924 dicere
3215 1886 3315 1923 non
3342 1873 3510 1938 potuit
3536 1872 3651 1941 ipso
3684 1874 3899 1926 ordina-

2338 1961 2497 2013 tionis
2522 1959 2846 2016 Sasimcnsis
2875 1961 2981 2025 die,
3030 1977 3189 2031 quam
3211 1977 3313 2017 non
3339 1964 3611 2031 praecessit
3639 1963 3898 2029 solitudo,

2334 2054 2426 2107 sed
2455 2053 2631 2122 potius
2658 2056 2943 2111 sacerdotii
2973 2055 3123 2110 labor
3172 2058 3222 2109 in
3252 2066 3401 2126 patre
3433 2055 3754 2122 adiuvando.

2408 2144 2740 2199 Tillemontii
2778 2148 3082 2216 Opinionem
3116 2147 3309 2202 clarius
3347 2147 3595 2201 refellunt
3640 2162 3760 2216 qua)
3816 2162 3902 2201 se-

2336 2248 2599 2305 quuntur.
2639 2239 2729 2291 Ait
2763 2253 2819 2292 se
2844 2249 2997 2293 antea
3031 2242 3222 2296 fortem
3254 2242 3534 2310 quemdam
3584 2250 3638 2295 et
3682 2242 3903 2309 insupe—

2335 2329 2559 2383 rabilem
2581 2328 2679 2383 sibi
2704 2328 2876 2382 visum
2905 2344 3053 2394 esse;
3086 2346 3149 2385 ac
3180 2349 3249 2386 ne
3274 2334 3656 2389 amantissimis
3682 2334 3902 2403 quidem

2337 2420 2421 2475 his
2457 2420 2724 2474 fratribus
2753 2436 3033 2475 sermones
3065 2422 3291 2487 dedisse,
3315 2436 3373 2476 ut
3400 2440 3580 2478 secum
3611 2426 3722 2494 ipse
3754 2435 3906 2480 tran-

2336 2513 2501 2581 quille
2531 2512 3029 2584 phil050pharetur,
3067 2530 3360 2584 secumque
3387 2517 3499 2584 ipse
3543 2529 3596 2571 et
3624 2534 3746 2572 cum
3794 2521 3907 2589 spi-

2344 2606 2448 2657 ritu
2476 2606 2801 2673 colloquium
2860 2607 3100 2662 haberet.
3129 2607 3209 2660 An
3250 2617 3423 2675 potest
3453 2608 3790 2665 manifestius
3817 2614 3904 2665 in-

2340 2696 2507 2751 dicari
2535 2698 2765 2754 solitudo
2794 2706 2845 2752 in
2874 2715 3035 2768 quam
3068 2716 3124 2755 se
3157 2701 3468 2769 receperat?
3496 2699 3599 2754 Sed
3627 2703 3766 2768 quod
3794 2718 3909 2756 am-

2342 2789 2556 2857 bigendi
2585 2791 2759 2845 locum
2790 2806 3003 2845 omnem
3044 2793 3348 2861 przecludit,
3386 2799 3626 2847 recantat
3651 2808 3909 2859 quaecun-

2336 2897 2440 2951 que
2467 2892 2585 2950 post
2614 2885 3009 2938 ordinationem
3041 2886 3224 2940 dolore
3257 2887 3517 2939 suadente
3558 2886 3607 2937 in
3644 2883 3905 2937 Basiliam

2337 2978 2581 3043 asperius
2613 2976 2841 3034 dixerat.
2890 2977 3013 3029 Jam
3060 2980 3197 3031 enim
3242 2980 3376 3032 iram
3422 2979 3609 3049 abjicio
3655 2978 3907 3045 (Audiam

2339 3071 2594 3121 mansueti
2631 3079 2676 3120 et
2705 3069 2949 3121 lwteutur
2978 3068 3152 3139 !_Psal.
3192 3086 3385 3133 xxxm,
3412 3068 3467 3142 5]
3499 3071 3549 3140 ),
3598 3084 3911 3139 manumque

2342 3162 2496 3223 hanc,
2522 3174 2636 3227 qua:
2664 3158 2791 3209 mihi
2839 3159 2940 3209 vim
2970 3160 3171 3221 attulit,
3209 3162 3416 3227 placido
3448 3163 3593 3213 cultu
3621 3162 3908 3227 conspicio,

2343 3267 2403 3302 ac
2436 3248 2648 3316 spiritui
2680 3246 2921 3311 arrideo,
2954 3246 3180 3315 mihique
3204 3261 3514 3301 commotum
3545 3263 3725 3317 pectus
3753 3253 3912 3304 seda-

2344 3351 2450 3406 tur,
2478 3340 2711 3406 reditque
2750 3338 2918 3401 ratio;
2963 3348 3116 3407 atque
3170 3338 3425 3403 amicitia,
3461 3340 3629 3390 instar
3678 3342 3911 3407 ﬂamma:

2342 3432 2610 3499 consopita
2652 3441 2697 3483 et
2733 3430 3012 3492 exstincta,
3053 3444 3237 3481 rursus
3272 3443 3335 3481 ea:
3361 3444 3518 3496 parco
3553 3430 3784 3497 igniculo
3828 3448 3915 3483 re—

2340 3526 2557 3587 viviscit,
2584 3534 2633 3578 et
2662 3524 2939 3577 excitatur.
2982 3520 3239 3575 Renuerat
3273 3521 3534 3575 consolari
3558 3524 3738 3574 anima
3771 3539 3915 3588 mea,

2342 3626 2391 3669 et
2412 3618 2672 3669 anxietate
2719 3614 3040 3683 adiciebatur
3088 3615 3141 3667 in
3179 3629 3257 3667 me
3302 3615 3514 3683 spiritus
3540 3631 3703 3668 meus.
3740 3615 3869 3667 Dixi
3895 3629 3914 3667 :

2348 3707 2635 3775 Nunquam
2663 3708 2715 3757 in
2756 3716 3021 3773 posterum
3058 3706 3308 3759 amicitia:
3329 3706 3484 3773 ﬁdem
3518 3706 3738 3759 habebo.
3771 3708 3917 3761 Ante

2346 3798 2740 3853 ordinationem
2766 3796 3003 3848 amicitia
3046 3794 3299 3849 Basilium
3333 3799 3472 3850 inter
3505 3807 3559 3851 et
3586 3796 3915 3868 Gregorium

2348 3892 2566 3947 turbata
2604 3904 2710 3944 non
2741 3887 2952 3953 fuerat;
2986 3886 3093 3940 iras
3117 3879 3259 3939 inter
3294 3900 3385 3939 eos
3424 3886 3535 3939 sola
3571 3889 3737 3941 movit
3766 3891 3917 3943 ordi-

2348 3986 2517 4048 natio,
2555 3993 2609 4038 et
2633 3981 2774 4052 quod
2805 3980 3099 4050 Gregorius
3121 3976 3322 4032 fatetur
3345 3992 3402 4032 se
3424 3977 3646 4043 dixisse,
3682 3980 3815 4033 nulli
3858 3995 3918 4035 se

2351 4076 2606 4143 deinceps
2634 4074 2809 4127 amico
2850 4073 3007 4127 fidem
3038 4073 3371 4133 habiturum,
3410 4069 3459 4122 id
3488 4071 3759 4139 conceptis
3788 4085 3915 4126 ver-

2350 4165 2434 4218 bis
2464 4165 2592 4218 dicit
2643 4166 2693 4217 in
2747 4164 2988 4218 clausula
3016 4163 3261 4232 epistola:
3298 4161 3388 4225 51,
3423 4176 3583 4229 quam
3616 4174 3738 4232 post
3769 4162 3919 4231 abje-

2352 4266 2494 4309 ctum
2527 4254 2890 4324 gubernanda:
2930 4254 3265 4307 Sasimorum
3322 4252 3573 4311 Ecclesiae
3625 4256 3916 4309 consilium

2346 4348 2581 4417 scripsit.
2609 4347 2746 4414 Quin
2774 4350 2933 4399 etiam
2958 4360 3079 4399 cum
3104 4346 3415 4417 obsequium
3458 4363 3610 4401 suum
3644 4348 3695 4400 in
3721 4350 3924 4401 oratio-

2350 4444 2508 4496 nibus
2538 4441 2567 4494 7
2609 4452 2663 4494 et
2691 4440 2747 4503 6,
2785 4454 2889 4492 non
2939 4439 3055 4491 sine
3084 4441 3318 4509 querelis
3346 4449 3399 4494 et
3428 4439 3629 4492 aculeis
3666 4439 3716 4491 in
3763 4438 3919 4495 Basi-

672 4521 733 4562 u~t
768 4512 1062 4566 verisimile
1106 4524 1211 4579 est,
1250 4515 1597 4568 commiserat
1621 4514 1712 4584 (j),
1749 4516 2022 4572 llelladius
2057 4516 2235 4571 Basilii

2351 4536 2478 4590 lium
2520 4544 2773 4597 testetur,
2814 4533 2863 4585 in
2898 4532 3001 4586 hac
3029 4534 3218 4603 quinta
3251 4534 3499 4587 oratione
3526 4532 3661 4585 adeo
3692 4533 3830 4589 lenis
3864 4546 3920 4590 et

676 4620 961 4660 successor
1007 4607 1240 4671 indignis
1290 4608 1459 4660 modis
1504 4608 1799 4676 abrogavit.
1849 4609 2243 4667 Celeberrimus

674 4697 775 4749 fuit
818 4698 904 4750 hic
956 4698 1105 4752 locus
1139 4713 1200 4751 ac
1254 4697 1574 4752 Basiliadent
1632 4701 1813 4754 vocari
1870 4702 2085 4757 solitum
2124 4719 2244 4757 esse

679 4788 936 4841 discimus
980 4804 1047 4842 ex
1092 4787 1324 4856 quodam
1362 4790 1566 4841 scholio
1602 4790 1653 4843 in
1704 4792 1937 4859 antiquis
1970 4793 2242 4849 codicibus

675 4890 795 4947 post
834 4881 1071 4948 regulam
1122 4881 1275 4935 brev.
1304 4881 1430 4948 286,
1469 4894 1702 4952 reperto.
1745 4884 1949 4938 Laudat
1985 4884 2243 4940 Sozome-

679 4987 777 5022 nus
811 4969 884 5039 (lt)
927 4973 1185 5024 eximium
1216 4975 1502 5041 quennlam
1551 4974 2018 5044 chorepiscopum,
2056 4976 2247 5045 Prapi-

680 5060 825 5113 dittnt
860 5065 1096 5129 nomine,
1124 5080 1285 5133 quem
1317 5064 1567 5119 Basiliadi
1612 5066 1887 5134 pran‘uisse
1925 5076 2171 5121 testatur.

748 5173 813 5229 ll.
850 5173 964 5228 Non
989 5178 1077 5231 diu
1116 5178 1349 5247 perstitit
1372 5179 1425 5231 in
1453 5180 1570 5248 fuga
1601 5177 1907 5249 Gregorius,
1940 5181 2025 5249 qui
2066 5195 2122 5235 se
2145 5180 2246 5235 hac

686 5285 783 5321 Jtla
818 5267 870 5321 in
913 5283 967 5322 re
995 5271 1170 5325 minus
1204 5271 1395 5325 fortem
1438 5287 1499 5324 ac
1536 5286 1853 5340 generosum
1883 5272 2079 5330 fatetur
2102 5288 2241 5339 esse,

700 5378 731 5413 n
761 5363 834 5414 ira
872 5362 1040 5431 patris
1090 5365 1429 5433 perferenda.
1459 5364 1769 5421 Orationem
1805 5368 2047 5436 quintam
2086 5381 2244 5422 exor-

751 5504 825 5587 (9)
862 5506 1110 5587 592-15.9-

750 5576 825 5644 (ὸ)
861 5578 912 5629 Ιιι
945 5578 1112 5632 llasil.

750 5648 822 5716 (τ)
846 5648 939 5701 0r.
964 5648 1054 5702 ‘20.

754 5720 830 5783 tu)
866 5718 997 5772 uno.

757 5788 826 5851 (ρ)
852 5788 966 5841 Lib.
1004 5806 1073 5858 ιγ,
1106 5808 1153 5846 c.
1187 5792 1265 5847 19.

754 5858 821 5915 (Π
852 5860 983 5915 Ibid.

2355 4631 2597 4699 placatus
2627 4636 2729 4691 est,
2764 4635 2823 4678 ut
2850 4624 2992 4679 nulla
3030 4636 3156 4680 tunc
3182 4626 3296 4693 eius
3327 4626 3507 4679 animo
3541 4625 3787 4680 videatur
3831 4644 3920 4681 re—

2355 4722 2560 4775 sedisse
2608 4716 2864 4784 oll‘ensio;
2907 4730 2960 4774 ct
2993 4735 3114 4774 cum
3152 4718 3335 4773 Basilii
3366 4718 3645 4771 consilium
3700 4720 3755 4772 in
3794 4735 3922 4773 ora-

2354 4815 2497 4868 tione
2528 4822 2703 4875 sesta,
2736 4812 2954 4881 dignum
2992 4830 3097 4867 non
3132 4813 3295 4865 fuisse
3324 4811 3464 4865 dicat
3484 4827 3547 4866 eo
3578 4814 3792 4880 spiritu,
3824 4814 3919 4880 qui

2352 4918 2469 4962 erat
2504 4907 2555 4959 in
2592 4904 2822 4970 Basilio;
2853 4920 2993 4958 nune
3026 4906 3164 4959 idem
3210 4904 3493 4957 consilium
3528 4906 3593 4957 ad
3622 4915 3767 4957 astra
3817 4907 3926 4961 lol-

2348 5003 2410 5056 lit
2438 5018 2452 5054 :
2480 4999 2737 5066 Spiritum
2784 4998 3050 5061 amicitiw,
3088 4997 3263 5065 inquit
3293 4997 3353 5068 (Ι)
3379 5037 3393 5061 ,
3417 4995 3721 5064 post/tubere
3751 4999 3918 5051 mini-

2346 5112 2425 5147 me
2456 5091 2753 5146 sustinuisti
2790 5090 3229 5158 (quandoquidem
3268 5100 3321 5142 ut
3351 5106 3441 5142 nos
3475 5090 3641 5156 pluris
3664 5090 3917 5155 fortasse,

2353 5206 2507 5258 quam
2532 5189 2663 5241 alios
2699 5203 2874 5240 omnes
2898 5186 3044 5239 ducis
3076 5202 3093 5237 :
3117 5187 3190 5238 ita
3217 5202 3419 5238 rursum
3463 5184 3716 5251 Spiritum
3768 5190 3921 5241 nobis

2353 5278 2502 5347 longe
2532 5278 2845 5345 anteponis).
2896 5275 3019 5328 Non
3066 5293 3250 5341 passus
3299 5293 3347 5329 es
3386 5276 3639 5329 talentum
3692 5277 3744 5329 in
3778 5291 3925 5333 terra

2353 5370 2615 5439 defossum
2640 5386 2793 5437 a~:qne
2816 5370 3055 5421 obrutum
3090 5368 3269 5425 latere.
3312 5368 3430 5423 Non
3462 5385 3646 5437 passus
3672 5385 3724 5425 es
3757 5372 3925 5428 lucer-

2420 5511 2493 5580 (g)
2534 5512 2631 5578 Ep.
2668 5510 2768 5563 M9.
2796 5512 2987 5565 eti-1.3.

2422 5585 2497 5650 (lt)
2526 5583 2618 5645 Ep.
2650 5582 2768 5634 150.

2420 5654 2481 5719 (i)
2516 5650 2646 5703 lnid.

2420 5721 2483 5788 (ᾖ
2515 5723 2638 5775 Naz.
2670 5737 2753 5790 ep.
2784 5724 2906 5777 216.

2422 5794 2491 5857 (lt)
2520 5791 2633 5843 Litt.
2667 5810 2737 5857 vt,
2769 5811 2815 5847 c.
2854 5796 2937 5847 5i.

2424 5863 2481 5930 (Ι)
2518 5862 2608 5916 Or.
2642 5864 2693 5916 5.
