4074 6312
1443 378 1592 432 ΥΙΤᾹ
1637 379 1692 430 S.
1741 374 2002 430 B.\SlLil.

3238 396 3335 438 κεῖν

151 513 242 552 nam
267 493 423 548 modio
457 493 669 549 diutius
703 497 888 549 obduci
920 513 933 558 ;
965 496 1056 550 hoc
1101 501 1235 552 rm’m
1288 499 1460 552 lumen
1499 515 1666 553 meum
1694 515 1742 568 Α
1773 498 2072 550 orationem
2139 493 2512 551 Tiliemontitts
2562 495 2630 568 te)
2679 494 2841 549 refert
2882 499 2944 551 ad
2991 513 3187 554 annum
3232 500 3335 555 373

148 602 372 655 mentuque
398 590 806 657 negotiationem
830 607 936 643 esse
961 592 1248 646 existimat.

204 677 309 729 Illud
333 685 504 731 autem
544 695 652 731 non
691 679 844 730 valde
879 680 1181 735 abstrusum
1211 689 1315 744 est,
1346 685 1486 751 quod
1515 683 1589 738 ait
1612 696 1669 737 se

149 786 198 821 ne
230 765 300 820 his
325 770 536 838 quidem
561 770 949 825 amantissimis
985 774 1239 827 fratribus
1277 784 1428 828 antea
1462 791 1669 830 sermo-

150 873 243 909 nem
271 858 532 928 impertire
557 859 811 913 voluisse.
842 860 970 916 Nam
1019 881 1140 918 cum
1196 864 1415 933 fugisset
1463 868 1512 921 in
1545 867 1668 920 soli-

149 949 366 1013 tudinem,
431 959 592 1017 atque
647 951 716 1004 ibi
765 953 955 1007 festum
1012 954 1266 1020 paSchalc
1317 960 1662 1020 traduxisset,

147 1044 284 1095 caruit
311 1041 521 1095 interim
557 1045 896 1110 Optatissima
935 1046 1080 1097 illius
1106 1060 1236 1099 rore
1292 1050 1528 1103 Ecclesia
1562 1048 1666 1102 Na-

148 1135 383 1192 aianzena,
444 1143 496 1185 ut
558 1136 835 1189 evidenter
879 1136 1100 1204 probant
1147 1153 1264 1207 qua!
1315 1150 1661 1206 sequuntur:

148 1222 300 1287 Utpote
327 1223 412 1290 qui
465 1228 640 1278 omnia
691 1226 1033 1290 reliquissem,
1069 1241 1121 1279 ut
1172 1232 1236 1283 ab
1281 1231 1420 1283 omni
1459 1233 1662 1300 negotio

145 1318 328 1382 feriatus
362 1318 651 1385 tranquille
683 1317 1096 1384 philosopltarer,
1127 1337 1425 1390 mecumque
1470 1323 1576 1389 ipse
1616 1333 1662 1375 et

145 1422 237 1456 cum
266 1406 448 1471 spiritu
482 1410 794 1476 colloquium
819 1409 1075 1464 haberem.
1116 1412 1228 1466 Non
1267 1415 1421 1466 video
1471 1429 1568 1466 cur
1613 1413 1660 1468 id

144 1496 484 1554 'fillemontius
545 1501 800 1554 Cursarem
863 1503 1060 1556 dictum
1134 1507 1314 1574 potius
1369 1506 1658 1571 existimet,

141 1602 267 1653 quam
293 1589 563 1643 Naziauzi.
597 1591 712 1644 Dixi
739 1592 1051 1661 Gregorium
1093 1597 1342 1662 paschale
1380 1595 1573 1651 festum
1608 1599 1659 1652 in

142 1677 384 1731 solitudine
415 1680 617 1747 egisse,
651 1683 772 1751 quia
795 1683 945 1750 hujus
973 1691 1171 1752 quinta:
1195 1686 1472 1754 orationis,
1501 1703 1658 1756 quam

141 1773 291 1822 statim
324 1779 442 1836 post
475 1773 709 1826 reditum
740 1778 1138 1840 pronuntiatam
1171 1776 1332 1832 fuisse
1367 1791 1531 1846 patet,
1565 1797 1660 1836 au-

1773 605 1835 643 ac
1869 588 2246 643 Ita-retieorum
2295 589 2525 656 aliquem
2579 605 2731 645 antea
2774 589 3063 646 Doarorum
3115 593 3335 663 episco-

1773 698 1896 751 pum
1931 683 2092 735 fuisse
2127 689 2310 749 putat;
2354 696 2459 749 quo
2481 683 2705 751 expulso
2729 681 2990 736 Eulalium
3019 699 3047 736 a
3072 685 3334 756 Gregorio

1769 775 2073 828 ordinatum
2109 773 2291 839 fuisse,
2320 789 2425 827 non
2451 786 2757 842 exspectato
2792 775 2861 829 ob
2901 790 3063 828 morte
3117 781 3328 844 pericu-

1769 865 1875 918 lum
1929 864 2114 918 Basilii
2150 878 2438 917 consensu.
2490 861 2594 916 Sed
2643 865 2800 919 facile
2839 873 2922 918 est
2950 865 3180 930 probare
3208 875 3331 918 tunc

1767 960 1995 1026 primunt
2057 957 2245 1010 Doaris
2301 955 2644 1009 constitutum
2699 959 3005 1026 episcopum
3034 955 3219 1022 fuisse,
3253 958 3332 1009 id-

1766 1061 1870 1117 que
1905 1050 2144 1101 fervente
2185 1047 2436 1101 Basilium
2472 1047 2612 1100 inter
2649 1056 2702 1099 et
2743 1051 3056 1102 Anthimum
3088 1048 3327 1103 dissidio.

1841 1140 2007 1209 Digna
2041 1146 2167 1194 sunt
2197 1155 2316 1209 quae
2348 1140 2728 1192 uotenturhmc
2755 1139 3170 1211 verbaGregorii
3206 1138 3284 1210 (d)
3313 1156 3328 1192 :

1769 1231 2002 1296 Δέξασθε
2064 1230 2220 1299 λόγον
2278 1231 2584 1284 νεόκτιστον
2644 1228 2734 1280 ἐπὶ
2784 1231 3071 1300 νεοκτίστῳ
3138 1229 3330 1299 ποιμέ-

1767 1336 1837 1370 νι.
1877 1317 2079 1372 Novam
2116 1330 2323 1388 propter
2351 1334 2537 1373 novum
2561 1326 2820 1383 pastorem
2863 1319 3146 1372 orationem
3189 1320 3331 1374 acci-

1764 1411 1888 1478 pite.
1920 1411 2086 1464 Vocat
2109 1413 2410 1464 orationem
2437 1411 2748 1464 νεόκτιστον
2788 1411 2858 1463 ob
2913 1411 3151 1462 materia:
3175 1427 3330 1480 pror—

1763 1516 1856 1555 sns
1896 1501 2125 1554 insolita:
2166 1502 2482 1567 novitatem,
2529 1503 2836 1555 νεόκτιστον
2876 1501 3170 1568 pastorem,
3202 1501 3328 1569 quia

1767 1596 1907 1648 hunc
1943 1594 2174 1664 primum
2237 1594 2411 1646 Doara
2444 1595 2757 1663 episcOpum
2813 1603 3152 1663 acceperant.
3190 1591 3330 1648 Infe-

1765 1687 1875 1740 rius
1896 1686 2036 1740 hanc
2061 1685 2556 1754 interpretationem
2571 1688 2873 1749 conﬁrmat,
2898 1701 3016 1739 cum
3035 1685 3138 1736 ait:
3157 1686 3330 1756 Προσ-

1764 1777 1933 1850 Οήκην
1979 1780 2167 1851 ἱερέων
2211 1776 2818 1853 ὲπραγματευσὰμεοαν,
2869 1778 2965 1848 οὐχ
3006 1775 3325 1848 ὑφαίρεσινο

140 1865 251 1918 diter
275 1865 364 1916 fuit
399 1865 654 1932 Basilius,
684 1884 840 1936 quem
899 1869 1250 1937 improbabile
1294 1880 1376 1925 est
1415 1873 1654 1926 Caesarea
1689 1869 1730 1922 Β

1716 1871 2050 1938 ιαὶρετικῶν
2102 1873 2453 1943 ἀνατροπὴν,
2506 1870 2607 1923 οὐκ
2668 1869 2959 1939 ὀροοδόξων
3014 1869 3325 1923 ἐλάττωσιν.

141 1953 294 2007 diebus
338 1955 564 2010 Pasclne
626 1957 882 2015 abfuisse.
914 1961 982 2014 At
1022 1977 1141 2016 cum
1197 1966 1413 2034 scripsit
1464 1965 1661 2042 epistof

141 2044 221 2095 lim
253 2046 313 2098 95
337 2047 583 2116 (scripsit
626 2063 803 2105 autem
855 2055 942 2110 die
986 2056 1294 2110 duodecima
1325 2055 1501 2124 Maii),
1543 2057 1661 2111 red-

143 2135 228 2184 ibat
257 2149 313 2188 ex
339 2141 572 2204 quodam
614 2139 829 2207 itinere,
892 2144 1029 2211 quod
1060 2143 1282 2209 proinde
1335 2159 1437 2195 non
1494 2144 1660 2196 nmlto

141 2237 235 2292 post
262 2227 454 2284 Pascha
496 2245 814 2288 susceperat.
844 2251 857 2286 :
891 2234 1084 2302 vixque
1113 2233 1328 2287 dubium
1378 2244 1485 2301 est,
1527 2237 1656 2304 quin

139 2331 241 2373 tunc
269 2321 588 2388 Nazianzum
621 2325 848 2377 venerit.

192 2413 388 2469 lll.1‘ion
425 2417 502 2485 (η)
537 2417 664 2470 solis
698 2416 931 2471 Sasimis
958 2417 1321 2487 episcopatum
1354 2419 1527 2473 erexit
1559 2420 1660 2473 Ba-

137 2507 276 2568 silius,
301 2509 387 2562 sed
419 2509 670 2576 pluribus
719 2510 835 2563 aliis
868 2511 997 2564 locis
1030 2512 1169 2564 idem
1209 2512 1526 2567 beneﬁcium
1568 2527 1660 2566 ac-

137 2599 283 2652 cessit.
305 2599 493 2654 Narrat
527 2599 821 2671 Gregorius
845 2601 1210 2658 Nazianzenus
1249 2606 1348 2659 hoc
1374 2605 1655 2659 dissidium

138 2690 187 2740 ad
215 2689 444 2746 Ecclesia:
493 2693 786 2747 utilitatem
814 2709 1133 2750 conversum
1186 2713 1214 2750 a
1246 2696 1442 2751 Basilio
1471 2697 1657 2763 fuisse,

136 2781 273 2843 patria
306 2783 560 2836 nimirum
600 2782 837 2852 pluribus
881 2786 1134 2851 epismpis
1187 2786 1504 2837 communita
1544 2803 1562 2841 :
1597 2802 1659 2838 ea:

135 2886 212 2933 quo
237 2881 324 2923 tres
363 2874 790 2938 pra-clarissimis
837 2891 914 2925 res
949 2884 1259 2931 consecuta}.
1295 2873 1430 2926 Nunt
1470 2886 1515 2928 et
1545 2876 1660 2928 ani-

138 2976 302 3014 marum
327 2979 452 3016 cura
492 2965 674 3032 major
711 2975 950 3029 suscepta
989 2975 1086 3026 est,
1132 2976 1178 3017 et
1207 2967 1446 3034 qua'libel
1476 2968 1658 3020 civitas

135 3067 365 3116 proventus
381 3074 502 3110 suos
527 3057 712 3110 habuit
739 3078 756 3113 :
779 3067 823 3110 et
853 3057 1040 3110 bellum
1069 3058 1167 3110 hac
1192 3059 1390 3111 ratione
1406 3075 1658 3128 compres-

134 3159 222 3195 sum
253 3158 292 3198 et
316 3149 626 3202 exstinctum
661 3161 754 3202 est.
787 3147 961 3220 Hujus
998 3151 1226 3212 consilii,
1261 3149 1455 3219 inquit,
1483 3166 1658 3204 uereor

139 3250 185 3286 ne
204 3238 318 3288 velut
345 3242 611 3307 appendix
643 3241 882 3309 quadam
909 3241 1115 3307 fuerim.
1159 3239 1361 3306 Quibus
1383 3258 1447 3295 ex
1484 3242 1658 3296 verbis

137 3336 265 3392 patet,
300 3329 534 3396 pluribus
567 3332 623 3384 in
654 3333 785 3386 locis
811 3331 939 3383 olim
967 3331 1225 3385 Cmsarczn
1269 3333 1526 3399 subjectis
1559 3334 1659 3386 Ba-

138 3419 281 3472 salittm
318 3439 479 3478 novos
507 3425 855 3493 episcOpatns
886 3425 1252 3492 constituisse,
1286 3436 1339 3481 et
1387 3442 1509 3481 cum
1560 3427 1660 3482 hoc

136 3513 320 3568 consilio
367 3518 597 3570 materia
652 3517 1006 3574 dissensionis
1038 3529 1316 3589 amputata
1347 3529 1508 3584 esset,
1557 3520 1661 3572 An-

136 3606 321 3661 thimum
355 3607 624 3665 libentius
651 3611 717 3664 ad
771 3613 918 3682 pacis
970 3613 1308 3667 conditiones
1343 3613 1655 3667 accessisse.

135 3698 252 3762 Quod
289 3715 456 3759 autem
491 3707 720 3776 proprio
746 3717 916 3762 marte
949 3708 1075 3762 fecit
1110 3707 1337 3761 Basilius
1363 3706 1414 3759 in
1464 3706 1531 3760 iis
1582 3705 1661 3758 lo-

134 3795 207 3852 ris,
237 3811 342 3863 qua:
369 3799 666 3852 Anthimus
695 3801 744 3853 in
771 3801 1028 3855 ditionem
1061 3815 1212 3853 suam
1248 3798 1526 3852 vindicare
1554 3812 1656 3850 non

133 3893 358 3952 patuerat,
386 3889 528 3942 idem
562 3891 780 3943 videtur
803 3893 854 3944 in
889 3891 1006 3944 aliis
1028 3889 1242 3960 oppidis
1274 3889 1655 3953 controversis,

133 3972 220 4037 ipso
243 3982 616 4034 consentiente
632 3980 910 4047 Antbimo,
944 3982 1142 4037 factum
1171 3981 1355 4061 fuisse,
1375 3992 1657 4051 postquam

133 4066 181 4110 ait
207 4067 334 4132 pacis
363 4069 706 4125 conditiones
728 4080 1042 4141 perventum
1079 4081 1181 4127 est.
1229 4071 1361 4126 Nam
1409 4070 1654 4134 Basilius,

133 4164 368 4225 Postquam
414 4177 744 4232 congressus
780 4173 861 4217 est
914 4179 1034 4217 cum
1089 4164 1355 4233 episcopis
1405 4163 1657 4217 secunda:

134 4244 461 4313 CJPmeciaz.
507 4256 722 4324 rogavit
755 4265 1002 4310 sanctum
1039 4257 1327 4312 Eusebium
1356 4265 1416 4308 ut
1445 4255 1496 4307 in
1523 4254 1661 4321 Cap-

131 4339 361 4399 padociam
397 4345 634 4405 veniret.
685 4345 892 4414 sibique
945 4361 1100 4413 opem
1148 4347 1315 4399 ferret
1349 4344 1421 4414 (ι)
1444 4344 1512 4395 ad
1537 4360 1658 4395 con-

131 4430 410 4485 stitutionem
440 4438 828 4503 episcoporum.
881 4437 1209 4505 Super-erant
1252 4452 1382 4504 ergo
1424 4435 1510 4489 alii
1545 4434 1657 4504 epi-

1765 1963 2076 2018 Sarerdotes
2110 1985 2298 2033 augere
2326 1966 2648 2028 studuimus,
2706 1983 2804 2017 non
2854 1964 3186 2028 subtrahere;
3221 1967 3329 2016 Ita!—

1762 2054 1949 2105 reticos
1971 2065 2213 2113 evertere.
2232 2073 2333 2108 non
2359 2058 2672 2110 orthodoxos
2699 2056 3027 2108 imminuere.
3052 2052 3166 2106 Non
3185 2052 3327 2106 aliud

1763 2153 1977 2213 tempus
2033 2147 2274 2199 occurrit
2328 2146 2380 2199 in
2438 2146 2670 2200 Historia
2737 2147 2906 2199 sancti
2961 2144 3171 2210 Basilii,
3220 2159 3332 2214 quo

1761 2238 2109 2306 multiplicati
2147 2240 2460 2293 sacerdotes
2491 2237 2691 2291 fuerint
2724 2238 2775 2290 in
2808 2237 3165 2306 Cappadocia,
3187 2251 3327 2306 prae-

1762 2337 1843 2381 ter
1871 2330 1998 2384 illud
2024 2346 2146 2385 cum
2178 2332 2436 2385 Anlhimo
2462 2329 2770 2384 dissidium.

1832 2421 2211 2477 Vehementem
2246 2425 2384 2477 hanc
2408 2424 2732 2477 discordiam
2763 2419 3051 2476 manifeste
3081 2419 3328 2473 indicant

1760 2529 1879 2582 quae
1905 2528 1932 2567 a
1966 2513 2226 2584 Gregorio
2256 2515 2306 2567 in
2349 2517 2724 2583 presbyterum
2753 2513 3061 2582 quemdam,
3092 2511 3326 2566 calidum

1759 2607 2000 2660 Antltimi
2053 2608 2284 2676 partium
2335 2605 2709 2667 defensorem,
2743 2606 3011 2656 dicuntur.
3063 2602 3152 2656 Sic
3181 2602 3324 2655 enim

1761 2715 1882 2753 eum
1920 2698 2207 2766 compellat
2245 2717 2255 2752 :
2294 2698 2358 2749 Τί
2400 2697 2527 2766 φῆς,
2574 2689 2618 2747 ὦ
2660 2697 2759 2746 παῖ
2803 2694 2979 2747 ΔαΘὰν
3018 2695 3112 2746 καὶ
3151 2692 3327 2744 Ἀϐει-

1765 2791 1894 2863 ρὼν,
1927 2792 2019 2844 καὶ
2045 2789 2317 2862 στρατηγέ
2352 2787 2763 2858 ἁσωφρόνιστε;
2806 2789 2833 2839 ὀ
2880 2784 3023 2838 κατὰ
3052 2783 3330 2847 Μωῦσέως

1757 2883 2054 2952 τολμήσας,
2091 2883 2183 2935 καὶ
2209 2883 2396 2951 χεῖρας
2423 2881 2654 2947 ἐπαφεὶς
2693 2881 2844 2949 ἡμῖν,
2896 2877 3084 2947 ὥσπερ
3135 2877 3329 2927 ἐκεῖνοι

1758 2974 1857 3036 τὰς
1885 2972 2134 3041 γλώσσας
2172 2974 2390 3042 μεγάλῳ
2418 2971 2743 3042 οεράποντι;
2777 2973 2877 3023 οὐκ
2922 2967 3175 3039 ἕφριξας;
3225 2967 3328 3020 οὐκ

1760 3066 2100 3135 ἐνετράπης
2163 3066 2261 3118 οὐκ
2310 3065 2573 3136 ἔῤῥευσάν
2624 3080 2703 3135 σοι
2745 3061 2916 3115 ταῦτα
2970 3060 3330 3129 διανοουμένῳ

1765 3159 1906 3210 κατὰ
1931 3159 2031 3230 γῆς
2053 3159 2109 3209 αἱ
2137 3155 2367 3228 σάρκες
2413 3151 2532 3210 εἶτα
2561 3157 2660 3219 τὰς
2690 3159 2874 3227 χεῖρας
2899 3153 3100 3217 ταύτας
3120 3150 3331 3205 ἀνατεί-

1761 3267 1873 3310 νεις
1899 3249 1976 3319 τῷ
2001 3248 2147 3320 Θεῷ;
2180 3245 2296 3302 εἶτα
2344 3248 2489 3320 δῶρα
2539 3247 2862 3319 προσάξεις;
2897 3242 3013 3297 εἶτα
3056 3240 3331 3314 ὑπερεύξῃ

1759 3341 1926 3405 λαοῦ;
1964 3339 2232 3412 φοϐοῦμαι
2266 3342 2338 3412 μή
2391 3357 2521 3392 ποτε
2567 3337 2821 3391 τοσοῦτον
2865 3338 2898 3405 ἡ
2949 3335 3192 3406 ῥομφαία
3232 3333 3327 3385 τοῦ

1760 3434 1894 3487 ε)εοῦ
1925 3432 2164 3503 κατίωθῆ
2207 3433 2299 3485 καὶ
2339 3433 2689 3502 ἠρεμήσειεν.
2725 3427 2861 3482 Οὔτε
2899 3425 2978 3496 τῷ
3012 3427 3228 3495 ποιμένι
3251 3420 3333 3494 τῷ

1763 3525 1838 3595 σῷ
1884 3526 2025 3596 μέγα
2045 3543 2095 3578 τι
2134 3524 2393 3594 ἐχαρίσω,
2440 3523 2533 3575 καὶ
2583 3521 2777 3573 σαυτὸν
2804 3518 2872 3571 τὰ
2921 3519 3150 3588 μέγιστα
3199 3513 3329 3585 ἐζη-

1767 3617 1998 3685 μίωσας,
2027 3609 2391 3682 ἁλλοτριὼσας
2441 3609 2666 3672 σεαυτὸν
2719 3607 2820 3675 τῆς
2863 3606 2956 3659 τοῦ
2996 3603 3130 3658 Θεοῦ
3171 3604 3330 3676 χάρι-

1762 3723 1873 3768 τος.
1909 3704 2049 3769 Quid
2093 3704 2195 3766 ais,
2238 3702 2320 3769 ﬁli
2372 3701 2595 3753 Datltam
2622 3708 2668 3750 et
2704 3697 2919 3758 Abiron,
2960 3705 3005 3747 et
3041 3696 3150 3746 dua:
3188 3692 3331 3744 utili-

1763 3799 1893 3849 taris
1929 3805 2236 3861 contumax,
2272 3793 2362 3863 qui
2390 3794 2644 3845 adversus
2678 3787 2879 3842 Mosem
2923 3786 3191 3854 insurgere
3234 3797 3332 3833 au-

1762 3909 1852 3946 sus
1879 3907 1930 3945 es
1953 3891 1976 3944 .’
1997 3891 2088 3961 qui
2108 3905 2294 3943 manus
2318 3889 2370 3941 in
2399 3902 2514 3949 nos,
2544 3884 2985 3956 quemadmodum
3013 3881 3090 3932 illi
3120 3881 3335 3950 linguas

1761 3987 1814 4038 in
1863 4001 2116 4053 magnum.
2153 3985 2302 4034 illum
2353 3982 2444 4034 Dei
2475 3996 2704 4042 servum,
2729 3976 3040 4029 immisisti?
3079 3974 3201 4028 Non
3237 3991 3338 4026 co--

1764 4076 2055 4128 hort-nisti?
2086 4091 2186 4128 non
2214 4076 2410 4142 pudore
2440 4073 2673 4140 suffusus
2710 4069 2803 4121 es?
2860 4084 2962 4120 non
3001 4074 3112 4119 ha'c
3151 4065 3330 4120 animo

1761 4166 1987 4233 agitanti
2011 4180 2190 4217 carnes
2213 4164 2265 4216 in
2307 4174 2506 4215 terram
2542 4160 2788 4227 collapsa:
2829 4160 2990 4212 sunt?
3025 4158 3090 4209 lft
3139 4167 3323 4225 postea

1767 4272 1954 4308 manus
1982 4255 2076 4306 Itas
2106 4270 2312 4306 sursum
2359 4254 2426 4304 ad
2479 4250 2644 4304 Deum
2698 4249 2918 4302 tendes?
2971 4257 3148 4316 postea
3183 4247 3327 4297 dona

1769 4351 1993 4416 offeres?
2022 4359 2194 4417 postea
2227 4347 2486 4399 orationes
2511 4360 2602 4409 pro
2630 4344 2821 4412 papula
2863 4343 3048 4408 fundes
3073 4342 3097 4395 ?
3142 4335 3333 4392 Vereor

1763 4443 1994 4510 equidem
2021 4457 2082 4494 ne
2112 4440 2204 4494 Dei
2242 4439 2447 4508 gladius
2470 4439 2654 4490 tandiu
2693 4435 2983 4502 rubigine-nt.
3026 4433 3327 4493 contrahat,

131 4525 242 4592 δηκρί
273 4527 549 4581 ordinandi
602 4540 796 4596 prmtcr
843 4544 938 4584 eos
984 4545 1114 4599 quos
1168 4529 1394 4584 Basilius
1440 4529 1491 4583 in
1543 4530 1656 4597 ipso
1689 4541 1731 4597 ι)
1764 4547 1810 4588 et
1841 4535 2189 4602 nmquieseat.
2225 4531 2337 4584 Nec
2370 4549 2399 4582 a
2441 4542 2654 4596 pastore
2686 4538 2774 4579 tuo
2810 4526 3073 4594 ingentem
3096 4525 3329 4592 aliquam

132 4613 440 4671 dissensionis
463 4630 601 4673 aestu
638 4622 1000 4683 ordinaverat,
1046 4636 1108 4674 ac
1139 4621 1363 4691 proinde
1410 4621 1521 4674 lure
1559 4635 1654 4690 pa-

133 4705 189 4755 cis
212 4711 431 4766 conditio
457 4714 606 4766 inter
652 4714 784 4767 alias
812 4715 1082 4782 proposita
1119 4713 1237 4777 fuit,
1269 4722 1329 4765 ut
1365 4713 1484 4768 novi
1536 4715 1651 4782 epi-

134 4811 342 4863 Scoliflllls
371 4807 422 4859 in
450 4808 820 4861 controversis
845 4809 976 4861 locis
1011 4808 1368 4877 erigerentur.

185 4892 465 4953 Tricesimaa
527 4899 704 4954 sancti
758 4900 1000 4966 Gregorii
1056 4899 1377 4952 Nazianzeni
1425 4897 1651 4953 orationi

130 4977 268 5034 locum
294 4987 432 5042 dedit
482 5001 704 5045 erectus
759 4990 1018 5059 ejusmodi
1073 4994 1412 5061 episcopatus
1446 4991 1495 5045 in
1530 5005 1657 5059 quo-

131 5073 224 5128 dam
257 5081 464 5148 oppido,
488 5085 559 5137 de
595 5099 846 5150 quocum
893 5101 1079 5154 magna
1114 5086 1410 5140 exstitisset
1436 5086 1654 5138 dimica-

131 5164 212 5231 tio,
268 5174 488 5241 repulsis
533 5176 778 5229 Anthitni
823 5177 1034 5243 amicis,
1073 5178 1362 5246 Gregorius
1408 5178 1478 5230 ibi
1526 5193 1647 5229 cum

132 5259 228 5312 aliis
260 5265 538 5335 episcopis.
575 5270 803 5323 absente
857 5270 1094 5338 quidem,
1130 5273 1220 5324 sed
1262 5271 1446 5338 procul
1490 5270 1653 5323 dubio

133 5357 420 5411 assentiente
461 5346 690 5424 Basilio,
717 5361 1026 5430 episcopum
1065 5362 1352 5414 ordinavit.
1389 5360 1649 5428 Oppidum

134 5440 230 5495 illud
262 5445 418 5500 Doara
470 5461 704 5505 vocatur
763 5453 902 5520 apud
960 5453 1129 5506 lilium
1175 5462 1648 5505 commentatorem

127 5537 260 5586 mucti
312 5540 584 5611 Gregorii,
655 5544 934 5614 cpiscopus
989 5560 1116 5599 vero
1177 5543 1436 5599 Eulalius.
1501 5542 1651 5597 Hanc

177 5710 238 5780 (α)
263 5714 344 5773 0r.
367 5720 457 5774 ΕΟ.

178 5785 238 5844 (δ)
263 5787 345 5851 lip.
376 5793 494 5848 101).

1762 4629 1989 4695 gratiam
2030 4625 2214 4687 miisti,
2243 4633 2288 4675 et
2330 4625 2546 4690 teipsum
2581 4621 2811 4673 maximo
2845 4618 3153 4670 detrimento
3187 4613 3330 4667 muf-

1763 4721 1888 4773 tasti
1909 4760 1923 4783 ,
1966 4719 2185 4787 leipsum
2229 4716 2462 4770 videlicet
2487 4732 2519 4767 α
2547 4715 2645 4767 Dei
2668 4712 2844 4780 gratia
2872 4720 3127 4763 avertens.
3167 4706 3330 4761 Hune

1765 4813 2136 4882 presbyterum
2165 4824 2268 4863 non
2310 4808 2581 4862 immerito
2609 4804 2797 4858 ducem
2830 4802 3116 4856 militarem
3146 4798 3330 4868 appel-

1765 4908 1842 4957 lat
1865 4903 2183 4972 Gregorius,
2214 4902 2339 4972 quia
2388 4917 2485 4970 pro
2522 4899 2780 4954 Anthimo
2812 4897 3157 4951 vehementer
3189 4908 3324 4947 con-

1767 5005 1846 5046 tra
1885 4993 2137 5047 Basiliam
2169 4999 2500 5062 pugnaverat
2529 5004 2592 5042 ac
2626 5002 2814 5040 manus
2843 4988 2894 5040 in
2929 4987 3102 5053 ipsum
3133 4981 3332 5051 iniece-

1767 5096 1851 5139 rat
1882 5086 2224 5154 Gregorium.
2269 5081 2464 5136 Pastor
2494 5082 2608 5146 ille,
2642 5098 2668 5133 a
2701 5097 2806 5150 quo
2863 5079 3152 5148 presbyter
3197 5090 3322 5143 gra—

1765 5181 1892 5230 tiam
1944 5181 2082 5231 inire
2118 5177 2380 5238 voluerat,
2413 5175 2550 5229 alius
2587 5188 2706 5228 esse
2752 5189 2856 5228 non
2893 5172 3122 5233 videtur,
3161 5182 3323 5235 quam

1760 5271 2048 5324 Antbimus
2073 5286 2086 5334 ;
2131 5271 2291 5338 idque
2319 5281 2630 5338 argumento
2659 5277 2760 5332 est,
2788 5271 3140 5336 pugnatorum
3174 5259 3321 5314 illum

1763 5363 2057 5415 Doarorum
2089 5362 2399 5430 episcopum
2455 5376 2555 5414 neu
2590 5361 2774 5422 fuisse,
2829 5357 2923 5412 sed
2973 5354 3151 5424 potius
3181 5348 3324 5421 Tya-

1762 5469 1982 5506 nensem
2012 5453 2244 5522 aliquem
2283 5453 2682 5524 presbyterum,
2712 5450 2863 5520 cujus
2893 5459 3163 5520 pastorem
3203 5458 3324 5500 esse

1762 5547 1800 5597 Λ
1814 5544 2074 5599 nlhimttm
2102 5543 2388 5608 Gregorius
2421 5543 2770 5615 agnoscebat.

1833 5723 1900 5791 (ι’)
1930 5723 2079 5794 Tum.
2118 5721 2204 5785 IX.
2229 5741 2282 5794 p.
2312 5723 2432 5776 ὅθι.

1836 5796 1911 5860 (ιι)
1939 5792 2068 5848 Naz.
2107 5812 2186 5849 or.
2218 5792 2302 5849 20.
