4074 6312
690 390 806 427 XCVI

2026 379 2397 438 PROLECO.“
2410 382 2560 436 l‘1.\'.\.

768 489 1043 543 Convertit
1092 489 1285 545 deinde
1315 490 1610 544 orationem
1653 490 1944 561 Gregorius
1976 494 2039 546 ad
2082 494 2252 563 ipsum
2285 503 2325 557 Α
2427 494 2582 548 Circa
2620 507 2720 548 uoc
2757 502 2966 558 tempus
3003 489 3291 543 maximum
3340 484 3542 551 luc‘mm
3580 479 3757 537 attulit
3802 481 3932 532 nni-

687 579 950 634 Eulaliunt
986 594 1143 649 quem
1193 591 1470 651 pastorum
1518 582 1777 650 optimum
1822 596 1875 637 et
1911 587 2250 651 praistantis-

688 675 887 730 simum
924 681 1105 737 vocat,
1136 690 1199 729 ac
1240 674 1347 727 vita
1394 683 1446 727 et
1497 673 1736 729 moribus
1785 677 1997 748 dignum
2047 678 2257 745 episco-

690 774 814 833 patu
850 778 968 817 esse
1016 774 1264 819 testatur.
1317 763 1577 819 Hortatur
1627 765 1851 836 (p.496)
1888 778 1942 821 nt
1996 768 2046 821 in
2096 770 2256 826 rebus

690 854 1060 924 spiritualibus
1099 865 1299 909 tantam
1332 855 1432 911 sibi
1482 860 1920 928 approbationem
1968 861 2254 931 conciliet,

690 956 943 1015 quantam
976 949 1026 1002 in
1059 948 1238 1000 mundi
1278 951 1501 1011 negotiis
1532 953 1933 1007 conciliaverat.

759 1036 984 1095 Videtur
1033 1040 1382 1095 Doarensium
1432 1054 1586 1101 amor
1626 1046 1677 1099 in
1715 1044 1968 1098 Basilium
2014 1047 2254 1104 Antbimi

691 1127 945 1200 impetum
978 1130 1252 1198 repulisse.
1286 1132 1423 1187 llinc
1456 1134 1769 1203 Gregorius,
1800 1138 1950 1205 quasi
1990 1150 2253 1197 metueret

692 1237 761 1277 ne
802 1221 1084 1275 molestum
1128 1222 1234 1277 illis
1276 1234 1420 1279 esset
1454 1226 1711 1282 Basiliam
1747 1229 2001 1301 deiuerps
2048 1233 2257 1300 episco-

691 1327 814 1381 pum
846 1326 950 1365 non
998 1312 1215 1373 habere.
1257 1314 1335 1369 sic
1365 1330 1457 1370 eos
1502 1314 1695 1369 all'atur
1724 1317 1800 1387 (p.
1830 1318 1953 1390 495)
1982 1340 1997 1376 :
2025 1320 2145 1374 Non
2174 1338 2258 1375 ve-

694 1403 863 1455 nimus
908 1410 964 1454 ut
1015 1402 1250 1470 gladium
1311 1405 1603 1471 mittamus,
1659 1409 1748 1462 sed
1799 1422 1853 1464 ut
1899 1426 2101 1479 pacem.
2133 1409 2257 1465 Non

691 1494 921 1549 canimus
970 1496 1023 1548 in
1083 1498 1257 1566 magni
1320 1496 1465 1550 illius
1512 1501 1742 1566 pastoris
1800 1509 2145 1570 contemptum
2209 1514 2255 1557 et

691 1589 1050 1655 ignominiam,
1090 1590 1178 1658 qui
1211 1587 1499 1657 splendida:
1529 1593 1729 1647 civitati
1770 1593 2037 1660 praesidet.
2076 1592 2258 1648 Hono-

691 1678 905 1731 rabilem
937 1680 1150 1745 scimus,
1198 1694 1351 1748 caput
1399 1684 1767 1751 agnoscimus,
1818 1694 2057 1737 sanctum
2101 1700 2259 1739 voca-

692 1785 828 1832 mus,
869 1772 1074 1826 tametsi
1128 1774 1326 1843 injuria
1379 1774 1570 1841 aﬁ‘ecti.
1619 1772 1777 1830 Patet
1835 1790 1903 1830 ex
1964 1778 2251 1845 posuemis

2363 585 2534 639 versis
2586 581 2990 653 Cappadocibus
3033 581 3160 634 Elia:
3213 576 3454 647 praesidis
3509 571 3929 641 discessio,-cui

2358 680 2613 744 abrogata
2670 675 2899 745 dignitas
2948 680 3001 724 cl
3051 671 3267 724 inﬂicta!
3332 667 3643 731 calumniie,
3684 682 3808 722 eum
3856 675 3930 715 ex

2357 767 2466 836 ejus
2520 765 2692 818 libero
2737 774 2792 818 et
2841 762 3022 817 nescio
3073 760 3453 815 asseutationis
3511 756 3690 811 animo
3732 771 3928 811 ausam

2358 856 2733 925 arripuissent.
2765 855 2854 923 qui
2888 866 2946 908 se
2977 850 3202 920 iustitiae
3234 851 3455 905 moleste
3500 847 3743 903 terebant
3772 857 3934 917 post-

2360 948 2565 1004 haberi.
2631 946 2862 1001 Basilius
2907 945 2979 1019 (ὁ)
3028 946 3291 997 universa:
3339 945 3523 1013 patriae
3570 940 3782 995 nomine
3824 941 3935 993 So-

2358 1040 2642 1110 phronium
2677 1046 2847 1108 rogat,
2899 1049 2957 1092 ut
2996 1037 3161 1091 Eliaui
3204 1037 3540 1088 conuuendet
3575 1032 3931 1099 imperatori,

2359 1144 2421 1183 ac
2453 1130 2626 1184 illatas
2655 1131 2702 1182 ei
2739 1128 3145 1181 criminationes
3191 1124 3379 1177 diluat.
3427 1122 3545 1177 Jam
3585 1132 3933 1177 successerat

2358 1220 2486 1275 Elia:
2532 1221 2815 1283 Maximus,
2868 1234 2987 1273 cum
3044 1218 3269 1273 Basilius
3317 1215 3492 1267 medio
3536 1228 3719 1269 mense
3762 1209 3933 1265 Junio

2357 1306 2538 1375 elapso
2558 1307 2819 1361 scriberet
2847 1306 3133 1371 epistolam
3157 1306 3225 1362 98
3252 1306 3316 1358 ad
3340 1303 3396 1356 S.
3428 1302 3734 1357 Eusebium.
3770 1300 3932 1357 Unde

2368 1412 2475 1452 non
2524 1399 2797 1453 immerito
2829 1399 3053 1466 patriam
3086 1413 3180 1467 per
3223 1396 3485 1452 somnium
3534 1393 3756 1447 dilatam
3800 1403 3933 1444 esse

2359 1484 2487 1540 dicit
2514 1488 2608 1557 (ε),
2637 1487 2721 1542 cui
2752 1500 2996 1540 summus
3027 1486 3115 1540 ille
3152 1485 3231 1537 vir
3275 1495 3381 1539 tam
3414 1483 3521 1537 cito
3559 1489 3773 1547 ereptus
3816 1486 3927 1531 est.

2358 1576 2473 1631 Non
2518 1579 2710 1633 mirum
2764 1592 2891 1633 sane
2938 1585 3057 1641 est,
3111 1577 3155 1630 si
3197 1578 3281 1631 his
3334 1572 3660 1643 temporibus
3709 1569 3933 1623 invidia:

2362 1669 2462 1723 tela
2492 1684 2596 1723 non
2625 1670 2812 1739 effugit
2838 1669 3127 1739 provincia:
3157 1684 3384 1737 praeses,
3408 1668 3496 1736 qui
3527 1660 3780 1719 terribilis
3805 1668 3933 1712 erat

2360 1761 2814 1831 delinquentibus,
2851 1763 3096 1830 idemque
3132 1761 3183 1813 in
3217 1774 3478 1830 pauperes
3506 1772 3569 1811 ac
3598 1754 3825 1815 divites;
3864 1765 3933 1804 ac

692 1861 873 1917 verbis
902 1861 1011 1931 jam
1049 1866 1352 1919 ordinatum
1404 1864 1572 1922 fuisse
1624 1866 1994 1923 Sasimensem
2047 1868 2258 1938 episco-

2370 1853 2726 1909 misericordia
2762 1856 2811 1909 in
2838 1854 3179 1924 Cappadoces
3205 1863 3506 1909 commotus
3539 1850 3638 1917 (ά),
3668 1845 3933 1901 attentior

696 1973 819 2026 pum
850 1957 1167 2027 Gregorium
1198 1975 1211 2011 :
1248 1972 1310 2011 ac
1350 1967 1666 2029 conceptum
1712 1975 1776 2015 ex
1820 1974 1883 2015 ea
1920 1974 1978 2016 re
2022 1962 2257 2017 dolorem

694 2048 807 2117 ejus
832 2049 1010 2103 animo
1046 2049 1296 2104 insidere.
1337 2050 1443 2106 Sed
1480 2062 1657 2107 tamen
1694 2053 1838 2110 illius
1882 2056 2045 2111 ardor
2085 2056 2137 2111 in
2169 2056 2261 2111 de-

695 2136 957 2192 fendenda
1009 2137 1193 2193 Basilii
1246 2154 1407 2195 causa
1461 2140 1709 2197 dubitare
1763 2160 1868 2200 non
1920 2146 2080 2208 sinit,
2134 2144 2257 2214 quin

696 2236 822 2282 tunc
850 2229 1210 2299 episCOpatum
1240 2231 1322 2286 vel
1372 2233 1605 2287 nondum
1636 2233 1941 2303 abjecisset,
1972 2235 2055 2290 vel
2084 2237 2260 2303 potius

694 2334 762 2374 ex
796 2318 917 2391 fuga
971 2337 1223 2378 reversus
1258 2325 1502 2395 obsequii
1538 2327 1620 2380 sui
1672 2327 2092 2397 significationes
2119 2328 2258 2397 patri

697 2426 761 2466 ac
808 2412 1004 2470 Basilio
1054 2415 1308 2471 dedisset.
1342 2416 1470 2472 Post
1524 2418 1841 2487 Gregorium
1885 2419 1973 2473 alii
2024 2419 2259 2490 episcOpi

695 2502 859 2557 verba
928 2503 1119 2561 facturi
1179 2517 1372 2574 erant,
1428 2508 1552 2563 novi
1624 2509 1860 2579 episcopi
1939 2510 2260 2566 adhortandi

694 2609 879 2663 causa,
911 2607 971 2653 ut
1008 2608 1154 2665 patet
1209 2615 1272 2655 ex
1329 2600 1411 2655 his
1447 2600 1691 2671 Gregorii
1748 2603 1814 2656 ad
1855 2619 1977 2657 eum
2034 2603 2259 2660 verbis:

697 2684 1066 2756 Per/ectiorem
1110 2701 1434 2746 armaturam
1467 2710 1499 2747 a
1549 2694 1839 2763 majoribus
1873 2697 2089 2750 ducibus
2123 2696 2265 2749 acci—

696 2778 829 2846 pies.
858 2790 965 2837 etc.

768 2869 857 2927 IV.
894 2871 1248 2931 Proliciscens
1288 2875 1517 2930 Basilius
1547 2875 1625 2945 (a)
1657 2884 1779 2945 post
1807 2876 2030 2941 Pascha,
2067 2885 2125 2930 ut
2150 2876 2261 2945 jam

699 2961 964 3032 diximus,
1016 2966 1224 3023 litteras
1280 2967 1346 3022 ad
1386 2965 1675 3023 Eusebium
1728 2966 2099 3036 Theophrasto
2140 2969 2262 3023 dia-

697 3069 836 3109 cono
877 3057 1121 3123 dederat,
1151 3070 1208 3114 ut
1234 3075 1331 3117 eas
1368 3060 1595 3132 perferri
1638 3068 1868 3116 curaret.
1910 3058 2013 3115 Sed
2048 3062 2263 3116 interim

700 3145 960 3202 diaconus
1022 3151 1212 3206 morbo
1267 3162 1547 3221 correptus
1605 3154 1851 3213 moritur,
1908 3152 2099 3208 litteris
2159 3170 2264 3207 non

2365 1953 2482 2000 erat
2524 1946 2590 2001 ad
2618 1959 2802 2000 eorum
2837 1944 3219 2001 sublevandam
3257 1944 3516 2012 inopiam,
3562 1955 3719 2011 quam
3756 1939 3821 1992 ad
3864 1951 3931 1991 ea

2365 2037 2581 2093 vitanda
2623 2052 2739 2107 quae
2780 2037 2877 2108 ipsi
2930 2044 3037 2090 tam
3079 2036 3272 2090 leuiter
3303 2034 3481 2104 agenti
3531 2050 3559 2087 a
3609 2030 3935 2087 sublimibus

2367 2130 2716 2198 potestatibus
2747 2126 3114 2183 inuninebant.

2439 2221 2504 2277 γ.
2537 2220 2694 2275 Stetit
2727 2220 3003 2290 promissis
3050 2216 3360 2286 Gregorius,
3398 2222 3455 2269 et
3495 2214 3701 2268 Sasima
3748 2213 3931 2274 venit,

2368 2322 2423 2367 ut
2456 2313 2612 2383 hujus
2643 2312 2894 2367 Ecclesia:
2927 2309 3283 2383 gubernacula
3313 2314 3641 2377 capesseret.
3671 2300 3777 2356 Sed
3809 2302 3933 2370 ejus

2367 2404 2649 2460 consilium
2703 2403 2977 2470 diligentia
3030 2417 3125 2458 sua
3174 2400 3448 2470 praeripuit
3497 2394 3805 2458 Anthimus,
3863 2407 3932 2445 ac

2368 2497 2586 2568 paludes
2635 2496 2966 2552 Sasituorum
3030 2496 3329 2565 occupavit.
3360 2492 3497 2559 Quin
3542 2490 3699 2545 etiam
3736 2484 3931 2557 prohi-

2368 2590 2513 2646 benti
2548 2597 2602 2645 et
2629 2586 2976 2643 comminanti
3008 2585 3268 2654 Gregorio
3306 2583 3581 2652 epistolam
3618 2581 3687 2650 (e)
3712 2578 3936 2647 scripsit

2369 2683 2625 2737 conviciis
2650 2692 2703 2736 et
2734 2679 2942 2750 probris
2977 2676 3253 2741 refertam,
3288 2660 3447 2728 veluti
3498 2672 3829 2740 triumphum
3879 2670 3935 2721 in

2368 2771 2566 2825 victum
2601 2785 2820 2827 canens.
2869 2767 3059 2823 Postea
3106 2765 3431 2820 Nazianzum
3479 2760 3663 2823 venit,
3708 2759 3824 2813 sive
3875 2765 3937 2808 ut

2366 2864 2572 2916 videret
2591 2862 2835 2933 Gregorii
2860 2870 3064 2932 patrem
3084 2861 3157 2931 (id
3177 2859 3317 2915 enim
3346 2869 3452 2925 prie
3472 2869 3528 2908 se
3549 2848 3797 2921 ferebat),
3816 2849 3938 2903 sive

2369 2962 2426 3005 ut
2461 2966 2523 3005 ea
2556 2962 2842 3006 conaretur
2866 2967 2984 3021 qua:
3025 2960 3247 3005 conatus
3276 2956 3375 3004 est.
3410 2946 3566 3000 Plura
3613 2943 3756 2997 enim
3788 2950 3841 2993 et
3869 2940 3937 2993 de

2368 3043 2609 3115 pluribus
2631 3043 2790 3098 rebus
2816 3052 3128 3097 testamenta
3154 3040 3434 3110 injecit,de
3459 3036 3729 3106 parmciis,
3748 3035 3811 3087 de
3836 3030 3938 3086 Sa-

2370 3134 2693 3191 simensibus
2723 3133 3003 3203 paludibus
3043 3141 3095 3187 et
3134 3131 3375 3200 Gregorii
3422 3126 3782 3187 ordinatione,
3823 3127 3936 3176 Iar-

702 3235 903 3293 missis.
953 3236 1007 3293 ld
1062 3253 1128 3294 eo
1204 3218 1483 3296 molestius
1560 3239 1761 3295 Basilio
1829 3241 2072 3295 redeunti
2131 3231 2335 3305 tuit,C
2371 3231 2543 3302 aiens.
2576 3238 2785 3299 petens.
2814 3227 2986 3282 minas
3026 3226 3309 3289 adhibens.
3349 3238 3412 3278 cx
3440 3220 3564 3290 iure
3603 3218 3939 3289 disceptans.

701 3327 846 3394 quod
884 3328 949 3384 de
982 3330 1140 3386 rebus
1187 3330 1367 3399 magni
1413 3330 1669 3386 momenti
1717 3330 1932 3399 scriptae
1974 3340 2159 3394 erant,
2206 3346 2269 3385 ac

703 3418 933 3473 celerem
986 3423 1389 3491 responsionem
1447 3421 1813 3492 poscentibus.
1856 3419 1991 3475 Nam
2036 3436 2160 3476 cum
2207 3421 2266 3476 S.

703 3508 948 3566 Meletius
990 3519 1045 3565 et
1095 3511 1405 3567 Theodotus
1443 3511 1846 3581 Nicopolitanus
1895 3512 2151 3568 Basilinm
2202 3513 2267 3566 ad

705 3601 845 3655 diem
879 3600 1109 3667 festum,
1154 3604 1205 3658 in
1250 3603 1483 3673 quodam
1525 3601 1667 3667 loco,
1700 3617 1858 3671 quem
1910 3602 2269 3673 Phargamum

706 3691 980 3759 dicebant,
1012 3694 1190 3751 medio
1221 3709 1406 3750 mense
1449 3693 1609 3750 Junio
1640 3695 1900 3751 celebrari
1946 3694 2159 3750 solitum
2194 3697 2273 3749 in-

706 3786 1002 3853 vitassent,
1051 3797 1161 3842 tum
1196 3788 1447 3843 amicitiae
1494 3805 1689 3854 causa,
1741 3799 1849 3843 tum
1907 3799 1967 3843 ut
2002 3790 2067 3845 de
2115 3788 2275 3844 rebus

708 3877 975 3934 Eustathii
1016 3896 1137 3933 cum
1185 3895 1250 3934 eo
1283 3889 1538 3947 agerent;
1589 3882 1817 3935 Basilius
1852 3880 2137 3937 Eusebium
2181 3899 2273 3938 ro-

708 3970 904 4039 gabat,
957 3979 1019 4025 ut
1066 3986 1249 4026 secum
1299 3972 1444 4028 hunc
1502 3973 1642 4027 diem
1685 3974 1877 4028 obiret.
1926 3974 2107 4042 Itaque
2152 3990 2272 4029 cum

708 4062 881 4117 reditu
918 4077 1016 4118 suo
1046 4064 1391 4134 cognovisset
1419 4066 1627 4119 litteras
1655 4079 1781 4119 suas
1815 4078 1918 4118 non
1958 4063 2123 4119 fuisse
2154 4080 2276 4134 per-

709 4152 867 4217 latas,
910 4154 1091 4207 statim
1122 4169 1215 4209 eas
1245 4154 1391 4209 misit
1439 4156 1503 4209 ad
1547 4155 1882 4209 Eustatliiuin
1920 4154 2272 4209 Sebastenum

710 4260 833 4300 cum
871 4246 1093 4315 epistola
1133 4246 1224 4309 95,
1272 4255 1522 4316 utquam
1571 4247 1856 4302 celerrime
1903 4256 2130 4316 utraque
2163 4247 2277 4316 epi-

709 4336 848 4392 stola
893 4339 960 4392 ad
994 4338 1284 4393 Eusebium
1335 4337 1607 4410 ferretur:
1641 4348 1958 4409 supererant
1986 4338 2129 4393 enim
2169 4349 2279 4393 tan.

712 4436 825 4483 tum
874 4428 988 4483 dies
1045 4429 1265 4496 triginta
1322 4438 1453 4482 tres.
1488 4429 1737 4483 Declarat
1786 4431 2020 4485 Eusebio
2070 4432 2121 4484 in
2180 4431 2279 4487 hac

712 4521 872 4590 epist.
897 4519 969 4576 95
996 4529 1282 4574 venturum
1311 4533 1369 4573 se
1396 4518 1461 4572 ad
1488 4519 1628 4572 diem
1661 4520 1879 4584 festum,
1905 4520 1949 4575 si
1980 4520 2093 4590 ipse
2113 4520 2275 4575 etiam

2372 3324 2704 3393 vituperans,
2733 3323 2988 3385 laudans;
3018 3318 3249 3375 circulos
3274 3318 3375 3373 sibi
3405 3319 3517 3386 ipse
3542 3313 3943 3383 iurisdictionis

2370 3416 2842 3480 circuniscribens,
2868 3424 2925 3467 ut
2957 3412 3277 3483 Gregorium
3310 3412 3561 3481 probaret
3589 3408 3653 3462 ad
3688 3420 3747 3461 se
3776 3418 3832 3460 et
3866 3402 3934 3456 ad

2371 3520 2563 3559 novam
2602 3506 2961 3574 metropolim,
3011 3514 3192 3572 utpote
3223 3504 3497 3572 majorem,
3544 3500 3813 3569 respicere
3856 3496 3943 3549 de-

2373 3597 2516 3652 bere.
2544 3596 2649 3651 Sed
2699 3597 2787 3649 ubi
2835 3597 2974 3649 nulla
3007 3596 3058 3648 in
3092 3611 3149 3649 re
3176 3595 3369 3648 cedere
3403 3590 3720 3660 Gregorium
3764 3588 3945 3641 anim-

2373 3689 2638 3755 advertit,
2691 3691 2852 3743 rebus
2899 3684 3109 3740 infectis
3171 3685 3339 3738 iratus
3384 3680 3691 3744 abscessit,
3742 3676 3944 3732 Basili-

2373 3796 2546 3837 smum
2585 3780 2670 3845 ei,
2724 3778 2887 3833 veluti
2939 3775 3346 3846 Philippismum
3393 3770 3676 3843 quemdam
3745 3782 3943 3837 expro-

2377 3877 2558 3930 brans.
2610 3872 2725 3927 Non
2774 3872 2986 3942 longum
3038 3880 3282 3939 tempus,
3324 3875 3376 3921 et
3423 3864 3615 3919 litterae
3673 3859 3940 3933 Gregorio

2378 3964 2635 4018 vener'unt
2660 3966 2726 4018 ab
2766 3964 2950 4017 eodem
2991 3960 3263 4024 Anthimo,
3303 3958 3391 4027 qui
3434 3971 3554 4011 eum
3593 3951 3824 4009 vocabat
3877 3952 3944 4004 ad

2374 4055 2656 4126 synodum.
2694 4055 2825 4109 Cum
2868 4052 3245 4122 permolestum
3292 4050 3343 4104 id
3385 4057 3526 4103 esset
3556 4046 3843 4114 Gregorio,
3878 4060 3944 4098 ac

2377 4146 2621 4214 injuriam
2663 4143 2774 4196 ﬁeri
2824 4143 3115 4207 clamaret,
3147 4136 3680 4206 Anthimus.rogavit
3735 4142 3794 4186 ut
3830 4134 3948 4187 sal-

2378 4248 2482 4293 tem
2515 4236 2656 4290 illius
2694 4248 2857 4302 opera
2885 4232 3111 4285 Basilius
3149 4230 3214 4283 ad
3246 4227 3644 4282 deliberandum
3678 4240 3739 4279 ea
3786 4227 3854 4278 de
3889 4239 3947 4277 re

2377 4345 2497 4385 cuin
2526 4304 2779 4381 Antbimo
2821 4323 3197 4377 adduceretur.
3250 4317 3502 4373 Promisit
3544 4318 3594 4371 id
3623 4314 3943 4385 Gregorius,

2380 4432 2438 4477 ut
2471 4419 2635 4475 multo
2663 4417 2996 4473 commodius
3029 4427 3192 4481 quam
3226 4409 3365 4478 quod
3400 4409 3574 4478 primo
3608 4408 3943 4475 propositum

2382 4514 2575 4575 fuerat,
2601 4517 2656 4564 et
2685 4508 2881 4561 Basilio
2918 4502 3154 4572 scripsit,
3196 4510 3357 4553 totam
3393 4514 3504 4551 rem
3556 4497 3696 4550 illius
3730 4492 3945 4563 judicio

713 4613 977 4668 Eusebius
1025 4614 1239 4677 veniat;
1287 4624 1443 4666 secus
1471 4625 1620 4673 vero,
1655 4610 1811 4665 malle
1840 4624 1899 4664 se
1939 4584 2274 4664 contractum
2308 4584 2351 4639 Ῑ)
2383 4604 2709 4669 relinquens,
2737 4607 2916 4650 utrum
2965 4594 3123 4647 vellet
3174 4591 3488 4644 Authimum
3537 4598 3589 4641 et
3634 4586 3767 4639 alios
3818 4584 3942 4652 epi-

712 4720 855 4759 anno
895 4704 1170 4774 praeterito
1209 4702 1467 4757 invisendi
1511 4701 1723 4756 Eusebii
1764 4700 1999 4755 debitum
2046 4700 2275 4763 solvere,

713 4804 771 4852 et
806 4811 1153 4865 congressum
1197 4812 1321 4852 cum
1359 4797 1621 4867 episcopis
1662 4795 1712 4848 in
1749 4794 1890 4847 aliud
1934 4802 2141 4861 tempus
2172 4791 2274 4845 dil-

716 4887 877 4944 ferre.
930 4886 1057 4942 Erat
1106 4888 1159 4942 in
1212 4887 1400 4941 iisdem
1457 4887 1648 4942 litteris
1700 4884 2071 4955 Theophrasto
2122 4898 2274 4937 com-

719 4980 897 5035 missis
944 4980 1009 5035 de
1048 4980 1342 5034 Sasintensi
1377 4982 1732 5035 ordinatione.
1777 4975 1910 5030 Nam
1959 4990 2080 5030 eum
2116 4974 2181 5029 de
2213 4988 2275 5028 ea

719 5072 852 5125 nihil
892 5086 1112 5141 prorsus
1156 5080 1407 5126 occurrat
1454 5072 1505 5124 in
1545 5069 1768 5141 epistola
1814 5067 1905 5130 95,
1952 5081 2070 5135 quae
2108 5065 2280 5121 serius

719 5166 924 5235 scripta
956 5174 1057 5230 est,
1086 5163 1179 5219 sed
1215 5163 1375 5217 simul
1422 5163 1620 5226 missa;
1669 5160 1931 5216 Eusebius
1978 5160 2029 5212 in
2079 5172 2175 5212 sua
2213 5157 2278 5210 ad

719 5254 976 5312 Basiliutn
1018 5256 1368 5325 responsione
1397 5270 1459 5308 ea
1489 5256 1555 5309 de
1601 5269 1659 5308 re
1702 5252 2039 5322 loquebatur,
2073 5257 2127 5303 et
2157 5264 2278 5302 cum

722 5350 824 5406 sibi
872 5350 1015 5406 hanc
1058 5351 1447 5405 ordinationem
1494 5349 1672 5404 minus
1718 5346 1931 5418 probari
1981 5342 2281 5415 signiﬁcas-

722 5450 826 5506 set,
853 5440 1053 5497 Basilio
1086 5457 1301 5499 causam
1336 5441 1511 5497 attulit
1542 5440 1681 5496 illius
1711 5436 2055 5494 defendenda:
2086 5435 2137 5489 in
2172 5434 2283 5503 epi-

727 5534 858 5591 stola
888 5533 977 5589 98.

797 5667 875 5738 (a)
914 5668 1013 5739 Ep.
1048 5669 1139 5724 95.

797 5738 873 5805 (ὁ)
913 5738 1007 5805 Ep.
1035 5740 1125 5798 96.

797 5812 869 5870 (cl
908 5807 1038 5865 lbid.

2382 4706 2575 4761 scapos
2600 4702 2921 4748 convocare,
2948 4695 3002 4738 et
3029 4684 3114 4739 ubi
3147 4681 3303 4735 vellet
3330 4688 3382 4734 et
3407 4679 3638 4748 quamlo.

2451 4780 2706 4847 Quamvis
2756 4776 2933 4831 Basilii
2979 4786 3193 4827 causam
3239 4784 3344 4823 non
3378 4769 3503 4822 laeve
3532 4763 3823 4833 Gregorius
3852 4762 3949 4817 de-

2383 4874 2657 4935 fendisset,
2686 4870 2829 4924 illius
2865 4877 3042 4920 tamen
3076 4863 3271 4917 litteris
3304 4860 3537 4915 oll'eusus
3563 4865 3644 4910 est
3688 4854 3947 4919 Basilius,

2382 4978 2437 5022 et
2475 4980 2597 5020 cum
2642 4977 2706 5018 eo
2735 4960 2997 5032 jurgavit,
3044 4958 3186 5024 quod
3228 4953 3478 5007 Anthimo
3526 4951 3746 5003 faveret.
3792 4947 3951 5003 Unde

2383 5057 2679 5127 Gregorius
2707 5055 2761 5110 in
2796 5051 3020 5123 epistola
3050 5050 3119 5104 33
3147 5047 3393 5103 Basiliam
3438 5050 3496 5095 ut
3538 5040 3847 5094 calidiorem
3894 5047 3951 5091 et

2388 5152 2647 5222 pullorum
2681 5163 2831 5204 more
2855 5145 3199 5200 ferocientem
3232 5137 3399 5189 amice
3425 5133 3682 5198 castigat;
3711 5130 3952 5183 breviter

2388 5244 2605 5313 exponit
2643 5241 2767 5310 quid
2814 5236 2931 5306 ejus
2974 5249 3133 5290 causa
3183 5228 3441 5300 gesserit,
3479 5236 3798 5292 utquomque
3839 5235 3949 5273 non

2389 5311 2508 5394 esse
2538 5338 2892 5397 demonstrat,
2922 5340 2979 5383 ut
3009 5344 3126 5380 cum
3177 5322 3357 5376 Basilii
3391 5333 3553 5374 causa
3596 5317 3647 5369 iii
3693 5311 3951 5367 oll'ensioo

2394 5448 2513 5486 nem
2549 5429 2806 5484 Anthimo
2836 5421 3063 5481 venerit,
3098 5415 3290 5470 Basilio
3323 5413 3623 5481 displiceat,
3658 5416 3713 5459 ut
3756 5406 3807 5458 iit
3843 5405 3952 5455 An-

2394 5526 2623 5577 thiuiutn
2678 5516 3007 5587 propensior.
3070 5507 3304 5575 Denique
3363 5500 3615 5557 Basilium
3682 5504 3833 5566 rogat
3894 5503 3953 5547 ut

2465 5658 2541 5728 (ά)
2576 5658 2675 5728 κερ·
2705 5657 2791 5710 88-

2462 5723 2531 5798 (ε)
2572 5723 2699 5782 Nat.
2730 5742 2813 5795 ep.
2842 5723 2926 5779 33.
