4080 6312
1437 351 1595 406 VITA
1631 351 1687 407 S.
1732 352 1991 409 BASILII.

3204 375 3345 419 ιενιι

121 475 231 539 sibi,
266 476 459 531 saltem
504 484 561 529 ut
597 483 720 527 natu
770 473 976 542 majori,
1026 474 1272 542 injuri-am
1309 487 1414 526 non
1454 472 1615 528 faciat
1649 493 1662 529 :
1696 478 1742 535 Α
1769 474 1888 529 (tua:
1923 474 2070 529 illum
2100 488 2275 529 causas
2312 476 2612 530 Caesaream
2660 476 2881 546 vestigia
2915 474 3116 532 referre
3146 492 3337 548 coege-

122 568 248 635 quod
277 570 317 621 si
347 584 471 623 sese
501 576 732 622 ostentet
760 578 917 634 atque
948 565 1147 625 elferat.
1176 582 1236 622 ac
1258 578 1525 638 tanquam
1563 583 1671 621 me-

124 658 466 724 tropolitanus
512 672 542 711 e
592 657 873 723 superiore
926 656 1038 707 loco
1084 669 1257 721 parva:
1304 657 1540 709 civitatis
1590 656 1671 708 vel

124 746 284 809 potius
330 746 528 797 nullius
574 745 885 812 episcopum
928 742 1246 813 alloquatur,
1296 746 1396 800 sibi
1450 760 1667 815 quoque

124 838 454 902 snpercilium
483 852 600 890 esse
625 837 763 904 quod
789 847 1039 904 opponat.

186 928 447 981 thterum
492 929 715 984 libenter
764 931 967 999 accepit
1008 929 1235 983 Basilius
1276 928 1663 993 conditionem,

125 1035 230 1089 qua:
268 1022 334 1074 ab
364 1020 623 1075 Anthimo
668 1022 954 1084 ferebatur,
984 1032 1040 1075 ttt
1067 1023 1131 1076 de
1174 1020 1495 1075 restituenda
1534 1035 1665 1087 pace

121 1114 411 1166 communis
460 1114 686 1166 iniretur
732 1112 1067 1166 deliberatio.
1120 1112 1282 1179 llujus
1336 1112 1409 1165 rei
1479 1120 1667 1165 testem

120 1205 369 1257 habemus
399 1205 673 1272 epistolam
707 1205 773 1259 ad
804 1214 1047 1260 senatum
1076 1204 1434 1273 Tyanensem,
1468 1204 1518 1257 in
1558 1219 1663 1273 qua

119 1296 343 1351 declarat
388 1313 449 1352 se
490 1297 665 1349 omnia
703 1298 918 1367 quidem
960 1297 1194 1354 Authimi
1247 1297 1488 1360 consilia,
1544 1312 1663 1349 om-

118 1403 306 1457 nesque
347 1388 653 1441 molitiones
684 1388 1011 1456 pervidisse;
1051 1388 1143 1440 sed
1178 1397 1351 1439 tamen
1390 1386 1518 1439 nihil
1564 1386 1667 1441 sibi

119 1495 226 1535 esse
273 1494 406 1549 pace
457 1480 746 1547 antiquius.
798 1478 1115 1533 Persuasum
1178 1478 1327 1531 enim
1381 1478 1480 1532 sibi
1526 1492 1663 1545 esse,

120 1573 238 1626 nihil
266 1587 323 1625 se
356 1586 517 1638 posse
563 1572 732 1625 solum
776 1570 1052 1640 perlicere,
1099 1571 1377 1639 magisque
1427 1571 1666 1641 indigere

119 1681 169 1720 se
203 1662 621 1732 uniuscujusque
668 1663 889 1718 fratrum
943 1662 1177 1728 auxilio,
1226 1679 1385 1734 quam
1442 1663 1663 1717 alteram

118 1775 322 1815 manum
366 1760 587 1817 alterius
613 1775 731 1829 0pc.
772 1759 951 1829 Itaque
986 1770 1191 1814 certum
1225 1762 1323 1815 sibi
1371 1776 1488 1816 esse
1524 1761 1670 1830 pacis

1782 572 1921 619 runt.
1951 562 2083 618 Nam
2116 565 2439 629 Theodotus,
2472 566 2560 619 ubi
2607 580 2727 619 eum
2760 582 2879 620 cum
2913 567 3191 623 Ettstathio
3219 582 3341 623 esse

1779 659 2050 725 Cognovit,
2082 666 2363 726 antequam
2402 659 2629 713 disceret
2671 675 2773 727 qua
2813 658 2880 715 de
2906 676 3065 713 causa
3106 661 3155 713 id
3188 660 3345 716 fecis-

1779 760 1879 814 set,
1904 759 1954 803 et
1984 751 2107 817 quid
2130 765 2198 803 ex
2228 765 2516 816 congressu
2548 761 2867 804 consecutus
2896 762 3062 814 esset,
3094 767 3197 805 non
3222 752 3334 820 jam

1780 838 1929 890 illum
1960 840 2025 892 ad
2063 850 2379 893 conventum
2415 843 2711 893 vocandum
2744 856 2864 895 esse
2906 841 3186 908 judicavit,
3239 856 3338 898 uec

1779 944 2100 999 quemquam
2142 931 2287 985 misit
2328 932 2415 999 Qui
2455 932 2646 985 iterum
2690 935 3001 988 admoneret
3033 944 3126 985 aut
3176 934 3339 987 dedu-

1779 1034 1943 1078 ceret.
1994 1025 2098 1078 Bes
2140 1039 2204 1079 eo
2257 1026 2531 1080 molestior
2580 1025 2680 1079 fuit
2720 1026 2933 1089 Basilio,
2989 1026 3129 1094 quod
3182 1027 3331 1080 illum

1779 1129 1933 1174 antea
1968 1119 2333 1189 perfunctorie
2363 1136 2456 1189 per
2507 1118 2801 1173 Helleniqu
2844 1121 3181 1174 invitaverat.
3212 1120 3329 1173 Alia

1778 1216 1996 1266 suberat
2022 1229 2182 1268 causa
2211 1214 2363 1283 longe
2395 1214 2627 1284 gravior.
2658 1214 2885 1281 Accepit
2906 1213 3048 1267 enim
3077 1212 3338 1267 Sebastiae

1779 1303 2013 1366 litteras,
2064 1303 2260 1373 quibus
2311 1315 2595 1358 venturum
2647 1320 2704 1359 se
2753 1304 3017 1359 Eusebius
3069 1306 3338 1373 negabat,

1778 1398 2067 1467 statimque
2117 1395 2331 1451 refrixit
2390 1397 2665 1466 cupiditas
2695 1396 2859 1452 eundi
2917 1395 3241 1466 Nicopolim.
3286 1409 3342 1450 ct

1779 1490 2137 1563 perfunctoria
2190 1490 2446 1543 invitandi
2502 1489 2634 1543 ratio
2674 1490 2912 1543 animum
2968 1490 3151 1545 subiit.
3203 1490 3340 1542 Nam

1778 1600 1899 1640 cum
1942 1583 2175 1638 Eusebio
2209 1599 2273 1637 ne
2312 1583 2625 1654 gravissima
2658 1582 2869 1651 quidem
2905 1583 3214 1637 discrimina
3249 1597 3335 1636 re-

1778 1675 2120 1739 formidahat,
2152 1677 2270 1730 sine
2300 1691 2366 1731 eo
2405 1675 2488 1729 vel
2538 1674 2826 1729 levissimis
2855 1675 3027 1743 impar
3060 1675 3160 1729 sibi
3194 1673 3344 1728 vide-

1776 1767 1954 1821 batur.
1990 1765 2167 1833 Quare
2195 1768 2362 1821 satius
2391 1780 2510 1820 esse
2540 1766 2689 1820 duxit
2721 1767 2922 1820 omisso
2952 1766 3037 1819 die
3076 1765 3213 1820 festo
3243 1766 3340 1818 Ni-

118 1867 266 1905 causa
302 1868 407 1908 nec
456 1853 690 1907 laborem
733 1852 895 1907 ullum
942 1854 1371 1922 praetermittere,
1422 1869 1522 1908 non
1570 1854 1669 1907 bu-
1701 1840 1745 1896 Β
1774 1860 1999 1928 eopolim
2043 1859 2146 1914 alio
2190 1868 2429 1926 tempore
2460 1858 2748 1925 proficisci,
2780 1866 2833 1911 et
2863 1873 2984 1912 cum
3025 1858 3234 1913 Meletio
3274 1861 3341 1913 de

120 1947 233 2003 mile
276 1948 423 2001 dictu
465 1947 753 2016 quidquam
790 1955 879 1999 aut
922 1944 1103 2010 factu,
1153 1960 1256 1998 non
1304 1946 1510 1999 itineris
1553 1945 1671 2000 lou-

120 2040 400 2106 gitudiuem
449 2041 654 2103 vereri,
702 2053 803 2091 non
860 2036 1148 2105 quidquam
1204 2037 1346 2090 aliud
1384 2038 1666 2092 molestum

119 2130 389 2199 refugere,
449 2140 507 2183 ut
559 2129 852 2183 mercedem
911 2127 1298 2197 pacificationis
1364 2144 1667 2199 consequa-

119 2233 214 2277 lill'.

183 2317 262 2371 Vt.
302 2316 490 2370 Basilii
540 2330 660 2371 cum
719 2314 1064 2386 Cappadociae
1107 2317 1355 2372 secundas
1408 2313 1673 2384 episcopis

116 2410 416 2481 congressui
447 2425 624 2465 moras
652 2412 827 2465 attulit
854 2411 956 2465 iter
990 2412 1040 2465 in
1063 2409 1397 2464 Armeniam.
1427 2407 1666 2461 Vocatus

118 2503 274 2556 fuerat
324 2501 562 2557 Basilius
602 2517 629 2555 a
662 2501 718 2557 S.
751 2501 959 2556 Meletio
1008 2511 1063 2555 et
1097 2498 1371 2553 Theodoto
1412 2496 1476 2549 ad
1527 2494 1669 2549 diem

116 2594 297 2648 festum
332 2595 509 2648 medio
546 2608 729 2648 mense
755 2591 913 2647 Junio
939 2591 1335 2653 celebrandum,
1374 2596 1428 2640 ut.
1455 2585 1522 2640 de
1557 2584 1664 2638 Eu-

117 2688 297 2740 stathio
325 2696 380 2740 et
413 2684 595 2740 Basilii
620 2698 739 2737 cum
771 2696 833 2735 eo
863 2679 1262 2744 communione,
1295 2694 1413 2749 quae
1464 2677 1664 2733 multos

117 2777 348 2843 hedebat,
382 2776 581 2845 aliquid
609 2773 769 2829 statui
794 2782 992 2843 posset.
1016 2772 1298 2828 Sentiebat
1340 2787 1536 2841 magno
1567 2772 1669 2827 sibi

118 2872 209 2923 hac
244 2871 296 2922 in
340 2883 399 2921 re
434 2865 687 2935 prmsidio
717 2864 949 2919 futurum
980 2864 1267 2920 Eusebium
1316 2863 1662 2918 Samosaten-

118 2976 236 3013 sem.
276 2959 325 3014 ls
354 2959 500 3012 enim
547 2972 671 3012 cum
720 2956 923 3012 amicus
959 2966 1075 3011 erat
1103 2953 1417 3017 Eustathio,’
1444 2955 1544 3021 vir,
1581 2955 1668 3009 iti-

117 3058 222 3108 dem
250 3063 307 3107 ut
338 3051 590 3116 Basilius,
624 3052 907 3121 probitatis
943 3052 1159 3105 minime
1183 3049 1526 3118 suspiciosus;
1558 3055 1670 3103 tum

118 3160 232 3200 vero
266 3160 426 3199 nemo
463 3144 634 3213 magis
670 3143 910 3208 idoneus,
938 3142 1027 3210 qui
1064 3156 1162 3209 pro
1189 3155 1397 3194 summa
1433 3156 1527 3195 sua
1569 3156 1666 3196 au-

121 3240 357 3292 ctoritate
398 3247 453 3289 et
502 3233 755 3289 maximis
798 3234 865 3289 de
920 3234 977 3287 S.
1023 3232 1234 3287 Meletio
1291 3248 1357 3288 ac
1420 3234 1665 3289 universa

122 3327 341 3381 Ecclesia
382 3324 591 3380 meritis
640 3324 851 3392 iniquas
908 3324 1243 3394 suspiciones
1277 3334 1667 3394 compesceret.

122 3419 413 3487 Scripserat
439 3417 506 3472 ad
539 3430 661 3472 eum
692 3416 920 3471 Basilius
970 3415 1185 3485 triginta
1232 3414 1405 3469 tribus
1436 3424 1559 3470 ante
1592 3414 1669 3471 fe-

118 3522 246 3566 stum
273 3512 494 3577 diebus;
530 3510 622 3565 sed
654 3525 776 3565 cum
823 3523 1043 3563 summa:
1072 3516 1251 3563 essent
1286 3510 1539 3578 temporis
1568 3523 1668 3561 an-

119 3606 317 3674 gustiae,
369 3612 655 3671 antequam
708 3615 964 3669 responsa
1020 3598 1316 3653 Samosatis
1366 3599 1663 3667 acciperet,

116 3696 204 3747 via:
230 3708 285 3747 se
311 3692 605 3754 commisit,
636 3702 693 3745 ut
722 3690 786 3743 ad
816 3690 956 3743 diem
986 3699 1167 3759 posset
1198 3690 1458 3744 indictum
1488 3690 1663 3744 locum

117 3782 333 3852 assequi.
365 3780 775 3835 Transeundum
809 3789 984 3835 autem
1030 3777 1275 3834 Sebastia
1326 3778 1451 3846 fuit,
1484 3780 1667 3850 ibique

118 3873 575 3939 commorandum,
620 3882 676 3929 ut
708 3874 774 3930 de
814 3874 1076 3930 Eustathii
1127 3874 1229 3930 fide
1276 3885 1422 3930 certa
1471 3875 1665 3929 indicia

116 3964 395 4037 Nicopolim
444 3965 827 4037 perferrentur.
858 3967 934 4021 Ac
975 3967 1179 4035 primus
1222 3967 1434 4035 quidem
1469 3966 1583 4020 dies
1615 3968 1665 4019 in

120 4058 423 4124 disputando
482 4058 779 4126 insumptus
814 4056 1006 4109 nullam
1041 4068 1240 4109 certam
1292 4056 1479 4111 habuit
1527 4072 1663 4112 con-

117 4150 413 4203 clusionem.
438 4148 509 4202 At
535 4148 809 4217 postridie,
841 4148 1083 4217 quamvis
1119 4149 1315 4204 Basilio
1348 4151 1664 4207 accessisset

118 4241 393 4294 vehemens
425 4240 787 4304 adversarius,
820 4239 1121 4294 Pmmenius
1152 4242 1409 4297 Sebasticc
1442 4244 1663 4313 presby-

116 4340 224 4395 ter;
270 4333 347 4386 sic
416 4339 599 4385 tamen
656 4328 882 4384 Basilius
926 4341 977 4385 et
1019 4330 1227 4401 objecta
1278 4333 1559 4399 dissolvit,
1611 4344 1667 4388 et

115 4424 418 4480 catholicam
494 4421 792 4478 doctrinam
848 4433 971 4479 ante
1026 4423 1209 4480 oculos
1266 4426 1550 4493 exposuit,
1610 4437 1669 4479 ut

117 4517 242 4569 nulla
279 4532 505 4586 prorsus
547 4519 598 4571 in
636 4532 693 4573 re
724 4516 1085 4571 dissentirent.
1107 4516 1292 4587 Itaque
1313 4527 1666 4572 surrexerunt
1698 4549 1746 4609 υ

116 4609 242 4662 circa
277 4610 471 4665 horam
513 4624 710 4663 nonam
742 4612 807 4665 ad
839 4610 1187 4681 precandum,
1217 4618 1271 4664 et
1304 4610 1507 4681 gratias
1534 4627 1662 4679 ege-

117 4707 230 4751 ruut
260 4698 387 4763 Deo,
436 4699 580 4768 quod
631 4699 769 4753 idem
806 4700 1028 4767 sentire,
1077 4698 1326 4771 idemque
1370 4700 1514 4770 loqui
1568 4704 1664 4758 de-

115 4789 282 4845 disset.

178 4879 344 4937 Probe
372 4881 581 4936 sciebat
613 4880 841 4938 Basilius
874 4878 1144 4950 privatum
1178 4882 1278 4936 hoc
1316 4878 1662 4948 colloquium,

116 4987 207 5026 non
239 4975 369 5029 satis
411 4974 622 5041 insigne
671 4981 1068 5028 monumentum
1115 4973 1235 5028 fidei
1280 4972 1543 5028 Eustathii
1577 4973 1665 5027 fu-

116 5069 301 5128 turum,
338 5065 442 5119 nisi
490 5062 695 5130 scripto
739 5062 938 5133 aliquid
984 5065 1409 5133 consignaretur.
1454 5064 1560 5118 Sed
1598 5073 1655 5118 ut

118 5150 299 5204 faceret
334 5152 645 5205 accuratius
670 5166 734 5207 ac
767 5152 1097 5223 diligentius,
1130 5150 1249 5206 lldei
1278 5150 1561 5207 formulam
1594 5153 1662 5205 ab

118 5237 214 5303 ipse
255 5239 533 5296 Theodoto
578 5241 825 5311 accipere
874 5242 1104 5305 volebat,
1138 5250 1195 5293 ut
1243 5257 1345 5295 una
1388 5252 1443 5296 et
1475 5241 1661 5295 eadem

114 5337 260 5395 Opera
292 5332 400 5385 duo
447 5343 888 5402 consequeretur,
916 5349 1114 5403 nempe
1153 5344 1206 5389 et
1252 5332 1530 5390 Eustathio
1576 5348 1663 5385 re-

119 5429 243 5473 ctam
280 5422 437 5478 fidem
484 5424 853 5493 persuaderet,
896 5435 952 5481 et
997 5427 1140 5481 illius
1167 5427 1489 5483 adversariis
1538 5434 1658 5495 post

118 5522 347 5581 acceptas
398 5513 638 5581 ipsorum
688 5514 1055 5583 conditiones,
1111 5517 1316 5573 nullum
1370 5519 1651 5575 contradi-

117 5603 255 5656 cendi
284 5603 457 5659 locum
496 5605 851 5675 relinqueret.

175 5692 563 5762 Culloquiorum
610 5713 734 5751 cum
780 5696 1057 5753 Eustatbio
1088 5708 1300 5768 optatus
1329 5701 1507 5756 exitus
1540 5700 1649 5752 Ba—

116 5783 272 5839 tilium
308 5789 584 5851 incitabat,
615 5799 670 5841 ut
710 5796 853 5843 recta
887 5787 1177 5857 Nicopolim
1223 5802 1488 5859 pergeret.
1534 5792 1639 5844 Sed

1777 1954 1935 2007 rebus
1955 1950 2334 2007 ecclesiasticis
2364 1949 2613 2020 colloqui,
2640 1948 2721 2003 vel
2747 1950 2907 2003 etiam
2933 1964 3052 2003 cum
3087 1965 3150 2004 eo
3175 1950 3345 2004 Eusc-

1772 2044 1917 2099 bium
1954 2043 2205 2097 invisere.
2232 2043 2345 2109 Qua
2382 2042 2447 2094 de
2486 2057 2545 2095 re
2574 2040 2785 2110 utrique
2802 2042 3035 2109 scripsit.
3062 2042 3342 2110 utriusque

1774 2146 2031 2205 reSponsa
2060 2140 2397 2202 exspectans.
2433 2129 2536 2183 Sed
2588 2130 2779 2183 litteris
2810 2131 2873 2182 ad
2907 2138 3151 2183 sanctum
3183 2128 3343 2183 Mele-

1774 2229 1904 2281 ti'um
1958 2226 2097 2280 idem
2142 2239 2367 2294 prorsus
2403 2222 2580 2277 evenit
2627 2237 2690 2276 ac
2731 2222 2969 2289 pluribus
3007 2221 3146 2284 aliis,
3184 2229 3236 2273 ιιι
3275 2221 3343 2274 ad

1774 2335 1870 2374 nos
1900 2334 2005 2371 non
2042 2318 2401 2388 pervenirent.
2451 2315 2567 2369 Dixi
2632 2314 2923 2377 Basilium,
2996 2328 3116 2366 cum
3169 2313 3341 2369 Scha-

1771 2412 1890 2466 stiaa
1929 2420 2091 2474 esset,
2143 2411 2347 2465 litteras
2396 2408 2610 2463 Eusebii
2647 2408 2941 2477 accepisse.
2990 2405 3093 2460 lies
3141 2421 3237 2475 per
3281 2420 3343 2460 se

1769 2512 1937 2574 patet.
1961 2503 2049 2558 Ait
2076 2504 2215 2559 enim
2244 2518 2301 2559 se
2328 2503 2485 2557 lectis
2530 2502 2610 2555 his
2638 2501 2836 2554 litteris
2868 2499 3180 2569 repudiasse
3208 2512 3347 2553 con-

1770 2596 1945 2652 silium
1994 2596 2152 2650 eundi
2189 2594 2506 2665 NicOpolim,
2546 2603 2828 2663 propterea
2884 2595 3020 2662 quod
3072 2604 3335 2648 venturus

1771 2706 1879 2745 non
1909 2700 2023 2745 erat
2059 2682 2339 2745 Eusebius.
2383 2688 2454 2741 At
2486 2688 2590 2742 hoc
2622 2686 2909 2741 consilium
2946 2699 3049 2737 non
3085 2683 3336 2752 repudia-

1770 2782 1869 2847 vit,
1898 2782 2000 2835 nisi
2030 2796 2150 2835 cum
2177 2780 2440 2834 Sebastim
2466 2788 2642 2842 esset;
2673 2778 2832 2847 idque
2860 2776 3133 2846 conceptis
3158 2775 3342 2829 verbis

1773 2871 2011 2927 declarat
2059 2870 2110 2923 in
2148 2868 2371 2937 epistola
2419 2868 2665 2937 sequenti
2694 2906 2709 2931 ,
2754 2882 2813 2921 se
2860 2883 2891 2921 e
2926 2866 3103 2919 medio
3147 2865 3345 2919 itinere

1774 2963 1978 3017 tristem
2014 2975 2284 3015 reversum
2314 2973 2453 3013 esse.
2504 2958 2665 3012 Forte
2711 2957 2897 3015 etiam.
2944 2966 3230 3025 antequam
3269 2969 3338 3009 ex

1772 3052 1873 3109 hac
1908 3052 2040 3106 urbe
2089 3049 2410 3111 discederet,
2446 3046 2677 3101 Eusebio
2712 3045 2989 3113 rescripsit
3038 3044 3175 3099 hanc
3230 3044 3347 3110 epi-

1774 3144 1963 3200 stolam
1998 3143 2065 3199 98
2093 3143 2145 3197 iu
2176 3157 2279 3211 qua
2326 3154 2745 3210 congressurum
2795 3153 2856 3193 se
2889 3139 3018 3192 dicit
3066 3152 3191 3191 cum
3230 3137 3345 3206 epi-

1773 3238 1951 3307 scopis
1985 3237 2232 3289 secuudaa
2267 3234 2639 3302 Cappadociae,
2665 3241 2719 3286 et
2750 3247 2868 3285 cum
2904 3231 3179 3283 Eustathio
3210 3244 3344 3283 con-

1774 3344 2013 3399 gressum
2050 3341 2189 3392 esse,
2218 3326 2303 3380 cui
2351 3318 2718 3379 testimoniu'm
2754 3334 2913 3378 rectae
2959 3321 3081 3377 fidei
3131 3322 3341 3376 tribuit.

1774 3419 2031 3486 Loquitur
2054 3419 2219 3472 etiam
2249 3416 2314 3471 de
2342 3415 2614 3469 nonnullis
2645 3415 3016 3484 episcoporum
3053 3413 3245 3467 litteris
3271 3412 3341 3467 ad

1773 3509 2060 3567 Eusebium
2089 3525 2193 3565 non
2219 3510 2462 3575 perlatis,
2486 3518 2539 3561 et
2570 3508 2635 3561 de
2667 3506 2949 3567 [‘almatio,
2976 3505 3066 3574 qui
3096 3502 3331 3556 Maximo

1774 3599 1985 3672 praesidi
2038 3600 2104 3654 ad
2161 3599 2561 3669 persecutiones
2614 3594 2985 3658 ministrabat,
3036 3594 3085 3649 id
3137 3605 3221 3649 est
3274 3596 3342 3650 ad

1773 3694 2080 3749 exactiones
2129 3692 2469 3746 tributorum.
2526 3688 2634 3744 llas
2697 3690 3068 3759 episcoporum
3128 3687 3335 3741 litteras

1775 3788 2019 3852 Basilius,
2050 3786 2202 3853 culpa
2232 3799 2441 3850 eorum,
2486 3785 2575 3851 qui
2612 3783 2781 3849 ipsius
2834 3783 3043 3838 litteras
3098 3794 3202 3833 nou
3243 3795 3341 3835 cu-

1775 3888 2017 3933 raverant
2059 3876 2420 3947 perferendas,
2448 3873 2513 3927 ad
2546 3874 2833 3931 Eusebium
2875 3892 2978 3931 non
3022 3878 3346 3947 pervenisse

1775 3971 1921 4025 dicit.
1964 3967 2173 4024 Videtur
2202 3977 2377 4021 autem
2409 3965 2490 4020 vel
2537 3965 2743 4021 litteras
2782 3967 3203 4023 Occidentalium
3248 3969 3342 4021 de-

1774 4062 2009 4133 signare,
2039 4060 2127 4129 qui
2159 4058 2258 4126 ipsi
2308 4058 2669 4127 scripserant,
2711 4058 2795 4112 vel
2832 4062 3002 4113 sancti
3055 4058 3248 4113 Meletii
3289 4069 3344 4110 et

1774 4149 2057 4212 Theodoti,
2089 4147 2178 4215 qui
2222 4161 2345 4201 eum
2386 4149 2451 4201 ad
2499 4148 2640 4202 diem
2691 4147 2884 4202 festum
2937 4149 3111 4201 medio
3155 4163 3341 4203 mense

1771 4242 1930 4298 Junio
1978 4240 2350 4297 celebrandum
2405 4240 2782 4294 iuvitaverant.
2831 4240 2961 4305 Quis
3012 4241 3100 4295 ille
3172 4240 3337 4296 fuerit

1773 4334 2084 4398 Palmatius,
2130 4332 2221 4402 qui
2268 4346 2325 4386 se
2377 4330 2591 4383 Maximi
2655 4329 2957 4384 ministrum
3032 4332 3343 4400 przebebat,

1774 4428 1928 4497 plane
1962 4427 2181 4481 nescio:
2218 4422 2357 4492 quod
2387 4433 2564 4475 autem
2594 4421 2669 4475 ait
2694 4420 2924 4477 Basilius
2949 4438 3071 4477 eum
3104 4424 3339 4479 Maximo

1775 4521 2106 4575 ministrasse
2145 4516 2279 4587 πρὸς
2316 4514 2441 4577 τοὺς
2481 4512 2776 4585 διωγμούς,
2824 4516 2893 4567 ad
2937 4517 3339 4583 persecutiones,

1774 4614 1827 4670 id
1856 4615 1921 4668 de
1959 4609 2330 4679 persecutione
2379 4607 2637 4662 Ecclesia:
2667 4609 2867 4661 dictum
2915 4623 3019 4662 non
3053 4622 3202 4678 puto,
3250 4614 3340 4665 sed

1773 4706 1838 4759 de
1879 4701 2250 4757 exactionibus
2292 4700 2637 4754 tributorum.
2669 4698 2820 4754 llunc
2859 4702 3002 4755 enim
3048 4700 3339 4755 Maximum

1773 4795 1999 4851 Basilius
2044 4795 2098 4849 in
2143 4791 2447 4863 epist.“7,
2500 4792 2670 4845 virum
2721 4792 2875 4864 longe
2940 4796 3200 4863 optimum
3250 4810 3342 4863 ap-

1772 4887 1951 4958 pellat,
1998 4887 2138 4957 quod
2170 4886 2235 4939 de
2286 4896 2627 4953 persecutore
2675 4886 2923 4941 Ecclesia:
2972 4902 3075 4940 non
3136 4889 3340 4941 videtur

1773 4980 2017 5034 dicturus
2061 4977 2245 5032 fuisse.
2299 4976 2634 5031 Probabilius
2672 4978 2833 5031 multo
2870 4988 2951 5032 est
2985 4979 3125 5033 hunc
3157 4980 3340 5049 praesi-

1771 5071 1915 5136 dem,
1938 5084 2059 5124 cum
2087 5069 2250 5123 sciret
2280 5069 2469 5131 Etiam,
2498 5070 2581 5123 cui
2611 5070 2957 5137 succedebat,
2988 5072 3039 5124 in
3074 5071 3338 5126 maximas

1774 5159 2046 5214 molestias
2081 5159 2150 5212 ob
2196 5174 2346 5213 suam
2398 5159 2448 5212 in
2482 5159 2826 5229 Cappadoces
2878 5161 3151 5215 lenitatem
3203 5162 3341 5217 inei-

1772 5252 1933 5314 disse,
1979 5250 2222 5304 strictum
2254 5260 2309 5305 et
2337 5264 2610 5318 severum,
2655 5253 2843 5307 saltem
2880 5252 3053 5318 initio,
3089 5253 3250 5309 fuisse
3281 5254 3335 5308 in

1770 5343 2043 5411 exigendis
2074 5342 2307 5398 tributis.

1844 5433 1948 5488 Sed
1980 5433 2031 5486 in
2067 5432 2151 5487 his
2183 5432 2383 5487 litteris.
2406 5447 2467 5487 ea
2503 5432 2770 5502 praecipue
2818 5433 3173 5497 observanda,
3220 5446 3337 5500 qua!

1761 5526 1827 5580 de
1849 5523 2110 5596 Gregorio
2134 5525 2388 5579 dicuntur
2413 5542 2426 5576 :
2452 5522 2714 5579 Cancrum
2757 5525 2975 5596 fratrem
3002 5523 3335 5593 Gregorium,

1761 5615 1966 5684 inquit,
2008 5617 2189 5670 vellem
2232 5626 2279 5670 et
2325 5632 2416 5686 ego
2472 5615 2765 5671 Ecclesium
2809 5620 3093 5686 gubernare
3132 5617 3340 5685 ingenio

1758 5722 1851 5757 suo
1887 5720 2083 5772 parem.
2117 5705 2196 5759 Ea
2231 5719 2405 5761 autem
2447 5720 2557 5760 erat
2602 5708 2839 5762 Ecclesia
2884 5708 3052 5760 omnis
3095 5723 3211 5770 qua:
3243 5711 3339 5759 sub

1754 5796 1860 5847 sole
1900 5807 2001 5861 est,
2035 5797 2085 5847 in
2119 5813 2274 5849 unum
2308 5798 2538 5850 col/ecta.
2583 5798 2712 5849 Cum
2750 5807 2919 5849 autat:
2966 5800 3081 5863 ﬁeri
3137 5796 3191 5848 id
3230 5813 3332 5850 non
