4074 6312
702 370 865 413 XCVIII

2046 341 2554 399 PBOLEGOMEHA

698 479 882 541 queat,
929 467 1203 539 episcopus
1234 466 1327 531 sit,
1380 481 1479 518 non
1516 480 1576 518 ex
1632 463 1742 517 loco
1794 476 2153 517 ornamentum
2196 481 2287 517 ac-
2314 467 2362 523 Α
2392 461 2534 516 hium
2557 460 2750 515 invitat
2782 458 2836 515 in
2866 458 3282 529 Cappadociam,
3320 467 3376 512 ut
3401 457 3505 512 sibi
3539 458 3589 513 in
3615 458 3934 515 constituet)
3956 487 3970 501 -

701 563 929 631 cipiens,
972 564 1062 613 sed
1112 560 1227 613 loco
1278 574 1342 612 ea:
1391 573 1500 611 sese
1551 557 1768 609 addens.
1823 555 1963 608 Nam
2015 556 2111 609 viri
2166 572 2282 610 rere

702 656 879 725 magni
913 666 986 707 est
1016 670 1119 707 non
1153 652 1352 720 magnis
1381 661 1583 704 tantum
1611 666 1788 717 parem
1822 667 1952 714 esse,
1979 652 2067 702 sed
2096 650 2278 713 etiam,

701 762 819 815 qua:
849 761 1010 813 parva
1036 754 1154 797 sunt
1188 742 1440 810 facultate
1474 758 1663 811 magna
1694 742 1885 808 facere.
1921 742 1993 794 De
2022 739 2281 809 Gregorio

703 835 952 906 Nysseuo
1001 834 1375 889 Tillemoutius
1412 834 1499 887 hic
1543 834 1627 902 agi
1674 833 1973 893 existimat,
2024 832 2280 901 deceptus

704 929 790 982 his
828 928 1052 983 vocibus
1083 926 1215 998 ἐμὸν
1249 926 1359 989 τόν,
1395 925 1611 995 fratrem
1649 941 1839 987 meum,
1886 940 2022 994 quas
2056 939 2158 993 ope
2194 940 2280 979 co-

703 1019 882 1073 dicum
930 1035 1118 1073 novem
1147 1019 1563 1073 eliminavimus.
1604 1017 1686 1070 Ad
1721 1016 1964 1071 codicum
2012 1032 2144 1070 mss.
2181 1032 2281 1070 au-

704 1115 1011 1167 ctoritatem
1058 1113 1266 1167 accedit
1308 1113 1422 1166 lnec
1475 1110 1612 1164 ratio
1646 1108 1744 1179 (a),
1788 1111 1930 1179 quod
1976 1108 2276 1181 Nyssenus,

702 1205 806 1259 etsi
858 1205 1061 1259 invitus
1107 1206 1172 1259 ad
1222 1213 1327 1258 tam
1366 1201 1593 1258 sublime
1646 1202 2007 1257 ministerium
2059 1211 2281 1258 evectus

704 1304 809 1360 est,
838 1312 943 1349 non
974 1304 1150 1349 tamen
1181 1296 1411 1358 videtur,
1440 1303 1685 1362 suscepta
1715 1295 1883 1349 semel
1913 1294 2281 1358 ordinatione,

705 1389 1105 1454 recalcrtrasse,
1132 1397 1191 1443 ut
1213 1388 1505 1459 Gregorius
1530 1406 1544 1443 :
1575 1386 1684 1442 imo
1714 1387 2045 1442 Nazianzum
2080 1388 2282 1444 missus

704 1496 810 1551 est,
840 1493 900 1539 ut
938 1485 1182 1555 Gregorii
1216 1485 1453 1540 dolorem
1488 1500 1555 1540 ex
1585 1485 1927 1540 ordinatione
1948 1493 2282 1553 conceptum

706 1581 1063 1648 a‘hstergeret.
1090 1578 1356 1633 Prreterea
1386 1577 1663 1646 Nyssenus
1700 1577 1765 1630 de
1803 1591 1955 1631 more
1997 1576 2279 1629 ordinatus

709 1681 826 1733 est.
878 1670 1182 1741 postulante
1249 1671 1405 1739 plebe
1471 1677 1526 1723 et
1592 1668 1758 1733 clero,
1816 1668 2283 1723 consentientibus

709 1767 1001 1835 provinciae
1068 1766 1355 1835 episc0pis,
1405 1774 1463 1818 ut
1515 1773 1662 1835 patet
1711 1779 1776 1820 ex
1829 1765 1986 1835 epist.
2033 1764 2160 1819 225.
2208 1767 2278 1818 At

700 1862 1046 1918 ‘anianzeno
1082 1862 1227 1916 solus
1272 1861 1521 1924 Basilius,
1565 1859 1855 1929 adjuvante
1901 1861 2067 1931 ipsius
2103 1868 2279 1929 patre,

693 1956 808 2011 .hoc
849 1973 986 2011 onus
1048 1956 1359 2024 imposuit:
1405 1956 1545 2011 unde
1606 1956 1660 2009 in
1726 1954 1922 2008 multas
1982 1954 2282 2022 reprehen-

704 2052 888 2105 siones
922 2051 1180 2114 incurrit,
1224 2049 1367 2118 qttod
1417 2057 1621 2102 tantum
1661 2048 1833 2102 virum
1882 2046 2093 2101 Sasima
2142 2045 2282 2099 rele-

702 2151 906 2211 gassel.

781 2233 889 2287 lloc
922 2240 1099 2285 autem
1150 2229 1312 2285 semel
1355 2231 1666 2297 constituto,
1701 2230 1808 2284 ruit
1840 2228 2054 2298 penitus
2092 2227 2284 2295 opinio

703 2326 1052 2389 Tillemontii,
1081 2326 1172 2395 qni
1204 2324 1603 2379 Nazianzenum
1645 2341 1831 2379 mense
1873 2322 2015 2377 Julio
2051 2323 2277 2376 ordina-

709 2429 824 2471 tum
877 2417 1039 2471 fuisse
1089 2417 1382 2470 contendit.
1440 2414 1781 2468 Retrahenda
1838 2414 1951 2467 haec
2004 2414 2275 2467 ordinatio

706 2519 833 2563 ante
864 2507 1055 2562 festum
1087 2505 1341 2572 Paschze;
1388 2507 1654 2574 siquidem
1686 2505 1744 2558 S.
1792 2505 2052 2558 Eusebius
2086 2502 2284 2558 litteris

707 2602 863 2670 paulo
913 2607 1033 2669 post
1079 2597 1287 2650 Pascha
1324 2588 1545 2664 scriptis
1595 2596 1949 2665 respondens,
1998 2596 2137 2647 hanc
2183 2594 2283 2648 sibi

706 2692 1099 2744 ordinationem
1158 2686 1337 2740 minus
1392 2686 1611 2755 probari
1679 2685 1964 2755 signiﬁcat.
2016 2683 2284 2737 Prmterea

707 2784 825 2836 aliae
879 2788 1170 2849 suppetunt
1223 2780 1478 2833 rationes.
1535 2777 1667 2831 Nam
1718 2779 1775 2831 1ο
1825 2778 1908 2833 bis
1959 2774 2286 2829 Nazianzum

712 2876 860 2931 venit
896 2874 1124 2927 Basilius
1158 2870 1315 2935 hujus
1346 2871 1703 2925 ordinationis
1732 2886 1923 2933 causa,
1967 2867 2135 2922 semel
2171 2866 2288 2934 qui-

708 2968 830 3021 dem
867 2982 988 3021 cum
1036 2963 1356 3034 Gregorium
1400 2962 1692 3026 ordinavit,
1737 2962 1931 3016 iterum
1977 2976 2126 3025 vero,
2166 2974 2285 3013 cum

711 3059 1022 3113 redeuntem
1072 3070 1102 3111 e
1155 3055 1275 3125 fuga
1344 3052 1549 3108 invisit.
1602 3050 1671 3102 At
1722 3051 1955 3119 primum
2014 3050 2113 3101 iter
2165 3057 2288 3101 ante

712 3152 917 3207 Pascha
954 3147 1340 3204 collocandum.
1386 3146 1516 3201 Nam
1563 3145 1639 3215 (ὓ)
1689 3152 1808 3213 post
1848 3140 2053 3195 Pascha
2094 3140 2287 3193 'circu-

712 3250 843 3302 itum
879 3247 1164 3315 quemdam
1216 3244 1375 3297 rebus
1422 3240 1744 3297 necessariis
1791 3236 2107 3308 urgentibus
2157 3248 2288 3287 con—

713 3341 881 3395 fecit:
916 3340 1038 3392 inde
1080 3353 1329 3393 reversus
1362 3337 1507 3392 circa
1554 3336 1693 3388 diem
1729 3332 2104 3386 duodecimum
2141 3326 2287 3389 Maii,

714 3434 1015 3488 SehaStiam
1061 3447 1118 3486 se
1158 3430 1381 3485 contulit
1416 3442 1597 3482 mense
1619 3424 1824 3479 Junio:
1858 3423 2050 3477 iterum
2088 3421 2139 3472 in
2186 3420 2288 3471 Ar-

712 3527 946 3582 meniam
989 3538 1171 3579 mense
1193 3520 1337 3577 Julio
1367 3521 1579 3587 longum
1616 3527 1668 3572 et
1702 3515 1981 3571 molestum
2015 3514 2119 3567 iter
2160 3526 2284 3565 sas—

713 3619 878 3687 cepit.
908 3617 998 3669 Bis
1046 3631 1172 3684 ergo
1213 3622 1331 3682 post
1362 3611 1566 3665 Pascha
1596 3609 1922 3661 Nazianzum
1954 3603 2138 3656 venire
2182 3617 2285 3654 non

715 3710 920 3778 potuit;
967 3721 1151 3761 mense
1189 3715 1366 3758 autem
1412 3702 1553 3755 Julio
1591 3715 1657 3753 ne
1706 3696 1872 3752 semel
1906 3694 2120 3763 quidem
2157 3692 2209 3745 id
2239 3691 2286 3744 ei

716 3803 981 3872 integrum
1030 3799 1149 3853 fuit.
1180 3796 1237 3851 2°
1269 3795 1501 3850 Basilius
1534 3792 1586 3846 iu
1621 3787 1844 3861 epistola
1879 3786 1965 3853 98,
1996 3799 2115 3855 qua:
2162 3785 2293 3837 scri-

714 3902 805 3963 pta
843 3900 925 3946 est
953 3892 1094 3944 circa
1131 3888 1366 3943 medium
1398 3899 1637 3938 mensem
1666 3880 1904 3943 Juninm,
1938 3877 2155 3931 nuntiat
2186 3875 2293 3931 En-

716 3973 865 4038 sehio
896 3997 952 4036 se
982 3981 1130 4035 brevi
1160 3992 1571 4046 congressurum
1601 3989 1723 4027 cum
1754 3972 2019 4041 episr:0pis
2042 3969 2291 4023 secunda:

715 4073 1089 4143 Cappadociae.
1118 4072 1187 4123 At
1217 4070 1302 4124 hic
1336 4080 1662 4138 congressus
1695 4080 1797 4119 n0n
1847 4065 2019 4117 solum
2054 4070 2172 4129 post
2202 4077 2292 4115 or-

716 4167 1043 4223 dinationem
1076 4163 1323 4233 Gregorii
1357 4160 1685 4217 constitutus
1724 4166 1829 4219 est,
1857 4161 1949 4209 sed
1981 4156 2143 4208 etiam
2172 4162 2292 4222 post

716 4261 834 4331 ejus
876 4258 1057 4328 fugam
1087 4267 1140 4311 et
1187 4255 1413 4310 reditum
1459 4263 1513 4307 et
1557 4251 1778 4305 inutiles
1825 4258 2053 4303 conatus
2098 4262 2285 4313 capes-

717 4352 870 4407 sendi
902 4352 1245 4418 episcopatus
1285 4356 1339 4402 et
1374 4345 1638 4414 colloquia
1676 4359 1799 4399 cum
1830 4340 2110 4395 Authimo.
2147 4337 2289 4392 Cou-

714 4459 915 4499 venere
943 4444 1159 4498 tandem
1199 4440 1465 4509 episcopi,
1494 4448 1553 4491 ut
1584 4436 1743 4491 modo
1795 4434 2120 4497 videbimus,
2167 4443 2290 4485 ante

2386 554 2469 609 dis
2502 554 2765 622 episcopis
2799 567 3017 622 operam
3072 562 3275 605 navet:
3317 567 3477 620 quam
3529 550 3747 620 quidem
3811 553 3966 619 pacis

2386 642 2749 697 conditionem
2808 643 2975 697 fuisse
3031 641 3287 695 diximus.
3344 642 3539 696 Habita
3584 656 3715 711 ergo
3782 641 3970 695 fuerat

2385 734 2620 805 synodus
2654 745 2941 805 antequam
2969 733 3421 804 proficisceretur.

2454 827 2564 881 Vll.
2601 827 3016 882 Praeclarissime
3051 837 3229 880 actum
3263 842 3384 880 cum
3426 825 3644 890 Basilio,
3674 826 3825 893 quod
3856 827 3969 877 An-

2389 918 2540 973 thirni
2593 918 3018 972 benevolentiam
3072 917 3456 984 recollegisset.
3492 916 3597 971 Sed
3644 919 3758 972 cito
3810 931 3967 971 novat

2386 1018 2817 1079 supervenerunt
2842 1008 3121 1063 molestize.
3153 1009 3382 1077 Accepit
3416 1008 3725 1062 mandatum
3785 1012 3963 1076 impe-

2389 1101 2581 1156 ratoris
2629 1115 2749 1155 cum
2794 1100 2989 1153 litteris
3022 1101 3233 1155 comitis
3259 1100 3523 1165 Terentii,
3577 1110 3634 1153 ut
3672 1100 3964 1154 Armeniae

2388 1194 2669 1264 episcopos
2697 1196 2872 1248 daret.
2904 1192 3021 1246 Non
3048 1193 3099 1247 id
3128 1208 3257 1249 sane
3288 1193 3571 1247 molestum
3613 1193 3714 1245 fuit
3748 1194 3964 1245 homini

2390 1286 2523 1339 nihil
2558 1287 2796 1355 optatius
2845 1286 3086 1353 habenti,
3144 1300 3299 1353 quam
3327 1296 3385 1340 ut
3416 1286 3667 1340 Ecclesia
3688 1300 3863 1339 causa
3891 1285 3967 1337 la-

2384 1376 2622 1430 horaret.
2679 1375 2791 1432 lino
2855 1386 2963 1431 tota
3003 1390 3086 1429 res
3147 1378 3537 1443 perhonoriﬁca
3588 1376 3827 1440 Basilio;
3868 1391 3967 1429 nec

2389 1470 2520 1523 satis
2570 1469 2750 1523 mirari
2794 1485 3032 1539 possum,
3068 1483 3167 1522 cur
3204 1483 3309 1537 quo
3345 1479 3581 1539 tempore
3627 1468 3875 1522 haarctici
3912 1484 3965 1520 ιιι

2391 1570 2468 1617 tot
2504 1562 2774 1617 Ecclesias
2823 1563 3130 1633 pastoribus
3169 1560 3339 1630 pulsis
3374 1562 3525 1628 lupos
3580 1560 3962 1623 intrudebant,

2392 1669 2590 1708 vacuas
2620 1655 2891 1710 Armeniae
2924 1654 3195 1710 Ecclesias
3242 1668 3347 1707 non
3397 1654 3731 1721 occuparint.
3796 1650 3963 1706 Forte

2388 1761 2568 1802 comes
2620 1746 2907 1802 Terentius
2970 1749 3333 1818 cognitionem
3392 1745 3495 1800 illis
3546 1744 3697 1812 hujus
3738 1743 3963 1799 consilii

2389 1844 2686 1913 praeripuit,
2718 1853 2772 1898 et
2821 1860 2851 1899 a
2900 1842 3127 1897 Valente
3156 1844 3429 1897 decretum
3471 1838 3595 1892 illud
3627 1838 3959 1906 impetravit,

2386 1944 2669 2004 antequam
2699 1950 2908 1991 summa
2944 1933 3125 1989 Basilii
3159 1936 3410 1988 virtutum
3449 1929 3758 1992 admiratio,
3797 1946 3962 1998 quam

2387 2027 2631 2083 Caesarea
2685 2029 2969 2084 discedens
3020 2027 3439 2098 signiﬁcaverat,
3493 2038 3557 2078 ex
3606 2023 3725 2093 ejus
3779 2024 3966 2076 animo

2387 2119 2712 2173 elaberetur.
2742 2118 2997 2175 Libenter
3027 2121 3209 2185 itaque
3255 2120 3354 2172 via:
3391 2133 3509 2173 sese
3549 2116 3827 2172 commisit
3863 2116 3966 2167 Ba-

2387 2212 2541 2266 silius
2576 2210 2654 2281 (d)
2680 2254 2692 2277 ,
2742 2210 2834 2265 sed
2864 2227 2982 2264 cum
3012 2212 3061 2265 ei
3107 2210 3415 2266 Theodotus
3469 2207 3855 2264 sollicitudinis
3887 2223 3967 2260 so-

2386 2304 2501 2358 cius
2541 2304 2835 2371 adjunctus
2867 2311 3032 2362 esset,
3086 2302 3357 2356 metuebat
3389 2301 3641 2366 Basilius,
3698 2300 3755 2354 id
3813 2300 3961 2368 quod

2387 2395 2603 2460 accidit,
2635 2410 2702 2449 ne
2734 2394 3018 2464 singulare
3046 2393 3278 2447 hominis
3303 2394 3577 2461 ingenium
3609 2404 3664 2447 et
3684 2393 3963 2460 suspicio-

2389 2503 2481 2541 nes
2502 2487 2613 2556 jam
2646 2499 2766 2538 men
2786 2499 2844 2539 se
2893 2480 3051 2536 Juuio
3100 2481 3419 2550 signiﬁcata:
3458 2483 3747 2549 plurimum
3803 2498 3965 2537 noce-

2388 2591 2529 2637 rent.
2568 2578 2673 2633 Sed
2736 2588 2937 2642 tamen,
3002 2586 3060 2629 ut
3120 2575 3398 2628 Theodoto
3452 2572 3839 2637 satisfaceret,
3900 2590 3965 2629 ac

2387 2686 2571 2726 eorum
2606 2688 2725 2742 qua:
2756 2680 2958 2740 egerat,
2991 2685 3173 2724 coram
3212 2666 3479 2736 locuplete
3528 2676 3664 2720 teste
3687 2669 3959 2721 rationem

2389 2766 2660 2831 redderet,
2694 2765 2843 2817 venit
2897 2764 3089 2819 Getasa
3137 2764 3193 2817 in
3235 2777 3421 2832 agrum
3471 2759 3528 2816 S.
3581 2760 3806 2823 Meletii,
3876 2761 3963 2813 ubi

2390 2854 2705 2911 Theodotus
2743 2854 3008 2919 interfuit,
3051 2855 3315 2923 simulque
3354 2854 3619 2908 Diodorus
3651 2852 3961 2921 presbyter.

2458 2947 2535 3002 lbi
2574 2956 2859 3002 accusatus
2890 2960 2919 2998 a
2956 2944 3235 3000 Theodoto
3260 2946 3328 2999 ob
3363 2942 3801 3012 conjunctionem
3841 2953 3962 2991 cum

2392 3040 2670 3094 liustatltio
2697 3079 2714 3103 ,
2743 3038 2879 3093 dixit
2907 3052 2965 3092 se
2987 3052 3053 3092 ex
3086 3051 3376 3108 congressu
3431 3044 3784 3091 consecutum
3818 3046 3961 3093 esse,

2393 3142 2449 3184 ut
2472 3132 2813 3185 Eustathium
2852 3132 2904 3184 in
2930 3131 3181 3185 omnibus
3228 3130 3327 3185 sibi
3379 3128 3762 3184 assentientem
3792 3127 3962 3180 habe-

2395 3232 2493 3277 ret.
2524 3222 2658 3275 Tum
2693 3220 3029 3289 Theodotus,
3076 3222 3422 3277 Eustathium
3472 3234 3718 3290 negasse,
3776 3220 3961 3273 statim

2390 3332 2455 3369 ac
2491 3314 2734 3368 discessit
2756 3316 2823 3366 ab
2847 3328 2910 3367 eo
2938 3313 3190 3376 Basilius,
3238 3317 3456 3380 suisque
3480 3314 3653 3383 ipsum
3679 3310 3961 3379 discipulis

2389 3405 2682 3469 adiuuare,
2714 3418 2773 3459 se
2800 3403 2938 3457 nulla
2961 3418 3190 3473 prorsus
3212 3403 3269 3456 in
3303 3420 3361 3457 re
3384 3418 3503 3457 cum
3530 3405 3733 3457 Basilio
3767 3407 3835 3460 de
3860 3406 3963 3459 ﬁde

2389 3500 2746 3555 consensisse.
2776 3497 2856 3552 Ad
2885 3497 3000 3552 hac
3027 3496 3281 3559 Basilius,
3312 3511 3413 3551 non
3450 3510 3571 3549 eum
3613 3510 3731 3550 esse
3760 3496 3963 3549 Ευειηο

2392 3594 2586 3657 thium,
2614 3594 2703 3663 qui
2734 3607 2877 3645 nunc
2909 3590 3035 3658 huc,
3072 3605 3213 3644 nunc
3250 3589 3376 3644 illuc
3421 3586 3652 3654 feratur,
3682 3603 3808 3641 cum
3860 3589 3961 3642 sibi

2393 3687 2614 3740 miriﬁce
2676 3685 2729 3738 in
2784 3692 2892 3738 tota
2929 3684 3034 3736 vita
3070 3690 3317 3747 constet;
3372 3692 3463 3737 aut
3508 3682 3559 3736 in
3625 3682 3789 3737 rebus
3832 3680 3963 3735 tanti

2390 3779 2651 3831 momenti
2679 3788 2731 3831 et
2754 3778 2994 3830 omnium
3017 3777 3159 3830 fama
3198 3777 3480 3833 celebratis
3500 3777 3810 3840 mentiatur,
3843 3790 3963 3829 cum

2393 3868 2729 3923 mendacium
2766 3868 2931 3920 etiam
2968 3868 3020 3919 in
3058 3868 3294 3921 minimis
3322 3879 3381 3920 ut
3413 3866 3671 3921 horribile
3706 3866 3965 3935 quiddam

2391 3970 2688 4013 aversetur.
2749 3958 2854 4011 Sed
2899 3965 3077 4009 tamen
3122 3958 3531 4025 preponendnm
3564 3955 3611 4009 ei
3656 3970 3778 4009 esse
3810 3957 3964 4011 lihel-

2392 4052 2498 4104 lum
2523 4050 2668 4114 ﬁdei,
2697 4050 2779 4104 cui
2811 4046 3099 4102 nihildesit
3123 4046 3187 4100 ad
3226 4056 3386 4101 recta:
3420 4045 3540 4098 ﬁdei
3565 4045 3877 4121 specimen;
3922 4047 3967 4100 si

2391 4142 2778 4198 subscribendo
2804 4142 3155 4203 assentiatur,
3187 4152 3498 4193 mansurum
3526 4154 3584 4193 se
3610 4139 3661 4191 in
3687 4138 3805 4208 ejus
3831 4151 3972 4192 com-

2394 4236 2678 4297 munione;
2712 4233 2794 4287 sin
2820 4242 2996 4285 autem
3038 4242 3269 4296 recuset,
3314 4232 3380 4283 ab
3431 4229 3546 4297 ejus
3584 4230 3969 4299 conjunctione

2392 4328 2776 4382 discessurum.
2803 4324 3033 4379 Probata
3065 4325 3184 4377 haec
3213 4323 3449 4377 conditio
3499 4323 3714 4378 Meletio
3762 4333 3821 4378 et
3846 4323 3969 4377 Dio.

2394 4421 2543 4484 doro,
2588 4433 2694 4474 nec
2723 4419 2837 4488 ipse
2872 4416 3184 4471 Theodotus
3218 4416 3496 4479 dissensit,
3548 4417 3638 4471 sed
3692 4417 3967 4487 peramice

721 4537 847 4591 illud
879 4538 1001 4601 iter,
1038 4532 1178 4603 quod
1221 4506 1404 4585 mense
1444 4528 1584 4585 Julio
1607 4526 1841 4581 Basilius
1886 4526 1939 4579 in
1974 4524 2286 4578 Armeniam
2324 4548 2363 4602 θ
2395 4512 2649 4566 Basilium
2696 4511 2945 4603 hortatus
2992 4516 3094 4570 est.
3132 4516 3190 4560 ιιι
3237 4506 3533 4578 Nicopolim
3584 4509 3966 4574 descenderet,

720 4628 977 4696 suscepit.
1024 4625 1178 4680 Nulla
1228 4638 1355 4692 ergo
1404 4622 1611 4677 ratione
1648 4618 1838 4671 nititur
1893 4616 2076 4686 opinio
2124 4613 2289 4667 Tille-

724 4720 937 4776 tnontii.

792 4810 849 4864 In
874 4811 972 4864 hac
1000 4806 1372 4879 episcoporum
1397 4802 1751 4873 Cappadocia:
1773 4797 1982 4871 synodo
2014 4811 2118 4864 pax
2148 4797 2289 4850 inter

720 4902 978 4958 Basilium
1014 4912 1067 4956 et
1087 4899 1397 4954 Authimum
1422 4912 1482 4950 ea
1507 4897 1822 4952 conditione
1850 4894 2059 4949 sancita
2093 4901 2198 4958 est,
2236 4901 2293 4944 ut

716 4997 1061 5065 episcopatus
1096 4992 1614 5060 multiplicarentur;
1670 4988 1810 5057 quod
1861 4985 2075 5054 quidem
2110 4984 2161 5037 in
2191 4984 2292 5037 Ec-

725 5088 902 5143 clesiae
948 5084 1284 5139 commodum
1338 5080 1565 5134 cessisse
1598 5087 1822 5130 testatur
1863 5072 2157 5143 Gregorius
2191 5072 2285 5141 (ε).

726 5180 905 5235 Mense
930 5175 1088 5231 Juuio
1108 5183 1358 5235 exeunte,
1382 5172 1463 5224 vel
1496 5174 1711 5223 ineunte
1743 5166 1883 5221 Julio
1914 5167 2028 5220 haec
2051 5166 2290 5234 synodus

727 5272 1061 5336 collocanda,
1120 5284 1224 5323 non
1278 5266 1450 5321 solum
1496 5265 1615 5332 quia
1676 5261 1906 5315 Basilius
1958 5260 2011 5314 in
2068 5259 2291 5325 epistola

728 5366 907 5421 medio
931 5377 1111 5416 mense
1138 5360 1296 5415 Junio
1325 5359 1525 5427 scripta
1556 5356 1699 5409 brevi
1721 5352 1952 5405 futuram
1985 5352 2292 5414 nuntiabat,

731 5460 823 5514 sed
878 5458 1039 5510 etiam
1069 5455 1193 5521 quia
1231 5453 1411 5507 Statim
1442 5467 1503 5503 ac
1552 5448 1709 5501 rediit
1759 5462 1821 5500 ex
1879 5445 2091 5507 itinere,
2151 5445 2291 5510 quod

725 5552 920 5606 iterum
964 5549 1013 5600 in
1046 5545 1355 5601 Armeniam
1396 5543 1575 5597 habuit
1636 5553 1817 5593 mense
1868 5535 2049 5602 Julio,
2114 5533 2283 5588 Euse-

799 5723 875 5798 (ιί)
918 5727 1012 5798 Ep.
1044 5726 1162 5781 223.

806 5797 876 5858 ibi
910 5797 1003 5855 Eu.
1046 5800 1131 5852 95.

2401 4615 2510 4658 tum
2537 4603 2788 4658 Ecclesia;
2836 4602 3138 4656 inviseuda:
3166 4617 3350 4666 causa,
3383 4611 3494 4655 tum
3526 4609 3584 4654 ut
3630 4615 3753 4654 eum
3790 4602 3964 4657 Theo-

2401 4698 2556 4750 dotus
2583 4693 2763 4750 Satala
2802 4710 2974 4764 usque
3018 4694 3332 4758 deduceret,
3366 4708 3426 4748 ac
3451 4707 3668 4761 operam
3708 4696 3759 4748 in
3796 4695 3967 4749 omni-

2402 4791 2501 4843 bus
2536 4795 2776 4841 navaret.
2806 4785 2900 4840 llis
2939 4787 3011 4839 ita
3044 4786 3180 4839 actis
3219 4783 3521 4855 Nicopolim
3573 4784 3732 4838 rediit
3786 4784 3961 4839 Theo-

2402 4883 2578 4945 dotus,
2622 4880 2817 4935 Basilio
2864 4878 3077 4933 Getasis
3131 4879 3340 4933 relicto.
3401 4878 3471 4932 At
3520 4877 3607 4933 ubi
3665 4878 3962 4947 Nicopolim

2402 4974 2616 5027 advenit
2638 4972 2885 5036 Basilius,
2920 4971 3001 5024 sic
3045 4986 3166 5027 eum
3194 4977 3474 5023 aversatus
3505 4979 3587 5024 est
3625 4968 3962 5033 Theodotus,

2403 5077 2460 5119 ut
2493 5080 2665 5134 neque
2694 5066 2760 5119 ad
2792 5064 3098 5128 matutinas,
3143 5074 3318 5128 neque
3348 5061 3421 5113 ad
3447 5061 3781 5134 vespertinas
3839 5074 3960 5121 pre—

2402 5176 2491 5215 ces
2522 5173 2795 5215 assumere
2821 5158 3072 5213 voluerit.

2469 5254 2854 5309 Permolestum
2890 5251 2941 5306 id
2993 5249 3195 5306 Basilio
3226 5248 3449 5313 accidit,
3503 5262 3609 5303 non
3662 5254 3846 5301 tamen
3877 5260 3965 5301 sua

2403 5349 2569 5418 ipsius
2594 5361 2758 5402 causa
2806 5343 3026 5416 (fatetur
3058 5343 3201 5397 enim
3238 5359 3298 5398 se
3328 5344 3549 5412 dignum
3583 5339 3751 5395 fuisse
3774 5340 3965 5410 quisic

2404 5440 2769 5510 tractaretur),
2803 5439 2896 5495 sed
2946 5439 3073 5509 quia
3128 5439 3380 5492 mandata
3439 5437 3787 5507 imperatoris
3814 5434 3965 5505 perli-

2403 5549 2544 5589 cere.
2571 5543 2624 5588 et
2650 5534 2933 5602 episcopos
2961 5532 3227 5587 Armeniae
3278 5532 3409 5587 dare
3463 5545 3565 5585 non
3617 5538 3856 5599 poterat,
3887 5526 3964 5582 sic

2485 5712 2551 5783 (ι’)
2581 5713 2675 5768 0r.
2704 5714 2793 5767 20.

2471 5790 2547 5851 (α)
2582 5787 2674 5851 Ep.
2700 5787 2789 5840 99.
