4080 6312
1508 352 1665 408 VITA
1706 351 1761 406 S.
1808 350 2068 405 BASILll.

3272 368 3393 408 XClK

172 467 359 524 allecto
386 480 516 535 erga
548 479 607 520 se
629 480 877 521 curarum
914 465 1080 530 socio,
1114 464 1264 535 cujus
1294 479 1453 535 opera
1483 466 1735 535 sperabat
1764 472 1807 529 Α
1837 466 2003 519 Porro
2034 464 2100 519 ad
2129 478 2247 518 eam
2288 479 2398 518 rem
2426 468 2716 521 necessarii
2751 479 2908 524 erant
2936 468 3124 525 saltem
3174 470 3391 540 triginta

173 574 227 618 se
259 560 484 614 idoneos
512 559 658 613 viros
706 559 1071 623 inventurum,
1120 572 1184 612 eo
1230 559 1371 626 quod
1408 559 1458 610 in
1493 559 1608 625 ejus
1643 574 1733 627 pa.

173 654 333 711 racia
369 670 477 708 non
514 653 760 707 deessent
788 660 841 705 et
864 651 1103 721 religiosi
1128 662 1179 706 et
1214 653 1527 721 prudentes,
1557 664 1610 707 et
1636 654 1734 707 Iin-

172 762 282 817 gute
315 746 501 813 periti,
552 753 606 798 et
649 746 737 813 qui
800 743 1035 811 reliquos
1088 745 1261 813 gentis
1300 759 1426 797 usus
1490 746 1733 812 proprios

171 839 392 892 scirent.
451 836 555 889 Sed
617 844 790 887 tamen
845 833 986 901 quod
1024 834 1074 887 in
1130 835 1245 901 ipso
1297 834 1454 888 silum
1486 845 1635 896 erat,
1680 835 1733 887 id

172 930 387 984 minime
419 928 787 997 negligendum
826 936 995 989 ratus,
1034 926 1212 979 Satala
1243 929 1485 994 pervenit
1520 928 1733 981 inﬁrmo

174 1023 456 1077 admodum
498 1035 757 1088 corpore;
800 1033 982 1087 pacem
1019 1019 1321 1086 composuit
1365 1019 1505 1073 inter
1533 1020 1735 1087 episco-

170 1130 261 1185 pos
289 1113 582 1175 Armenite,
604 1126 799 1180 eosque
834 1126 864 1163 a
907 1125 1115 1164 summa
1148 1109 1499 1164 indiﬂ'erentia
1538 1126 1601 1164 ac
1636 1126 1731 1163 ne-

170 1206 414 1275 gligentia
463 1204 529 1257 ad
582 1204 847 1256 sincerum
894 1216 991 1271 pro
1041 1200 1293 1255 Ecclesiis
1348 1201 1440 1257 Dei
1496 1203 1729 1255 studium

170 1311 423 1350 revocare
444 1303 671 1347 conatus
697 1301 803 1354 est,
846 1306 909 1345 ac
947 1292 1011 1345 de
1052 1292 1318 1346 nonnullis
1379 1307 1496 1360 quae
1524 1290 1731 1344 indiffe-

169 1396 345 1440 renter
399 1386 451 1438 itt
485 1382 743 1438 Armenia
797 1382 1011 1452 peccari
1049 1382 1318 1445 solebant,
1347 1382 1561 1453 regulas
1596 1398 1732 1452 prte-

169 1479 400 1547 scripsit.
452 1476 676 1544 Accepit
724 1494 752 1528 a
789 1474 1096 1528 Satalorum
1149 1474 1386 1527 Ecclesia
1436 1473 1728 1542 suffragia,

168 1570 354 1639 quibus
381 1569 694 1635 rogabatur,
732 1575 790 1620 ut
836 1566 1143 1636 episcopum
1200 1566 1305 1619 illis
1354 1564 1526 1619 daret.
1576 1565 1729 1621 Curze

168 1661 319 1713 etiam
354 1658 485 1712 illud
529 1658 576 1712 ei
612 1657 730 1720 fuit,
776 1666 833 1711 ttt
864 1658 929 1711 de
958 1657 1195 1726 aspersis
1225 1655 1428 1725 Cyrillo
1475 1656 1729 1726 episcopo

168 1747 481 1801 criminibus
523 1748 825 1815 inquireret
859 1769 871 1802 ;
909 1763 1026 1815 qua:
1053 1762 1173 1800 cum
1226 1748 1293 1801 ab
1323 1746 1551 1800 inimicis
1594 1762 1726 1801 con-

169 1839 285 1893 ﬁcta
344 1853 467 1893 esse
531 1840 890 1907 cognovisset,
951 1838 1111 1907 idque
1154 1839 1252 1907 ipsi
1301 1853 1483 1893 coram
1527 1837 1726 1893 Basilio

168 1929 453 1984 manileste
507 1928 740 1983 confessi
793 1941 1014 1995 essent;
1073 1921 1324 2000 populum
1392 1932 1725 1987 Satalensem

166 2021 364 2093 Cyrillo
396 2023 749 2077 mediocriter
771 2023 1026 2093 placavit,
1056 2024 1123 2078 ita
1146 2034 1205 2077 ut
1234 2038 1337 2077 non
1361 2022 1473 2091 jam
1501 2024 1567 2078 ab
1588 2025 1727 2078 illius

166 2120 540 2171 communione
579 2116 908 2186 refugerent.
942 2117 1018 2170 Ex
1070 2118 1154 2171 bis
1193 2116 1370 2187 colligi
1419 2132 1522 2170 non
1569 2117 1727 2171 debet

164 2209 414 2279 Cyrillum
444 2224 633 2263 eorum
667 2209 971 2277 episcopum
1006 2207 1195 2262 fuisse.
1227 2206 1549 2264 Iamdudum
1583 2208 1723 2262 enim

164 2302 410 2370 episcopo
446 2302 722 2361 carebant,
748 2311 806 2352 ut
834 2299 991 2353 modo
1018 2299 1337 2355 videbimus.

233 2391 361 2446 VIII.
389 2392 581 2444 Rednx
607 2391 911 2445 Caesaream
938 2391 1186 2453 Basilius,
1205 2392 1288 2447 vel
1316 2392 1499 2458 etiam,
1521 2403 1721 2449 utcon-

159 2483 270 2553 j'ct
332 2482 738 2547 Tillemomins,
792 2492 1081 2553 antequam
1148 2484 1344 2538 Satalis
1400 2485 1721 2551 discederet,

162 2592 268 2629 rem
328 2592 546 2631 amnem
590 2574 659 2629 ab
711 2576 915 2646 origine
972 2575 1227 2630 Terentio
1273 2576 1606 2646 perscripsit,
1668 2587 1722 2632 et

159 2667 280 2736 quid
309 2668 377 2721 ad
410 2666 775 2722 exbaurienda
828 2665 1167 2734 imperatoris
1218 2668 1464 2721 mandata
1519 2672 1723 2737 praesti-

162 2758 327 2821 tisset,
360 2759 489 2827 quid
520 2759 672 2826 plura
701 2767 957 2826 praestare
986 2758 1375 2828 prohibuisset,
1430 2762 1724 2816 accuratis-

160 2850 291 2904 sime
333 2850 606 2916 exposuit.
645 2848 915 2919 Scriptam
946 2865 1065 2904 esse
1110 2849 1308 2904 Satalis
1353 2850 1491 2904 hanc
1523 2852 1722 2919 episto-

161 2938 260 2991 lam
291 2938 359 2991 99
388 2939 469 3007 (η.
508 2938 563 3008 4)
621 2939 797 3009 colligi
822 2948 1003 3007 posset
1031 2954 1093 2991 ex
1120 2940 1200 2993 his
1235 2940 1454 2995 verbis:
1488 2937 1558 2992 Et
1586 2958 1721 2994 nunc

158 3046 268 3082 cum
296 3030 483 3083 Satala
514 3032 759 3083 venissem
782 3048 899 3084 cum
932 3031 1026 3083 tali
1055 3047 1291 3099 corpore,
1323 3042 1424 3087 etc.

1835 566 1948 608 tres
1980 556 2115 620 dies,
2155 568 2213 607 ut
2238 556 2467 609 vidimus
2494 572 2557 611 ex
2590 562 2748 626 epist.
2779 559 2867 613 95.

1905 647 2055 700 Circa
2106 648 2243 700 idem
2298 658 2507 717 tempus
2560 652 2761 717 scripta
2812 654 3041 721 cpistola
3079 655 3199 711 101.
3259 654 3395 711 Cum

1830 738 1977 793 enim
2011 738 2075 791 de
2106 747 2279 792 morte
2311 724 2533 809 insignis
2574 757 2814 809 personae
2861 746 3155 814 didicisset,
3207 750 3393 803 statim

1835 830 1899 883 ad
1931 845 2076 893 eum,
2106 832 2172 885 ad
2196 847 2357 900 quem
2406 834 2706 902 praecipuus
2759 837 2912 889 dolor
2944 841 3173 907 redibat,
3202 857 3399 896 conso-

1830 923 1980 977 landi
2026 939 2183 978 causa
2221 926 2459 993 scripsit,
2520 927 2786 981 infirmam
2825 931 3185 986 valetudinem
3231 948 3397 988 excu-

1834 1029 1978 1078 sans,
2033 1031 2130 1069 cur
2180 1018 2371 1071 adesse
2417 1033 2520 1072 non
2560 1030 2760 1087 posset,
2800 1031 2853 1075 et
2901 1023 3112 1093 negotia
3162 1024 3231 1079 ob
3296 1026 3398 1081 iter

1834 1107 2090 1173 majorem
2119 1107 2168 1161 in
2204 1109 2419 1163 modum
2452 1125 2632 1167 aucta.

1905 1198 2230 1262 Satalenscs,
2262 1210 2317 1254 ut
2351 1217 2511 1271 supra
2550 1205 2799 1270 vidimus,
2827 1206 3109 1277 suﬂ'ragia,
3144 1208 3260 1264 sive
3303 1210 3399 1262 de-

1832 1302 2037 1345 cretum
2072 1291 2343 1361 publicum
2376 1295 2681 1350 obtulerant
2711 1299 2931 1364 Basilio,
2967 1316 3198 1369 eumque
3242 1317 3399 1370 roga-

1833 1383 1983 1446 bant,
2040 1393 2097 1436 ut
2153 1384 2259 1437 sibi
2312 1386 2625 1456 episcopum
2676 1390 2849 1443 daret.
2905 1391 2981 1445 Eo
3037 1392 3249 1461 dignior
3276 1400 3399 1446 erat

1832 1474 2015 1530 Basilii
2049 1476 2412 1535 sollicitudine
2464 1482 2577 1537 haec
2606 1483 2867 1548 Ecclesia,
2902 1487 3044 1555 quod
3078 1486 3395 1555 jamdudum

1831 1569 2085 1639 episcOpo
2126 1572 2382 1625 destituta
2432 1576 2822 1643 propemodum
2859 1580 2912 1631 in
2964 1580 3134 1633 ruinis
3157 1580 3392 1649 jacebat.

1832 1655 1885 1708 In
1912 1659 2140 1726 petendo
2164 1670 2341 1713 autem
2370 1663 2624 1731 episcopo
2656 1668 2791 1718 adeo
2844 1667 3159 1721 institerunt
3186 1679 3241 1723 et
3266 1684 3395 1724 con-

1832 1749 2140 1815 tendet-unt,
2194 1760 2251 1803 ttt
2284 1752 2511 1806 Basilius
2558 1767 2740 1807 coram
2778 1757 3005 1812 Domino
3048 1760 3394 1827 promiserit,

1828 1839 1960 1894 nihil
1995 1857 2073 1903 se,
2099 1843 2239 1909 quod
2266 1845 2482 1912 quidem
2515 1860 2679 1914 penes
2712 1861 2770 1899 se
2793 1847 2955 1913 foret,
2996 1851 3395 1918 prsetermissu-

1828 1950 1969 1989 rum.
1998 1933 2184 2002 Colligi
2233 1946 2413 2004 posset
2443 1940 2759 1993 nominatim
2786 1940 2853 1993 ab
2888 1941 2952 1995 iis
3000 1942 3222 2010 petitum
3270 1940 3392 1996 Ρω-

1828 2028 2063 2082 menium
2100 2028 2497 2099 presbyterum.
2534 2029 2666 2083 Nam
2695 2032 2925 2088 Basilius
2956 2032 3035 2103 (α)
3070 2034 3309 2087 declarat
3337 2049 3395 2087 se

1825 2120 2342 2189 consanguinitatem
2396 2129 2449 2173 et
2504 2124 2951 2177 consuetudinem
2989 2125 3089 2177 sibi
3124 2140 3244 2177 cum
3292 2125 3394 2179 hcc

1824 2207 1942 2262 viro
1972 2210 2421 2277 intercedentem,
2453 2211 2633 2280 populi
2690 2211 2942 2281 gemitus,
2979 2213 3243 2265 universa:
3271 2211 3394 2265 Pw-

1825 2300 1989 2354 menii
2024 2301 2361 2370 cognationis
2394 2316 2457 2355 ac
2483 2302 2669 2355 matris
2702 2301 2868 2369 ipsius
2892 2302 3162 2371 lacrymas
3199 2317 3388 2355 eorum

1823 2392 2109 2462 postulatis
2155 2394 2551 2460 postltabuisse.
2608 2393 2868 2446 llortatur
2923 2404 2981 2446 ut
3034 2395 3142 2447 Deo
3191 2395 3392 2462 gratias

1824 2491 2005 2550 agant,
2032 2482 2173 2550 quod
2198 2491 2382 2537 votum
2416 2498 2571 2536 suum
2621 2484 3017 2552 adimpleverit.
3070 2486 3174 2539 Sed
3211 2495 3391 2538 tamen

1823 2574 1938 2627 litec
1967 2574 2147 2629 dicere
2172 2575 2346 2644 pomit
2378 2573 2853 2640 Basilius,etiamsi
2884 2575 3180 2644 generatim
3211 2576 3387 2628 virum

1822 2667 2105 2738 petiissent
2159 2670 2224 2721 ad
2264 2670 2599 2737 reparandas
2629 2667 2879 2722 Ecclesia:
2916 2684 3025 2721 suze
3061 2669 3245 2722 ruinas
3272 2668 3389 2721 ido-

1824 2775 2003 2814 neum.
2056 2761 2322 2815 Przemisit
2372 2759 2601 2823 Niciam,
2653 2762 2744 2827 qui
2796 2762 2860 2813 ad
2892 2760 3201 2815 Satalenses
3238 2759 3394 2829 huius

1825 2852 2023 2905 ltetitite
2076 2854 2321 2905 nuntium
2381 2851 2667 2920 perferret.
2714 2851 2927 2920 Scripta
2990 2853 3103 2905 lure
3161 2854 3391 2920 epistola

1824 2944 2225 3011 magistratibus
2279 2961 2292 2995 :
2343 2956 2610 3011 sequens,
2670 2958 2789 3013 quas
2842 2943 3055 2999 brevior
3109 2952 3232 3010 est,
3292 2947 3390 2996 sed

1824 3044 2001 3087 tamen
2049 3034 2101 3087 in
2156 3034 2397 3088 eamdem
2447 3036 2649 3106 scripta
2702 3038 3050 3102 sententiam,
3080 3037 3388 3091 universam

226 3120 442 3175 Littera:
508 3121 567 3179 S.
634 3124 888 3186 Eusebii,
966 3138 1086 3192 qua:
1142 3140 1333 3178 suaves
1390 3140 1602 3194 semper
1664 3135 1718 3181 et
1747 3168 1793 3227 Ο
1824 3132 2028 3201 plebem
2058 3132 2363 3201 compellat,
2401 3147 2717 3186 concessum
2763 3132 2870 3186 illis
2907 3133 3165 3186 nuntians
3212 3140 3391 3199 pasto-

155 3228 346 3289 cptata:
394 3218 595 3272 Basilio
644 3218 942 3280 veniebant,
999 3234 1119 3271 cum
1173 3218 1221 3273 ei
1281 3218 1333 3272 in
1390 3220 1721 3283 regioneAr—

159 3313 340 3366 metria:
379 3312 580 3373 vicina,
614 3318 735 3378 post
778 3318 853 3363 tot
902 3309 1177 3364 molestias
1230 3310 1468 3364 redeunti
1502 3312 1721 3366 reddita:

156 3404 401 3465 inissent,
446 3410 653 3455 tantum
687 3401 885 3456 laetitia:
936 3401 1254 3466 attulerunt,
1286 3412 1538 3470 quantum
1570 3405 1719 3458 navi-

156 3497 418 3562 gantibus,
456 3494 605 3564 gravi
630 3503 746 3547 orta
778 3499 1121 3561 tempestate,
1159 3492 1248 3547 fax
1273 3494 1481 3549 eminus
1512 3495 1717 3552 lucens.

157 3588 341 3642 Reditu
380 3602 503 3652 suo,
562 3584 809 3653 quamvis
856 3584 959 3639 sibi
990 3584 1268 3639 videretur
1300 3601 1329 3637 a
1369 3601 1466 3639 suo
1494 3602 1718 3653 corpore

154 3680 341 3740 deseri,
379 3689 437 3733 et
488 3678 538 3732 in
582 3692 803 3747 magnas
834 3674 1487 3740 dillicultatesincidisset,
1536 3678 1715 3731 tandiu

156 3771 404 3838 neglectis
441 3768 695 3822 Ecclesia:
727 3768 885 3819 rebus
916 3805 931 3829 ,
992 3764 1247 3834 sperabat
1306 3776 1481 3821 tamen
1537 3782 1595 3822 se
1619 3782 1717 3833 ope

154 3877 357 3929 precum
392 3860 609 3915 Eusebii
644 3860 920 3914 Samosata
958 3858 1179 3911 iturum.
1211 3856 1316 3912 Sed
1347 3858 1557 3911 interim
1595 3874 1715 3911 eum

154 3963 317 4021 rogat,
351 3962 410 4004 ttt
445 3951 749 4006 Caesaream
802 3950 979 4004 veniat
1010 3952 1074 4003 ad
1114 3950 1255 4005 diem
1306 3950 1499 4003 festum
1537 3952 1709 4005 sancti

156 4042 463 4112 Eupsycbii,
495 4042 580 4094 die
612 4043 841 4109 septimo
900 4038 1253 4107 Septembris.
1304 4038 1399 4092 llis
1452 4040 1597 4095 enim
1659 4056 1716 4095 se

152 4136 372 4203 negotiis
420 4131 712 4202 implicari,
763 4146 880 4200 quae
930 4131 1131 4185 auxilio
1166 4130 1439 4201 indigeant
1471 4132 1705 4195 Eusebii,

152 4235 257 4279 tum
309 4225 375 4277 ad
433 4224 878 4277 constitutionem
941 4226 1336 4293 episcOporum,
1374 4239 1477 4292 qua
1535 4224 1598 4277 de
1658 4239 1714 4279 re

151 4317 284 4373 inter
315 4318 601 4387 episc0pos
638 4315 987 4385 Cappadocia:
1025 4306 1207 4370 mense
1240 4313 1399 4369 Junio
1450 4330 1713 4369 convene-

148 4423 251 4472 rat.
305 4422 415 4464 tum
468 4407 535 4462 ad
597 4408 1033 4462 deliberationem
1107 4417 1159 4461 et
1225 4407 1709 4461 considerationem

1824 3240 1935 3278 rem
1967 3225 2066 3277 hoc
2094 3224 2310 3293 dignum
2340 3224 2579 3277 nomine.
2640 3222 2694 3275 in
2747 3238 2855 3291 quo
2910 3222 3048 3277 forte
3087 3222 3275 3276 alludit
3321 3224 3388 3276 ad

1820 3331 2015 3371 nomen
2047 3315 2323 3371 Pmtnenii.

2374 3405 2603 3462 CAPUT
2646 3406 2811 3461 XXV.

1820 3496 1860 3549 1.
1896 3499 1957 3570 S_.
1996 3498 2226 3570 Basilius
2285 3502 2622 3569 conqueritur
2678 3500 2819 3570 apud
2866 3499 3191 3570 pra‘fectnm,
3242 3500 3384 3570 quod

1886 3568 2059 3622 clerici
2089 3567 2435 3623 Cwsarienses
2466 3571 2643 3621 censui
2676 3568 2873 3620 addicti
2902 3567 3119 3635 fuerint.
3170 3567 3262 3625 ll.‘
3292 3568 3388 3625 ln-

1888 3639 2004 3692 uisit
2034 3638 2092 3695 S.
2132 3637 2433 3691 Eusebium.
2476 3636 2697 3690 Rediens
2716 3636 2898 3691 scribit
2923 3642 2997 3690 ad
3018 3640 3157 3705 ﬁlias
3193 3639 3377 3693 Teren-

1890 3712 1950 3761 tii
1987 3724 2031 3763 et
2065 3712 2133 3762 ad
2179 3707 2448 3775 quemdam
2497 3708 2738 3761 militem.
2790 3708 2871 3761 HI.
2924 3708 3048 3760 Tres
3096 3710 3287 3762 littera:
3324 3712 3386 3763 de

1894 3782 2093 3847 negotio
2142 3779 2367 3829 Julittw.
2403 3776 2535 3832 Inde
2575 3792 2699 3831 nata
2748 3781 2953 3831 occasio
3004 3777 3264 3832 scribendi
3316 3781 3385 3832 ad

1890 3848 2200 3902 Modestum.
2239 3847 2325 3901 IV.
2377 3849 2732 3901 Andronicum
2760 3851 2942 3900 ducem
2972 3847 3182 3916 placare
3226 3866 3386 3902 cona-

1888 3930 1975 3988 tur
2005 3919 2330 3971 Domitiano.
2359 3918 2441 3988 κν.
2494 3916 2685 3970 Pacem
2721 3919 2963 3971 conciliat
2990 3920 3044 3970 in
3070 3920 3385 3988 presbyterio

1891 3987 2154 4041 Tarsensi.
2201 3989 2288 4042 VI.
2344 3987 2631 4057 Simplicii?
2678 3990 3016 4041 temeritatem
3064 3987 3381 4057 comprimit.

1884 4060 1996 4183 ἕιι.
2028 4058 2275 4181 ὓῖερὶει.
2307 4058 2559 4112 115-117.
2592 4056 2718 4110 VIII.
2750 4057 3011 4110 Praditur
3038 4075 3069 4109 a
3103 4060 3384 4126 discipulis

1937 4141 2072 4183 ustat
2093 4147 2170 4183 ttt.

1937 4131 2170 4183 ustatltii.

1885 4221 1922 4275 1.
1968 4221 2240 4277 Modestus
2271 4218 2578 4290 priefectus,
2608 4220 2696 4288 qui
2724 4220 2980 4274 Basiliam
3015 4236 3114 4289 pro
3144 4237 3203 4276 se
3237 4222 3386 4276 utill-

1818 4324 1897 4368 ter
1916 4325 2224 4382 precantem
2250 4323 2518 4379 senserat,
2553 4328 2650 4383 pro
2673 4312 2789 4365 aliis
2814 4314 3057 4381 precanti
3092 4313 3381 4381 plurimum

1818 4420 2031 4474 semper
2062 4403 2287 4458 honoris
2330 4405 2537 4458 habuit.
2584 4403 2747 4457 Suam
2782 4406 2917 4471 apud
2950 4405 3098 4457 illum
3150 4406 3380 4472 gratiam

149 4519 326 4557 eorum
356 4518 476 4568 qua
508 4502 564 4553 in
594 4516 711 4562 nos,
744 4499 939 4569 inquit,
977 4500 1259 4551 meditatur
1283 4496 1521 4565 Gregorii
1559 4494 1692 4565 Nys-
1740 4512 1781 4567 ι)
1816 4497 2048 4552 Basilius
2078 4511 2219 4564 saepe
2252 4497 2606 4566 interposuit;
2633 4498 2725 4550 sed
2756 4496 2926 4565 prima
2954 4499 3195 4550 omnium
3234 4499 3383 4552 vide-

147 4598 247 4650 seni
273 4594 613 4661 simplicitas,
634 4592 723 4663 qui
741 4594 962 4661 synodos
988 4593 1123 4662 cogit
1142 4592 1392 4659 Ancyrm,
1421 4607 1509 4641 nec
1539 4588 1704 4641 ullum

146 4688 286 4742 nobis
338 4686 638 4741 insidiandi
668 4688 877 4738 modum
926 4685 1293 4755 praetermittit.
1356 4682 1551 4735 Lucem
1585 4682 1710 4735 huic

148 4781 255 4836 loco
306 4781 507 4835 aﬂ'erre
542 4788 766 4835 conatus
826 4793 941 4832 sum
983 4778 1035 4831 in
1088 4786 1235 4830 nota.
1300 4773 1527 4828 Pertulit
1567 4774 1708 4828 hanc

154 4872 432 4940 epistolam
469 4872 609 4924 idem
648 4871 927 4932 diaconus,
954 4867 1042 4937 qui
1072 4868 1277 4922 litteras
1308 4866 1521 4921 Eusebii
1566 4876 1709 4919 attn-

147 4964 309 5028 lerat;
342 4976 539 5019 etcum
566 4962 822 5017 Basilium
856 4964 1167 5017 redeuntem
1197 4963 1247 5014 in
1276 4962 1489 5031 regione
1518 4960 1709 5012 Arme-

149 5058 244 5111 niae
294 5058 473 5110 vicina
531 5056 818 5124 attigisset,
877 5055 1083 5109 videtur
1136 5069 1258 5109 cum
1301 5067 1364 5106 eo
1408 5050 1706 5103 C-nsaream

146 5153 373 5205 venisse.
412 5148 691 5203 Narrauda
728 5150 777 5202 ei
838 5149 1091 5217 relinquit
1148 5144 1397 5209 Basilius,
1450 5157 1569 5212 qua:
1604 5141 1701 5195 sibi

148 5244 196 5296 in
226 5240 482 5296 Armenia
513 5248 829 5295 evenerant.

211 5334 329 5389 Non
367 5332 585 5386 dubium
623 5342 708 5386 est
732 5331 859 5398 quin
903 5330 1125 5384 Basilius
1152 5344 1216 5382 ex
1252 5328 1351 5382 hoc
1383 5328 1573 5381 itinere
1610 5343 1705 5381 re-

144 5426 302 5479 dierit
337 5436 519 5478 mense
564 5417 745 5483 Julio;
777 5434 897 5473 nam
920 5420 1051 5474 satis
1083 5430 1367 5490 supererat
1410 5421 1693 5490 temporis,

144 5528 193 5571 ut
236 5516 501 5570 Eusebius
533 5512 679 5567 illius
719 5510 921 5566 litteras
952 5514 1199 5582 accipere
1243 5524 1448 5586 posset,
1483 5531 1545 5569 ac
1577 5516 1701 5569 ςτε-

145 5621 349 5665 saream
400 5606 588 5659 venire
646 5602 714 5658 ad
777 5602 916 5660 diem
988 5606 1273 5677 septimum
1333 5606 1690 5677 Septembris.

208 5788 285 5860 (α)
329 5784 418 5858 Ep.
466 5786 586 5843 l02.

1823 4599 1906 4643 tur
1930 4590 2167 4644 Ecclesia
2192 4589 2541 4644 Cresariensis
2587 4599 2924 4657 precatorem
2955 4589 3209 4644 habuisse
3234 4590 3384 4646 Basi-

1821 4682 1971 4738 lium.
2007 4682 2140 4736 Cum
2182 4684 2481 4737 ceusitores
2536 4682 2719 4736 censui
2765 4681 3101 4736 addixissent
3157 4682 3384 4739 clericos

1815 4772 2190 4835 Ctesarienses,
2244 4789 2306 4827 ac
2362 4788 2454 4826 eos
2508 4782 2717 4826 tantum
2769 4772 3133 4839 excepissent,
3188 4776 3384 4844 quibus

1817 4872 1949 4915 tetas
1978 4861 2370 4915 immunitatem
2398 4862 2575 4927 dabat,
2617 4871 2902 4932 propterea
2948 4865 3090 4933 quod
3134 4868 3381 4923 mandata

1821 4951 2175 5005 immunitatis
2223 4953 2582 5005 concedenda:
2631 4968 2659 5005 a
2713 4954 2971 5022 praefecto
3023 4957 3296 5025 accepisse
3326 4974 3387 5013 se

1821 5051 2109 5109 negarent;
2162 5041 2399 5112 confugit
2456 5045 2521 5098 ad
2553 5043 2865 5114 praelectum
2921 5046 3178 5112 Basilius,
3228 5048 3385 5117 eique

1818 5134 2146 5189 demonstrat
2179 5145 2231 5188 et
2268 5136 2434 5205 ipsius
2463 5136 2619 5190 famae
2669 5150 2723 5192 et
2774 5139 3115 5208 imperatoris
3168 5141 3385 5195 familiae

1818 5228 2043 5295 perutile
2088 5227 2352 5295 futurum,
2385 5238 2443 5282 ttt
2483 5230 2657 5297 aliqua
2693 5230 3007 5287 immunitas
3052 5234 3386 5286 concedatur

1818 5322 2053 5392 episcopi
2102 5325 2326 5379 arbitrio
2378 5326 2759 5395 dispensanda.
2799 5326 2965 5380 Multa
3018 5336 3141 5381 sunt
3179 5328 3229 5379 itt
3282 5327 3386 5383 hac

1818 5416 2044 5486 epistola
2079 5416 2337 5485 dillicilia,
2384 5434 2503 5490 quae
2530 5420 2581 5473 in
2614 5422 2760 5475 uotis
2785 5430 3014 5475 conatus
3038 5434 3160 5473 sum
3200 5420 3386 5489 expla-

1816 5526 1963 5565 nare.

1888 5603 2101 5678 Scripta
2138 5615 2316 5663 autem
2348 5605 2559 5662 videtur
2584 5607 2729 5663 circa
2771 5608 2911 5661 bunc
2941 5615 3169 5658 annum.
3196 5604 3387 5663 Adhuc
