4074 6312
716 350 747 385 π
2054 324 2592 385 PBOLEGOMENA.

713 448 858 505 enim
911 448 1148 502 recentia
1186 453 1345 501 erant
1395 448 1748 518 Cappadocia:
1800 443 2045 511 vulnera,
2076 449 2161 503 cui
2217 450 2271 502 in
2302 457 2347 513 Α
2377 457 2579 501 mosata
2609 444 2896 509 deduxere,
2928 444 3059 499 nihil
3096 442 3205 499 fere
3233 445 3550 511 habuerunt,
3578 447 3680 502 nisi
3710 444 3928 504 difﬁcil-

714 554 880 609 genua
924 537 1191 591 inclinata
1234 551 1389 606 opem
1450 537 1685 606 prtefecti
1733 538 1962 595 Basilius
2005 538 2273 608 implorat.

713 628 979 682 Praeterea
1004 626 1113 697 jam
1142 628 1209 681 de
1248 628 1409 682 rebus
1434 630 1813 686 communibus
1838 629 2128 699 scripserat
2149 644 2277 698 prte-

712 721 877 783 fecto,
913 730 1203 788 antequam
1240 720 1289 773 ei
1343 722 1585 790 privatos
1614 723 1995 777 commendare
2022 721 2277 789 incmpis-

712 821 816 876 set,
878 811 1038 879 idque
1089 812 1359 880 colligitur
1406 827 1472 867 ex
1504 813 1595 867 liis
1632 815 1811 868 verbis
1860 813 2098 883 cpistola:
2150 811 2273 877 107,

711 918 830 973 qua:
862 903 948 955 vix
978 904 1151 957 serius
1177 905 1279 958 hoc
1304 918 1448 959 anno
1473 915 1703 959 exeunte
1734 906 1895 959 scribi
1924 903 2133 973 potuit:
2164 902 2274 973 Ego

710 996 868 1057 enim,
905 995 1098 1060 inquit,
1127 996 1307 1049 decere
1331 1013 1433 1050 non
1460 999 1636 1067 putavi
1670 1008 1870 1051 tantum
1897 998 2024 1051 mihi
2049 996 2272 1049 licentia:

708 1100 911 1137 sumere
939 1101 1056 1137 cum
1095 1093 1240 1138 tanto
1289 1083 1508 1154 judice;
1559 1103 1618 1140 eo
1665 1086 1803 1156 quod
1858 1086 2087 1139 nondum
2123 1085 2171 1139 ei
2211 1086 2274 1140 de

708 1172 817 1226 ulla
864 1189 920 1227 re
966 1174 1167 1242 privata
1201 1176 1519 1241 scripserim,
1580 1192 1859 1245 vereorque
1906 1192 1968 1229 ne
1992 1191 2093 1246 quo
2121 1186 2272 1244 pacto

707 1280 815 1318 rem
858 1265 1143 1333 improbet:
1174 1266 1361 1335 quippe
1407 1283 1524 1319 cum
1572 1268 1760 1320 summi
1789 1268 1886 1321 t'irt'
1922 1270 1979 1320 in
2011 1266 2267 1335 ejusmodi

709 1356 883 1421 rebus,
927 1367 981 1410 ut
1023 1356 1180 1422 nosti,
1207 1357 1365 1423 facile
1396 1359 1717 1412 irascantur.
1750 1356 1870 1411 Jam
1905 1372 2034 1426 ergo
2068 1357 2268 1426 aliquid

705 1451 1000 1518 scripserat
1042 1449 1109 1503 de
1147 1449 1310 1503 rebus
1346 1450 1746 1507 communibus.
1798 1450 1913 1520 Ipsa
1960 1449 2223 1504 timiditas
2249 1489 2267 1518 ,

704 1552 864 1606 quam
903 1553 1011 1606 pra:
1060 1552 1119 1593 se
1153 1538 1255 1593 fert
1291 1539 1447 1594 initio
1498 1541 1763 1609 epistolte,
1822 1551 2139 1609 argumento
2185 1550 2267 1595 est

704 1629 942 1681 nondum
974 1629 1255 1683 invitatum
1286 1629 1453 1686 fuisse
1485 1645 1515 1683 a
1544 1631 1820 1701 prrcfecto,
1866 1640 1926 1686 ut
1963 1645 2103 1701 saepe
2134 1631 2267 1686 scri-

703 1719 878 1777 beret.
907 1717 1178 1775 immerito
1225 1736 1354 1791 ergo
1402 1723 1518 1777 haec
1566 1722 1793 1792 epistola
1843 1735 1873 1774 a
1925 1720 2266 1775 Tillemontio

2378 535 2501 589 lima
2531 534 2739 603 negotia
2773 542 2864 587 aut
2888 534 3233 603 gravissimas
3262 535 3549 591 molestias.
3603 537 3779 603 Quare
3809 554 3932 593 cum

2379 623 2608 679 Basilius
2639 624 2694 678 in
2724 625 2947 694 epistola
2969 623 3068 679 106
3091 626 3193 679 iter
3222 626 3485 695 quoddam
3519 640 3929 694 commemoret,

2379 717 2432 772 in
2458 731 2563 783 quo
2609 730 2665 769 se
2692 715 2859 770 multa
2892 731 2921 770 a
2950 718 3055 772 Deo
3083 717 3339 772 beneficia
3372 720 3645 787 accepisse
3677 729 3931 791 testatur,

2376 807 2478 862 iter
2508 806 2881 862 Samosatense
2927 807 3151 865 indicari
3198 810 3444 879 coniicio.
3488 811 3702 867 Viderat
3739 813 3790 866 in
3830 814 3932 871 hac

2375 897 2810 967 peregrinatione
2846 900 3068 955 militem
3123 903 3432 970 quemdam,
3486 902 3639 971 cujus
3688 904 3928 973 perfecta

2376 1000 2496 1045 erat
2520 990 2619 1045 sub
2654 990 2872 1045 militari
2919 1000 3066 1047 veste
3095 994 3352 1061 cbaritas,
3389 994 3621 1064 acceptis
3648 996 3714 1049 ab
3741 1010 3807 1049 eo
3838 996 3928 1048 lit-

2374 1081 2508 1137 teris
2537 1084 2822 1151 respondet
2849 1083 3094 1147 Basilius.
3126 1099 3353 1157 eumque
3380 1086 3447 1140 ad
3474 1089 3927 1153 perseverandum

2372 1173 2641 1229 hortatur.

2447 1265 2533 1320 ΙΙΙ.
2562 1265 2713 1322 Circa
2747 1266 2849 1321 hoc
2890 1274 3096 1335 tempus
3138 1266 3353 1336 scriptae
3401 1266 3650 1322 videntur
3684 1279 3793 1325 tres
3835 1285 3926 1325 se-

2369 1369 2597 1429 quentes
2623 1357 2885 1428 epistolae,
2918 1357 3112 1428 quibus
3150 1359 3432 1414 materiam
3470 1360 3732 1415 dederunt
3754 1354 3926 1419 uiole-

2369 1459 2449 1505 sta
2486 1449 2685 1506 Julittze
2717 1450 2911 1517 vidum,
2945 1451 3125 1506 Basilii
3170 1452 3503 1522 propinquat,
3549 1454 3789 1509 exhibita
3833 1471 3929 1509 ne-

2368 1543 2530 1612 gotia.
2565 1542 2692 1597 Eam
2737 1545 2882 1598 enim
2941 1552 3083 1598 tutor
3114 1544 3255 1598 illius
3290 1544 3559 1598 breredum
3606 1547 3829 1614 urgebat
3856 1548 3926 1600 ob

2365 1636 2633 1705 ingentem
2671 1636 2905 1705 pecunias
2939 1650 3226 1701 summam,
3254 1651 3411 1705 quam
3463 1648 3584 1691 cum
3611 1636 3926 1705 persolvere

2367 1725 2476 1780 cito
2505 1742 2609 1781 non
2636 1738 2837 1799 posset,
2863 1728 2970 1798 egit
2994 1726 3221 1783 Basilius
3241 1742 3358 1782 cum
3385 1728 3671 1789 creditore,
3704 1740 3763 1781 ut
3787 1738 3925 1782 tem-

704 1810 936 1866 refertur
979 1812 1044 1866 ad
1074 1827 1276 1866 annum
1324 1812 1451 1881 576,
1504 1817 1602 1869 sub
1641 1813 1846 1868 vicario
1897 1814 2270 1869 Demosthene.
2302 1810 2345 1866 B
2374 1832 2472 1888 pus
2508 1820 2676 1873 vidua:
2706 1822 3045 1877 concederet.
3085 1819 3339 1877 Promisit
3377 1820 3468 1875 ille
3510 1835 3689 1875 coram
3719 1819 3923 1875 Basilio

701 1902 814 1956 Non
840 1904 1011 1957 solum
1035 1914 1264 1973 tempus,
1312 1906 1404 1960 sed
1446 1906 1608 1961 etiam
1649 1920 1892 1975 personat
1926 1919 1989 1959 ac
2016 1920 2099 1961 res
2151 1905 2260 1959 dis-

702 2003 945 2061 crepant.
1001 1993 1096 2048 llic
1151 1996 1294 2050 enim
1349 1998 1527 2065 agitur
1591 1995 1657 2051 de
1709 1997 2098 2062 censitoribus,
2154 1995 2277 2065 illic,

704 2086 769 2141 de
800 2087 1020 2141 vicario.
1053 2086 1152 2143 llic
1199 2089 1411 2153 censui,
1458 2088 1565 2144 illic
1605 2090 1769 2144 curia:
1797 2089 2120 2145 addicuntur
2147 2088 2261 2145 cle-

701 2176 824 2231 rici.

769 2268 832 2321 ll.
864 2267 977 2323 Non
1012 2268 1176 2323 semel
1209 2269 1311 2323 hoc
1341 2282 1485 2323 anno
1513 2269 1573 2323 S.
1605 2268 1889 2324 Eusebium
1915 2268 2150 2325 Basilius
2180 2273 2258 2324 in-

702 2360 913 2427 vitavit,
965 2368 1023 2413 ut
1068 2359 1447 2415 Casariensem
1484 2358 1779 2417 Ecclesiam
1820 2361 2108 2417 inviseret.
2153 2361 2257 2416 Sed

700 2452 803 2507 hoc
852 2452 1167 2507 bcnelicium
1225 2452 1512 2522 impetrare
1543 2467 1652 2507 non
1680 2454 1853 2522 potuit
1893 2472 1907 2509 :
1946 2454 2087 2521 quod
2139 2453 2259 2521 qui-

700 2546 819 2601 dem
874 2547 1068 2599 mirum
1115 2559 1218 2600 non
1266 2545 1498 2601 videtur.
1529 2543 1663 2601 Cum
1710 2544 1854 2599 enim
1908 2543 2086 2599 multa:
2138 2545 2255 2601 alias

698 2649 874 2689 causre
901 2644 1145 2689 sanctum
1177 2649 1359 2689 senem
1401 2635 1647 2690 detinere
1705 2642 2020 2703 potuerunt,
2056 2644 2166 2689 tum
2201 2637 2254 2691 in

698 2723 890 2793 primis
918 2724 1166 2777 vicinitas
1202 2722 1459 2789 Valentis,
1509 2738 1628 2792 qua:
1661 2733 1948 2793 perpetuas
1997 2726 2254 2781 excubias

696 2819 764 2873 ad
824 2818 1002 2889 gregis
1075 2816 1377 2872 custodiam
1434 2818 1764 2889 pestulabat.
1827 2818 2004 2883 Quare
2055 2818 2253 2871 Basilio

693 2912 929 2966 cundum
985 2910 1087 2963 fuit
1144 2908 1448 2975 Samosata,
1500 2917 1558 2962 ut
1610 2908 1898 2961 Eusebium
1945 2908 2167 2963 videret.
2198 2908 2250 2962 ld

695 3011 873 3056 autem
896 3009 1219 3053 consecutus
1247 3009 1329 3052 est
1355 3001 1458 3052 hoc
1478 3014 1617 3053 anno
1640 2998 1764 3053 572.
1797 2998 1929 3053 Nam
1961 2998 2014 3054 in
2045 2999 2252 3054 duabus

694 3089 937 3158 epistolis
963 3088 1043 3159 (α)
1070 3103 1213 3142 anno
1243 3086 1488 3155 sequenti
1513 3087 1729 3155 scriptis
1765 3096 1991 3141 testatur
2029 3102 2087 3141 se
2109 3102 2250 3142 anno

2368 1912 2422 1958 et
2450 1905 2553 1960 alio
2587 1907 2701 1961 viro
2726 1906 2980 1975 dignitate
3005 1907 3236 1977 insigni;
3272 1924 3437 1976 seque
3476 1917 3683 1977 tempus
3706 1908 3923 1973 quidem

2365 1996 2580 2052 brevius
2647 1998 2883 2054 scribere
2921 1997 3170 2064 dicebat,
3229 1998 3319 2052 sed
3368 1999 3594 2068 amplius
3632 2013 3923 2052 concessu-

2365 2102 2502 2142 rum.
2546 2086 2734 2142 Postea
2778 2086 3057 2142 immemor
3084 2087 3330 2157 promissi
3372 2088 3581 2141 viduam
3614 2102 3803 2141 rursus
3829 2102 3923 2137 ve-

2365 2190 2493 2232 xare
2518 2179 2697 2247 capit.
2725 2178 2999 2250 Significat
3024 2179 3109 2233 illa
3134 2178 3369 2234 dolorem
3398 2193 3548 2232 suum
3575 2176 3791 2241 Basilio,
3829 2179 3918 2244 qui

2364 2266 2411 2320 ei
2464 2269 2709 2323 rescribit
2764 2268 3069 2325 consolandi
3112 2286 3305 2336 causa;
3359 2284 3520 2338 seque
3557 2278 3610 2325 et
3664 2268 3920 2323 creditori

2364 2358 2642 2427 scripsisse
2665 2366 2889 2412 testatur
2920 2368 2977 2412 ιιι
3000 2360 3255 2427 pudorem
3292 2360 3342 2413 ei
3388 2361 3673 2426 incuteret,
3697 2372 3753 2416 et.
3788 2362 3919 2416 Πει-

2362 2449 2504 2504 ladio
2544 2448 2777 2520 prazfecti
2815 2450 3129 2515 domestico,
3168 2459 3225 2503 ut
3253 2450 3351 2504 hoc
3382 2449 3432 2503 ei
3462 2451 3733 2519 negotium
3764 2466 3918 2505 com-

2361 2541 2659 2593 ntendaret.
2684 2538 2811 2592 Nam
2852 2540 2920 2593 ad
2961 2539 3266 2610 praefectum
3316 2540 3486 2609 ipsum
3532 2538 3765 2593 scribere
3811 2554 3916 2592 non

2360 2630 2607 2685 audebat.

2429 2720 2614 2777 Tutori
2655 2720 2922 2776 [iteradum
2948 2717 3146 2774 Julius:
3173 2718 3398 2773 Basilius
3429 2717 3610 2773 mirari
3645 2730 3703 2771 se
3732 2716 3913 2772 decla-

2360 2821 2463 2877 rat,
2504 2826 2597 2864 cur
2650 2810 2792 2877 quod
2826 2810 3008 2865 verbis
3058 2811 3333 2877 conceptis
3384 2823 3565 2863 coram
3623 2823 3682 2861 se
3727 2817 3781 2861 et
3810 2808 3916 2861 alio

2358 2904 2472 2959 viro
2506 2904 2844 2974 promiserat,
2882 2904 2934 2957 id
2990 2919 3131 2957 nunc
3156 2905 3372 2973 exsequi
3420 2903 3571 2957 nolit.
3611 2901 3829 2957 Fatetur
3857 2918 3916 2957 se

2357 2995 2499 3051 illius
2529 2995 2867 3050 liberalitatis
2898 2993 3094 3049 famam
3118 3010 3238 3048 cum
3273 2996 3371 3048 hoc
3396 2992 3711 3064 implacabili
3747 2994 3798 3048 in
3836 2995 3917 3047 vi-

2355 3089 2513 3143 duam
2538 3088 2717 3143 animo
2742 3088 3031 3143 conciliare
3058 3102 3159 3141 non
3182 3100 3356 3154 posse.
3389 3084 3622 3139 Revoeat
3646 3086 3693 3138 ei
3720 3085 3771 3139 in
3795 3100 3915 3139 me-

697 3184 969 3253 prtcterito
1015 3182 1118 3238 mel
1149 3181 1522 3238 dulcissimum
1575 3179 1830 3235 Ecclesite
1863 3179 2255 3236 Samosatensis
2282 3164 2324 3222 (ἶ
2361 3179 2580 3233 moriam
2610 3178 2749 3233 aliud
2774 3180 3118 3249 promissum.
3147 3176 3277 3233 Nam
3305 3178 3570 3249 pollicitus
3587 3188 3721 3243 erat,
3746 3177 3789 3231 si
3814 3193 3914 3230 au-

693 3278 1033 3347 degustasse.
1068 3277 1217 3341 Quod
1253 3284 1431 3330 autem
1459 3274 1607 3330 addit
1634 3284 1877 3328 extremo
1926 3282 2133 3328 tantum
2175 3275 2254 3329 di-

692 3370 804 3438 gito
828 3370 1142 3436 degustasse
1167 3406 1182 3430 ,
1215 3375 1527 3435 argumento
1560 3373 1642 3419 est
1679 3380 1786 3418 non
1821 3366 1909 3419 diu
1954 3380 2076 3419 eum
2112 3366 2249 3435 apud

694 3459 984 3515 Eusebium
1031 3459 1214 3513 fuisse.
1268 3456 1530 3512 Redeunti
1581 3457 1829 3526 promisit
1876 3456 2142 3512 Eusebius
2193 3471 2251 3511 se

694 3567 837 3605 anno
887 3551 1131 3621 sequenti
1180 3552 1235 3605 in
1279 3547 1672 3618 Cappadociam
1726 3557 2007 3601 venturum
2045 3566 2057 3601 :
2092 3558 2251 3618 atque

697 3641 799 3695 hoc
838 3640 1160 3709 promissum
1207 3642 1507 3693 Cznsareatn
1554 3636 1791 3693 referens
1828 3638 2086 3705 Basilius,
2135 3654 2252 3693 ma-

694 3750 855 3806 gnam
890 3733 1103 3788 Eusebii
1135 3734 1397 3786 adventus
1427 3733 1877 3801 exspectationem
1908 3734 2089 3789 movit.

765 3827 1088 3897 Speraverat
1116 3824 1342 3879 Basilius
1369 3821 1441 3896 (ὁ)
1473 3823 1711 3877 visurum
1735 3838 1792 3878 se
1818 3822 2114 3880 Samosatis
2136 3827 2249 3880 dia-

689 3919 934 3974 conissas
982 3915 1218 3971 Terentii
1272 3915 1485 3970 comitis
1545 3914 1701 3983 filias,
1765 3931 1899 3985 quas
1930 3956 1945 3980 ,
1987 3925 2046 3971 ut
2098 3918 2249 3972 bona:

694 4010 894 4064 radicis
918 4010 1054 4062 bona
1090 4006 1354 4076 germina,
1385 4022 1484 4061 nec
1535 4007 2001 4060 circumstantium
2033 4007 2247 4062 Ita-reti-

696 4113 883 4153 corum
912 4098 1067 4151 turba
1118 4095 1395 4164 decipere,
1430 4110 1529 4149 nec
1563 4095 1734 4147 ventis
1783 4095 2034 4148 secundis
2095 4104 2249 4149 utens

692 4189 905 4243 novitas
932 4201 1145 4240 movere
1175 4195 1442 4253 potuerat.
1476 4184 1589 4239 Non
1621 4185 1947 4239 mediocrem
1982 4185 2245 4253 jacturam

692 4292 814 4331 esse
851 4278 1020 4341 duxit,
1076 4276 1218 4343 quod
1271 4290 1365 4328 eas
1418 4291 1522 4328 non
1580 4274 1876 4329 invenisset
1926 4275 2244 4330 Samosatis.

694 4369 800 4423 Sed
829 4376 881 4422 ιιι
919 4368 1112 4422 litteris
1159 4373 1558 4435 compensaret,
1616 4365 1760 4432 quod
1789 4364 2060 4432 colloquio
2089 4364 2248 4435 perli-

690 4473 814 4513 cere
864 4474 973 4513 non
1031 4465 1294 4526 potuerat,
1361 4455 1540 4511 oblata
1602 4453 1857 4509 facultate
1916 4453 2243 4523 Sepbronii,

689 4566 847 4620 quem
898 4552 1060 4604 lilium
1097 4549 1351 4617 appellat,
1403 4547 1577 4600 laudat
1613 4561 1704 4600 eas
1755 4546 1823 4599 ob
1865 4558 2132 4599 summum
2163 4559 2247 4597 ca-

693 4642 902 4696 tholicae
947 4640 1065 4695 ﬁdei
1109 4637 1344 4693 studium
1379 4645 1439 4692 et
1470 4637 1535 4689 ad
1569 4634 2022 4705 perseverantiam
2061 4633 2245 4688 borta-

689 4744 794 4789 tur.

762 4823 821 4879 ς.
856 4819 1147 4877 Eusebium
1176 4819 1457 4891 presbyter
1491 4814 1734 4871 Basilius
1765 4815 1968 4879 invisit,
2003 4824 2061 4870 ut
2086 4830 2246 4884 supra

690 4916 943 4970 vidimus.
1000 4912 1107 4966 Sed
1140 4913 1205 4963 ad
1240 4911 1341 4963 iter
1370 4910 1525 4979 hujus
1572 4907 1699 4962 anni
1750 4908 1855 4962 572
1910 4907 2243 4961 referendam

697 5006 982 5077 epistolam
1019 5005 1083 5059 ad
1123 5002 1457 5056 diaconissas
1516 5000 1703 5069 probat
1761 5000 2117 5054 circumstans
2157 4998 2245 5052 illa

690 5099 963 5152 hominum
990 5096 1267 5148 veritatem
1296 5092 1750 5161 corrumpentium
1779 5091 1956 5155 turba,
1982 5101 2244 5161 prasente

688 5188 892 5243 scilicet
921 5189 972 5243 in
1004 5186 1159 5259 Syria
1202 5184 1448 5239 Valente.
1475 5182 1740 5238 Cmterum
1782 5197 1887 5237 non
1922 5183 2089 5236 multo
2122 5193 2243 5253 post

686 5282 914 5336 reditum
943 5283 1055 5335 haec
1085 5278 1307 5347 scripsit
1339 5295 1354 5331 :
1383 5277 1719 5346 Sepbronius
1743 5275 1886 5329 enim
1922 5275 2033 5339 ille,
2077 5290 2237 5346 quem

686 5374 850 5426 lilium
882 5371 1132 5438 appellat,
1169 5370 1307 5423 idem
1354 5367 1561 5421 videtur
1612 5381 1766 5431 esse,
1818 5366 1909 5435 qui
1954 5381 2094 5421 anno
2130 5365 2234 5420 373

686 5473 930 5525 exeunte,
958 5462 1100 5514 omni
1134 5461 1332 5516 scelere
1363 5458 1612 5513 Basilium
1641 5460 1915 5515 laceravit.

750 5556 929 5612 Basilii
963 5554 1434 5625 peregrinationes,
1464 5554 1527 5609 iis
1555 5550 1793 5621 exceptis
1823 5564 1941 5622 qua:
1969 5550 2115 5606 illum
2147 5549 2241 5604 Sa-

753 5739 826 5811 (α)
857 5741 1018 5810 Epist.
1062 5740 1159 5795 its
1184 5736 1377 5795 ct‘157.

2360 3280 2474 3318 rum
2504 3267 2567 3318 de
2596 3279 2701 3334 quo
2728 3276 3068 3332 convenerat,
3103 3268 3400 3336 acciperet,
3447 3268 3662 3321 chartas
3691 3281 3906 3334 omnes,

2355 3364 2465 3409 tum
2494 3371 2584 3410 sas
2613 3371 2729 3424 quin
2751 3371 2929 3411 coram
2973 3359 3267 3428 iudicibus,
3302 3367 3411 3410 tum
3442 3372 3535 3411 eas
3571 3372 3687 3427 qua:
3724 3360 3911 3427 priva-

2356 3448 2449 3500 tim
2504 3447 2781 3512 confsetac,
2820 3451 2994 3504 vidua:
3023 3451 3370 3504 traditurum.
3411 3448 3584 3503 Monet
3608 3464 3736 3519 ergo
3762 3449 3914 3503 illum

2355 3536 2606 3603 Basilius,
2645 3549 2704 3594 ut
2732 3555 2885 3610 opem
2909 3548 2964 3595 et
2993 3540 3414 3594 misericordiam
3438 3540 3528 3595 Dei
3560 3542 3660 3596 sibi
3690 3542 3799 3611 ipse
3822 3542 3918 3596 du-

2353 3630 2483 3685 riori
2510 3631 2699 3700 agendi
2734 3632 2941 3686 ratione
2975 3643 3080 3684 non
3121 3628 3456 3684 intercludat.

2422 3721 2592 3792 Negat
2638 3720 3006 3776 'l‘illemontins
3035 3721 3100 3775 ad
3157 3720 3257 3775 hoc
3310 3721 3575 3790 negotium
3637 3724 3914 3792 pertinere

2350 3812 2631 3883 epistolam
2662 3823 2992 3881 sequentem.
3032 3811 3136 3866 Sed
3185 3822 3356 3866 tamen
3395 3814 3616 3868 mirifice
3645 3825 3696 3868 et
3724 3830 3914 3884 perso-

2351 3924 2434 3964 na:
2487 3917 2542 3964 et
2589 3923 2674 3962 res
2702 3908 3067 3962 consentiunt.
3102 3904 3444 3959 Conuncndal
3481 3910 3621 3961 enim
3673 3906 3912 3962 Basilius

2349 4000 2562 4052 viduam
2597 4012 2624 4051 a
2669 3996 2932 4051 tutoribus
2963 3995 3235 4050 hatredum
3279 3994 3421 4049 illius
3446 4006 3711 4052 vexatam.
3742 3997 3912 4052 Com-

2351 4093 2567 4148 mendat
2602 4106 2718 4145 eam
2757 4105 2858 4145 non
2903 4089 3174 4159 prtefccto,
3217 4093 3307 4145 sed
3336 4090 3575 4144 Helladio
3620 4090 3825 4157 comiti,
3856 4099 3915 4145 ut

2351 4186 2559 4240 dixerat
2588 4183 2642 4238 in
2674 4182 2895 4251 epistola
2926 4182 3045 4237 107.
3073 4180 3187 4236 Non
3224 4193 3398 4235 tamen
3429 4182 3564 4235 idem
3595 4191 3744 4250 rogat
3767 4184 3913 4250 quod

2350 4275 2402 4330 in
2428 4274 2667 4345 epistolis
2696 4274 3141 4345 praecedentibus,
3181 4280 3235 4325 ut
3265 4280 3471 4341 tempus
3497 4274 3819 4325 concedatur
3842 4272 3909 4325 ad

2349 4367 2687 4433 solvendum,
2737 4366 2829 4418 sed
2873 4374 2931 4416 ut
2980 4364 3321 4418 remittantur
3372 4378 3566 4428 usura‘,
3618 4362 3754 4416 forte
3792 4360 3908 4431 jam

2350 4457 2640 4526 persoluta,
2681 4456 2803 4526 quia
2836 4470 3017 4511 coram
3056 4454 3251 4511 Basilio
3302 4455 3379 4510 sic
3422 4466 3574 4525 pacta
3617 4453 3812 4520 fuerat,
3851 4465 3910 4509 ut

2350 4563 2525 4603 usura:
2552 4548 2959 4612 redonarentur,
2989 4548 3033 4602 si
3067 4560 3264 4603 sortem
3299 4547 3552 4602 solveret.
3589 4542 3698 4598 Hoc
3733 4544 3908 4616 ipsum

2346 4640 2590 4711 estquod
2620 4641 2856 4695 creditor
2909 4640 3247 4709 promiserat,
3291 4650 3347 4691 nt
3379 4640 3429 4691 in
3475 4635 3785 4691 memoriam
3818 4652 3907 4691 re-

2347 4731 2477 4802 digit
2507 4732 2734 4787 Basilius
2780 4733 2832 4785 in
2877 4730 3195 4799 praecedenti
3234 4728 3481 4800 epistola,
3535 4726 3574 4780 si
3618 4744 3807 4781 aurum
3843 4726 3909 4778 de

2346 4840 2447 4894 quo
2486 4830 2790 4876 corweuerat
2844 4822 3121 4889 acciperet,
3167 4822 3374 4875 chartas
3422 4833 3617 4886 omnes,
3666 4831 3777 4871 tum
3817 4832 3906 4870 eas

2350 4932 2464 4987 qua:
2502 4930 2676 4970 coram
2717 4914 3001 4984 judicibus,
3044 4923 3151 4967 tum
3195 4928 3309 4985 qua:
3347 4912 3587 4979 privatim
3632 4910 3905 4978 confccttc,

2350 5009 2469 5060 huic
2501 5007 2668 5060 viduae
2702 5006 3041 5059 traditurum.
3080 5005 3170 5061 llis
3210 5019 3340 5059 sane
3371 5005 3547 5060 verbis
3580 5004 3904 5071 promissum

2350 5111 2525 5151 usurae
2560 5095 2892 5149 remittenda:
2922 5096 3244 5149 continetur.
3278 5093 3351 5147 De
3378 5096 3561 5149 eodem
3586 5106 3712 5162 ergo
3742 5106 3908 5159 nego-

2352 5187 2422 5240 tio
2456 5186 2539 5239 bis
2573 5186 2623 5238 in
2659 5186 2896 5256 epistolis
2925 5186 3116 5257 agitur.
3149 5182 3252 5237 Sed
3282 5200 3402 5240 cum
3428 5186 3760 5253 importunus
3785 5195 3906 5236 cre-

2351 5280 2492 5333 ditor
2526 5278 2629 5333 duo
2669 5279 3023 5349 promisisset,
3070 5290 3446 5333 concessurum
3486 5290 3546 5331 se
3596 5286 3803 5345 tempus
3850 5285 3907 5330 et

2346 5384 2532 5423 usuras
2560 5369 2913 5423 remissurqu
2940 5386 2953 5433 ;
2986 5366 3069 5420 vel
3099 5364 3323 5423 Basilius
3368 5367 3446 5422 bis
3483 5365 3693 5436 scripsit
3723 5362 3907 5420 Hella-

2346 5462 2453 5527 dio,
2511 5463 2740 5532 primum
2765 5461 2983 5531 quidem
3030 5466 3087 5513 ut
3119 5468 3325 5531 tempus
3348 5459 3582 5522 daretur,
3620 5453 3812 5512 deinde
3846 5465 3905 5511 ut

2346 5565 2523 5607 usura:
2566 5551 3007 5606 remitterentur:
3042 5550 3123 5606 vel
3151 5551 3350 5607 idcirco
3384 5550 3447 5606 de
3480 5544 3659 5601 usuris
3694 5553 3905 5602 tantum

2408 5731 2479 5796 (ὁ)
2517 5730 2685 5794 Epist.
2718 5730 2839 5789 105.
