4074 6312
1483 372 1639 431 VITA
1679 372 1737 427 S.

1845 370 2041 426 iSlLll.
3338 372 3387 414 Ct

158 502 376 573 loquitur,
404 502 557 573 quia,
596 512 897 571 antequam
924 501 1156 553 mitteret
1181 496 1463 567 epistolam
1492 497 1558 549 ad
1590 494 1711 549 Bcl-
1746 500 1787 555 Α
1820 495 1869 545 iu
1908 494 2045 546 hanc
2084 490 2268 543 urbem
2312 483 2630 539 iutcrcludet
2665 480 2925 537 Eustathii
2958 480 3203 550 perﬁdia,
3254 495 3375 549 qua:

164 597 347 661 ladium,
378 597 636 650 audierat
658 596 983 649 crediIOrem
1013 607 1039 643 a
1070 590 1221 643 vidua
1248 587 1548 641 absolutum
1572 602 1712 649 esse,

168 703 248 743 nec
272 696 442 741 tamen
484 688 537 740 in
576 701 642 740 co
680 696 827 739 stare
859 681 997 752 quod
1026 679 1262 734 secundo
1303 677 1419 731 loco
1452 677 1714 746 promise-

169 790 255 831 rat.

223 866 321 922 Bas
359 876 543 921 autem
585 862 844 933 epistolas
878 862 1019 916 circa
1051 876 1249 914 annum
1296 860 1402 914 572
1427 866 1710 914 exeuntem

162 958 369 1027 scriptas
419 954 763 1023 conjiciuius,
809 953 935 1021 quia
984 952 1197 1018 scriptze
1244 961 1372 1005 sunt
1428 958 1715 1016 antequam

162 1049 374 1103 Basilius
419 1046 761 1101 timiditatem
794 1044 937 1098 illam
961 1042 1319 1113 deposuisset,
1349 1057 1467 1111 quas
1508 1040 1655 1093 illum
1685 1055 1715 1093 a

162 1137 453 1193 scribendis
500 1134 753 1206 prazfecto
805 1132 997 1186 litteris
1036 1131 1360 1186 deterrebat.
1411 1129 1579 1183 Porro
1611 1143 1717 1182 non

157 1232 358 1284 videtur
385 1229 477 1283 illa
518 1226 774 1281 timiditas
812 1225 903 1280 diu
957 1225 1079 1295 ejus
1121 1224 1301 1278 animo
1342 1222 1619 1284 insedisse,
1650 1236 1717 1275 ex

153 1338 255 1393 quo
282 1322 515 1393 gratiam
543 1320 657 1373 iniit
682 1334 710 1373 a
743 1317 995 1389 prmfecto
1035 1317 1172 1388 (iniit
1207 1326 1384 1369 autem
1415 1329 1557 1368 anno
1606 1311 1715 1368 572

155 1415 417 1483 ineunte),
445 1426 621 1480 neque
664 1410 894 1478 spatium
948 1422 1088 1463 anno
1132 1406 1337 1478 longius
1369 1407 1721 1475 interponen-

154 1507 279 1561 dum
317 1506 464 1557 inter
505 1502 713 1556 initium
751 1502 1016 1555 scribendi
1047 1508 1100 1553 et
1138 1498 1442 1552 devinctum
1490 1498 1725 1551 benevo-

152 1599 311 1655 lentia
338 1597 583 1649 animum
614 1593 868 1663 pra-fecti.
907 1590 1006 1645 Tot
1030 1590 1173 1645 enim
1204 1590 1452 1644 homines
1482 1588 1724 1643 Modesto

149 1688 576 1753 commendavit,
609 1696 687 1741 tot
737 1688 802 1740 ad
833 1692 957 1739 euiu
993 1692 1203 1738 litteras
1239 1682 1404 1746 dedit,
1436 1692 1494 1737 ut
1535 1682 1585 1735 id
1620 1696 1723 1735 non

148 1777 398 1831 videatur
416 1774 677 1829 extremis
704 1773 825 1828 vita:
847 1774 1002 1828 annis
1026 1774 1330 1843 incmpisse.
1358 1773 1462 1827 Res
1484 1780 1630 1841 patet
1656 1786 1724 1825 ex

145 1868 390 1938 epistolis
432 1868 563 1932 279,
593 1866 720 1922 280.
763 1864 987 1920 Videtur
1034 1867 1119 1922 his
1158 1866 1351 1921 litteris
1388 1864 1600 1918 initium
1628 1864 1724 1917 de-
1757 1857 1799 1912 Β

146 1962 291 2016 disse
317 1960 601 2015 llelladius
630 1972 833 2023 comes,
875 1972 1033 2028 quem
1067 1958 1355 2014 verisimile
1381 1969 1482 2023 esu,
1510 1957 1725 2027 cognita

132 2052 334 2110 oBasilii
369 2056 422 2107 in
447 2051 649 2109 Julitta:
679 2051 892 2123 negotio
914 2051 1219 2115 timiditate,
1252 2064 1351 2119 pro
1382 2064 1591 2103 summa
1628 2064 1727 2104 sua

150 2148 291 2218 apud
319 2146 641 2218 prmfcctum
662 2147 836 2217 gratia
864 2153 917 2199 et
944 2142 1267 2197 auctoritate
1289 2156 1402 2197 rem
1426 2141 1726 2208 indicasse;

152 2243 297 2296 unde
332 2248 540 2305 ortum,
586 2250 645 2294 ut
679 2236 933 2292 Basilium
966 2234 1254 2305 prtefectus
1282 2234 1556 2291 confidere
1574 2234 1733 2305 jube-

155 2345 235 2389 ret
258 2348 328 2389 ac
353 2333 420 2388 ad
449 2346 510 2387 se
537 2330 792 2386 scribere.

226 2422 361 2479 Post
398 2432 507 2476 tam
545 2421 896 2477 honoriﬁcum
934 2421 1244 2477 mandatum
1274 2420 1474 2491 scripta
1507 2419 1732 2489 epistola

156 2516 276 2578 ΗΟ,
317 2514 374 2569 in
424 2528 555 2584 qua,
588 2529 681 2569 cur
718 2513 978 2570 hactenus
1012 2515 1249 2570 scribere
1281 2528 1443 2567 ausus
1478 2526 1581 2565 non
1614 2512 1734 2565 fue-

153 2611 245 2675 rit,
272 2608 533 2679 quamvis
565 2607 851 2678 plurimum
876 2614 1117 2678 cuperet,
1159 2614 1320 2661 tanta:
1344 2603 1623 2673 potestatis
1651 2616 1736 2656 re-

150 2699 458 2756 verentiam
485 2706 731 2755 excusat.
758 2696 1112 2752 Commendat
1158 2693 1317 2747 Tauri
1358 2692 1579 2755 incolas,
1630 2693 1737 2747 eis-

146 2804 257 2864 que
321 2789 495 2845 nimia
530 2787 661 2844 ferri
716 2788 914 2841 tributa
964 2784 1320 2857 pendentibus
1348 2782 1737 2838 humanitatem

150 2881 402 2955 praefecti
440 2880 712 2950 implorat.
746 2877 803 2933 lu
855 2877 1099 2948 sequenti
1138 2874 1359 2945 epistola
1420 2889 1517 2943 pro
1564 2874 1741 2929 amico

150 2975 205 3027 in
250 2972 441 3027 aulam
474 2970 753 3028 accersito.
797 2978 852 3025 et
874 2967 1077 3024 idcirco
1105 2967 1206 3022 sibi
1244 2975 1514 3019 metuente
1554 2964 1740 3018 Mode-

146 3074 299 3121 stum
337 3073 516 3135 rogat.
566 3071 644 3127 ut,
681 3061 725 3116 si
764 3061 846 3116 vir
887 3061 976 3116 ille
1007 3060 1138 3114 nihil
1184 3058 1448 3127 peccavit,
1497 3056 1742 3113 veritatis

151 3158 431 3213 beneﬁcio
461 3157 686 3218 vincat;
731 3152 777 3207 si
805 3152 933 3221 quid
974 3149 1236 3219 peccavit,
1270 3162 1365 3203 sua
1407 3163 1570 3203 causa
1614 3148 1666 3203 id
1694 3149 1743 3205 ei

1816 598 1957 637 anno
1996 581 2100 635 '57?)
2125 580 2326 647 erupit.

1889 676 1950 732 ν.
1985 673 2269 730 Tarsensis
2300 670 2535 725 Ecclesia
2571 668 2666 739 (ιι),
2709 675 2923 721 mortuo
2946 662 3182 727 Silvano,
3205 665 3257 718 in
3278 679 3394 716 ma-

1818 786 1920 824 nus
1954 768 2331 823 haereticorum
2364 764 2602 829 delapsa,
2628 761 2825 812 luctum
2858 765 2913 813 et
2945 757 3175 827 gemitus
3203 755 3393 812 Basilii

1820 859 2117 930 presbyteri
2165 866 2550 911 commoverat.
2598 852 2702 906 Sed
2758 867 2861 904 non
2914 849 3141 904 defuere
3186 849 3390 918 egregii

1820 950 2139 1022 presbyteri,
2168 949 2256 1018 qui
2290 947 2445 1001 fidem
2486 948 2585 999 sub
2618 944 2870 999 haeri‘tico
2909 943 3162 1014 episcopo
3198 940 3392 997 defen-

1821 1048 2032 1108 derent,
2064 1053 2118 1097 et
2150 1043 2217 1097 ab
2238 1040 2354 1110 ejus
2383 1037 2763 1093 communione
2787 1035 2994 1103 plebem
3024 1044 3386 1096 removentes.

1823 1134 2117 1190 Ecclesiain
2153 1146 2249 1201 per
2278 1145 2335 1184 se
2360 1130 2454 1198 ipsi
2490 1138 2754 1199 regerent.
2785 1125 2985 1180 Nomen
3015 1124 3253 1179 hmretici
3281 1126 3397 1191 epi-

1824 1226 1969 1295 scopi
2003 1240 2105 1277 non
2143 1222 2411 1291 proditum
2440 1219 2732 1274 memorias.
2763 1218 2832 1271 At
2864 1231 2959 1270 nec
2987 1215 3243 1270 Basilium
3272 1231 3392 1269 eum

1821 1335 1886 1373 eo
1917 1316 2365 1379 communicasse,
2409 1327 2506 1366 nec
2555 1325 2801 1381 magnam
2846 1318 3054 1378 partem
3089 1308 3218 1363 cleri
3266 1308 3400 1361 Tar-

1824 1412 2017 1474 sensis,
2060 1407 2411 1478 perspicimus
2470 1420 2536 1460 ex
2584 1404 2780 1458 litteris
2835 1403 2937 1457 H5
2995 1411 3050 1457 et
3101 1401 3222 1457 114.
3260 1401 3395 1454 Nata

1826 1506 1970 1559 enim
2000 1504 2139 1557 inter
2160 1516 2254 1556 eos
2284 1496 2671 1559 controversia,
2706 1510 2829 1549 cum
2859 1509 3023 1548 unum
3060 1510 3123 1549 ex
3157 1493 3396 1563 collegis,

1825 1596 2108 1668 Cyriacnm
2155 1587 2393 1657 nomine,
2438 1595 2744 1659 suspectum
2800 1588 3082 1648 haberent,
3132 1596 3189 1640 ut
3221 1586 3395 1641 minus

1830 1696 1975 1741 recte
2018 1685 2083 1740 de
2121 1684 2323 1754 Spiritu
2359 1689 2547 1736 sancto
2589 1678 2927 1743 sentientem,
2971 1678 3036 1731 ad
3064 1677 3241 1732 Basilii
3266 1693 3397 1731 cou-

1828 1779 2009 1834 silium
2038 1788 2091 1831 et
2124 1777 2498 1832 auctoritatem
2549 1773 2926 1842 confugerunt,
2964 1771 3143 1825 missis
3181 1772 3245 1823 ad
3276 1786 3400 1826 eum

1833 1890 1863 1929 e
1911 1888 2013 1929 suo
2044 1885 2265 1927 numero
2312 1867 2607 1924 nonnullis.
2677 1866 2853 1921 Unum
2908 1865 3126 1934 quidem
3160 1866 3405 1931 designat

1835 1967 2065 2023 Basilius
2088 1966 2242 2022 initio
2268 1966 2511 2035 epistolae
2533 1963 2654 2017 ΗΖ).
2693 1958 2798 2016 Sed
2829 1960 3007 2030 plures
3038 1964 3229 2016 missos
3260 1973 3409 2032 patet

1835 2078 1901 2117 ex
1935 2063 2021 2118 bis
2068 2061 2246 2117 verbis
2291 2057 2534 2129 epistolae
2562 2055 2862 2127 sequentis,
2914 2052 3201 2125 Postquam
3248 2057 3409 2127 igitur

1837 2170 1953 2207 cum
1985 2154 2237 2221 fratribus
2271 2164 2579 2219 congressus
2613 2164 2748 2202 sum.
2806 2147 3060 2213 Basilius.
3101 2158 3208 2204 tota
3259 2165 3318 2205 re
3341 2164 3409 2204 ex

1840 2246 1946 2301 illis
1967 2244 2200 2311 cognita,
2232 2241 2483 2311 privatim
2516 2238 2769 2293 nonnulla
2811 2239 3087 2303 disseruit,
3111 2255 3230 2309 qua:
3267 2242 3407 2297 refe.

1838 2339 2003 2393 renda
2052 2333 2377 2407 presbyteris
2423 2330 2782 2386 Tarsensibus
2832 2331 3145 2393 mandabat,
3204 2334 3297 2388 sed
3356 2336 3410 2389 in

1842 2428 2089 2497 epistola,
2128 2442 2287 2495 quam
2330 2426 2394 2479 ad
2437 2438 2530 2479 eos
2557 2424 2791 2494 scripsit,
2823 2423 2964 2478 hanc
2995 2426 3245 2481 sedanda:
3284 2443 3413 2481 cm.-

1841 2516 2120 2571 troversia:
2150 2516 2288 2569 viam
2340 2514 2455 2568 init.
2493 2512 2751 2580 Queritur
2782 2514 2924 2582 quod
2959 2514 3215 2571 Ecclesiae
3246 2518 3408 2585 mala,

1842 2624 1936 2664 sua
1982 2618 2173 2676 sponte
2224 2607 2567 2677 gravissima,
2621 2604 2848 2659 multum
2908 2618 3228 2677 augeantur,
3286 2610 3412 2665 dum

1844 2699 1989 2754 nulla
2018 2714 2145 2769 erga
2189 2698 2433 2753 inﬁrmos
2485 2697 2767 2751 adhibetur
2802 2698 3220 2763 commiseratio,
3274 2702 3414 2757 nulla

1845 2807 2099 2847 sanonnn
2141 2792 2371 2846 fratrum
2407 2790 2667 2846 defensio.
2706 2790 2883 2858 Quare
2918 2807 3139 2849 necesse
3160 2809 3281 2849 esse
3306 2805 3418 2849 sta-

1847 2884 1971 2948 tuit,
2000 2892 2057 2936 ut
2077 2884 2273 2951 quibus
2300 2884 2352 2936 in
2379 2883 2539 2938 rebus
2560 2884 2752 2938 anima:
2777 2898 2883 2937 non
2920 2884 3207 2951 laiduntur,
3246 2889 3300 2943 in
3336 2890 3420 2944 his

1849 2987 1946 3027 nos
1977 2972 2043 3026 ad
2085 2972 2407 3027 inﬁrmiores
2437 2974 2905 3028 acconunodcmus
2942 2992 2955 3029 :
2996 2990 3058 3031 ac
3089 2978 3311 3046 proinde
3340 2981 3421 3034 ni-

1850 3064 1924 3121 hil
1974 3065 2203 3135 amplius
2247 3064 2639 3135 exposcendum
2694 3079 2724 3117 a
2782 3064 3040 3121 fratribus
3096 3070 3419 3139 praescribit,

1853 3157 1958 3211 nisi
1982 3166 2040 3210 ut
2085 3155 2243 3211 ﬁdem
2270 3154 2539 3210 Nicaanam
2588 3156 2871 3226 recipiant,
2901 3172 2966 3213 ac
3007 3159 3267 3227 Spiritum
3291 3178 3421 3217 san-

151 3249 499 3305 remittatur.
537 3244 671 3300 Cum
730 3242 845 3297 huic
894 3241 1155 3297 scriberet
1205 3239 1461 3306 Basilius,
1504 3240 1740 3295 nondum
1770 3223 1812 3282 ο
1845 3258 1992 3303 ctum
2035 3256 2338 3303 creaturam
2377 3246 2481 3301 dici
2516 3262 2621 3301 non
2658 3223 2931 3317 oportere,
2973 3257 3028 3302 et
3049 3223 3175 3317 eos,
3211 3254 3301 3320 qui
3336 3254 3421 3307 di-

148 3336 507 3409 Cappadocia
552 3348 619 3388 ex
657 3331 812 3388 malis
863 3330 1156 3403 provinciae
1203 3332 1465 3387 divisione
1522 3329 1739 3387 inflictis

149 3429 499 3500 emergebat,
530 3426 691 3497 idque
725 3426 951 3483 Basilius
981 3426 1181 3483 indicat
1211 3440 1315 3481 non
1345 3424 1594 3479 obscure.

224 3522 321 3579 1V.
354 3519 697 3575 Domitianus
729 3520 970 3589 quidam,
1006 3520 1095 3590 qui
1136 3512 1187 3573 in
1212 3516 1383 3573 tribus
1408 3516 1622 3585 optima.-
1654 3528 1747 3569 no—

151 3623 224 3670 ta
254 3612 551 3671 codicibus
596 3612 878 3683 presbyter
912 3613 1129 3678 dicitur,
1178 3610 1361 3665 Basilii
1408 3608 1749 3663 necessarius

152 3718 276 3763 erat
307 3707 384 3763 ab
412 3705 641 3775 antiquo
669 3719 736 3759 ex
770 3704 1106 3774 parentibus,
1149 3703 1221 3755 ita
1260 3710 1319 3753 ut
1353 3699 1487 3753 nihil
1515 3714 1543 3753 a
1578 3698 1749 3753 fratre

154 3797 437 3853 diﬂ’erret.
472 3794 522 3852 Is
549 3811 671 3852 cum
712 3793 947 3866 graviter
977 3800 1259 3862 peccasset
1305 3792 1358 3845 in
1387 3792 1563 3846 virum
1603 3806 1749 3863 pne-

153 3898 473 3961 pmentem,
498 3887 866 3943 Andronicum
895 3886 1108 3948 ducem.
1140 3885 1475 3941 imminentis
1495 3885 1749 3955 supplicii

158 3992 315 4039 metu
352 3994 498 4052 pene
545 3988 792 4035 mortuus
849 3978 1110 4048 epistolas
1156 3992 1186 4032 a
1234 3977 1476 4049 pluribus
1518 3978 1753 4032 obtinuit

157 4075 344 4147 ipsius
365 4087 535 4130 causa
565 4070 1019 4143 supplicantibus,
1064 4070 1161 4126 sed
1189 4070 1375 4125 Basilii
1401 4068 1752 4124 commenda-

161 4173 375 4227 tionem
415 4170 578 4240 longe
600 4166 852 4223 omnibus
881 4163 1269 4235 praeferendam
1294 4178 1414 4218 esse
1441 4162 1619 4217 duxit.
1660 4162 1753 4218 Li-

162 4263 368 4319 benter
403 4274 540 4315 sane
572 4258 825 4321 Basilius,
875 4255 978 4311 nisi
1009 4264 1063 4312 et
1090 4254 1337 4326 corporis
1378 4253 1673 4310 inﬁrmitas
1700 4261 1753 4310 et

169 4350 376 4409 hiemis
402 4348 670 4404 molestia:
697 4349 1059 4415 obstitissent,
1092 4347 1465 4404 Andronicum
1512 4347 1754 4412 adiisset,

173 4456 290 4526 tum
327 4453 392 4499 ut
428 4440 733 4513 precatoris
776 4456 1000 4497 munere
1033 4456 1128 4512 per
1167 4455 1226 4497 se
1265 4442 1378 4510 ipse
1416 4441 1751 4510 fungeretur,

176 4548 291 4593 tum
319 4546 382 4591 ut
423 4535 625 4592 veteris
661 4535 911 4605 promissi
952 4536 1191 4590 debitum
1241 4535 1594 4605 persolveret.
1627 4535 1757 4591 Pro-

177 4627 408 4683 miserat
439 4627 588 4683 enim
617 4633 904 4682 venturum
948 4640 1007 4679 se
1054 4627 1393 4692 Sebastiam;
1440 4626 1601 4697 idque
1644 4629 1753 4698 jam

176 4719 510 4789 perfecerat,
555 4718 650 4775 sed
687 4718 907 4773 minime
941 4718 1150 4774 invenit
1180 4719 1567 4775 Andronicum.
1608 4720 1759 4776 Scri-

179 4811 260 4866 bit
298 4810 489 4881 itaque
531 4811 598 4865 ad
652 4825 775 4867 eum
829 4809 1300 4883 praeclarissimam
1341 4812 1645 4884 epistolam,
1696 4828 1759 4869 ac

180 4902 475 4974 exquisitis
521 4902 819 4959 rationibus
856 4902 1178 4975 persuadere
1221 4916 1474 4971 conatur,
1528 4914 1585 4960 ut
1648 4921 1761 4960 me-

186 5002 323 5059 tum,
349 5009 458 5064 quo
482 4990 685 5048 fractus
720 5003 774 5048 et
801 5005 1105 5065 prostratus
1128 4995 1348 5066 jacebat
1390 4996 1754 5060 Domitianus,

186 5084 322 5140 satis
348 5085 598 5156 supplicii
634 5099 756 5141 esse
785 5088 1077 5149 existimet,
1108 5103 1172 5144 ac
1198 5087 1409 5161 insigne
1452 5088 1761 5143 humanita-

189 5175 259 5230 tis
293 5179 565 5245 specimen
586 5178 731 5244 edat,
760 5181 1011 5235 omnibus
1030 5179 1457 5251 Cappadocibus,
1485 5181 1574 5250 qui
1598 5195 1763 5235 even-

193 5277 281 5322 tus
304 5269 711 5338 exspectatiOne
734 5272 974 5341 suspensi
1014 5282 1193 5333 erant,
1230 5272 1572 5328 admirationi
1612 5271 1762 5328 futu-

193 5375 334 5414 rum.
372 5359 522 5417 lianc
547 5361 826 5429 epistolam
862 5360 940 5432 (α)
971 5378 1098 5419 cum
1133 5364 1480 5419 Tillemontio
1521 5363 1766 5420 referen-

193 5453 317 5505 dam
356 5454 479 5507 duxi
521 5455 590 5509 ad
622 5455 853 5510 hiemem
895 5454 1049 5521 hujus
1079 5457 1204 5510 anni
1235 5456 1363 5511 572.
1424 5454 1579 5510 Venit
1617 5456 1761 5511 enim

194 5542 495 5599 Sebastiani
524 5546 626 5602 hoc
655 5561 799 5602 anno
819 5546 1066 5609 Basilius,
1090 5547 1247 5615 eique
1273 5547 1530 5619 deinceps
1560 5547 1767 5604 aditum

268 5757 337 5825 (ιι)
366 5759 461 5828 sp.
493 5758 621 5813 ιη.

266 5823 330 5896 (ό)
355 5823 484 5899 Stip.
520 5844 612 5894 ep.
640 5823 729 5876 54.

413 5923 683 5982 Panos.
762 5915 881 5973 (in.
944 5910 1180 5971 XXIX.

1849 3351 1999 3405 cunt,
2042 3340 2107 3394 ad
2147 3338 2580 3395 communionem
2624 3339 2984 3396 admltteudos
3017 3356 3120 3396 non
3163 3357 3287 3399 esse
3337 3344 3421 3399 fa-

1848 3439 2089 3486 teantur.

1920 3521 2118 3576 Scribit
2160 3521 2229 3595 (cl
2286 3522 2449 3576 etiam
2496 3524 2561 3576 ad
2604 3524 2910 3594 Cyriacum,
2956 3525 3114 3595 eique
3146 3539 3334 3585 narrat
3366 3546 3424 3587 se

1851 3615 1905 3669 in
1944 3613 2202 3670 fratribus
2230 3629 2260 3670 e
2299 3615 2445 3671 clero
2471 3613 2723 3672 Tarsensi
2752 3618 2932 3673 missis
2964 3633 3214 3691 magnum
3243 3622 3422 3679 anim-

1852 3708 2147 3763 advertisse
2195 3707 2314 3762 ﬁdei
2369 3709 2621 3774 studium,
2673 3724 3034 3781 magnumque
3058 3713 3110 3766 in
3140 3712 3423 3784 Cyriacum

1854 3813 2132 3863 amorem;
2170 3812 2334 3866 seque
2383 3812 2480 3867 pro
2519 3813 2583 3852 eo
2630 3800 3003 3869 spopondisse,
3063 3815 3248 3855 sanam
3303 3818 3425 3859 esse

1856 3890 1997 3944 illius
2034 3888 2189 3942 ﬁdem
2224 3897 2278 3942 et
2324 3888 2586 3952 animum,
2623 3887 2689 3942 ad
2721 3888 2900 3942 omnia
2953 3903 3050 3959 pro
3088 3889 3193 3946 ﬁde
3239 3908 3427 3963 perpe-

1855 3980 2033 4036 tienda
2068 3989 2372 4050 promptum
2400 3988 2455 4032 et
2496 3987 2761 4048 paratum.
2802 3979 3011 4036 Rursus
3038 3997 3136 4051 pro
3168 3983 3426 4040 fratribus

1856 4073 2099 4144 spondet,
2133 4072 2177 4125 si
2213 4070 2370 4125 modo
2400 4070 2669 4126 Nicaenam
2726 4073 2882 4127 ﬁdem
2922 4074 3172 4143 recipiat,
3225 4077 3426 4131 nullam

1858 4165 1911 4219 in
1936 4180 1996 4218 ea
2035 4178 2217 4217 vocem
2254 4162 2520 4230 rejicicns,
2557 4176 2716 4233 atque
2745 4164 2867 4217 huic
2898 4162 3019 4219 ﬁdei
3045 4168 3207 4222 addat
3258 4168 3431 4238 Spiri-

1859 4265 1969 4310 tum
2020 4263 2266 4308 sanctum
2304 4264 2610 4309 creaturam
2647 4254 2746 4307 dici
2782 4267 2884 4307 non
2916 4254 3136 4323 debere,
3170 4272 3269 4312 nec
3307 4274 3428 4313 cum

1858 4345 1947 4411 iis,
1993 4345 2083 4414 qui
2120 4344 2322 4409 dicunt,
2353 4343 2886 4411 communicandum,
2935 4346 3049 4401 fore
3095 4358 3152 4402 ut
3183 4350 3231 4402 ei
3272 4364 3431 4405 omne

1858 4438 2172 4506 obsequium
2207 4435 2405 4491 fratres
2426 4434 2733 4491 exhibeant.
2768 4433 2847 4490 Ex
2884 4437 3079 4507 quibus
3100 4440 3279 4493 verbis
3306 4441 3433 4495 illud

1860 4527 2035 4583 obiter
2057 4527 2309 4599 colligere
2333 4539 2640 4596 possumus,
2667 4526 2954 4596 Cyriaeum
2982 4530 3304 4584 auctoritate
3343 4530 3427 4584 iu-

1863 4628 1950 4675 ter
1978 4620 2112 4675 alios
2141 4618 2523 4688 praecelluisse.

1938 4713 2050 4767 Non
2080 4711 2355 4781 pertinent
2394 4711 2514 4766 duae
2541 4711 2642 4767 illa!
2685 4711 2923 4780 epistolae
2958 4714 3024 4767 ad
3051 4714 3200 4768 initia
3229 4716 3439 4787 episco-

1866 4814 2051 4875 patus;
2100 4813 2228 4860 tunc
2262 4804 2407 4859 enim
2454 4818 2558 4858 non
2605 4813 2885 4873 tantopere
2928 4804 3169 4861 fervebat
3218 4808 3285 4862 de
3320 4808 3436 4876 Spi-

1868 4898 1970 4952 ritu
1994 4906 2185 4952 sancto
2212 4896 2607 4961 controversia,
2638 4910 2737 4952 nec
2764 4899 2985 4953 deerant
3014 4900 3155 4953 inter
3180 4901 3437 4955 orthodo-

1868 5004 1990 5052 xos,
2027 4988 2117 5056 qui
2159 4988 2616 5043 consubstantiale
2649 4991 2889 5043 nondum
2922 4992 3252 5060 recepissent
3283 5001 3338 5046 ut
3370 5010 3439 5048 ex

1868 5082 2025 5150 epist.
2067 5081 2136 5135 52
2171 5082 2595 5137 observavimus.
2638 5084 2725 5146 At,
2762 5085 2885 5137 dum
2925 5084 3293 5139 scriberentur
3324 5087 3441 5140 dine

1865 5174 1966 5229 illa:
1999 5176 2256 5244 epistolae,
2288 5180 2375 5231 vix
2403 5187 2718 5248 supererant
2760 5178 2952 5246 quibus
2980 5178 3261 5235 molestum
3293 5189 3441 5232 esset

1864 5266 2337 5323 consubstantiale.
2376 5269 2490 5323 Non
2523 5273 2792 5326 metuebat
2832 5272 3081 5336 Basilius,
3128 5285 3194 5324 ne
3230 5286 3434 5326 moram

1869 5362 1993 5416 huic
2048 5364 2121 5418 rei
2175 5363 2393 5420 all'erret
2429 5365 2731 5435 Cyriacus;
2788 5369 2882 5420 sed
2931 5383 3027 5436 pro
3088 5380 3154 5421 eo
3216 5368 3445 5421 libenter

1865 5453 2178 5522 spondebat.
2222 5454 2495 5527 Praecipua
2540 5460 2682 5513 enim
2714 5471 2831 5511 erat
2860 5460 2928 5513 de
2970 5458 3173 5527 Spiritu
3227 5470 3433 5513 contro-

1868 5547 2043 5601 versia
2067 5548 2231 5602 etiam
2262 5552 2400 5605 inter
2442 5551 2770 5617 Catholicos,
2814 5554 2934 5605 aliis
2980 5552 3143 5606 Deum
3172 5528 3438 5621 appellan-

1956 5749 2026 5819 (ς)
2063 5748 2156 5817 ευ.
2185 5750 2303 5801 ιιι.
