4074 6312
658 370 732 407 cu
2006 350 2517 406 PROLEGOMENA

664 468 787 521 dum
833 478 950 517 esse
989 462 1456 523 contendentibus,
1506 461 1626 516 aliis
1655 461 1990 517 divinitatem
2022 464 2236 533 quidem
2268 470 2314 525 Α
2347 465 2496 521 lanti.
2533 463 2626 519 Sin
2659 475 2836 519 autem
2879 473 2936 518 ut
2984 463 3303 534 deponatur,
3366 472 3625 533 tanquam
3673 465 3929 535 indignus

663 557 1041 621 tribuentibus,
1087 555 1178 609 sed
1221 567 1396 608 tamen
1441 557 1539 609 hac
1566 570 1699 610 voce
1732 556 1805 609 uti
1841 558 2235 612 recusantibus.

738 652 995 704 Videntur
1044 658 1222 702 tamen
1277 658 1401 701 aute
1440 663 1641 701 annum
1681 647 1783 701 575
1823 649 2056 717 scriptaa.
2106 647 2237 701 Nam

666 742 849 795 Basilii
876 741 1129 810 querelzn,
1165 747 1307 807 quod
1341 741 1483 793 nulla
1517 742 1585 794 sit
1608 756 1731 809 erga
1777 740 1981 794 debiles
2014 740 2242 793 commi-

663 834 886 899 seratio,
924 834 1063 887 nulla
1097 849 1347 886 Sauorum
1381 834 1605 887 fratrum
1640 832 1897 893 defensio,
1949 832 2090 884 haud
2128 833 2242 885 scio

664 944 731 980 an
766 942 859 983 eos
896 936 1136 995 tangant,
1179 927 1373 995 quibus
1418 927 1597 980 Basilii
1632 929 1681 979 in
1714 926 2052 980 Eustathium
2095 925 2240 992 ejus-

663 1034 769 1089 que
807 1019 1094 1089 discipulos
1130 1020 1320 1073 lenitas
1351 1035 1455 1072 non
1502 1020 1763 1088 placebat.
1818 1020 2084 1073 Prrelerca
2134 1036 2236 1073 non

662 1112 984 1181 praescribit,
1024 1112 1073 1165 id
1101 1113 1242 1182 quod
1266 1112 1519 1180 deinceps
1542 1114 1689 1166 abeo
1718 1114 2016 1182 perspectis
2047 1114 2240 1167 Eusta-

665 1204 760 1258 thii
786 1204 925 1257 dolis
965 1205 1335 1274 prmscriptum
1367 1206 1691 1273 videbimus,
1727 1216 1784 1259 ut
1845 1204 2083 1273 Spiritus
2109 1222 2237 1261 sau-

665 1307 785 1352 ctus
817 1297 937 1353 cuiu
971 1297 1128 1351 Patre
1157 1308 1213 1351 et
1255 1297 1390 1351 Filio
1426 1299 1775 1367 glorilicetur.

738 1387 821 1441 Vl.
856 1389 1110 1454 Quaedam
1139 1389 1489 1459 Cappadociae
1505 1388 1746 1444 Ecclesia
1788 1389 1863 1461 (α)
1894 1406 2011 1442 cum
2044 1390 2238 1443 dudum

660 1480 914 1548 episcopo
943 1489 1176 1543 careret,
1212 1481 1483 1534 communi
1532 1496 1799 1535 consensu
1834 1482 1996 1550 elegit
2024 1497 2238 1536 servum

664 1570 975 1639 Simplicia‘,
1014 1570 1196 1623 divitis
1245 1582 1506 1624 matronae
1539 1580 1592 1623 et
1626 1572 1674 1621 in
1708 1586 1971 1639 pauperes
2020 1571 2238 1625 munifi-

663 1678 760 1727 ca,
794 1662 885 1715 sed
930 1663 1150 1716 haeresis
1184 1662 1589 1730 suspicionibus
1618 1661 1910 1731 ﬂagrantis.
1960 1663 2144 1732 Itaque
2170 1665 2237 1717 ad

660 1751 914 1807 Basilium
959 1761 1012 1807 et
1071 1751 1390 1822 Gregorium
1440 1752 1540 1807 loci
1584 1753 1771 1808 incola:
1814 1758 1955 1808 hunc
2020 1770 2236 1809 servum

2344 557 2647 612 sacerdotio
2677 596 2690 619 θ
2730 556 2999 610 consentit
3031 558 3190 610 etiam
3216 567 3294 622 ut,
3325 558 3437 627 ipsa
3463 567 3732 626 praesente
3760 569 3929 626 atque

2342 649 2528 713 etiam,
2570 651 2612 701 si
2648 648 2881 713 libuerit,
2910 648 3206 717 judicante,
3256 666 3342 705 res
3380 651 3755 719 episcoporum
3779 650 3925 720 judi-

2342 741 2426 795 cio
2452 740 2784 809 exploretur.

2413 832 2706 901 Simplicia:
2755 830 2894 885 servi
2950 830 3342 885 ordinationem
3394 848 3514 886 cum
3573 831 3928 886 Tillemomio

2345 924 2491 977 circa
2530 926 2631 977 hoc
2672 936 2902 993 tempus,
2934 927 2983 978 id
3015 934 3116 987 est,
3156 924 3300 977 circa
3328 939 3524 977 annum
3560 924 3664 978 572
3689 938 3783 977 aut
3819 924 3927 979 575

2344 1025 2614 1083 peractam
2662 1027 2931 1085 putamus.
2977 1015 3091 1071 Non
3128 1016 3270 1070 enim
3312 1015 3474 1068 citius
3524 1016 3780 1069 collocari
3815 1032 3924 1083 po—

2346 1117 2468 1169 test,
2523 1108 2644 1177 quia
2685 1108 3003 1178 Gregorium
3050 1110 3151 1163 hac
3205 1110 3254 1160 in
3306 1108 3642 1163 ordinatione
3675 1109 3921 1164 Basilius

2343 1197 2601 1267 collegam
2638 1198 2847 1252 habuit.
2902 1198 3085 1265 Neque
3126 1200 3284 1253 etiam
3334 1201 3502 1251 multo
3536 1200 3747 1265 serius;
3793 1215 3923 1253 cum

2339 1285 2630 1358 Gregorius
2676 1290 2965 1343 secesserit
3014 1288 3312 1343 Seleuciam
3368 1305 3507 1343 anno
3569 1289 3723 1343 5'75:
3780 1291 3927 1346 unde

2343 1393 2446 1432 non
2470 1380 2679 1433 videtur
2718 1391 2842 1435 ante
2872 1380 3054 1433 Basilii
3086 1391 3310 1433 mortem
3339 1396 3591 1449 egressu;
3620 1395 3764 1433 esse.

2420 1472 2527 1527 ιιι.
2577 1472 2785 1528 Charus
2841 1484 2955 1528 erat
2996 1474 3196 1527 Basilio
3249 1474 3444 1526 nobilis
3470 1473 3687 1541 quidam
3740 1472 3925 1527 adole-

2342 1580 2519 1628 scens,
2556 1567 2707 1634 cujus
2742 1567 2975 1635 majores
3003 1566 3363 1635 guberuacula
3397 1567 3652 1629 civitatis,
3684 1573 3743 1617 ut
3779 1566 3925 1616 veri-

2340 1660 2517 1714 simile
2560 1667 2664 1721 est,
2706 1659 3059 1715 Ctesarieusis
3096 1670 3414 1723 tenuerant;
3458 1675 3589 1713 avus
3614 1670 3795 1713 autem
3829 1672 3926 1727 pa—

2342 1769 2530 1812 ternus
2585 1770 2731 1808 arma
2791 1764 3003 1809 secutus
3054 1755 3245 1807 fuerat.
3304 1754 3351 1808 ls
3409 1770 3475 1808 co
3527 1752 3718 1823 majori
3776 1767 3926 1805 curae

662 1846 1003 1899 adduxerunt
1036 1860 1137 1896 non
1171 1845 1289 1898 sine
1324 1844 1596 1917 lacryinis,
1627 1856 1682 1900 ut
1726 1847 1872 1901 illum
1901 1848 1999 1902 sibi
2031 1850 2239 1916 episco-
2273 1827 2311 1881 Β
2340 1857 2457 1902 erat
2491 1844 2710 1910 Basilio,
2750 1846 2891 1915 quod
2929 1859 3048 1897 cum
3083 1858 3140 1896 se
3178 1854 3299 1897 voto
3327 1843 3648 1911 virginitatis
3674 1845 3923 1898 obstrin—

666 1954 790 2008 pum
818 1940 1027 1991 darent.
1070 1937 1394 1993 Annuerunt
1420 1940 1659 2008 cpiscOpi
1704 1940 1921 1995 fervidis
1969 1944 2235 2010 precibus,

656 2046 727 2085 ac
756 2046 971 2086 servum
1008 2030 1364 2085 reluctantem
1405 2042 1458 2085 et
1500 2034 1720 2087 invitum
1762 2035 2100 2098 ordinarunt,
2133 2050 2237 2087 non

662 2132 975 2193 exspectato
1005 2124 1234 2179 domina:
1266 2139 1551 2189 consensu,
1602 2129 1692 2195 qui
1744 2136 1923 2182 tamen
1968 2145 2032 2183 eo
2072 2128 2240 2198 magis

666 2216 1025 2286 requirendus
1049 2216 1355 2281 videbatur,
1381 2223 1519 2286 quod
1552 2220 1694 2272 herae
1717 2222 1857 2273 bona
1887 2220 2118 2274 famulus
2143 2220 2237 2274 ad.

658 2308 1025 2362 ministrabat.
1070 2307 1175 2363 Sed
1211 2309 1394 2363 hacin
1448 2326 1506 2362 re
1543 2309 1774 2364 Basilius
1821 2320 1875 2365 et
1923 2309 2234 2381 Gregorius,

657 2415 785 2454 cum
813 2398 1104 2469 Simplicia!
1147 2400 1527 2455 liberalitatem
1577 2403 1677 2456 sibi
1714 2418 1873 2459 nosse
1899 2405 2234 2471 viderentur,

660 2488 965 2558 simplicius
989 2499 1234 2559 egerunt.
1280 2490 1381 2546 Ubi
1416 2493 1465 2546 id
1497 2494 1712 2547 rescivit
1737 2495 1993 2549 iracunda
2024 2495 2233 2559 mulier,

661 2580 817 2637 furiis
868 2583 920 2635 in
967 2580 1222 2635 Basilium
1276 2584 1511 2650 incensa,
1561 2588 1815 2641 conviciis
1864 2601 1985 2640 eum
2021 2588 2235 2657 aggredi

660 2675 847 2742 erepit,
912 2676 1105 2729 docere
1156 2678 1357 2731 audens
1423 2686 1480 2729 ut
1524 2677 1681 2731 officii
1742 2680 1920 2731 minus
1980 2680 2233 2746 peritum.

661 2766 966 2835 Quinetiam
1022 2768 1074 2823 in
1128 2784 1248 2823 eum
1309 2770 1571 2838 quosdam
1632 2770 1877 2824 homines
1925 2771 2235 2831 concitavit,

662 2873 800 2927 quos
826 2858 1054 2913 Basilius
1083 2860 1312 2914 lacertos
1335 2872 1388 2915 et
1436 2864 1652 2916 rubetas
1683 2862 1933 2931 appellat,
1962 2863 2012 2916 id
2037 2872 2143 2925 est,
2182 2871 2238 2916 ut

663 2950 853 3020 conjici
888 2960 1064 3020 potest
1110 2966 1177 3007 ex
1208 2952 1291 3007 his
1327 2969 1446 3022 qua:
1481 2965 1801 3024 sequuntur.
1838 2970 2022 3011 servos
2065 2965 2117 3010 et
2143 2970 2238 3009 eu-

663 3046 889 3101 nuchos.
927 3043 1078 3098 Hanc
1106 3043 1336 3099 Basilius
1372 3060 1480 3098 non
1509 3046 1869 3114 deprecando,
1900 3062 2005 3100 non
2042 3047 2236 3101 blande

660 3136 978 3206 appellando
1000 3136 1408 3192 demulcendam
1433 3151 1553 3191 esse
1577 3138 1730 3191 duxit
1760 3155 1773 3190 :
1807 3138 1898 3191 sed
1928 3138 2232 3191 vehementi
2261 3168 2304 3226 ρ

663 3236 821 3280 utens
853 3228 1293 3296 reprehensione,
1325 3228 1675 3293 demonstrat,
1707 3226 1913 3281 etiamsi
1952 3226 2231 3296 pecuniam

666 3331 828 3369 areua
889 3317 1158 3386 copiosius
1186 3319 1496 3389 profundat,
1535 3320 1648 3373 haec
1685 3335 1847 3388 opera
1892 3319 2029 3387 apud
2060 3318 2229 3372 Deum

664 3408 869 3476 impura
903 3425 1045 3463 esse.
1083 3412 1227 3465 Illius
1253 3412 1604 3465 cuntmuel;as
1642 3412 1858 3466 silentio
1887 3413 2103 3482 premit,
2138 3411 2231 3466 sed

667 3503 914 3555 hortatur
948 3513 1005 3557 ut
1041 3504 1386 3574 semetipsaiu
1423 3506 1487 3557 de
1528 3504 1730 3573 judicio
1774 3504 1954 3558 divino
1985 3520 2231 3559 commo-

661 3602 805 3657 veat,
834 3609 996 3662 seque
1019 3595 1211 3649 docere
1242 3596 1471 3661 desinat,
1503 3606 1559 3647 ut
1599 3596 1689 3662 qui
1726 3594 1895 3662 plura,
1926 3609 2082 3662 quam
2120 3595 2229 3661 illa,

664 3683 819 3747 sciat,
860 3699 957 3738 nec
991 3685 1219 3739 internis
1265 3685 1434 3753 spinis
1466 3692 1572 3736 tam
1605 3683 1913 3745 sulfocetur,
1945 3698 2043 3735 nec
2080 3683 2233 3738 bouis

653 3780 851 3848 paucis
911 3779 1192 3849 decuplam
1264 3780 1523 3834 malitiam
1578 3779 1889 3833 admisceat.
1951 3776 2232 3832 Postremo

663 3872 942 3941 gloriatur,
978 3874 1119 3942 quod
1156 3874 1256 3926 sibi
1308 3873 1574 3927 reddenda
1606 3872 1675 3924 sit
1713 3871 1849 3924 ratio
1881 3870 1931 3924 iu
1963 3870 2053 3924 Dei
2087 3868 2235 3940 judi-

664 3966 769 4029 clo,
805 3962 857 4017 in
910 3979 1016 4032 quo
1065 3980 1167 4018 non
1219 3965 1359 4018 servi
1386 3974 1440 4018 et
1468 3964 1698 4017 eunuchi
1728 3972 1892 4017 testes
1926 3972 2108 4028 erunt,
2138 3962 2233 4018 sed

650 4058 788 4127 justi
820 4068 874 4113 et
894 4056 1113 4130 perlecti
1157 4058 1279 4112 viri.

738 4147 829 4201 Sic
870 4162 1181 4215 compressa
1223 4146 1289 4200 ad
1347 4156 1556 4214 tempus
1612 4143 1853 4199 mulieris
1897 4140 2177 4197 insolentia
2214 4159 2227 4196 :

662 4242 900 4311 quandiu
941 4242 1082 4295 enim
1122 4238 1255 4293 vixit
1292 4237 1540 4303 Basilius,
1571 4236 1764 4290 mutire
1809 4249 1913 4289 non
1953 4248 2081 4285 ausa
2123 4241 2225 4286 cst.

661 4336 733 4390 At
778 4347 843 4387 co
873 4341 1087 4386 mortuo
1117 4330 1181 4382 ad
1206 4330 1479 4400 ingenium
1508 4328 1685 4393 rediit,
1716 4337 1770 4383 et
1808 4328 1874 4382 ad
1913 4325 2232 4395 Gregorium

662 4440 724 4480 ea
766 4424 830 4477 de
874 4436 929 4477 re
956 4423 1198 4489 scripsit,
1242 4422 1639 4490 perhonoritice
1679 4421 1894 4489 Quidam
1940 4421 2005 4475 de
2037 4416 2234 4473 Basilio

2344 1943 2532 2006 xisset,
2569 1950 2627 1994 ut
2659 1954 2724 1994 eo
2775 1938 2991 1992 nomine
3047 1936 3253 2006 gratior
3290 1946 3407 1989 erat
3451 1947 3503 1990 et
3556 1937 3796 2001 charior,
3849 1937 3925 1990 ita

2344 2034 2603 2102 naufragii
2644 2042 2844 2085 metum
2874 2032 2943 2084 ob
2980 2030 3154 2084 aetatis
3178 2026 3364 2082 ﬂorem
3392 2026 3672 2081 afferebat.
3711 2027 3923 2095 Itaque.

2339 2142 2463 2179 cum
2498 2125 2735 2177 audisset
2760 2124 2989 2178 Basilius
3016 2138 3159 2187 eum,
3189 2120 3374 2176 relicto
3400 2121 3674 2174 beatorum
3723 2134 3923 2189 proge-

2343 2221 2579 2273 uitorum
2625 2220 2835 2281 ordine,
2869 2219 2933 2271 ad
2965 2234 3125 2272 avum
3157 2227 3443 2285 paternum
3478 2211 3845 2282 transfugere,
3872 2222 3922 2267 et

2340 2311 2674 2367 Brettanium
2707 2325 2804 2379 pro
2833 2308 3072 2362 Firmino
3101 2309 3213 2363 fieri
3246 2308 3403 2372 velle,
3433 2308 3689 2375 majorem
3727 2307 3781 2360 in
3810 2322 3923 2359 mo-

2339 2407 2467 2459 dum
2497 2403 2761 2460 sollicitus
2805 2400 2929 2454 fuit.
2963 2400 3246 2453 Auxerunt
3276 2400 3684 2455 sollicitudinem
3714 2399 3924 2454 brevis-

2343 2500 2493 2553 simae
2546 2494 2776 2550 Firmini
2824 2490 3037 2555 litteraa,
3077 2507 3199 2559 qua:
3245 2492 3459 2546 silentio
3512 2508 3610 2546 suo
3652 2492 3919 2563 pudorem

2342 2590 2459 2643 novi
2490 2588 2702 2643 consilii
2736 2586 3068 2641 iudicabant.
3108 2582 3308 2638 Scribit
3349 2584 3528 2651 itaque
3563 2585 3628 2638 ad
3676 2600 3826 2651 eum,
3866 2594 3921 2636 ut

2341 2684 2476 2738 nihil
2536 2685 2738 2753 pudore
2796 2682 3015 2752 dignum
3074 2678 3355 2749 suscipiat,
3384 2678 3476 2731 scd
3524 2677 3569 2730 si
3615 2680 3744 2745 quid
3779 2679 3923 2731 illius

2343 2784 2576 2828 mentem
2623 2774 2807 2839 subiit,
2844 2782 3054 2827 mature
3084 2771 3358 2829 emendet.
3387 2783 3447 2823 ac
3490 2767 3648 2836 longo
3669 2767 3793 2821 vale
3819 2769 3922 2820 mi-

2342 2865 2471 2920 litiae
2529 2876 2581 2920 et
2630 2867 2797 2920 armis
2831 2866 2973 2919 dicto
3034 2868 3087 2918 in
3138 2864 3369 2935 patriam
3424 2861 3628 2924 redeat,
3662 2859 3800 2913 satis
3856 2861 3921 2911 ad

2340 2960 2466 3013 vitae
2506 2958 2853 3013 securitatem
2906 2966 2962 3011 et
2998 2957 3064 3010 ad
3099 2970 3311 3010 omnem
3355 2952 3695 3025 splendorem
3729 2951 3921 3005 existi-

2340 3058 2516 3117 mans,
2553 3051 2695 3116 urbi,
2742 3052 2929 3105 itidem
2980 3062 3037 3104 ut
3064 3050 3318 3121 majores,
3362 3062 3596 3116 praeesse
3644 3046 3749 3099 :id
3778 3047 3921 3115 quod

2340 3145 2451 3206 tibi,
2496 3142 2693 3211 inquit,
2749 3144 2881 3195 citra
2919 3144 3150 3197 laborem
3198 3141 3533 3194 obvonturum
3578 3136 3921 3205 conﬁdimus,

2340 3238 2667 3306 respicientes
2721 3248 2830 3289 tum
2875 3242 2942 3291 ad
2988 3241 3201 3291 idoneas
3250 3248 3452 3291 natura
3490 3241 3656 3301 dotes,
3707 3245 3820 3287 tum
3850 3235 3921 3286 ad

2335 3330 2735 3398 competitorum
2792 3329 3131 3396 paucitatem.
3176 3329 3454 3382 Postrema
3496 3326 3657 3379 verba
3706 3335 3922 3395 tempus

2336 3422 2579 3476 indicant
2608 3420 2885 3489 cpistolm;
2917 3435 3037 3472 cum
3081 3422 3224 3472 enim
3261 3420 3503 3487 plerique
3539 3417 3916 3487 magistratus,

2334 3524 2427 3568 aut
2468 3513 2573 3567 alio
2616 3513 2763 3565 inviti
2806 3522 2985 3566 essent
3020 3512 3282 3575 translati,
3308 3520 3401 3563 aut
3433 3520 3622 3575 sponte
3663 3509 3917 3563 Cesarea

2334 3606 2746 3667 abscessissent,
2788 3604 2839 3657 id
2887 3606 3029 3674 quod
3069 3618 3212 3657 anno
3259 3600 3365 3655 572
3395 3598 3617 3659 factum,
3662 3590 3769 3653 non
3798 3614 3920 3653 erat

2334 3714 2431 3752 cur
2483 3698 2866 3767 competitores
2912 3706 3181 3753 metueret
3227 3694 3524 3751 Firminus.
3583 3692 3762 3758 Quare
3806 3707 3916 3745 non

2338 3789 2503 3843 multo
2537 3801 2658 3859 post
2699 3790 3055 3859 Cappadocia)
3101 3788 3417 3844 divisionem
3460 3785 3660 3854 scripta
3698 3782 3919 3838 videtur

2337 3883 2450 3936 haec
2474 3880 2721 3949 epistola.

2408 3971 2653 4039 Sequens
2686 3967 2915 4038 epistola
2962 3980 3067 4020 non
3104 3974 3186 4019 est
3236 3965 3464 4033 Basilii,
3510 3968 3603 4023 sed
3658 3966 3919 4031 Firmini,

2336 4065 2430 4137 qui
2466 4072 2745 4135 peccatum
2796 4060 3029 4131 ingenue
3081 4056 3303 4122 fatetur,
3339 4068 3394 4112 et
3442 4059 3639 4114 Basilio
3696 4062 3913 4128 gratias

2337 4158 2487 4228 agit,
2518 4155 2658 4226 quod
2701 4169 2760 4209 se
2786 4193 2801 4219 ,
2835 4162 2892 4206 ut
2937 4165 3034 4222 par
3066 4159 3213 4217 erat,
3243 4151 3631 4206 admonuisset.
3666 4150 3916 4206 Celerem

2339 4250 2710 4304 dimissionem
2762 4243 3040 4315 Sperabat,
3092 4256 3190 4295 nec
3228 4242 3522 4311 quidquam
3557 4243 3624 4294 ad
3658 4254 3776 4293 eam
3806 4240 3915 4292 im-

2338 4338 2651 4409 petrandam
2693 4334 2998 4388 omittebat.
3038 4330 3144 4385 Sed
3178 4339 3359 4383 tamen
3401 4330 3639 4385 declarat
3684 4343 3744 4382 se
3798 4342 3914 4382 non

2340 4428 2545 4483 idcirco
2581 4425 2945 4479 discessurum
2976 4434 3004 4472 a
3034 4419 3339 4488 proposito,
3372 4419 3586 4475 etiamsi
3640 4415 3774 4471 nihil
3818 4417 3917 4481 im-

661 4516 906 4585 loqueus,
940 4514 1033 4569 sed
1065 4523 1239 4567 tamen
1270 4515 1618 4566 vehementer
1648 4514 1998 4578 contendens,
2033 4520 2089 4564 ιιι
2114 4525 2230 4566 scr-
2264 4528 2307 4585 D
2340 4523 2515 4588 pen-et
2540 4514 2607 4569 ab
2634 4515 2995 4583 imperatore.~
3017 4507 3343 4565 Persuasum
3389 4511 3532 4564 enim
3559 4508 3662 4562 sibi
3689 4522 3817 4563 esse
3849 4508 3905 4561 in

660 4607 711 4659 vi
740 4605 1007 4658 ordinatio
1037 4603 1429 4671 antiquaretur.
1472 4601 1767 4657 Minabatur
1793 4602 2071 4657 smeularia
2092 4599 2234 4668 judi-

661 4700 783 4759 cia;
818 4707 870 4751 et
917 4698 1009 4766 qui
1068 4705 1457 4751 consenserant
1493 4695 1841 4758 ordinationi,
1888 4695 2235 4763 negabantse

663 4790 1026 4855 consensisse,
1089 4799 1145 4842 ut
1207 4788 1416 4843 mulieri
1452 4798 1879 4843 asseutarentur.
1929 4786 2236 4858 Respondet

660 4883 709 4938 ei
744 4880 1034 4952 Gregorius
1060 4880 1132 4950 (ὁ)
1171 4882 1335 4934 multo
1377 4881 1544 4933 lenius
1587 4895 1746 4949 quam
1772 4879 2059 4948 scripserat
2090 4877 2235 4933 Basi-

663 4975 785 5029 lius.
820 4973 991 5043 Rogat
1025 4982 1082 5025 ut
1101 4986 1222 5041 quae
1251 4972 1416 5025 Deum
1448 4972 1637 5041 Opibus
1665 4973 1775 5025 suis
1802 4969 2027 5035 colebat,
2048 4970 2233 5026 Eccle-

661 5067 795 5120 siain
829 5064 1131 5128 sacerdote,
1162 5062 1549 5131 pretiosissimo
1583 5062 1827 5127 donario,
1860 5076 1963 5115 non
2002 5062 2234 5131 spoliet;

660 5158 828 5214 multo
869 5157 985 5228 plus
1018 5156 1189 5211 laudis
1231 5170 1371 5209 nime
1416 5156 1743 5221 habituram,
1787 5157 1831 5209 si
1866 5156 2025 5210 rebus
2050 5171 2110 5210 ea
2150 5157 2235 5211 iu-

662 5249 903 5305 cousulta
949 5249 1115 5318 gestis
1166 5247 1495 5311 consentiat,
1550 5264 1711 5316 quam
1763 5250 1805 5303 si
1832 5257 1993 5301 antea
2042 5258 2223 5318 rogata

659 5341 1041 5400 consensisset.
1105 5341 1360 5395 Hortatur
1425 5350 1481 5393 ut
1534 5342 1867 5411 suspiciones
1922 5340 2114 5411 fugiat.
2176 5351 2232 5399 et

660 5437 805 5506 quod
846 5434 1125 5490 dicebatur
1170 5436 1293 5490 odio
1353 5432 1485 5503 fidei,
1521 5435 1795 5489 catholica:
1846 5438 1959 5489 haec
2019 5432 2222 5501 facere,

663 5529 805 5583 hunc
838 5540 1108 5579 rumorem
1156 5524 1444 5594 propulset.
1485 5522 1632 5590 Quod
1666 5526 1713 5578 si
1740 5524 1873 5594 petit
1899 5534 1954 5579 ut
1987 5526 2221 5581 rationes

662 5619 850 5672 reddat
877 5615 1126 5681 famulus,
1149 5616 1440 5672 asseutitur
1461 5612 1753 5686 Gregorius
1781 5626 1837 5671 ut
1860 5631 2011 5686 aequa
2039 5628 2223 5689 postu~

746 5791 815 5860 (ι)
847 5792 973 5848 Nan.
1010 5811 1094 5862 ep.
1129 5794 1218 5852 '58.

2341 4607 2602 4676 ejusmodi
2634 4606 2793 4660 rebus
2817 4601 3083 4672 potiorem
3122 4603 3282 4672 regiis
3323 4599 3591 4655 mandatis
3638 4614 3760 4655 esse
3809 4614 3917 4654 vo-

2342 4698 2624 4757 luntatem,
2662 4708 2819 4764 quam
2846 4692 2891 4746 si
2924 4691 3256 4743 immutatam
3298 4699 3343 4742 et
3372 4689 3662 4765 immotam,
3711 4687 3917 4753 inquit,

2341 4810 2373 4846 a
2396 4791 2660 4860 proposito
2688 4788 2804 4841 vita:
2842 4784 3088 4854 perfecta:
3134 4782 3420 4839 exhibuero
3440 4820 3455 4844 ,
3487 4778 3916 4850 inexpugnabilis

2343 4886 2487 4938 nobis
2515 4892 2561 4936 et
2586 4879 2906 4933 inviolabilis
2934 4876 3029 4930 Dei
3049 4876 3250 4929 auxilio
3274 4877 3369 4928 erit
3394 4874 3706 4943 virginitatis
3730 4879 3915 4923 custo-

2343 4975 2452 5029 dia.
2503 4972 2987 5027 Commendavcrat
3020 4970 3070 5023 ei
3118 4969 3346 5036 aliquem
3384 4966 3633 5029 Basilius,
3669 4976 3832 5032 quem
3861 4970 3918 5015 et

2342 5065 2575 5119 libenter
2602 5078 2631 5116 a
2663 5078 2719 5117 se
2740 5072 3020 5131 exceptum
3050 5070 3105 5115 et
3130 5061 3424 5114 amicorum
3473 5072 3694 5112 numero
3744 5056 3915 5109 ascri-

2340 5168 2491 5228 ptum
2523 5154 2691 5210 fuisse
2732 5164 2981 5210 testatur.

2413 5247 2547 5303 Cum
2577 5247 2836 5303 Basilium
2897 5244 3145 5302 iuviserit
3190 5246 3412 5301 Jovinus
3461 5244 3746 5312 episcopus
3777 5241 3917 5295 Pei-

2340 5342 2449 5395 rha:
2482 5381 2496 5403 ,
2548 5353 2690 5393 anno
2741 5337 2845 5392 375
2875 5377 2891 5404 ,
2943 5336 3100 5406 paulo
3154 5345 3272 5406 post
3327 5336 3529 5390 Pascha
3564 5373 3577 5398 ,
3634 5334 3869 5402 epistola
3900 5378 3914 5397 ,

2339 5447 2445 5501 qua
2502 5447 2624 5487 eum
2683 5430 2918 5486 Basilius
2972 5439 3129 5500 urget
3162 5439 3219 5483 ut
3255 5430 3323 5482 ad
3369 5445 3428 5484 se
3494 5427 3715 5493 veniat,
3768 5441 3917 5479 anno

2337 5524 2443 5579 572
2495 5535 2766 5590 exeunte,
2838 5532 2932 5580 aut
2995 5523 3213 5580 ineunte
3270 5522 3418 5589 373,
3474 5520 3684 5577 videtur
3742 5520 3915 5577 collo-

2338 5619 2529 5674 cauda.

2415 5799 2489 5869 (ὁ)
2511 5801 2642 5857 lbtd.
