4074 6312
1493 363 1652 419 VlTA
1688 362 1745 416 S.
1785 359 2055 414 BASILII.

3288 375 3379 416 CIII

250 486 571 548 Vill.Basilio
604 489 671 540 ad
707 485 1071 555 episcopatum
1097 484 1483 540 Ctesariensem
1513 493 1701 538 evecto
1742 483 1788 539 Δ
1817 481 2053 547 insignes
2082 475 2448 545 injurias,non
2482 486 2588 531 tam
2618 476 2846 531 calidum
2874 476 3015 531 illius
3035 476 3373 530 defensorem

190 584 304 641 dedit
333 578 637 637 Eustathius
675 577 1005 634 Sebastenus
1033 575 1107 644 (α)
1143 579 1278 630 duos
1309 590 1375 629 ex
1410 575 1525 628 suis
1552 588 1707 629 asce-

191 676 261 737 tis,
282 673 368 727 sub
392 668 570 735 specie
602 669 789 722 auxilii
838 675 891 720 et
920 664 1105 719 amica:
1151 664 1567 730 communionis,
1624 678 1711 718 re-

189 782 289 820 vera
321 772 371 815 ut
395 762 536 816 illius
567 765 814 817 actiones
839 756 1206 813 observarent.
1228 755 1433 809 Horum
1469 759 1712 820 nomina,

190 856 382 910 Basilius
409 868 463 907 et
496 854 863 922 Sophronius.
899 850 957 906 lli
998 854 1291 907 manebant
1319 851 1370 901 in
1400 848 1557 905 domo
1612 850 1715 903 Ba-

188 948 272 1002 silii
300 955 348 999 et
378 948 663 1001 candidam
703 944 845 997 illam
875 947 1106 999 animam
1135 941 1400 996 simulatis
1434 941 1715 997 charitatis

188 1040 491 1094 sermonibus
536 1037 810 1093 ludebant.
840 1036 1078 1091 Primum
1112 1034 1336 1088 Basilius
1363 1035 1431 1089 ob
1464 1035 1711 1087 decoram

186 1130 370 1198 pietatis
414 1129 607 1196 pellem
651 1127 771 1179 vita:
800 1142 910 1181 sum
942 1123 1249 1195 praesidium
1281 1138 1401 1179 esse
1427 1123 1652 1177 ducebat
1695 1139 1711 1187 ;

186 1219 378 1273 alterum
408 1219 579 1273 filium
612 1217 847 1287 appellat
876 1219 927 1270 in
953 1215 1174 1283 epistola
1208 1216 1331 1272 105.
1360 1218 1465 1271 Sed
1501 1224 1556 1268 ut
1593 1216 1715 1267 ficta

186 1314 337 1365 omnia
378 1310 556 1365 serius
606 1312 759 1365 ocius
791 1310 981 1362 nudari
1019 1310 1216 1374 solent,
1248 1313 1462 1365 tandem
1494 1322 1523 1361 e
1557 1309 1717 1363 domo

186 1399 335 1456 Basilii
368 1416 684 1472 prorupere,
707 1414 871 1468 seque
896 1401 1154 1457 hactenus
1183 1405 1496 1456 immensam
1519 1416 1712 1470 quam-

187 1493 285 1545 dam
312 1490 408 1546 doli
432 1502 490 1545 et
510 1490 825 1546 acerbitatis
874 1494 1176 1559 voraginem
1215 1492 1517 1546 occultasse
1546 1532 1559 1555 ,
1618 1492 1718 1546 hac

186 1581 394 1636 illiberali
425 1582 550 1653 fuga
577 1582 949 1637 ostenderunt.
980 1583 1097 1637 Non
1130 1586 1290 1639 audet
1318 1598 1585 1647 exponere
1613 1583 1719 1636 Ba-

184 1672 309 1729 silius
337 1690 465 1746 quas
518 1675 588 1728 ab
639 1677 838 1730 eximio
867 1675 1070 1729 Basilio
1100 1675 1457 1729 contumelias
1491 1691 1710 1743 accepe-

185 1766 243 1820 rit
272 1787 284 1823 :
310 1768 403 1822 sibi
431 1778 613 1821 autem
643 1767 813 1823 aliicta
855 1784 883 1823 a
914 1766 1224 1837 Sophronio
1253 1768 1479 1821 crimina
1506 1782 1569 1821 eo
1596 1782 1719 1837 spe-

184 1868 305 1914 ctare
336 1860 479 1924 dicit,
519 1869 574 1914 ut
626 1860 937 1915 Eustathius
979 1875 1008 1913 a
1048 1875 1107 1915 se
1154 1859 1511 1914 abalienetur.
1541 1860 1717 1914 Testis

184 1950 267 2005 fuit
289 1950 434 2020 hujus
464 1953 706 2022 perfidia:
758 1960 866 2006 tota
906 1952 1101 2007 civitas
1128 1991 1145 2018 ,
1190 1968 1521 2024 magnusque
1576 1954 1719 2008 risus

184 2044 358 2097 exstitit
398 2059 587 2099 eorum
615 2082 633 2109 ,
664 2044 755 2112 qui
788 2043 927 2112 piam
956 2044 1118 2099 vitam
1146 2044 1374 2099 oderant
1400 2085 1416 2111 ,
1463 2061 1561 2099 nec
1604 2046 1715 2115 jam

184 2134 437 2203 quidquam
470 2136 641 2205 magis
686 2146 991 2207 suSpectutn
1024 2148 1160 2203 erat,
1195 2152 1355 2206 quant
1403 2139 1524 2192 vitm
1573 2154 1720 2194 asce-

184 2227 281 2281 tiae
304 2226 582 2295 professio.

237 2318 415 2374 Basilio
449 2320 526 2391 (b)
565 2330 770 2376 tantum
796 2322 1034 2376 dolorem
1060 2322 1253 2375 inussit
1282 2335 1492 2386 eorum,
1524 2322 1718 2391 quibus

181 2412 384 2468 maxime
418 2414 654 2478 fidebat,
685 2414 1015 2481 deprehensa
1071 2414 1387 2483 improbitas
1418 2456 1433 2481 ,
1468 2424 1527 2469 ut
1579 2430 1717 2486 pene

180 2515 340 2559 omnes
366 2506 615 2559 homines
646 2504 694 2558 ei
747 2505 800 2557 in
852 2506 1213 2575 suspicionem
1269 2508 1535 2561 venirent.
1571 2506 1712 2561 Nihil

182 2608 333 2649 tamen
368 2595 432 2650 de
454 2596 744 2651 Eustathio
774 2606 901 2652 tunc
929 2600 1234 2666 suspicatus
1264 2600 1501 2663 videtur,
1524 2613 1720 2669 quam-

183 2684 244 2737 vis
270 2685 373 2753 ipse
401 2684 517 2741 fons
552 2697 696 2742 esset
723 2697 775 2741 et
814 2698 974 2756 caput
1010 2690 1175 2743 totius
1200 2690 1361 2756 mali;
1396 2692 1490 2744 sed
1515 2692 1719 2747 veritus

181 2787 237 2828 ne
260 2774 389 2831 illius
419 2791 449 2830 a
502 2793 562 2833 se
600 2778 839 2832 animum
874 2779 1175 2835 alienarent
1224 2781 1502 2850 discipuli,
1538 2794 1592 2836 et
1651 2784 1720 2839 ad

181 2864 512 2925 defensionem
538 2885 753 2935 eorum,
796 2887 913 2940 quze
945 2873 1183 2941 improbe
1214 2874 1478 2941 fecerant,
1511 2874 1718 2928 calum-

181 2956 277 3013 nias
321 2962 683 3027 adornarent;
738 2964 884 3016 misit
923 2964 1225 3019 Sebastiam
1265 2965 1491 3021 fratrem
1562 2984 1719 3023 suum

179 3048 386 3116 Petrum,
425 3064 484 3106 ut
519 3054 735 3123 singula
778 3066 1023 3110 narraret
1052 3055 1359 3125 Eustathio,
1387 3060 1546 3128 eique
1578 3062 1719 3114 scri-

178 3140 268 3209 psit
315 3142 578 3212 insignem
650 3143 901 3198 omnibus
952 3145 1237 3200 charitatis
1309 3146 1450 3202 notis
1514 3149 1720 3217 episto-

180 3228 309 3295 lam,
342 3247 538 3302 rogaus
598 3242 652 3286 ut
708 3249 805 3303 pro
845 3249 942 3287 sua
983 3234 1272 3303 prudentia
1323 3237 1523 3306 cogitet
1579 3253 1714 3306 quo-

192 3322 330 3375 modo
372 3324 615 3379 curanda
688 3327 798 3379 sint
855 3341 973 3394 qua:
1024 3328 1267 3396 discipuli
1319 3340 1716 3397 peccaverant,

177 3422 230 3466 ac
276 3414 537 3470 charitate
594 3431 692 3470 sua
753 3426 1016 3485 astringat
1078 3421 1259 3486 potius
1320 3434 1441 3487 qua:
1504 3421 1716 3491 disjun-

178 3512 247 3557 ω
281 3515 399 3560 sunt
430 3548 447 3575 ,
496 3522 666 3578 quam
722 3523 845 3563 cum
900 3510 1003 3564 illis
1057 3511 1126 3565 ad
1173 3510 1452 3567 dissidium
1505 3511 1719 3568 incum-

175 3592 228 3647 ba
236 3604 267 3651 ι.

234 3686 505 3746 Existimat
531 3691 913 3749 Tillemontius
936 3696 1069 3752 duos
1094 3696 1212 3754 illos
1238 3709 1476 3769 ascetas,
1524 3702 1717 3757 saltem

174 3790 275 3833 eum
303 3785 387 3850 qui
422 3782 663 3841 Basilius
690 3789 1004 3851 vocabatur,
1037 3801 1192 3859 turpe
1235 3792 1438 3859 aliquid
1468 3804 1523 3847 et
1561 3794 1717 3864 igno-

176 3871 432 3928 miniosum
469 3878 837 3945 commisisse,
880 3890 1165 3950 antequam
1199 3882 1382 3937 Basilii
1410 3886 1570 3939 domo
1623 3901 1721 3939 au-

174 3960 408 4032 fugerent.
439 3966 512 4023 At
550 3982 891 4039 nequaquam
918 3972 969 4025 id
996 3972 1265 4042 colligitur
1295 3990 1361 4029 ex
1393 3975 1566 4030 sancti
1616 3976 1722 4030 Ba-

173 4049 256 4103 silii
278 4056 508 4121 querelis
538 4098 555 4123 ,
594 4059 687 4127 qui
716 4059 824 4113 duo
857 4070 1065 4115 tantum
1092 4064 1171 4117 cis
1196 4064 1508 4133 exprobrat,
1536 4064 1720 4137 fugam

173 4142 477 4217 illiberalem,
517 4166 589 4205 ex
641 4167 744 4221 qua
794 4155 1008 4222 patebat
1041 4170 1136 4210 eos
1162 4158 1419 4212 hactenus
1449 4158 1592 4211 vultu
1625 4160 1708 4211 lii-

172 4233 257 4289 lari
293 4255 349 4291 ac
372 4242 647 4296 simulatis
686 4243 978 4298 dilectionis
1028 4250 1351 4303 sermonibus
1400 4249 1717 4302 immensam

171 4331 420 4392 quamdam
449 4334 563 4386 doli
584 4342 634 4386 et
651 4335 953 4388 acerbitatis
994 4341 1287 4407 voraginem
1327 4341 1502 4393 animo
1539 4340 1719 4393 occul-

172 4427 304 4482 taste,
326 4430 379 4473 et
418 4423 787 4477 contumelias
836 4425 938 4478 sibi
973 4425 1145 4480 factas
1169 4442 1198 4480 a
1230 4428 1451 4494 Basilio,
1488 4430 1716 4486 crimina

1818 570 2003 624 fuisse.
2039 571 2217 636 Quare
2265 569 2535 625 immerito
2585 569 2959 625 Tillemontius
2989 571 3098 625 hrec
3135 569 3381 623 evenisse

1819 674 1971 730 putat
2014 664 2167 716 initio
2206 664 2333 715 anni
2366 662 2501 727 572,
2546 672 2673 717 ante
2697 671 2969 715 strenuam
3007 664 3150 717 illam
3186 662 3377 717 Eusta-

1820 756 1916 809 thii
1937 770 2108 809 causa:
2131 753 2515 818 defensionem,
2552 771 2707 822 quam
2734 755 2962 810 Basilius
2983 770 3160 807 coram
3193 756 3249 809 S.
3270 754 3381 809 Me—

1819 848 1948 903 lctio
1997 858 2050 900 et
2104 847 2333 901 Diodoro
2395 848 2710 917 presbytero
2750 850 3006 903 adversus
3048 848 3378 903 Theodotum

1818 942 2092 1010 Suscepit;
2120 956 2242 994 cum
2278 941 2480 993 diceret
2528 940 2598 1009 (c)
2630 957 2933 1007 persuasum
2971 940 3069 993 sibi
3108 956 3217 994 esse
3253 957 3376 993 con-

1811 1037 2074 1109 jecturam
2103 1033 2317 1101 facienti
2353 1048 2417 1085 ea:
2461 1033 2657 1101 reliqua
2705 1035 2799 1086 viri
2836 1034 3129 1090 constantia
3158 1076 3172 1099 ,
3208 1036 3381 1103 ipsum

1818 1133 1961 1182 haud
1999 1128 2071 1180 ita
2103 1127 2283 1180 leviter
2309 1129 2360 1179 in
2390 1128 2655 1179 contraria
2680 1128 3026 1195 circumferri,
3058 1144 3219 1197 neque
3247 1144 3382 1179 nunc

1817 1220 2025 1286 quidem
2067 1218 2328 1286 conﬁteri,
2359 1233 2493 1270 nunc
2524 1232 2640 1268 vero
2683 1232 2868 1284 negare
2894 1233 3008 1283 qua:
3045 1219 3266 1281 dixerit;
3293 1217 3386 1268 lto-

1820 1312 2009 1363 minem
2044 1312 2377 1365 mendacium
2427 1312 2478 1362 in
2523 1308 2674 1361 rebus
2723 1309 2985 1372 minimis,
3038 1322 3087 1360 ut
3136 1311 3385 1364 horribile

1818 1400 2063 1465 quiddam
2089 1441 2102 1459 ,
2153 1410 2474 1454 arersanlem
2510 1418 2529 1465 ;
2579 1402 2767 1451 nedum
2807 1401 2857 1452 in
2914 1401 3060 1452 rebus
3102 1403 3232 1451 tanti
3274 1419 3385 1456 ino-

1819 1489 1977 1541 menti
2010 1506 2069 1540 ac
2097 1492 2168 1542 ita
2189 1493 2417 1545 omnium
2448 1493 2591 1561 fama
2624 1490 2895 1545 celebratis
2924 1492 3131 1544 veritati
3156 1508 3381 1561 unquam

1821 1582 2087 1634 adversari
2118 1583 2258 1635 velit.

2365 1696 2589 1751 CAPUT
2639 1699 2827 1753 XXVI.

1753 1830 1796 1885 Β
1823 1806 1860 1859 1.
1891 1808 2261 1885 Sanctissimus
2300 1813 2566 1885 presbyter
2603 1811 2844 1885 Ca'strrea
2889 1816 3103 1869 transit.
3137 1814 3238 1867 Per
3268 1833 3384 1869 eum

1895 1881 2000 1961 agit
2043 1878 2280 1961 Basilius
2315 1886 2379 1933 de
2414 1878 2667 1961 legatione
2727 1882 2941 1961 flantum
2980 1889 3251 1939 mittenda.
3317 1886 3380 1939 ll.

1894 1946 2126 2001 Faustus
2168 1946 2563 2002 ordinatnr'ab
2612 1952 2857 2004 Anthimo
2906 1966 3087 2009 contra
3134 1973 3379 2010 canones.

1894 2018 1976 2071 ΙΙΙ.
2006 2019 2204 2071 Basilio
2234 2023 2473 2090 exsilium
2501 2022 2752 2074 inuninct.
2798 2022 2927 2090 Ejus
2950 2027 3130 2080 littera?
3169 2029 3237 2078 ad
3276 2026 3383 2080 Ur-

1896 2090 2085 2141 bicium
2134 2101 2181 2143 et
2228 2089 2575 2144 Theodorum.
2630 2089 2714 2145 ιν.
2752 2089 2865 2144 lter
2896 2093 3084 2147 Basilii
3115 2099 3166 2147 in
3198 2098 3381 2150 Arme-

1895 2160 2054 2232 niam.
2109 2160 2171 2211 V.
2224 2162 2470 2232 Atarbius
2527 2162 2800 2214 calumniis
2850 2166 3042 2232 appetit
3101 2165 3379 2220 Basiliam.

1894 2226 2013 2290 Ipse
2049 2232 2259 2283 hmresis
2292 2230 2606 2285 Sabellianm
2638 2226 2936 2285 accusatur.
2962 2234 3043 2287 Vl.
3067 2234 3220 2287 Hunc
3246 2236 3385 2288 Neo-

1894 2298 2251 2350 carsariensem
2278 2303 2567 2367 episcopum
2609 2303 2770 2371 fuisse
2805 2304 3095 2358 ostenditur

1892 2405 1933 2460 Ι.
1971 2408 2128 2463 Anno
2159 2408 2282 2471 575,
2322 2424 2442 2463 cum
2474 2413 2761 2465 vehemens
2803 2430 2866 2467 ac
2902 2416 3054 2483 longa
3086 2417 3257 2471 hiems
3283 2418 3381 2471 ad-

1823 2501 1928 2556 huc
1982 2502 2243 2567 saeviret,
2301 2501 2685 2560 Sanctissimus
2740 2505 2989 2559 Ecclesiae
3039 2508 3384 2563 Antiochelm:

1822 2593 2101 2661 presbyter
2147 2593 2373 2647 contulit
2426 2609 2483 2649 se
2527 2596 2590 2648 ad
2646 2596 2706 2649 S.
2736 2595 3002 2650 Meletium
3040 2596 3092 2651 iu
3125 2597 3377 2654 Armenia

1823 2682 2184 2741 exsulantem.
2216 2683 2464 2737 Czesarea
2508 2684 2583 2755 (d)
2618 2687 2884 2739 transiens
2926 2703 3045 2741 cum
3090 2689 3286 2748 Basilio
3313 2692 3379 2745 de

1826 2772 1986 2826 rebus
2016 2772 2251 2830 Orientis
2276 2791 2337 2830 ac
2372 2776 2437 2829 de
2468 2777 2816 2846 pacificandis
2856 2779 3108 2834 Ecclesiis
3138 2798 3382 2836 commu-

1824 2866 2045 2919 nicavit.
2076 2866 2267 2921 Allatm
2290 2870 2454 2922 etiam
2487 2869 2691 2924 Basilio
2721 2872 2937 2926 fuerunt
2976 2883 3096 2928 ante
3124 2874 3263 2929 illius
3287 2878 3386 2931 ad-

1826 2965 2038 3010 ventum
2064 2999 2078 3023 ,
2122 2959 2205 3013 vel
2262 2959 2402 3012 forte
2434 2961 2598 3013 etiam
2636 2977 2733 3029 per
2768 2964 2939 3031 ipsum
2972 2964 3383 3019 Sanctissimum

1825 3046 2015 3101 littera:
2038 3047 2095 3100 S.
2121 3048 2338 3103 Eusebii
2372 3050 2798 3119 Satnosalensis,
2828 3055 2917 3122 qui
2952 3055 3289 3124 hortabatur,
3324 3068 3381 3113 ut

1826 3138 2016 3191 iterum
2066 3139 2117 3192 in
2150 3138 2499 3196 Occidentem
2547 3144 2610 3197 de
2662 3146 2826 3199 certis
2857 3147 3175 3213 quihusdam
3210 3153 3383 3206 eccle-

1824 3230 2059 3284 siasticis
2082 3230 2243 3285 rebus
2270 3233 2622 3299 scriberetur,
2657 3251 2719 3289 ac
2747 3235 3003 3290 Basiliam
3040 3241 3283 3310 rogabat,
3324 3253 3383 3295 ut

1822 3322 2103 3393 epismlam
2135 3324 2247 3394 ipse
2274 3325 2557 3391 scriberet,
2578 3342 2871 3400 onmesque
2894 3332 3385 3388 communicatores

1822 3413 2240 3466 subscribereut.
2291 3412 2397 3468 Sed
2433 3414 2663 3471 Basilius
2688 3458 2703 3483 ,
2735 3433 2856 3472 cum
2895 3422 3069 3475 minus
3097 3424 3382 3490 reperiret,

1822 3505 2088 3572 quomodo
2123 3506 2207 3560 his
2236 3505 2302 3561 de
2351 3508 2510 3563 rebus
2565 3510 2882 3577 dissereret,
2912 3518 3383 3581 commentarium,

1821 3600 1963 3666 quod
2005 3599 2302 3675 Samosatis
2346 3602 2567 3653 missum
2606 3601 2780 3655 fuerat
2810 3644 2823 3666 ,
2860 3606 3005 3657 misit
3035 3608 3101 3659 ad
3128 3606 3185 3661 S.
3217 3608 3382 3663 Mele-

1825 3693 1981 3753 tium,
2010 3690 2185 3745 oblata
2234 3691 2487 3745 facultate
2524 3692 2858 3749 Sanctissitui
2881 3736 2895 3761 ,
2928 3713 3157 3767 eumque
3206 3710 3376 3771 rogat,

1825 3791 1882 3836 ut
1936 3784 2046 3850 ipse
2077 3784 2159 3837 his
2190 3784 2255 3839 de
2290 3785 2449 3839 rebus
2480 3788 2689 3841 scribat
2715 3829 2729 3853 ,
2760 3805 3036 3843 assensum
3093 3794 3380 3859 pollicetur

1824 3889 1889 3928 ac
1921 3890 2071 3929 suam
2102 3876 2261 3930 etiam
2316 3893 2534 3947 Operam
2561 3920 2576 3945 ,
2611 3891 2665 3934 ut
2706 3883 2967 3951 scriptum
2998 3885 3063 3936 ad
3087 3888 3383 3939 communi-

1824 3977 2039 4022 catores
2068 3968 2316 4023 celeriter
2346 3970 2672 4039 perferatur,
2709 3974 2779 4026 ita
2828 3983 2887 4025 ut
2930 3975 2974 4028 is
3005 3975 3093 4044 qui
3127 3976 3177 4029 in
3224 3978 3385 4032 Occi-

1825 4061 2035 4112 dentem
2070 4061 2241 4115 iturus
2265 4072 2349 4116 est
2376 4104 2391 4131 ,
2437 4079 2557 4117 cum
2603 4065 2843 4117 omnium
2896 4068 3384 4138 subscriptionihus

1823 4150 2092 4216 proficisci
2120 4152 2306 4218 possit.

1896 4237 2178 4307 Presbyter
2206 4240 2292 4295 ille
2315 4238 2704 4297 Sanctissimus
2766 4246 2903 4299 idem
2963 4248 3198 4301 studium
3241 4266 3384 4305 anno

1824 4329 1928 4382 575
1960 4341 2020 4383 et
2062 4330 2192 4394 576,
2219 4333 2269 4383 in
2305 4330 2614 4401 colligendis
2636 4338 3004 4405 episcoporum
3032 4343 3380 4413 subseriptio-

1826 4420 1981 4475 nibus
1999 4424 2263 4488 adhibuit,
2278 4424 2368 4477 sed
2389 4424 2620 4480 feliciorc
2634 4444 2907 4483 successu.
2927 4431 3013 4485 Bis
3032 4435 3168 4487 cniut
3188 4437 3382 4489 missus

174 4526 197 4564 a
221 4512 510 4585 Sophronia
540 4501 743 4570 amota,
775 4515 998 4571 Occulta
1046 4532 1176 4588 ergo
1196 4528 1312 4573 erat
1341 4520 1554 4575 illorum
1590 4534 1718 4579 ante
1751 4530 1796 4584 ι)
1828 4525 1910 4569 est
1949 4517 1999 4569 in
2029 4514 2374 4571 Occidentem
2407 4534 2526 4571 cum
2560 4519 2914 4574 Orientalium
2945 4524 3159 4591 litteris,
3189 4542 3384 4597 nempe

172 4603 461 4662 illiberalem
487 4607 679 4678 fugam
706 4609 1044 4679 improbitas.

228 4698 331 4754 Non
353 4702 595 4757 dissiluit
636 4700 739 4756 hoc
766 4713 958 4757 eventu
988 4703 1247 4758 Basilium
1279 4705 1420 4759 inter
1446 4714 1500 4759 et
1524 4705 1725 4760 Eusta-

171 4789 316 4845 thium
340 4795 612 4859 amicitia,
644 4795 739 4849 sed
781 4804 954 4850 tamen
986 4796 1318 4865 aliquantum
1351 4798 1605 4865 refrixit;
1643 4799 1723 4851 id-

170 4898 255 4951 que
275 4888 523 4959 colligere
551 4899 642 4945 est
674 4903 741 4942 ex
768 4890 989 4957 epistola
1016 4890 1144 4957 223,
1177 4891 1264 4945 ubi
1291 4891 1541 4956 Basilius,
1574 4901 1723 4961 post-

169 4990 305 5041 quam
331 4992 615 5050 acceptum
654 4995 721 5035 ex
770 4980 1160 5049 Speculatorum
1195 4982 1415 5051 perfidia
1475 4984 1715 5037 dolorem

168 5070 434 5134 enarravit,
465 5072 586 5124 haec
632 5070 781 5124 addit
815 5088 831 5123 :
866 5069 970 5124 Sed
1003 5082 1172 5125 tamen
1213 5072 1480 5126 videbatur
1503 5075 1710 5127 interim

169 5159 321 5229 aliqua
351 5165 499 5218 nobis
549 5164 727 5217 inesse
772 5164 964 5232 species
999 5166 1391 5219 consuetudinis
1417 5181 1535 5218 cum
1575 5166 1704 5230 illis,

169 5262 296 5321 atque
317 5256 475 5309 etiam
506 5254 895 5322 disputationes
912 5254 1106 5309 habita:
1129 5255 1262 5308 inter
1290 5273 1379 5309 nos
1402 5257 1465 5311 de
1489 5258 1715 5327 dogma-

169 5343 284 5398 tibus
318 5346 491 5400 semel.
514 5356 564 5400 et
596 5348 820 5409 iterum,
867 5362 927 5400 ac
954 5348 1051 5401 visi
1088 5362 1267 5400 sumus
1299 5348 1434 5401 inter
1467 5366 1558 5403 nos
1606 5367 1711 5403 non

166 5452 406 5507 pugnare,
440 5442 535 5496 sed
577 5440 892 5495 consentire.
943 5439 1037 5495 llis
1080 5455 1209 5495 sane
1243 5456 1309 5496 ex
1362 5442 1539 5496 verbis
1568 5449 1715 5512 patet

170 5524 394 5586 Basiliam
425 5541 552 5604 post
604 5542 864 5603 acceptas
894 5548 924 5587 a
953 5533 1231 5604 discipulis
1276 5532 1544 5590 Eustathii
1602 5543 1712 5589 tam

227 5684 293 5755 (α)
314 5688 408 5755 Ep.
433 5689 563 5745 223.

249 5759 295 5825 ὁ)
317 5759 447 5814 Ibid.

244 5828 286 5890 ι)
310 5829 402 5893 Et).
426 5830 518 5896 99.
562 5847 623 5887 η.
652 5829 729 5891 ὅ..

1824 4609 1981 4662 annis
2008 4608 2111 4663 576
2142 4619 2193 4663 et
2222 4610 2345 4664 577.
2400 4612 2551 4667 llunc
2602 4613 2978 4670 Tillemontius
3026 4616 3089 4687 (e)
3134 4618 3202 4672 ob
3239 4618 3385 4673 Lati-

1827 4715 1954 4753 num
1984 4715 2173 4761 nomen
2207 4701 2519 4758 Occidentis
2550 4706 2729 4773 potius
2755 4745 2771 4769 ,
2804 4722 2962 4775 quam
2995 4707 3236 4763 Orientis
3264 4726 3385 4778 pre-

1825 4792 2100 4862 sbyterum
2152 4793 2318 4849 fuisse
2377 4798 2686 4866 suspicatur
2741 4817 2754 4852 :
2810 4801 3034 4869 ejusque
3094 4802 3380 4856 adventum

1827 4884 2151 4953 litterarum,
2191 4903 2328 4956 quas
2356 4904 2497 4941 anno
2526 4889 2629 4942 572
2696 4893 2925 4947 Sabinus
2954 4909 3021 4948 ex
3049 4892 3264 4949 Oriente
3300 4910 3383 4949 re-

1822 4970 2040 5041 tulerat,
2073 4978 2306 5032 fructum
2351 4981 2519 5033 videri
2556 4995 2730 5049 posse.
2776 4984 2847 5037 De
2898 4984 3039 5038 illius
3069 4994 3244 5039 autem
3272 4988 3386 5040 col-

1825 5070 2161 5139 ligendarum
2194 5070 2651 5140 subscriptionum
2689 5076 2866 5129 studio
2914 5074 3120 5129 dubitat
3154 5118 3168 5141 ,
3206 5088 3384 5129 utrum

1824 5162 1876 5217 id
1909 5178 2003 5216 sua
2034 5173 2225 5233 sponte
2281 5164 2493 5227 fecerit,
2531 5181 2597 5217 an
2636 5167 2871 5235 acceptis
2922 5182 2950 5221 a
3000 5166 3235 5221 Romano
3269 5170 3383 5234 cp?—

1822 5269 1987 5323 scopo
2037 5256 2323 5311 mandatis.
2369 5258 2473 5312 Sed
2524 5259 2907 5327 improbabiles
2935 5274 3150 5329 prorsus
3183 5259 3386 5311 doctise

1826 5348 1944 5402 simi
1979 5350 2076 5402 viri
2103 5350 2447 5416 conjecturas.
2473 5350 2591 5405 Non
2628 5352 2766 5405 enim
2795 5351 2970 5406 Roma
3001 5362 3221 5407 venerat
3249 5350 3383 5404 San-

1820 5441 2128 5501 ctissimus.
2159 5443 2248 5496 sed
2286 5442 2577 5499 Antiochia
2610 5483 2623 5506 ,
2655 5445 2825 5513 eique.
2851 5443 3179 5497 narrandum
3222 5441 3382 5495 relin-

1821 5532 1937 5601 quit
1985 5530 2215 5588 Basilius
2266 5535 2391 5603 quid
2425 5535 2722 5590 Antiochia:
2774 5547 3071 5607 gereretur.
3106 5535 3226 5606 Ejus
3285 5534 3382 5588 vi.e

1916 5693 1972 5765 d)
2002 5694 2097 5765 5p.
2131 5694 2249 5749 tso.

1916 5694 1972 5765 d)
2003 5694 2097 5765 Ep.
2131 5694 2249 5749 190.

1892 5694 1959 5835 ie)
1990 5763 2143 5822 Tom.
2171 5765 2261 5831 IX,
2289 5779 2343 5836 p.
2372 5764 2495 5821 219.
