4074 6312
674 362 762 402 (ιν
2017 346 2241 404 PROLE

2347 346 2550 404 “ENA.

677 471 800 524 finis
828 479 944 524 erat
987 467 1253 524 Armenia:
1303 466 1475 529 locus,
1514 466 1601 521 ubi
1633 469 1915 523 exsulabat
1957 467 2201 524 Mclclius
2229 512 2243 536 ,
2276 474 2320 530 Α
2360 468 2492 521 inita
2522 470 2588 523 de
2615 485 2672 526 se
2701 469 2995 526 Antiochia:
3023 468 3242 525 consilia
3283 472 3432 528 brevi
3464 474 3528 526 ad
3558 472 3764 526 exitum
3795 491 3915 544 per-

676 576 735 619 ut
762 572 907 634 patet
936 579 999 617 ex
1038 564 1121 615 his
1146 562 1324 615 verbis
1348 560 1591 628 epistola:
1625 562 1690 613 ad
1724 562 2064 615 Theodotum
2121 562 2195 631 (lt)
2230 582 2241 617 :

678 656 1165 711 Desidﬁatt’ssimus
1235 655 1401 721 [raler
1454 661 1631 705 uoster
1674 652 2054 707 Sanctissimae
2100 671 2243 706 com-

676 754 947 825 presbyter
978 755 1044 807 ad
1079 768 1171 805 vos
1214 766 1373 818 usque
1418 751 1517 801 iter
1538 751 1783 816 suscepit.
1817 746 1953 801 Hinc
1982 752 2069 801 diu
2109 750 2243 817 apud

676 844 950 901 Meletium
1004 843 1221 899 mansit.
1258 842 1385 895 Erat
1430 856 1560 909 ergo
1600 840 1859 895 Ecclesia:
1898 841 2245 895 Αηιίοιτιιθιιιο

678 940 957 1008 presbyter
984 975 1002 999 ,
1035 944 1126 987 aut
1152 942 1299 986 certe
1352 930 1603 985 Ecclesia:
1645 929 1958 993 Orientalis,
1986 947 2105 997 qua:
2163 930 2244 981 his

678 1031 825 1084 illum
868 1029 918 1081 in
952 1025 1298 1081 Occidentem
1352 1022 1518 1078 misit.
1571 1022 1756 1090 Neque
1788 1022 1918 1077 huic
1959 1020 2243 1075 sententiae

676 1122 855 1178 obstat
890 1134 1083 1173 nomen
1120 1117 1367 1171 Latinum
1404 1115 1767 1172 Sattrtissiini.
1805 1114 1937 1169 Nam
1968 1115 2241 1167 interdum

675 1212 934 1281 ejusmodi
999 1211 1215 1263 nomina
1272 1209 1513 1263 ferebant
1561 1204 1908 1270 Orientales,
1960 1204 2105 1259 velut
2156 1205 2243 1258 ille

679 1304 945 1358 Sacerdos
976 1302 1229 1357 Ecclesia:
1265 1297 1616 1356 Caesariensis
1658 1297 1964 1366 presbyter,
2022 1297 2087 1350 de
2137 1311 2243 1363 quo

672 1394 963 1466 Gregorius
1022 1393 1394 1447 Nazianzenus
1448 1388 1499 1441 in
1551 1386 1791 1456 pluribus
1842 1386 2085 1455 epistolis
2117 1427 2130 1450 ,
2191 1394 2244 1438 et

673 1486 1017 1543 Innocentius
1069 1486 1352 1553 episcopus
1398 1479 1463 1533 ad
1526 1494 1686 1549 quem
1733 1478 1851 1533 dua:
1905 1478 2088 1534 Basilii
2124 1478 2241 1546 epi-

675 1581 842 1637 stolae.

745 1673 806 1725 II.
845 1671 1042 1723 Eadem
1068 1670 1131 1723 de
1160 1683 1217 1722 re
1256 1667 1413 1720 aliam
1442 1665 1625 1720 Basilii
1657 1664 1939 1733 epistolam
1965 1662 2029 1715 ad
2059 1661 2236 1715 Theo-

673 1764 856 1819 dotum
914 1760 1337 1830 Neapolitanum
1394 1758 1464 1827 (b)
1527 1758 1743 1826 pertulit
1792 1755 2181 1811 Sanctissimus
2227 1773 2239 1809 :

674 1858 767 1911 sed
797 1857 849 1908 in
878 1855 1139 1907 ambabus
1167 1854 1231 1905 ad
1258 1854 1315 1907 S.
1352 1850 1619 1905 Meletium
1664 1862 1718 1904 et
1756 1848 2093 1904 Theodotum
2128 1848 2242 1914 epi-

673 1948 826 2003 stolis
877 1944 1018 1999 aliud
1066 1945 1241 2013 agitur
1278 1943 1549 2013 negotium
1602 1956 1704 1996 non
1759 1938 1910 2009 parvi
1959 1940 2237 1993 momenti.

672 2040 866 2094 Pacem
898 2041 1039 2090 auuo’
1062 2035 1167 2089 372
1201 2043 1575 2100 co;nposuerat
1638 2030 1870 2083 Basilius
1917 2029 2055 2082 inter
2085 2030 2244 2083 Sata—

673 2132 874 2185 lensem
902 2127 1154 2197 populum
1186 2139 1237 2180 et
1264 2124 1573 2193 episcopum
1606 2120 1887 2191 Cyrillum.
1925 2117 2031 2173 Sed
2054 2128 2239 2189 postea

674 2222 953 2278 recruduit
986 2220 1198 2281 vulnus,
1230 2227 1282 2271 et
1321 2216 1551 2270 Faustus
1580 2214 1824 2282 quidam,
1856 2213 1947 2280 qui
1982 2222 2238 2266 eratcum

673 2330 834 2385 papa,
864 2314 914 2367 id
948 2322 1052 2375 est,
1079 2309 1131 2364 in
1173 2310 1332 2365 domo
1362 2307 1504 2362 illius
1532 2307 1630 2361 viri
1679 2306 1760 2361 vel
1804 2305 2051 2359 amicitia:
2079 2316 2241 2356 causa

674 2408 757 2463 vel
782 2407 847 2461 ad
879 2403 1240 2460 ministerium
1265 2400 1478 2472 aliquod
1504 2415 1609 2454 non
1638 2397 1868 2469 ignobile
1902 2395 2239 2457 versabatur,

675 2501 854 2555 attulit
886 2500 950 2553 ad
986 2496 1236 2550 Basilium
1271 2495 1476 2547 litteras
1503 2495 1569 2547 ab
1594 2494 1695 2547 hoc
1722 2506 1887 2561 papa,
1921 2487 2118 2556 quibus
2152 2502 2241 2541 ro-

673 2594 899 2663 gabatur
935 2590 1181 2651 Basilius,
1217 2599 1264 2646 ,ιι
1301 2585 1561 2640 Faustum
1592 2585 1866 2639 ordinaret
1893 2582 2231 2649 episcopum.

673 2682 898 2753 Negavit
938 2679 1169 2734 Basilius
1197 2694 1254 2733 se
1303 2678 1595 2748 quidquam
1652 2673 1915 2743 ejusmodi
1964 2670 2235 2727 facturum

675 2777 794 2832 sine
819 2774 1123 2829 testimonio
1150 2770 1412 2825 Theodoti
1457 2777 1511 2820 et
1556 2766 1780 2819 aliorum
1817 2766 2084 2819 Armenia:
2130 2765 2239 2832 epi-

674 2882 980 2935 scoporutn.
1015 2863 1149 2917 Tum
1182 2862 1413 2915 Faustus
1431 2858 1495 2911 ad
1520 2858 1833 2911 Authituum
1867 2855 2237 2924 ’l'hyauensem

674 2975 734 3015 se
758 2957 1005 3020 contulit,
1034 2955 1150 3023 qui,
1171 2950 1418 3021 quamvis
1447 2965 1633 3020 pacem
1659 2964 1779 3003 cum
1804 2947 2005 3002 Basilio
2043 2947 2239 3002 dudum

676 3050 918 3115 fecisset,
960 3057 1134 3101 tamen
1178 3044 1414 3098 oblatam
1443 3042 1727 3109 potestatis
1757 3055 1869 3095 sua:
1925 3039 2240 3094 exercenda!

673 3152 729 3197 et
760 3138 1019 3196 molestia:
1059 3136 1257 3191 Basilio
1290 3135 1607 3189 exhibenda:
1654 3133 1997 3188 occasionem
2035 3146 2136 3185 non
2165 3130 2243 3184 di-

678 3228 845 3293 misit,
875 3242 940 3282 ac
990 3226 1248 3281 Faustum
1281 3222 1556 3278 ordinavit
1602 3223 1916 3291 episcopum
1962 3221 2013 3274 in
2067 3221 2241 3274 locum

677 3320 866 3391 (iyrilli
894 3358 908 3381 ,
940 3333 1045 3372 non
1076 3327 1388 3381 exspectato
1431 3316 1803 3380 episcoporum
1831 3310 2101 3363 Armenia:
2130 3308 2244 3361 suf-

676 3410 849 3479 fragio
877 3449 892 3475 ,
924 3418 977 3462 et
1024 3405 1209 3461 Basilii
1264 3404 1314 3457 in
1369 3402 1669 3455 cauonibus
1697 3398 2054 3455 observandis
2085 3398 2240 3451 irrisa

676 3498 975 3573 diligentia.
1022 3497 1253 3552 Bedieus
1283 3494 1513 3549 Faustus
1553 3493 1746 3548 iterum
1780 3492 2026 3546 Cmsarea
2070 3498 2243 3543 trans-

679 3592 763 3657 iit,
793 3589 887 3645 sed
921 3603 1043 3643 eum
1098 3585 1326 3641 Basilius
1365 3584 1429 3637 ad
1460 3581 1892 3639 communionem
1925 3593 2031 3634 non
2072 3579 2240 3633 admi-

682 3681 795 3744 sit,
844 3679 1002 3748 eique
1032 3678 1368 3732 denuntiavit
1399 3690 1457 3730 se
1485 3690 1606 3730 cum
1640 3688 1725 3738 eo,
1759 3672 1860 3727 nisi
1889 3672 2101 3727 litteras
2139 3670 2240 3725 Ar-

682 3770 886 3830 nenia;
899 3770 1275 3840 episcoporum
1305 3768 1495 3822 afferat
1520 3808 1535 3835 ,
1570 3766 1841 3835 nunquam
1870 3765 2241 3819 communica-

682 3873 861 3918 turum
886 3901 904 3929 ,
940 3875 1004 3915 ac
1041 3874 1166 3914 suos
1198 3860 1481 3914 unanimes
1520 3861 1572 3912 in
1624 3858 1867 3913 eamdem
1920 3856 2242 3912 sententiam

678 3954 1057 4009 adducturum.
1110 3947 1185 4004 Ne
1239 3949 1290 4003 id
1322 3950 1539 4018 quidem
1571 3947 1774 4002 Fausto
1821 3948 2047 4017 ejusque
2081 3947 2243 4001 sociis

678 4042 903 4099 honoris
938 4038 1397 4109 habuitﬁasilius,
1424 4046 1481 4091 ut
1508 4038 1586 4091 eis
1618 4035 1849 4105 aliquam
1876 4037 1941 4088 ad
1975 4036 2244 4088 Armenia:

676 4135 960 4204 episcopos
999 4128 1278 4199 epistolam
1340 4128 1705 4182 committeret
1748 4142 1764 4179 :
1802 4125 1896 4179 sed
1956 4136 2240 4195 postquam

679 4225 881 4289 abiere,
913 4220 1185 4277 Meletium
1226 4228 1280 4273 et
1304 4217 1641 4273 Theodotum
1676 4216 1841 4271 totius
1873 4214 1951 4270 rei
1981 4216 2243 4270 certiores

678 4314 809 4379 fecit
841 4328 938 4383 per
963 4312 1400 4368 Sanctissimum.
1432 4308 1670 4364 Primum
1700 4316 1873 4378 rogat,
1913 4317 1969 4362 ut
1996 4308 2086 4362 det
2116 4322 2243 4378 ope-

674 4421 793 4462 ram
822 4422 890 4461 ne
919 4406 1198 4461 mendacia
1242 4405 1309 4461 ab
1350 4403 1609 4473 ejusmodi
1638 4402 1946 4457 hominibus
1980 4416 2243 4471 spargan-

2355 561 2569 615 duclnm
2607 563 2692 615 iri.
2721 563 2850 615 Rem
2885 564 3069 630 paucis
3105 562 3308 617 indicat
3353 566 3403 618 in
3452 565 3674 634 epistola
3703 564 3771 618 ad
3816 566 3914 623 Me-

2347 653 2529 705 letiuut
2568 653 2649 723 (Δ)
2694 673 2705 708 :
2748 668 2967 707 necesse
3020 670 3122 708 non
3154 654 3469 710 existimans
3501 658 3746 725 pluribus
3773 658 3913 711 edis-

2350 760 2552 807 serere,
2587 749 2729 814 quod
2763 745 3156 801 Sancti.<siuitts
3200 747 3481 801 Antiochia
3512 763 3705 807 recens
3734 747 3915 819 profe-

2346 846 2467 889 ctus
2495 851 2717 890 narrare
2744 846 2972 907 poterat,
2999 852 3061 889 ac
3096 838 3234 893 forte
3259 843 3369 907 ipsa
3401 839 3563 892 etiam
3596 842 3740 895 fama
3774 855 3909 893 nun-

2348 928 2600 981 tiaverat.
2654 928 2733 981 Ad
2769 930 2905 982 hanc.
2945 927 3119 981 exsilii
3155 932 3615 997 exspectationem
3678 934 3913 1002 pertinet

2345 1014 2569 1082 epistola
2607 1019 2669 1068 ad
2716 1016 2991 1071 Urbicium
3039 1020 3359 1074 tuenachum
3395 1018 3485 1091 (c),
3516 1034 3675 1088 quem
3731 1028 3797 1077 ad
3856 1038 3912 1077 se

2345 1118 2630 1161 venturum
2666 1107 2893 1163 Basilius
2950 1124 3300 1180 speraverat,
3363 1115 3455 1167 sed
3507 1116 3748 1183 peccatis
3801 1117 3913 1172 suis

2345 1198 2622 1268 assignat,
2658 1202 2801 1269 quod
2834 1202 2936 1256 hoc
2964 1202 3225 1256 malorum
3271 1218 3491 1261 suorum
3540 1207 3738 1277 partim
3773 1225 3913 1276 pra:-

2345 1284 2830 1361 sentium,’partiut
2866 1296 3291 1366 impendentium
3318 1299 3555 1355 solamen
3584 1315 3686 1355 non
3714 1301 3919 1358 habue-

2346 1381 2437 1437 rit.
2475 1381 2585 1435 llac
2630 1384 2898 1450 prateipua
2928 1387 3096 1439 utitur
3119 1395 3198 1440 tot
3224 1401 3585 1443 aerumnarum
3616 1389 3906 1453 levatioue,

2346 1483 2403 1525 ut
2433 1473 2661 1542 tempori
2696 1475 2875 1535 cedat,
2907 1492 3075 1543 seque
3130 1478 3564 1544 persecutoribus
3608 1482 3912 1545 subducat;

2346 1564 2439 1618 sed
2472 1575 2651 1617 tamen
2691 1577 2843 1631 urget
2877 1565 3150 1621 Urbicium
3198 1580 3249 1621 ut
3289 1570 3503 1623 tandem
3545 1572 3610 1623 ad
3642 1587 3701 1626 se
3734 1574 3917 1627 veniat

2348 1655 2429 1709 vel
2462 1656 2860 1719 conSolaturus,
2896 1660 2973 1710 vel
3012 1659 3294 1714 consilium
3323 1662 3566 1726 daturus,
3590 1663 3672 1715 vel
3706 1666 3919 1730 prolici-

2346 1758 2585 1803 scentem
2616 1750 2968 1804 deducturus.
3010 1749 3101 1804 llis
3154 1754 3435 1820 postremis
3479 1754 3657 1808 verbis
3717 1756 3920 1809 indicat

2353 1838 2640 1891 imminens
2667 1841 2911 1893 exsilium
2934 1878 2950 1904 ,
2976 1856 3039 1895 ac
3061 1856 3326 1897 summam
3351 1843 3417 1897 ab
3452 1845 3640 1897 amicis
3669 1845 3919 1899 solitudi-

2351 1945 2492 1983 nem.
2520 1929 2720 1983 Revera
2754 1930 2820 1982 ab
2844 1933 2960 1999 ejus
2986 1931 3142 1987 dmuo
3168 1950 3271 1989 non
3331 1937 3401 1989 ita
3454 1936 3659 2005 pridem
3693 1936 3921 2006 aufuge-

2352 2031 2474 2074 rant
2508 2022 2773 2076 Eustatbii
2802 2025 3072 2091 discipuli,
3110 2042 3244 2094 quos
3285 2029 3503 2096 pietatis
3535 2031 3714 2098 specie
3761 2030 3921 2085 dece-

2350 2124 2472 2182 ptus
2498 2116 2621 2167 vitae
2652 2130 2759 2168 suae
2788 2115 3041 2169 solatium
3079 2131 3142 2170 ac
3178 2120 3484 2185 prazsidiuin
3512 2136 3634 2175 esse
3654 2122 3915 2176 ducebat.

2354 2205 2506 2261 Unde
2560 2208 2623 2260 ad
2674 2208 2773 2261 hoc
2807 2218 3015 2277 tempus
3062 2206 3401 2262 referendam
3452 2213 3762 2265 censuimus
3800 2213 3918 2278 epi-

2350 2298 2545 2353 stolam
2598 2302 2663 2352 ad
2697 2298 3071 2365 Theodorum,
3099 2314 3258 2369 quem
3296 2310 3445 2371 rogat
3481 2301 3713 2357 Basilius
3763 2303 3833 2372 (f)
3864 2313 3919 2355 ιιι

2349 2389 2415 2443 ad
2472 2404 2531 2444 se
2593 2393 2806 2456 veniat,
2858 2406 3023 2461 seque
3052 2393 3217 2448 vitam
3274 2393 3539 2461 ingratam
3586 2397 3805 2449 trahere
3848 2397 3919 2450 si-

2349 2481 2563 2550 gnificat
2591 2521 2606 2547 ,
2659 2496 2723 2537 eo
2760 2486 2901 2551 quod
2944 2486 3011 2540 ab
3044 2485 3232 2539 amicis
3282 2486 3580 2554 disjuuctus
3627 2487 3721 2541 sit.
3751 2487 3915 2543 Vide~

2351 2583 2435 2626 tur
2494 2572 2579 2627 ille
2636 2573 2953 2629 Theodorus
3010 2576 3178 2631 fuisse
3216 2578 3509 2631 monachus
3542 2616 3557 2642 ,
3609 2589 3666 2634 et
3711 2580 3765 2634 in
3828 2597 3920 2635 eo-

2349 2664 2470 2721 dem
2531 2667 2858 2721 mouasterio
2916 2682 3038 2722 cum
3087 2668 3153 2722 iis
3198 2670 3399 2723 vixisse
3428 2710 3443 2735 ,
3490 2685 3625 2739 quos
3684 2672 3917 2728 Basilius

2349 2756 2493 2812 illius
2553 2758 2751 2813 fratres
2813 2758 3087 2827 appellat,
3150 2774 3491 2832 quorumque
3551 2764 3604 2818 itt
3676 2780 3918 2831 conspe-

2347 2859 2436 2903 ctu
2499 2850 2784 2920 imaginem
2841 2852 3010 2920 ipsius
3045 2852 3314 2909 Theodori
3366 2858 3465 2911 sibi
3511 2858 3657 2912 visus
3709 2867 3794 2911 est
3837 2859 3914 2909 iu-

2350 2941 2507 2996 tueri.

2420 3034 2510 3090 1V.
2545 3034 2768 3108 Magnos
2808 3037 3067 3093 tumultus
3098 3040 3148 3092 in
3179 3040 3431 3095 Armenia
3456 3040 3710 3093 excitavit
3731 3039 3917 3095 Fausu

2348 3130 2620 3182 ordinatio
2650 3170 2665 3196 ,
2715 3130 2807 3184 sed
2858 3139 3036 3184 tamen
3091 3132 3304 3185 videtur
3348 3129 3659 3184 Pmmenius
3710 3131 3919 3188 Basilio

2347 3222 2631 3288 scripsisse
2665 3222 2989 3275 laudabilem
3022 3220 3164 3275 illius
3187 3236 3306 3276 esse
3337 3222 3501 3276 vitam
3533 3263 3547 3287 ,
3594 3240 3691 3279 nec
3727 3228 3916 3280 vitium

2343 3308 2705 3363 ordinationis
2732 3310 3054 3366 insanabile.
3082 3311 3244 3367 Forte
3270 3313 3456 3379 etiam,
3507 3325 3564 3370 ut
3587 3330 3708 3371 eum
3748 3332 3910 3388 roga-

2344 3412 2498 3455 verat
2548 3402 2781 3456 Basilius
2808 3445 2823 3467 ,
2859 3402 2993 3459 alios
3030 3406 3302 3462 Armenia:
3332 3409 3609 3478 episcopos
3633 3409 3699 3463 ad
3767 3410 3909 3465 idem

2346 3494 2714 3547 testimonium
2749 3493 2952 3548 Fausto
2984 3495 3326 3552 tribuendum
3351 3500 3592 3554 adduxit.
3631 3500 3779 3554 Unde
3807 3500 3909 3553 Ba-

2344 3585 2498 3638 silius
2545 3586 2647 3639 iter
2681 3584 2735 3637 in
2768 3587 3080 3640 Armeniam
3112 3590 3347 3656 suscepit
3383 3630 3395 3652 ,
3426 3601 3483 3643 ut
3507 3591 3583 3660 (g)
3627 3592 3771 3645 malo
3819 3594 3920 3647 ali-

2342 3678 2468 3745 quid
2498 3675 2718 3731 remedii
2757 3674 2997 3734 afl‘erret.
3024 3677 3323 3732 Plurimum
3353 3680 3428 3750 (li)
3460 3682 3715 3737 moleStia:
3747 3688 3915 3741 susti—

2343 3768 2465 3823 nuit
2520 3767 2760 3837 Nicopoli
2792 3806 2808 3833 ,
2842 3769 2933 3822 sed
2967 3768 3017 3824 ei
3057 3769 3109 3823 in
3160 3771 3244 3825 his
3296 3786 3476 3827 rerum
3511 3772 3920 3833 dilIicultatibus

2344 3860 2585 3915 versanti
2648 3870 3050 3929 peropportune
3090 3866 3404 3932 supervenit
3438 3864 3667 3921 Joviuus
3692 3866 3921 3926 Perrha:

2344 3951 2650 4021 episcopus,
2688 3951 2746 4005 S.
2783 3952 2995 4007 Eusebii
3025 3952 3430 4011 Samosatensis
3467 3958 3787 4028 discipulus,
3819 3964 3918 4033 qui

2343 4044 2603 4099 Basiliam
2630 4045 2833 4099 acriter
2855 4045 3072 4114 quidem
3106 4045 3368 4111 defendit,
3406 4051 3497 4102 sed
3539 4052 3811 4119 praecipue
3846 4056 3918 4107 ad

2348 4150 2614 4190 canonum
2640 4135 3013 4191 defensionem
3056 4136 3315 4189 incubuit.
3340 4137 3567 4193 Basilius
3592 4155 3694 4193 non
3718 4142 3771 4195 id
3796 4144 3925 4210 qui-

2352 4225 2473 4281 dem
2499 4226 2721 4280 omnino
2756 4238 3082 4280 consecutus
3120 4229 3370 4297 estquod
3394 4228 3492 4283 sibi
3522 4245 3919 4299 proposuerat;

2353 4331 2477 4371 nam
2509 4331 2759 4373 reversus
2792 4316 3113 4383 Caesaream,
3147 4316 3231 4371 his
3260 4333 3380 4387 qua:
3410 4322 3749 4392 contigerant
3776 4323 3921 4378 affli-

2349 4419 2493 4465 ctam
2531 4424 2651 4465 esse
2678 4409 2978 4465 Ecclesium
3013 4408 3403 4466 Ctesariensem
3440 4423 3493 4468 et
3540 4416 3925 4472 consolatione

678 4504 786 4563 tur,
819 4509 872 4555 et
895 4498 1161 4568 quamodo
1189 4511 1274 4551 res
1302 4505 1421 4552 acta
1472 4496 1542 4551 sit
1586 4495 1698 4565 ipse
1730 4495 1853 4549 aliis
1880 4495 2109 4550 nuntiet.
2154 4494 2241 4549 Vi-
2272 4532 2317 4589 Ι)
2350 4517 2513 4572 egere
2552 4510 2785 4557 testatur
2812 4502 2865 4557 in
2897 4503 3057 4572 epist.
3086 4501 3208 4570 126⁹
3238 4505 3331 4558 sed
3359 4514 3534 4559 tamen
3566 4507 3781 4560 videtur
3802 4509 3915 4562 ali-

674 4594 833 4648 detur
874 4607 996 4647 cum
1035 4592 1119 4645 his
1167 4590 1375 4645 duabus
1406 4587 1647 4658 epistolis
1687 4586 2075 4644 Sanctissimus
2132 4597 2243 4644 ter-

677 4681 804 4737 tiam
829 4680 928 4752 (c),
955 4696 1074 4751 quat
1096 4688 1189 4735 est
1221 4679 1286 4733 ad
1317 4677 1649 4734 Pmmeuium
1696 4676 2038 4733 Satalensem
2070 4719 2085 4744 ,
2118 4694 2241 4750 per-

678 4774 882 4831 tulisse.
904 4773 1081 4843 Bogat
1116 4773 1261 4826 illum
1287 4770 1539 4835 Basilius,
1571 4780 1629 4823 ut
1658 4772 1723 4823 ad
1752 4784 1812 4825 se
1839 4770 2041 4825 scribat
2064 4779 2241 4825 utrum

681 4881 770 4921 res
804 4867 984 4922 sanari
1016 4879 1186 4919 necne
1213 4863 1384 4934 possit
1416 4879 1431 4915 :
1470 4877 1533 4917 ac
1563 4863 1607 4915 si
1638 4862 1802 4917 vitam
1835 4862 2020 4918 Fausti
2051 4863 2244 4918 lauda-

675 4957 839 5013 bilem
873 4958 1127 5027 reperiat,
1153 4957 1353 5010 tribuat
1403 4953 1453 5007 ei
1495 4953 1861 5009 testimonium
1897 4963 1952 5009 et
1982 4954 2120 5011 alios
2176 4956 2243 5011 ad

678 5048 818 5103 idem
880 5044 1186 5100 faciendum
1241 5046 1503 5099 hortetur.
1558 5043 1711 5109 Quod
1782 5044 1827 5098 si
1885 5044 2083 5099 malum
2154 5045 2239 5100 in-

676 5138 913 5196 sanabile
952 5136 1159 5205 judicet
1192 5175 1206 5199 ,
1247 5137 1297 5189 id
1352 5149 1566 5205 quoque
1609 5135 1675 5190 ad
1731 5150 1789 5191 se
1822 5136 2065 5205 scribat;
2116 5138 2239 5191 nul-

676 5234 784 5286 lam
831 5229 973 5287 enim
1030 5244 1089 5285 se
1142 5226 1331 5283 Fausti
1389 5228 1640 5297 deinceps
1702 5230 1971 5285 rationem
2024 5229 2240 5285 habitu-

677 5337 821 5379 rum.

744 5413 831 5469 Ill.
861 5413 997 5468 Tum
1026 5428 1145 5469 cum
1176 5414 1289 5470 haec
1339 5412 1597 5475 scriberet
1648 5410 1900 5469 Basilius
1927 5450 1942 5479 ,
1978 5413 2233 5482 sperabat

746 5573 822 5642 (α)
858 5572 953 5642 Ep.
981 5570 1103 5642 129,
1133 5570 1261 5642 η.2.

746 5639 821 5712 (b)
849 5639 941 5711 Ep.
969 5641 1065 5712 121
1092 5652 1148 5696 et
1171 5641 1259 5706 99,
1296 5657 1349 5695 ιι.
1386 5639 1441 5694 ι.

746 5711 816 5783 (ci
847 5712 941 5783 ἓν.
972 5711 1095 5783 12?-

747 5780 823 5855 (α’)
850 5782 945 5852 Ep.
976 5780 1095 5836 120.

2347 4594 2473 4665 quid
2506 4594 2863 4664 promovisse.
2922 4593 3055 4648 Nam
3108 4602 3163 4649 et
3212 4594 3499 4665 plurimtnu
3549 4598 3801 4653 utilitatis
3860 4617 3922 4656 se

2344 4686 2651 4757 percepisse
2682 4687 2813 4740 dicit
2847 4701 2910 4741 ex
2939 4684 3118 4740 Jovlni
3166 4688 3435 4755 adventu;
3473 4700 3524 4742 et
3553 4700 3801 4761 acceptas
3839 4694 3923 4747 in-

2339 4778 2509 4848 jurias
2535 4793 2756 4834 narrare
2772 4779 2935 4833 noluit
2958 4777 3187 4835 Eusebio
3204 4780 3258 4834 in
3281 4781 3438 4851 epist.
3460 4781 3579 4844 127,
3604 4798 3671 4836 ne
3697 4785 3922 4841 videre—

2346 4879 2435 4924 tur
2464 4870 2711 4925 homines
2765 4869 2867 4922 sibi
2899 4870 3105 4926 amicos
3136 4874 3331 4927 animis
3363 4873 3661 4930 immutatis
3710 4877 3916 4944 factos,

2345 4962 2514 5032 culpa:
2601 4962 3113 5017 commemoratione
3208 4965 3612 5034 quodammodo
3698 4978 3915 5025 notare.

2353 5052 2485 5108 Sine
2518 5053 2725 5108 ratione
2754 5051 3129 5117 Tillemontius
3152 5057 3429 5111 Atarbium
3483 5058 3568 5113 his
3604 5060 3784 5116 verbis
3832 5064 3919 5116 vel

2352 5144 2686 5200 Theodotum
2768 5146 3039 5215 designari
3106 5157 3274 5218 putat.
3356 5150 3431 5205 De
3498 5151 3727 5208 Atarbio
3790 5168 3917 5208 mox

2350 5236 2648 5291 videbimus
2690 5251 2853 5306 quam
2910 5254 3015 5293 non
3061 5240 3264 5296 amicus
3310 5241 3507 5297 Basilio
3564 5243 3739 5298 factus
3805 5254 3917 5299 tam

2348 5327 2457 5381 cito
2484 5324 2664 5381 fuerit.
2701 5326 2747 5382 Α
2807 5326 3081 5385 Theodoto
3118 5343 3295 5387 autem
3348 5334 3477 5389 nihil
3526 5334 3739 5389 molesti
3766 5335 3918 5390 vide-

2351 5424 2439 5469 tur
2489 5416 2736 5471 accidere
2780 5418 3016 5487 potuisse
3070 5418 3288 5488 Basilio,
3327 5437 3448 5479 cum
3507 5432 3735 5495 uterque
3767 5438 3915 5480 eam-

2416 5566 2488 5705 ξε)
2524 5567 2625 5637 Ep.
2662 5568 2786 5624 123.

2444 5638 2486 5703 ί)
2518 5637 2612 5705 Ep.
2654 5639 2777 5693 124.

2422 5652 2460 5705 U
2472 5652 2486 5703 )
2654 5652 2777 5724 ηις

2422 5706 2500 5847 iii
2531 5723 2627 5848 ES:
2657 5710 2793 5835 ιίξέῗ
