4074 6312
1458 368 1616 422 Vle
1660 366 1716 422 S.
1756 367 1834 421 BA
1846 367 2015 423 SILII.
3294 383 3357 426 tiv

177 499 269 553 dem
312 506 513 547 causam
560 490 920 555 defenderet,
971 505 1031 544 ac
1082 487 1361 555 utriusque
1414 486 1533 553 jura
1598 502 1691 554 pa-
1725 490 1764 545 Α
1797 496 1912 539 erat
1952 485 2131 539 Basilii
2165 485 2613 555 consanguineus,
2649 496 2704 538 ut
2730 484 2913 540 videre
2944 484 3099 539 estin
3135 488 3361 555 epistula

174 588 278 642 riter
313 581 526 636 fuissent
552 581 903 634 ordinatione
947 577 1125 631 Fausti
1166 576 1382 630 violata.
1422 574 1688 629 Praeterea

174 675 399 749 peramice
428 680 566 725 Inter
594 686 654 725 se
700 670 930 725 Basilius
974 680 1028 723 et
1060 667 1367 722 Theodotus
1392 668 1454 721 de
1503 682 1690 735 propo-

174 771 312 824 nenda
364 763 637 819 Enstatbio
685 763 808 817 ﬁdei
840 762 1061 817 formula
1115 760 1499 815 deliberarunt.
1532 757 1689 812 Solus

172 875 273 929 ergo
306 858 583 912 Anthimus
613 858 825 927 culpam
870 852 1170 907 sustinebat
1204 870 1217 907 ε
1259 869 1322 911 ex
1372 868 1435 907 eo
1488 850 1685 903 malum

170 967 297 1007 omne
314 963 506 1017 ortum,
537 961 593 1003 ut
625 948 849 1019 perspici
880 956 1056 1015 potest
1087 962 1150 1001 ex
1181 945 1545 1012 superioribus
1574 943 1688 1011 epi~

172 1045 305 1107 stolis,
334 1044 380 1097 in
405 1045 602 1113 quibus
654 1041 770 1107 ejus
808 1040 997 1108 agendi
1032 1041 1168 1093 ratio
1212 1053 1315 1091 non
1349 1038 1535 1090 leviter
1566 1052 1688 1104 per-

172 1137 430 1199 stringitur.
485 1136 593 1187 Sed
628 1150 747 1185 cum
790 1132 1021 1187 Basilius
1064 1144 1208 1185 esset
1239 1131 1303 1183 ad
1337 1130 1685 1198 deponendas

172 1227 354 1294 injurias
380 1225 825 1292 promptissimus,
850 1228 956 1279 cito
981 1227 1027 1279 ei
1049 1225 1288 1293 placatus
1305 1231 1405 1285 est,
1436 1237 1531 1275 nec
1561 1236 1682 1274 eum

170 1320 208 1371 in
234 1319 316 1369 hac
350 1320 409 1370 ad
447 1315 736 1369 Eusebium
766 1317 988 1385 epistola
1023 1314 1546 1369 commemoratione
1572 1314 1687 1367 cul-

170 1422 231 1474 pa:
249 1419 415 1459 notare
437 1406 629 1470 voluit,
655 1408 778 1475 quia
804 1407 916 1475 jam
950 1416 1093 1460 sarta
1120 1414 1235 1461 erat
1280 1406 1419 1460 inter
1438 1420 1532 1459 eos
1561 1420 1685 1475 gra-

168 1501 245 1560 tia,
266 1498 338 1549 vel
359 1496 573 1563 saltem,
610 1499 654 1551 si
693 1499 1068 1553 nonnullorum
1095 1498 1339 1552 codicum
1367 1497 1685 1565 scripturam

169 1589 422 1651 sequimur,
450 1587 569 1653 jam
599 1590 789 1643 sarciri
837 1600 1051 1659 empta;
1090 1590 1204 1643 sive
1254 1587 1551 1657 Nicopolim
1594 1602 1683 1641 ve-

168 1678 281 1731 nerit
303 1696 412 1729 cum
456 1678 661 1734 Basilio
692 1680 1001 1745 Anthimus,
1039 1682 1153 1736 sive
1176 1680 1472 1736 Caesaream
1506 1693 1685 1733 rever—

166 1786 257 1822 sum
300 1771 559 1837 inviserit,
592 1782 684 1824 aut
729 1771 935 1839 aliquos
986 1788 1051 1825 ex
1091 1774 1209 1825 suis
1261 1772 1487 1823 miserit.
1524 1768 1683 1823 Certe

1794 577 1921 641 210,
1952 594 2004 630 n.
2036 576 2092 631 4.
2149 576 2217 629 At
2268 577 2485 645 querela
2542 587 2594 629 et
2655 576 3011 644 exltostulatio
3071 576 3251 631 Basilii
3306 581 3358 632 in

1792 670 1951 735 epist.
1985 668 2077 731 61,
2108 669 2251 738 quod
2281 669 2345 721 ad
2379 683 2437 721 se
2477 669 2733 738 majorem
2783 678 2908 721 natu
2953 669 3209 723 Atarbius
3252 687 3357 724 non

1792 763 1937 830 prior
1965 762 2305 830 scripsisset,
2338 774 2710 830 argumentum
2742 769 2825 815 est
2868 761 3249 818 intercedentis
3278 764 3357 816 in-

1792 862 1875 905 ter
1902 867 1996 906 eos
2030 853 2257 921 alicujus
2284 852 2720 917 necessitudinis,
2756 852 2826 905 ita
2858 862 2913 906 ut
2936 853 3027 921 jus
3067 870 3222 909 suum
3258 854 3357 908 Ba-

1790 944 1943 998 silius
1981 960 2085 998 uon
2123 960 2187 999 ex
2227 944 2370 998 sedis
2407 945 2686 1012 dignitate,
2726 946 2842 1010 sed,
2877 956 2933 1000 ut
2970 948 3110 999 inter
3140 948 3358 1015 propiu-

1789 1052 1920 1101 quos
1946 1037 2057 1090 lleri
2087 1038 2244 1097 solet.
2276 1054 2340 1091 ex
2393 1047 2551 1091 astate
2608 1048 2895 1104 repeteret.
2933 1038 2991 1092 2°
3022 1038 3181 1093 Multa
3222 1042 3353 1095 dicit

1791 1126 2017 1181 Basilius
2055 1139 2107 1180 et
2138 1128 2188 1180 in
2228 1129 2326 1180 hac.
2389 1126 2614 1196 epistola
2667 1126 2786 1191 126,
2821 1138 2876 1181 et
2920 1129 2972 1182 in
3022 1134 3355 1198 sexagesima

1790 1217 1959 1285 prima
1981 1257 1996 1280 ,
2029 1233 2148 1286 qua:
2180 1216 2541 1272 Neocaesarea:
2593 1217 2783 1271 melius
2824 1220 3160 1277 conveniant.
3190 1236 3351 1289 quam

1792 1311 2037 1363 obscura:
2064 1308 2225 1362 alicui
2272 1310 2322 1361 in
2368 1310 2623 1363 Armenia
2662 1326 2724 1365 ac
2773 1312 2913 1365 forte
2944 1312 3103 1365 etiam
3139 1322 3355 1367 remota:

1790 1402 2016 1455 civitati.
2056 1401 2392 1457 Vicinitatem
2420 1404 2641 1467 indicat,
2670 1404 2793 1457 dum
2827 1406 3109 1458 Atarbium
3150 1416 3351 1468 monet.

1790 1503 1845 1544 ut
1864 1508 2031 1560 parvo
2059 1492 2247 1546 itinere
2275 1491 2521 1548 confecto
2547 1494 2611 1546 ad
2652 1510 2708 1549 se
2734 1494 2930 1547 veniat.
2966 1494 3055 1549 Sic
3082 1511 3202 1549 eum
3228 1496 3355 1549 hor-

1789 1592 1933 1637 tatur
1964 1587 2015 1637 in
2040 1584 2266 1651 epistola
2290 1585 2351 1638 61
2385 1586 2450 1639 ad
2478 1601 2663 1654 pacem
2694 1586 3059 1641 Ecclesiarum
3092 1590 3271 1642 studio
3300 1596 3354 1642 et

1788 1692 1948 1745 Opera
1999 1695 2095 1732 sua
2141 1678 2539 1742 stabiliendam,
2598 1691 2655 1732 ut
2698 1694 2904 1750 magme
2945 1678 3107 1733 alicui
3147 1680 3351 1735 civitati

1786 1770 2039 1823 videatur
2091 1770 2391 1837 praefuisse.
2425 1769 2664 1824 Conatur
2708 1773 2869 1825 etiam
2914 1788 2980 1826 ex
3022 1772 3137 1838 ejus
3164 1773 3345 1827 animo

166 1873 259 1913 Cum
283 1871 421 1916 vocat
442 1866 755 1918 unanimem
786 1879 943 1917 suum
971 1861 1202 1915 Basilius
1228 1862 1279 1913 in
1310 1862 1531 1928 epistola
1556 1860 1681 1925 210,
1714 1850 1756 1905 Β
1786 1861 2027 1913 eamdem
2061 1861 2368 1930 opinionem
2399 1860 2649 1926 evellere,
2677 1878 2835 1931 quam
2870 1862 3106 1917 Ponticis
3134 1864 3352 1933 episco-

166 1965 278 2002 anno
304 1951 398 2005 575
449 1953 675 2021 scripta.
718 1952 841 2006 Hzec
890 1961 1069 2003 autem
1120 1951 1235 2003 sive
1293 1949 1682 2013 reconciliatio,

166 2042 255 2096 sive
280 2045 725 2099 reconciliationis
759 2043 906 2095 initia
948 2051 1071 2095 ante
1095 2042 1323 2096 reditum
1350 2042 1524 2097 Jovini
1557 2058 1687 2097 con-

166 2134 382 2204 tigerunt.
425 2135 728 2189 Verisimile
760 2142 842 2189 est
866 2134 1007 2187 enim
1043 2132 1312 2199 Jovinum,
1341 2150 1501 2205 quem
1538 2145 1687 2188 tanto

163 2226 309 2279 studio
330 2226 646 2278 invitaverat
675 2224 926 2289 Basilius,
955 2242 1059 2281 non
1105 2228 1285 2280 statim
1314 2228 1380 2279 ab
1414 2242 1479 2280 eo
1502 2228 1686 2281 dimis-

165 2330 276 2377 sum,
303 2316 388 2368 sed
412 2316 716 2370 Caesaream
743 2318 1049 2383 deductum,
1085 2326 1141 2370 ut
1184 2318 1476 2373 Ecclesiam
1503 2320 1651 2372 Cmsa
1671 2348 1683 2357 -

166 2407 357 2461 rieasem
395 2407 675 2462 inviseret.
719 2410 765 2463 ls
794 2410 983 2465 abiens
1013 2410 1197 2464 detulit
1236 2410 1515 2479 epistolam
1561 2410 1681 2473 127,

165 2514 258 2567 qua
276 2511 352 2554 est
374 2502 436 2554 ad
470 2502 529 2555 S.
566 2502 881 2557 Eusebium.

222 2589 271 2644 V.
300 2590 447 2648 Circa
496 2594 641 2647 idem
702 2600 910 2662 tempus
958 2595 1155 2661 scripta
1213 2591 1439 2661 epistola
1470 2594 1571 2648 126
1619 2596 1684 2647 ad

164 2685 403 2739 Barbium
433 2686 773 2755 episcopum,
804 2700 1033 2754 quocum
1070 2701 1126 2738 sc
1175 2684 1403 2739 Basilius
1440 2685 1684 2757 Nic0poli

164 2792 556 2849 congressurum,
592 2788 646 2833 et
678 2781 742 2831 de
800 2778 957 2831 rebus
1013 2778 1191 2846 magni
1239 2782 1494 2836 momenti
1538 2794 1688 2833 actu-

164 2886 255 2925 rum
276 2874 537 2939 sperabat.
572 2869 826 2922 Audierat
856 2869 1295 2925 enimAtarbium
1331 2888 1391 2926 ea
1425 2874 1473 2926 in
1514 2876 1683 2927 media

162 2961 348 3019 ecclesia
386 2977 576 3015 ausum
609 2973 731 3013 esse
774 2974 889 3027 qua:
936 2963 1197 3015 hactenus
1239 2961 1475 3016 inaudita
1508 2976 1682 3027 erant,

164 3054 202 3107 id
222 3065 307 3118 est,
332 3064 385 3107 ut
414 3069 481 3107 ex
519 3052 605 3107 his
634 3068 752 3122 quae
797 3064 1094 3123 sequuntur
1164 3055 1498 3124 intelligitur,
1532 3056 1686 3109 Basi-

162 3146 263 3200 lium
284 3145 609 3215 gravissimis
624 3147 961 3201 contumeliis
982 3157 1033 3199 et
1057 3145 1314 3200 com‘iciis
1361 3148 1685 3215 exagitasse.

160 3238 302 3307 Atque
326 3242 431 3294 haec
460 3242 682 3310 quidem
712 3241 809 3294 etsi
851 3239 1031 3308 gravia
1058 3248 1112 3292 et
1147 3239 1368 3293 molesta
1394 3251 1568 3303 erant,
1615 3254 1689 3297 to-

162 3329 363 3385 lerabilia
412 3342 593 3386 tamen
650 3332 993 3396 videbantur,
1063 3341 1247 3399 utpote
1305 3333 1357 3387 in
1414 3334 1687 3389 hominem

162 3434 300 3494 gesta,
333 3440 566 3495 eumque
597 3441 628 3479 a
663 3426 900 3479 vindicta
946 3426 1205 3491 alienum,
1242 3443 1339 3482 nec
1391 3430 1686 3497 quidquam

162 3517 302 3585 magis
324 3524 678 3579 metuentem,
714 3530 871 3584 quam
910 3531 976 3569 ne
1004 3516 1156 3584 culpa
1190 3531 1283 3568 sua
1313 3517 1513 3584 aliquid
1541 3519 1687 3571 noxii

164 3607 324 3675 p0pulo
357 3607 446 3659 Dei
496 3606 735 3659 eveniat.
772 3606 839 3657 At
894 3606 1097 3659 doloris
1144 3606 1389 3661 stimulos
1448 3610 1691 3664 acriores

164 3699 388 3761 admovit,
422 3699 567 3767 quod
622 3697 688 3750 ad
739 3709 859 3749 eum
898 3696 1113 3765 quidam
1148 3697 1447 3753 honorandi
1493 3715 1556 3755 ac
1591 3700 1693 3755 [ide

162 3790 421 3860 dignissimi
477 3789 680 3845 fratres
724 3790 1052 3855 detulerant,
1085 3794 1367 3846 Atarbium
1427 3794 1695 3849 novitates

168 3880 210 3934 ia
235 3880 375 3937 fidem
408 3882 688 3947 inducere,
724 3890 778 3935 et
812 3896 955 3936 sana:
997 3882 1117 3937 lldei
1170 3885 1463 3947 contraria,
1501 3899 1561 3937 ac
1591 3884 1691 3937 Sa-

161 3971 370 4029 belliauze
406 3976 637 4030 haaresis
672 3974 847 4027 allinia
890 3977 1102 4028 docere.
1134 3973 1227 4028 llis
1265 3975 1329 4029 de
1365 3976 1524 4030 rebus
1573 3991 1691 4029 cum

160 4062 349 4119 Atarbio
372 4065 611 4134 colloqui
642 4064 869 4126 volebat,
886 4064 978 4117 sed
1004 4080 1102 4118 suo
1132 4063 1431 4136 Nicopolim
1461 4068 1693 4122 adventu

160 4152 313 4207 didicit
352 4170 474 4209 emn
517 4168 732 4209 summa
765 4154 1038 4208 celeritate
1068 4157 1387 4211 excessisse.
1422 4157 1694 4213 Permole-

162 4254 275 4299 stum
303 4246 351 4299 id
401 4247 606 4303 Basilio
657 4252 978 4311 accidit,ac
1010 4249 1099 4303 ubi
1153 4247 1453 4303 Cwsaream
1504 4253 1682 4315 rediit,

162 4338 345 4408 scripsit
365 4341 594 4394 Atarbio
643 4342 927 4409 epistulam
980 4340 1105 4405 126,
1135 4356 1368 4408 eumque
1406 4352 1607 4403 monet.
1640 4353 1697 4396 ut

163 4428 342 4484 modico
384 4431 586 4485 itinere
634 4430 885 4485 confecto
932 4432 997 4486 ad
1023 4448 1081 4485 se
1130 4432 1330 4494 veniat.
1358 4446 1420 4486 ac
1450 4432 1603 4501 plene
1633 4435 1699 4489 de

162 4518 229 4573 his
253 4522 400 4575 rebus
420 4521 793 4587 satisfaciens,
812 4535 865 4575 et
891 4537 947 4576 se
972 4534 1023 4577 et
1055 4522 1321 4576 Ecclesias
1348 4534 1458 4578 tum
1493 4526 1555 4579 iis
1579 4541 1697 4594 qua)
1731 4543 1772 4597 [)

173 4619 269 4665 acta
300 4609 531 4677 fuerant,
565 4625 679 4668 tum
734 4614 798 4668 iis
834 4630 952 4683 quae
992 4617 1059 4671 ab
1094 4616 1317 4670 Atarbio
1364 4618 1508 4674 dicta
1556 4620 1693 4673 fere-

163 4702 348 4768 bantur,
378 4704 614 4761 alnictas
638 4706 970 4761 consoletur.

218 4791 293 4847 \‘l.
321 4795 602 4849 Atarbium
629 4797 681 4850 in
699 4799 948 4852 Armenia
972 4799 1283 4872 episcoyum
1315 4803 1477 4857 fuisse
1507 4806 1694 4859 existi-

163 4895 252 4938 mat
276 4884 681 4951 Tillemontius;
719 4904 837 4955 qua:
873 4892 1088 4960 quidem
1134 4894 1319 4961 opinio
1358 4894 1526 4963 prima
1572 4908 1667 4964 Spe

162 4975 229 5029 cie
256 4978 529 5034 admodum
561 4980 873 5051 probabilis.
912 4982 959 5037 ls
990 4985 1130 5037 enim
1171 4984 1466 5053 Nicopolim
1504 4988 1565 5038 ad
1602 5001 1689 5056 sy-

164 5072 329 5124 nodum
352 5073 463 5128 sive
489 5074 559 5127 ad
578 5083 903 5127 conventum
934 5078 1100 5140 venit,
1128 5077 1281 5144 eique
1315 5076 1541 5130 Basilius
1571 5094 1697 5129 ven-

167 5168 317 5213 turum
342 5178 399 5217 se
428 5163 481 5217 in
513 5178 825 5218 sermonem
888 5164 1126 5236 Nicopoli
1171 5167 1438 5235 sperabat.
1473 5168 1574 5221 Sed
1619 5178 1695 5220 Ia-

166 5262 265 5303 uteu
292 5252 481 5321 legitur
514 5255 571 5307 in
608 5255 814 5310 duobus
868 5259 1257 5323 antiquissimis
1287 5258 1556 5314 codicibus
1587 5259 1693 5313 Elle-

166 5340 307 5395 dicazo
328 5355 379 5399 et
410 5344 762 5413 Coisliniano,
781 5348 1052 5421 Ἀθαρὸίῳ
1081 5351 1525 5422 Νεοκαισαρείας,
1547 5352 1700 5405 Atar-

167 5432 232 5485 δίο
257 5432 634 5495 Neoca'aarea'.
686 5439 845 5496 Multa
876 5456 1004 5496 sane
1025 5455 1354 5498 concurrunt
1388 5445 1525 5499 hanc
1560 5445 1698 5499 scri-

166 5533 345 5590 ploratu
382 5532 785 5587 conlirmantia.
828 5536 879 5589 1⁸
920 5535 1362 5595 Νεοςωεπίθηδίε
1406 5539 1693 5609 episcopus

227 5747 290 5879 ἒξ)
454 5751 585 5812 207,
620 5768 675 5805 η.
709 5754 759 5805 1.

250 5824 290 5879 η)
321 5820 411 5879 Lp.
441 5818 572 5879 201,
607 5836 662 5871 η.
693 5820 718 5872 1

250 5821 290 5881 lv)
321 5820 411 5886 Ep.
441 5818 572 5882 201,
607 5836 662 5871 η.
693 5820 718 5872 1

1787 1952 1865 2019 pis
1891 1952 2122 2007 illusisse
2154 1952 2511 2021 Perspicitnus
2548 1969 2609 2007 ex
2645 1954 2862 2023 epistola
2887 1954 3015 2019 203,
3038 1974 3089 2009 n.
3121 1956 3168 2018 1,
3212 1967 3270 2012 ut
3296 1973 3355 2013 se

1787 2040 2017 2108 regionis
2048 2042 2151 2093 situ
2186 2045 2252 2095 ah
2304 2042 2566 2095 haereticis
2610 2043 2857 2111 procellis
2906 2055 3067 2106 tutos,
3124 2046 3348 2100 aliorum

1785 2134 2163 2187 communione
2183 2136 2466 2188 crederent
2493 2150 2597 2187 non
2625 2136 2885 2205 indigere.
2905 2136 2963 2189 3°
2980 2136 3046 2191 Ut
3074 2137 3350 2191 Atarbium

1785 2222 1837 2274 in
1874 2223 1972 2275 hac
2004 2222 2251 2289 epistola,
2281 2223 2355 2275 ita
2384 2224 2434 2276 in
2467 2224 2637 2277 tribus
2673 2224 2812 2288 aliis,
2847 2241 3037 2294 nempe.
3063 2226 3190 2294 204,
3225 2226 3347 2287 201,

1783 2310 1907 2376 210,
1935 2309 2416 2365 Neocrsariensem
2442 2314 2751 2381 episcopum
2778 2314 3097 2369 Sabellianze
3132 2317 3353 2371 haeresis

1785 2404 2001 2457 nomine
2031 2402 2263 2459 Basilius
2305 2414 2546 2459 accusat.
2569 2406 2625 2459 4ο
2654 2405 2783 2461 Tota
2813 2407 3017 2461 Atarbii
3043 2410 3233 2479 agendi
3262 2425 3351 2467 ra:-

1788 2492 1860 2546 tio
1888 2492 2377 2549 Neocmsariensem
2421 2497 2728 2565 episc0pum
2754 2500 2973 2551 omnino
2999 2498 3217 2553 redolet.
3250 2497 3355 2552 Ba-

1786 2584 1936 2639 silius
1980 2587 2233 2654 episcopo
2291 2586 2712 2642 Neocaesariensi
2761 2588 2812 2641 in
2862 2589 3102 2656 epistolis
3149 2590 3254 2646 201
3300 2600 3354 2646 et

1786 2677 2087 2742 207;idem
2115 2692 2175 2731 ac
2223 2677 2446 2731 Atarbio
2488 2678 2539 2731 in
2586 2678 2686 2733 hac
2722 2678 2822 2733 126
2864 2682 3176 2749 exprobrat,
3208 2682 3351 2750 quod

1788 2786 1939 2823 suum
1985 2767 2155 2838 fugiat
2184 2784 2553 2840 congressum.
2596 2772 2850 2825 Atarbius
2879 2771 3051 2826 media
3086 2773 3138 2826 in
3179 2772 3353 2827 eccle-

1788 2860 1865 2912 sia
1898 2858 2148 2913 Basilium
2180 2863 2511 2929 gravissimis
2557 2864 2897 2918 cantumeliis
2929 2865 3177 2918 vexabat.
3216 2862 3349 2918 Eum

1790 2947 2243 3008 Neoczesariensis
2294 2955 2576 3022 episcopus
2619 2954 2697 3025 (a)
2730 2955 2779 3006 in
2823 2954 3175 3009 concionibus
3204 2955 3353 3009 omni

1791 3041 2199 3097 maledictorum
2232 3060 2425 3113 genere
2460 3045 2753 3110 lacerabat,
2791 3055 2843 3099 et
2866 3046 3078 3100 somnia
3110 3045 3355 3115 quadam

1792 3133 1893 3187 sibi
1926 3134 2182 3189 divinitus
2216 3136 2393 3189 oblata
2424 3136 2679 3203 tingebat,
2710 3147 2766 3189 ut
2793 3136 3049 3191 Basiliam
3082 3138 3133 3191 in
3183 3139 3356 3208 suspi-

1789 3229 1998 3281 cionem
2039 3242 2214 3295 pravae
2259 3228 2520 3281 doctrinae
2552 3238 2787 3282 vocaret.
2816 3228 2909 3281 His
2946 3230 3142 3282 addere
3169 3244 3355 3299 possu-

1792 3335 1911 3374 mus
1935 3334 2053 3387 qua:
2078 3334 2105 3371 a
2129 3317 2326 3374 Basilio
2372 3319 2897 3377 Neocasariensibus
2917 3336 3213 3392 eorumque
3231 3323 3354 3378 duci

1790 3409 2181 3477 exprobrantur
2213 3410 2312 3479 (ὁ),
2342 3411 2649 3465 diuturnum
2697 3413 2968 3466 silentium
3000 3422 3054 3467 et
3099 3415 3357 3483 producta

1792 3516 1887 3570 per
1915 3510 2082 3557 totam
2135 3504 2368 3558 hominis
2404 3505 2562 3557 vitam
2616 3504 2762 3559 odia.
2817 3504 2943 3560 Haec
2990 3506 3190 3575 optime
3225 3522 3356 3561 con-

1794 3608 1994 3667 gruunt
2017 3596 2262 3663 Atarbio,
2293 3598 2381 3665 qui
2425 3598 2615 3654 litteris
2651 3600 3061 3669 perhonorillcis
3097 3617 3125 3655 a
3158 3600 3357 3657 Basilio

1797 3704 2123 3761 provocatus
2154 3692 2223 3763 (c)
2257 3708 2361 3747 non
2406 3696 2563 3749 modo
2594 3712 2697 3750 non
2740 3695 3030 3763 respondit,
3062 3696 3154 3750 sed
3190 3699 3355 3750 etiam

1794 3796 2009 3836 omnem
2042 3782 2091 3835 in
2135 3781 2389 3836 Basilium
2438 3786 2786 3839 acerbitatem
2810 3784 3016 3838 elfudit.
3051 3783 3144 3840 His
3186 3786 3358 3842 ratio-

1797 3888 1921 3927 num
1956 3874 2266 3937 momentis,
2303 3877 2793 3931 vetustissimorum
2837 3878 3083 3933 codicum
3122 3880 3358 3933 auctori-

1796 3973 1906 4020 tate
1960 3965 2269 4035 conjunctis
2328 3968 2585 4033 adducor,
2620 3983 2679 4022 ut
2727 3971 3009 4026 Atarbium
3052 3972 3360 4043 episcopum

1796 4057 2285 4115 Neocaesariensem
2316 4060 2479 4116 fuisse
2506 4060 2831 4116 existimem.

2338 4148 2563 4206 CAPUT
2590 4152 2804 4208 XXVII.

1801 4238 1843 4293 1.
1892 4239 2161 4297 Formula:
2192 4259 2222 4295 a
2263 4241 2321 4296 S.
2352 4240 2549 4298 Basilio
2567 4248 2846 4313 propositis
2864 4245 3141 4299 subscribit
3167 4244 3360 4300 Eusta-

1875 4314 2033 4381 titius,
2058 4315 2146 4366 aed
2179 4314 2336 4379 paulo
2362 4326 2473 4377 post
2497 4316 2672 4368 omnia
2702 4324 2983 4381 perturbat.
3013 4314 3076 4368 Il.
3107 4314 3163 4369 S.
3192 4315 3363 4368 Eure-

1874 4384 1987 4436 biua
2017 4392 2304 4436 nascentem
2322 4383 2641 4438 discordiam
2665 4386 2843 4437 sedare
2860 4396 3099 4437 conatur.
3125 4382 3207 4438 111.
3252 4385 3362 4439 Eu-

1876 4454 2097 4506 stathius
2149 4470 2179 4505 a
2226 4452 2415 4507 Basilii
2454 4454 2811 4523 communione
2862 4454 3100 4518 discedit,
3146 4472 3362 4523 eumque

1875 4525 2073 4589 fumoso
2114 4523 2285 4575 libello
2331 4524 2548 4577 lacerat.
2607 4522 2693 4577 IV.
2728 4523 2853 4578 Tres
2895 4540 2955 4577 ea
2993 4524 3133 4579 dere
3172 4522 3361 4578 Basilii

1876 4594 2085 4647 litterte.
2138 4597 2253 4657 Quo
2309 4597 2433 4647 anni
2486 4604 2711 4659 tempore
2752 4596 2862 4648 Ιηεε
2909 4606 3028 4647 acta
3075 4604 3124 4648 et
3169 4609 3365 4659 scripta

1876 4674 2011 4715 sunt.
2035 4660 2097 4715 ν.
2116 4661 2347 4716 Basilius
2377 4668 2601 4717 nondum
2620 4666 2747 4716 liber
2763 4666 2826 4716 ab
2848 4665 3019 4733 exsilii
3039 4665 3211 4733 minis.
3236 4665 3365 4733 Ejus

1876 4734 2128 4784 sententia
2150 4735 2209 4784 de
2229 4734 2409 4801 legatis
2434 4734 2647 4787 flantum
2664 4735 2945 4786 mittendis.
2984 4730 3171 4787 Scribit
3200 4730 3367 4788 Abra-

1876 4802 1979 4855 mio
2011 4819 2100 4869 per
2132 4803 2535 4857 Sanctissimum
2564 4803 2978 4872 epistolant'152.

1870 4895 1910 4951 Ι.
1954 4894 2384 4964 Nicopolitanum
2428 4896 2530 4950 iter
2574 4896 2782 4950 initium
2834 4896 2980 4950 dedit
3024 4896 3144 4950 aliis
3180 4894 3362 4959 rebus,

1803 5002 1922 5053 qua:
1957 4988 2010 5041 in
2046 4986 2165 5041 Vita
2191 4988 2248 5041 S.
2287 4986 2468 5041 Basilii
2502 4997 2713 5041 exstant
2746 4999 2800 5043 et
2837 4988 3076 5041 emineat
3107 4988 3359 5041 maxime.

1805 5078 1928 5132 Post
1948 5078 2329 5150 discipulorum
2352 5079 2617 5133 Eustathii
2640 5078 2868 5141 facinus,
2890 5079 3030 5148 quod
3052 5093 3210 5148 supra
3234 5094 3367 5131 nar-

1807 5173 2067 5237 ravimus,
2099 5173 2315 5228 refrixit
2340 5173 2667 5241 aliquantum
2716 5170 2971 5227 Basilium
3001 5171 3141 5226 inter
3171 5181 3225 5225 et
3260 5171 3366 5225 Eu-

1806 5262 2067 5318 stathium
2123 5264 2383 5332 amicitia,
2419 5266 2513 5319 sed
2554 5275 2730 5317 tamen
2783 5263 3019 5333 speciem
3073 5262 3362 5332 quamdam

1808 5357 1948 5409 inter
1975 5371 2032 5408 se
2064 5357 2469 5410 consuetudinis
2502 5354 2834 5421 retinebant,
2864 5370 2926 5411 ac
2971 5352 3137 5409 semel
3167 5363 3221 5410 ct
3262 5354 3366 5409 ite-

1810 5464 1925 5502 rum
1973 5447 2045 5499 ita
2092 5448 2157 5503 de
2210 5450 2547 5520 dogmatibus
2581 5447 2830 5504 collocuti
2870 5456 3018 5512 sunt,
3056 5456 3113 5503 ut
3138 5446 3277 5501 inter
3308 5462 3369 5503 se

1810 5539 2115 5595 consentire
2172 5540 2499 5595 viderentur.
2535 5538 2647 5595 Duo
2699 5549 2877 5595 autem
2908 5539 2979 5593 illi
3033 5538 3098 5593 de
3147 5538 3371 5608 dogma-

1880 5752 1951 5820 (c)
1982 5751 2077 5820 Ep.
2107 5752 2192 5805 61.
