4080 6312
718 371 803 412 ενι

2062 362 2601 420 PROLEGOMENAI

723 473 862 527 tibus
896 483 1218 541 congressus
1259 469 1304 524 si
1332 480 1449 540 post
1491 473 1846 541 proditionem
1886 476 2053 531 habili
2085 477 2232 533 fuere
2258 519 2271 539 .
2311 484 2351 538 Β
2384 484 2581 548 partim
2609 492 2972 548 accurrerent,
3004 482 3223 551 scripsit
3252 482 3317 534 ad
3351 480 3691 537 Eustathium
3718 484 3916 555 ejusqtn

721 574 941 613 necesse
1002 569 1083 612 est
1141 570 1198 611 ut
1262 561 1502 614 dicamus
1557 563 1811 617 Basiliam
1862 576 2077 620 euntem
2122 568 2281 623 Nico-

722 651 884 717 puiim
944 665 1005 704 ac
1072 651 1384 705 redeuutem
1437 669 1558 707 cum
1614 654 1897 711 Eustathio
1964 661 2282 716 collocutum

719 758 856 795 esse.

788 833 917 887 Illud
945 844 1123 889 autem
1152 846 1303 889 certo
1333 845 1545 895 constat
1572 837 1826 896 Basiliam
1856 843 1958 898 hoc
1981 860 2122 898 anno
2158 863 2281 914 per—

720 924 933 986 fecisse,
983 928 1121 994 quod
1174 928 1425 997 proxime
1461 931 1644 996 elapso
1693 937 1981 989 morositas
2018 936 2282 991 Theodoti

719 1016 1173 1084 interpellaverat,
1219 1028 1273 1072 ut
1326 1036 1450 1074 cum
1504 1021 1780 1077 Theodoto
1827 1027 1892 1080 de
1941 1030 2280 1095 prOponenda

717 1107 1004 1165 Eustathio
1054 1111 1175 1165 fidei
1232 1112 1459 1166 formula
1515 1115 1838 1171 deliberaret
1878 1118 1974 1187 (α).
2021 1120 2284 1187 Sperabat

715 1201 856 1255 enim
892 1218 948 1256 se
1002 1206 1109 1258 duo
1154 1221 1255 1257 una
1306 1214 1357 1258 ct
1405 1209 1590 1260 eadem
1642 1223 1803 1275 opera
1848 1210 2207 1274 lucraturum,
2236 1215 2280 1268 si

717 1293 1031 1348 Eustathius
1055 1298 1421 1363 comprobatae
1451 1299 1551 1365 ipsi
1586 1298 1860 1353 Theodoto
1888 1301 2127 1357 formula:
2158 1306 2284 1359 sub-

717 1383 1013 1448 scriberet;
1048 1400 1107 1440 se
1140 1387 1205 1440 ab
1248 1386 1590 1441 inimicorum
1633 1389 1937 1455 calumniis,
1975 1392 2141 1458 ipsum
2170 1393 2278 1447 En-

715 1474 970 1535 stathium
997 1490 1025 1527 a
1056 1475 1317 1531 Theodoti
1356 1480 1590 1547 querelis
1628 1488 1682 1533 et
1718 1481 2118 1549 suspicionibus
2145 1483 2279 1538 libe-

715 1582 829 1619 rum
859 1576 912 1621 et
936 1568 1163 1622 solutum
1191 1569 1327 1625 fore.
1356 1569 1471 1637 Ipse
1494 1573 1634 1626 enim
1666 1570 1900 1627 Basilius
1925 1574 2149 1629 multum
2182 1592 2279 1645 po-

715 1656 793 1707 nit
837 1655 1165 1711 discriminis
1201 1660 1344 1713 inter
1378 1659 1711 1715 Theodotum
1740 1664 1835 1733 (ὁ),
1868 1665 1956 1732 qui
1998 1667 2110 1720 solo
2151 1667 2276 1723 fidei

718 1750 899 1803 studio
934 1750 1268 1816 movebatur,
1302 1762 1354 1808 et
1378 1755 1618 1809 inimicos
1644 1772 1706 1810 ac
1727 1760 2113 1815 obtrectatores
2130 1776 2273 1827 suos,

712 1853 936 1904 quorum
962 1840 1234 1908 perpetuis
1264 1842 1550 1896 calumniis
1598 1845 1877 1900 materiam
1931 1849 2093 1903 dabat
2146 1866 2273 1905 con-

704 1930 913 1997 junctio
940 1946 1059 1985 cum
1092 1931 1389 1986 Eustathio.
1425 1933 1763 2003 Purgaverat
1796 1953 1856 1991 se
1894 1940 2063 1993 semel
2093 1949 2145 1994 et
2175 1942 2273 1997 ite-

711 2038 827 2074 rum
870 2021 1098 2078 Basilius
1134 2040 1145 2075 :
1184 2026 1296 2091 sed,
1331 2041 1449 2080 cum
1480 2028 1610 2080 nihil
1658 2029 2035 2097 promovisset,
2092 2043 2275 2097 postu-

708 2111 839 2164 lanti
876 2112 1171 2178 Theodoto,
1225 2124 1281 2168 ut
1314 2115 1432 2169 ﬁdei
1476 2115 1702 2170 formula
1739 2117 2023 2173 Eustathio
2076 2136 2271 2192 propo-

712 2212 953 2271 neretur,
984 2205 1210 2259 libenter
1238 2209 1445 2261 annuit.
1481 2208 1690 2277 Scripta
1717 2225 1843 2279 ergo
1871 2211 2003 2266 fides
2032 2212 2270 2285 Nicopoli

708 2293 993 2361 conjuncte
1022 2311 1143 2350 cum
1176 2298 1481 2362 Theodoto,
1517 2314 1577 2352 ac
1609 2298 1749 2353 forte
1789 2302 1953 2355 etiam
1989 2319 2109 2359 cum
2148 2308 2271 2361 aliis

707 2387 994 2455 episc0pis.
1028 2388 1179 2441 Hanc
1212 2389 1353 2441 enim
1404 2390 1712 2459 synodicam
1738 2394 1967 2465 appellat
2000 2394 2267 2454 Leontius.

710 2475 1054 2531 Perferendte
1086 2479 1441 2534 ministerium
1473 2483 1708 2550 suscepit
1745 2482 1975 2541 Basilius
2009 2488 2077 2558 (ε)
2105 2506 2117 2540 :
2147 2489 2273 2544 sub-

707 2568 922 2638 scripsit
952 2569 1266 2626 Eustathius
1292 2587 1411 2626 cum
1467 2573 1741 2630 Frontone
1767 2585 1819 2628 et
1862 2575 2061 2633 Severo
2120 2582 2269 2636 chor-

706 2662 955 2731 episcopo
984 2671 1037 2716 et
1061 2664 1180 2716 aliis
1202 2665 1470 2720 nonnullis
1501 2665 1730 2721 clericis.
1762 2668 1884 2722 Hazc
1923 2670 2151 2725 formula
2185 2674 2268 2727 in-

705 2762 791 2809 ter
824 2753 1005 2807 Basilii
1032 2755 1289 2822 epistolas
1318 2765 1595 2809 numerata
1620 2766 1721 2821 est,
1752 2770 1943 2827 estque
1971 2762 2266 2817 centesima

706 2846 961 2899 vicesima
991 2846 1198 2914 quinta.
1226 2847 1429 2901 Praeter
1458 2847 1725 2901 Nicamam
1752 2851 1907 2905 fidem
1934 2867 1993 2906 ea
2030 2855 2267 2910 continet

707 2950 825 3003 quae
870 2935 935 2990 ad
976 2936 1406 3005 perspiciendam
1445 2937 1711 2991 Eustathii
1748 2941 1811 2994 de
1846 2941 2052 3011 Spiritu
2078 2956 2266 3001 sancto

703 3027 863 3081 ﬁdem
886 3028 1187 3082 necessaria
1232 3028 1571 3082 videbantur.

771 3118 1063 3189 Postquam
1122 3121 1439 3191 subscripsit
1499 3121 1849 3188 Eustathius,
1904 3126 2136 3182 indictus
2186 3138 2267 3183 est

710 3211 846 3265 alius
889 3212 1057 3277 locus,
1094 3214 1343 3281 aliudque
1397 3225 1607 3286 tempus
1642 3218 1835 3271 iterum
1887 3222 2261 3287 conveniendi,

709 3311 765 3356 ut
791 3304 1104 3358 coeuntibus
1130 3304 1382 3372 partecia:
1406 3307 1673 3376 episc0pis
1711 3310 1968 3377 iusiguiur
1993 3314 2267 3365 essetani-

704 3409 912 3449 morum
948 3397 1278 3463 conciliatio,
1323 3414 1386 3453 ac
1417 3400 1668 3467 deinceps
1692 3404 2085 3469 suspicionibus
2114 3405 2264 3459 locus

707 3487 1129 3553 praecluderetnr
1161 3492 1260 3557 (tl).
1296 3490 1614 3542 Adfuturum
1662 3506 1719 3543 se
1774 3496 2019 3559 promisit
2071 3496 2264 3549 Eusta-

708 3580 848 3633 thius
902 3590 955 3634 et
1004 3580 1290 3649 discipulos
1352 3583 1724 3637 adducturum.
1769 3584 1858 3637 Ait
1918 3587 2145 3641 Basilius
2197 3588 2262 3659 (ρ)

704 3686 859 3724 suum
887 3671 1049 3726 fuisse
1070 3672 1241 3727 locum
1283 3674 1429 3727 illum
1466 3676 1553 3743 qui
1598 3676 1907 3745 designatus
1938 3687 2039 3745 est,
2082 3678 2135 3731 id
2162 3691 2261 3744 est,

702 3778 888 3832 agrum
927 3756 1175 3831 epiScopo
1203 3764 1521 3819 Ctesariensi
1558 3768 1876 3835 subjectum.
1911 3769 2137 3825 Videtur
2172 3786 2262 3824 vo-

702 3867 853 3909 catus
895 3855 1057 3910 fuisse
1093 3856 1334 3911 Colonia.
1362 3857 1477 3911 Huc
1510 3860 1650 3912 enim
1690 3860 1866 3913 refero
1894 3864 2035 3927 quod
2072 3863 2265 3932 legitur

703 3950 755 4002 in
783 3950 1003 4016 epistola
1036 3950 1135 4004 128
1160 3968 1173 4005 :
1204 3950 1266 4003 Et
1288 3952 1387 4004 nisi
1404 3953 1549 4020 pacis
1571 3953 1744 4005 studio
1773 3970 1872 4005 non
1903 3954 2265 4022 abnegaverim

702 4044 878 4096 venire
908 4042 1202 4106 Coloniam,
1254 4062 1352 4098 non
1385 4047 1511 4097 mihi
1536 4047 1843 4114 paciﬁcatur
1864 4048 1989 4100 vim.
2040 4045 2267 4114 Repellit

705 4134 789 4187 his
812 4133 991 4187 verbis
1023 4134 1251 4187 Basilius
1290 4136 1699 4189 criminationes
1741 4136 2003 4190 Eustathii
2043 4135 2265 4204 ejusque

703 4226 1020 4291 amicorum,
1067 4224 1155 4294 qui
1215 4225 1385 4291 ipsum
1439 4224 1580 4277 malo
1633 4226 1812 4279 animo
1850 4228 1984 4281 hanc
2016 4230 2265 4297 pacifica—

704 4321 902 4372 tionem
952 4319 1256 4386 suscepisse
1322 4316 1660 4371 dictitabant.
1712 4317 2068 4382 Quamobrem
2102 4318 2259 4375 Colo-

703 4412 830 4473 nia,
856 4425 961 4477 quo
988 4426 1045 4463 se
1078 4412 1226 4478 pacis
1253 4425 1411 4463 causa
1445 4408 1656 4462 venisse
1686 4419 1993 4475 asseverat,
2032 4410 2143 4479 ipse
2174 4412 2263 4466 ille

2386 575 2627 636 amicos,
2676 584 2726 627 et
2764 574 2907 627 misit
2937 576 3023 643 qui
3078 576 3357 643 episcopos
3402 576 3682 632 advenisse
3726 578 3916 631 nurui:-

2387 670 2526 717 rent.
2550 661 2617 714 At
2638 678 2701 715 ex
2731 672 2884 729 parte
2904 663 3170 716 Eustathii
3199 679 3354 717 nemo
3378 666 3581 728 aderat,
3616 667 3912 722 nemoillius

2384 755 2671 807 adventurm
2709 754 3119 821 prmnuntiahat,
3149 764 3202 807 et
3231 754 3318 821 qui
3358 770 3384 806 a
3419 753 3614 807 Basilio
3655 756 3797 810 missi
3827 756 3919 811 fue-

2384 853 2499 897 rant
2530 847 2594 896 ail
2623 842 2985 907 Eustathium,
3020 846 3299 913 plurimam
3333 847 3437 899 illic
3466 846 3741 900 tristitiam
3775 859 3824 901 et
3849 848 3917 901 in-

2384 933 2761 1003 dignationem,
2795 936 2945 1001 quasi
2996 951 3127 989 nova
3176 934 3305 989 fides
3336 952 3363 988 a
3404 936 3599 991 Basilio
3652 938 3909 1005 proposita

2387 1022 2594 1089 fuisset,
2620 1040 2677 1078 se
2710 1024 3154 1079 animadvertisse
3192 1035 3499 1087 narrarunt,
3539 1036 3698 1094 atque
3728 1043 3789 1081 ex
3822 1028 3916 1080 Eu-

2384 1115 2569 1168 stathii
2620 1115 2900 1184 discipulis
2944 1114 3343 1178 audiisse,cum
3387 1118 3626 1171 dicerent
3657 1134 3914 1187 nunquam

2381 1220 2439 1260 se
2476 1221 2750 1275 passuros,
2793 1215 2848 1259 ιιι
2874 1206 2939 1259 ad
2965 1206 3298 1273 designatum
3330 1206 3500 1259 locum
3529 1207 3838 1261 Eustathius
3866 1222 3917 1260 se

2380 1298 2671 1354 ceuferret.
2699 1297 2856 1351 Venit
2882 1305 3055 1349 tamen
3080 1295 3275 1364 aliquis
3304 1295 3717 1363 perfunctoriam
3737 1297 3914 1350 Eusta-

2382 1387 2477 1439 thii
2508 1387 2788 1455 epistolam
2825 1387 3024 1450 ferens,
3057 1401 3154 1439 nec
3186 1385 3249 1437 de
3285 1385 3349 1436 iis
3376 1400 3491 1451 qua:
3526 1387 3593 1440 ab
3623 1387 3775 1439 initio
3798 1400 3918 1440 con-

2378 1477 2566 1529 stituta
2624 1474 2855 1541 fuerant,
2905 1475 3194 1545 quidquam
3238 1474 3539 1527 habentem.
3570 1473 3718 1528 Misit
3765 1473 3914 1527 etiam

2379 1566 2707 1635 TheOphilus
2724 1565 3127 1622 Castabalorum
3150 1565 3431 1634 episcopus
3451 1564 3679 1634 aliquem
3704 1581 3771 1620 ex
3795 1566 3916 1628 suis,

2378 1659 2467 1728 qui
2520 1658 2777 1724 BasilLum
2829 1658 3083 1712 conviciis
3151 1656 3489 1725 perfunderet
3525 1679 3535 1709 :
3570 1671 3743 1724 neque
3785 1656 3914 1710 enim

2380 1751 2615 1805 scribere
2650 1750 2901 1817 dignatus
2931 1759 3044 1814 est;
3079 1764 3181 1802 non
3210 1760 3317 1800 tam
3359 1758 3599 1800 metuens
3631 1762 3700 1800 ne
3730 1763 3792 1800 ex
3836 1748 3915 1800 lit-

2378 1845 2507 1897 teris
2535 1843 2683 1912 argui
2720 1849 2919 1910 posset,
2949 1856 3105 1908 quam
3144 1856 3209 1893 ne
3237 1841 3285 1892 in
3318 1839 3690 1892 necessitatem
3726 1839 3918 1892 veniret

2375 1933 2553 1987 Basilii
2599 1933 2891 2001 appellandi
2935 1933 3191 2002 episcopi.
3225 1932 3313 1986 Sic
3356 1947 3414 1985 re
3471 1929 3668 1984 infecta
3702 1929 3918 1985 Basilius

2375 2032 2428 2077 et
2480 2023 2735 2092 episcopi,
2781 2039 2915 2093 quos
2957 2033 3376 2087 convocaverat,
3427 2022 3603 2077 mmsti
3660 2021 3915 2077 discesse-

2376 2124 2519 2169 runt.

2444 2206 2639 2274 Liquet
2671 2221 2737 2261 ex
2780 2206 2861 2259 his
2903 2220 3019 2275 quae
3054 2208 3386 2262 narravimus
3424 2206 3779 2275 Theophilum
3828 2205 3914 2261 Se-

2374 2300 2560 2355 bastia;
2593 2299 2774 2359 fuisse,
2799 2313 2918 2351 cum
2956 2313 2984 2350 a
3020 2297 3215 2352 Basilio
3264 2315 3477 2363 venere,
3512 2301 3600 2369 qui
3626 2302 3691 2354 de
3724 2300 3919 2370 episco-

2371 2408 2561 2463 porum
2622 2394 2854 2445 adventu
2905 2391 3210 2443 nuntiarent
3262 2390 3361 2459 (ἡ).
3413 2391 3545 2444 Cum
3600 2393 3707 2446 hoc
3768 2392 3921 2445 Cilice

2370 2485 2622 2554 episcopo
2660 2484 2969 2539 Eustathius
2999 2483 3051 2536 in
3087 2480 3340 2535 Basiliutn
3380 2482 3829 2547 frequentissimis
3872 2484 3918 2536 in

2377 2577 2730 2630 concionibus
2762 2576 3129 2637 invehebatur,
3160 2571 3310 2641 quasi
3344 2571 3568 2625 Basilius
3598 2572 3781 2639 populi
3815 2574 3919 2624 ani-

2372 2670 2475 2723 mis
2504 2669 2675 2722 aliena
2730 2668 2799 2721 ab
2833 2668 2999 2736 ipsius
3032 2666 3291 2720 Eustathii
3325 2664 3567 2718 doctrina
3613 2664 3922 2717 inseruisset

2370 2761 2639 2831 dogmata.
2676 2759 2812 2814 Huic
2841 2759 3205 2813 criminationi
3244 2758 3413 2812 locum
3461 2755 3676 2809 videtur
3714 2752 3920 2807 dedisse

2371 2868 2474 2906 non
2507 2862 2609 2905 tam
2638 2852 2936 2921 subscripta
2960 2853 3025 2905 ab
3046 2851 3346 2915 Eustathio,
3372 2848 3552 2902 Basilii
3584 2847 3774 2914 petitu,
3800 2845 3921 2900 fides

2372 2944 2606 3005 Nicaena,
2637 2959 2796 3011 qnam
2843 2959 2869 2996 a
2901 2942 3123 3007 Basilio,
3176 2946 3303 2995 dum
3358 2940 3603 2995 Sebastia
3651 2938 3918 3000 transiret,

2373 3031 2544 3100 palam
2580 3041 2633 3089 et
2680 3042 2881 3099 aperte,
2913 3047 3015 3083 non
3046 3047 3109 3084 ex
3143 3046 3199 3083 re
3226 3039 3279 3083 et
3311 3029 3574 3083 sententia
3633 3022 3918 3089 Eustalhii,

2295 3159 2339 3219 ς
2371 3121 2564 3191 populo
2599 3121 2905 3190 praedicata.
2937 3119 3050 3172 Non
3100 3121 3243 3173 enim
3295 3120 3646 3173 dubitandum
3688 3126 3770 3171 est
3799 3115 3921 3184 quin

2371 3213 2685 3268 Eustathius
2743 3211 2884 3265 hunc
2917 3212 3177 3265 honorem
3224 3210 3419 3263 Basilio
3460 3208 3736 3273 habuerit,
3768 3221 3920 3277 quem

2368 3303 2636 3374 episc0pis
2661 3304 2711 3355 in
2748 3302 2921 3356 aliena
2955 3284 3181 3355 ecclesia
3213 3300 3406 3353 deferri
3447 3312 3560 3352 mos
3591 3309 3735 3362 erat,
3769 3309 3825 3352 ut
3851 3297 3923 3352 eis

2369 3398 2594 3467 populus
2619 3395 2943 3451 erudiendus
2970 3395 3291 3447 traderetur.

2437 3490 2501 3545 ll.
2533 3490 2588 3544 S.
2619 3487 2881 3545 Eusebius
2914 3484 3333 3547 Samosatensis,
3356 3498 3475 3537 cum
3508 3480 3740 3536 moleste
3767 3481 3925 3534 ferret

2368 3582 2469 3635 hoc
2495 3581 2785 3634 amicorum
2806 3579 3083 3634 dissidium
3106 3578 3192 3647 (ἱ),
3225 3577 3452 3630 medium
3472 3588 3529 3628 se
3548 3573 3692 3627 inter
3720 3583 3923 3626 utrum-

2369 3684 2472 3739 que
2506 3674 2843 3739 iuterposuit,
2878 3687 2940 3725 ac
2980 3685 3161 3739 pacem
3184 3680 3411 3722 conatus
3439 3676 3522 3721 est
3550 3666 3781 3721 sarcire.
3813 3661 3927 3729 Egit

2368 3777 2487 3816 cum
2531 3762 2830 3824 Eustathio,
2862 3771 2919 3813 ut
2949 3762 2998 3813 is
3024 3762 3180 3815 fidem
3205 3774 3355 3812 suam
3388 3768 3667 3827 purgaret,
3690 3770 3747 3815 et
3778 3759 3844 3813 ab
3865 3768 3927 3810 eo

2368 3865 2589 3925 accepta
2624 3855 2687 3908 de
2710 3855 2811 3908 fide
2834 3867 3085 3920 responsa
3120 3852 3262 3903 misit
3282 3851 3347 3903 ad
3377 3849 3637 3903 Basilium
3665 3852 3754 3921 (j),
3774 3864 3925 3921 quem

2366 3950 2525 4003 etiam
2569 3948 2632 4002 ad
2662 3962 2845 4018 pacem
2901 3945 3244 4010 hortabatur,
3283 3952 3336 3995 et
3372 3940 3697 3996 humilitatis
3733 3939 3929 4011 signiﬁ-

2368 4039 2607 4093 cationes
2636 4040 2703 4093 ab
2730 4054 2792 4093 eo
2821 4038 3161 4105 reposcebat.

2441 4130 2749 4198 Respondet
2782 4130 3010 4184 Basilius
3036 4143 3096 4183 se
3119 4143 3213 4198 pro
3254 4142 3382 4195 pace
3405 4126 3565 4179 vitam
3606 4126 3929 4195 profundere

2369 4231 2611 4290 paratum
2636 4236 2777 4287 esse,
2806 4222 2897 4276 sed
2922 4235 3104 4273 veram
3147 4232 3355 4285 pacem,
3385 4232 3503 4286 quae
3528 4234 3557 4272 a
3594 4218 3825 4274 Domino
3853 4232 3929 4271 re-

2368 4313 2489 4367 licta
2518 4321 2620 4378 est,
2654 4314 2940 4380 exquirere
2972 4326 2986 4374 ;
3026 4308 3092 4363 ab
3129 4308 3412 4363 Eustathio
3456 4320 3638 4364 autem
3687 4308 3820 4362 nihil
3847 4306 3928 4360 af-

2367 4406 2493 4461 ferri
2524 4407 2666 4477 quod
2698 4403 2961 4473 ejusmodi
2988 4416 3172 4470 pacem
3210 4403 3502 4457 conciliare
3535 4402 3749 4470 possit;
3786 4402 3851 4456 ab
3872 4413 3932 4456 eo

702 4502 850 4557 locus
876 4500 1098 4569 intelligi
1120 4501 1300 4564 debet,
1336 4501 1423 4554 ubi
1448 4510 1746 4555 conventus
1774 4502 2143 4570 episcoporum
2173 4505 2256 4556 iu-
2291 4518 2334 4573 ι)
2366 4501 2505 4553 cnim
2532 4497 2814 4567 quaesitum
2844 4508 2964 4549 esse
2991 4494 3057 4549 ab
3083 4495 3261 4560 initio,
3287 4506 3465 4547 utrum
3502 4509 3529 4545 a
3554 4495 3933 4548 communione

699 4594 898 4647 dictus.

766 4681 1025 4749 Quamvis
1076 4681 1426 4751 Basilius(f),
1475 4698 1595 4736 cum
1649 4682 1931 4736 formulam
1985 4682 2262 4738 Eustathio

699 4774 1145 4830 subscribendam
1200 4773 1505 4843 pr0posuit,
1550 4775 1704 4828 fidem
1762 4774 1905 4828 illius
1961 4783 2263 4843 suspectam

700 4882 805 4920 non
843 4866 1087 4928 haberet,
1121 4867 1212 4919 sed
1238 4867 1340 4921 hoc
1382 4866 1538 4918 unice
1568 4875 1857 4933 spectaret,
1889 4875 1944 4919 ut
1968 4865 2261 4918 amicorum

701 4958 1106 5024 suspicionibus
1142 4966 1196 5010 et
1235 4958 1577 5011 inimicorum
1607 4966 1917 5011 occurreret
1953 4956 2258 5017 calumniis;

700 5062 761 5100 ea
797 5063 879 5100 res
906 5058 1083 5102 tamen
1104 5048 1368 5103 Eustathii
1394 5049 1629 5102 furorem
1655 5048 1918 5112 accendit,
1951 5049 2099 5114 isque
2126 5048 2261 5103 hanc

695 5143 925 5207 primam
958 5142 1184 5195 internae
1229 5142 1365 5195 labis
1414 5140 1860 5204 significationem
1892 5140 2055 5199 dedit,
2090 5150 2145 5191 ut
2194 5142 2259 5193 ad

698 5230 840 5284 diem
871 5241 925 5285 et
955 5230 1129 5285 locum
1166 5234 1355 5287 adesse
1383 5233 1568 5285 nollet.
1598 5231 1784 5285 Adfuit
1814 5240 1993 5285 autem
2025 5228 2256 5284 Basilius

698 5322 773 5392 (g)
808 5323 1113 5392 diligenter,
1140 5333 1342 5376 etcum
1391 5323 1507 5392 ejus
1553 5322 1709 5376 amici
1745 5323 1938 5393 partim
1981 5322 2249 5383 adessent,

768 5501 841 5567 (η)
874 5504 967 5567 Ep.
1001 5504 1127 5566 2M,
1173 5520 1224 5556 n.
1261 5502 1315 5555 2.

768 5568 997 5640 (ὸ)ῌήᾱ.

771 5634 840 5725 ές)
872 5636 991 5725 1'1“).
1020 5639 1124 5725 .1"in
1163 5638 1371 5690 Nestor.
1400 5648 1441 5688 ct
1474 5634 1691 5703 Eutych.

772 5706 849 5763 (cf)
886 5707 981 5769 Ep.
1017 5707 1135 5756 1⁸51).

777 5772 848 5836 (ο)
888 5773 986 5838 Ep.
1018 5772 1145 5828 ΞΗ,
1177 5786 1231 5819 ιι.
1261 5769 1320 5819 2.

2364 4599 2545 4643 arceat
2565 4603 2659 4641 eos
2682 4587 2769 4657 qui
2802 4586 2959 4641 tidem
2984 4586 3254 4641 Nicmnam
3283 4600 3390 4639 non
3422 4583 3715 4652 recipiunt,
3742 4597 3795 4640 et
3816 4597 3933 4639 cum

2371 4682 2437 4736 iis
2465 4681 2554 4747 qui
2595 4680 2855 4748 Spiritum
2882 4688 3127 4734 sanctum
3163 4689 3469 4732 creaturam
3498 4676 3687 4734 dicere
3718 4677 3930 4739 audent,

2365 4781 2567 4840 partem
2594 4771 2790 4825 habere
2815 4770 2947 4824 nolit
2978 4770 3103 4825 :cui
3138 4770 3418 4839 quaestioni
3442 4785 3563 4825 cum
3602 4768 3929 4837 respondere

2368 4862 2434 4914 ad
2485 4862 2709 4915 verbum
2768 4861 3059 4925 debuisset,
3089 4861 3141 4912 in
3196 4859 3312 4913 illas
3351 4859 3642 4915 verborum
3686 4857 3932 4925 ambages

2369 4952 2676 5016 deﬂexisse,
2698 4967 2833 5021 quas
2864 4953 3085 5007 miserat
3117 4951 3396 5009 Eusebius.
3430 4953 3613 5019 Itaque
3656 4960 3811 5020 rogat
3834 4948 3932 5003 Eu-

2371 5046 2575 5100 sebium
2601 5043 2849 5108 Basilius,
2895 5060 2961 5097 ne
2988 5059 3045 5097 se
3073 5042 3332 5109 ejusmodi
3366 5042 3809 5096 cavillationibus
3842 5046 3931 5094 de-

2368 5136 2469 5205 cipi
2498 5150 2615 5189 cum
2638 5134 2755 5187 aliis
2787 5135 3044 5203 patiatur.
3072 5132 3218 5187 Adeo
3240 5145 3417 5185 autem
3452 5132 3796 5201 exploratum
3822 5138 3934 5185 erat

2366 5227 2562 5280 Basilio
2590 5225 2657 5278 dc
2692 5225 2962 5279 Enstathii
2990 5224 3208 5289 astutia,
3236 5234 3294 5275 ut
3327 5223 3376 5275 in
3413 5237 3472 5277 se
3522 5237 3744 5276 omnem
3780 5222 3933 5277 dissi-

2365 5320 2435 5374 dii
2476 5318 2686 5387 culpam
2739 5318 2971 5371 conferri
3009 5317 3262 5385 patiatur,
3293 5315 3335 5369 si
3386 5313 3708 5370 Eustathius
3737 5314 3925 5371 adduci

2447 5492 2512 5557 (Γ)
2558 5490 2652 5555 Ep.
2690 5489 2812 5550 9.25,
2854 5506 2905 5539 ιι.
2932 5490 2984 5540 ’7.

2436 5570 2509 5623 ((1)
2544 5559 2639 5622 Ep.
2663 5557 2788 5615 9.44,
2833 5574 2885 5608 n.
2921 5557 2973 5607 ‘2.

2434 5628 2507 5692 pq
2549 5626 2803 5687 Ep.150.

2440 5698 2501 5755 (ἢ
2544 5692 2798 5757 Ep.tas.

2440 5760 2507 5824 (j)
2539 5758 2694 5819 lbiti.,
2728 5774 2779 5808 ιι.
2809 5758 2865 5809 2.
