4080 6312
1472 337 1631 393 VITA
1673 335 1729 389 S.
1772 329 2035 387 BASILII.

3265 338 3375 382 ΕῪΙΙ

144 466 313 537 possit,
353 469 413 514 ut
463 473 899 515 commun.oncm
940 472 1060 510 cum
1102 457 1222 511 fidei
1269 453 1513 508 hostibus
1560 453 1703 506 clare
1732 453 1779 511 Α
1810 462 1933 501 vera
1989 444 2052 495 ad
2102 457 2292 496 omnes
2354 441 2600 495 homines
2653 436 2866 507 scriptis
2901 434 2984 506 (Γ).
3044 432 3176 486 Nam
3235 434 3371 486 intra

142 573 184 614 ειι
210 558 494 626 perspicue
524 552 846 607 conﬁteatur
874 561 966 601 aut
1010 548 1202 615 ejuret.
1238 544 1484 612 Quandiu
1519 555 1695 598 autem

143 655 183 705 in
210 651 310 701 hoc
348 644 513 699 medii
571 645 807 700 hominis
834 650 973 696 statu
1026 640 1311 713 perstabit,
1341 654 1611 708 nunquam
1642 651 1699 690 se

142 754 243 793 cum
278 752 344 790 eo
390 740 913 793 communicaturum
962 735 1215 789 declarat.
1257 731 1370 785 Non
1427 744 1601 785 tamen
1634 729 1701 782 ab

144 831 195 883 iis
219 831 305 896 qui
334 830 494 885 fidem
527 844 630 884 non
680 826 1278 889 recipiebant,omntno
1306 823 1695 878 discedendum

143 930 316 991 putat;
353 926 445 977 sed
493 921 764 989 quomodo
794 921 1020 976 curandi
1052 917 1161 969 sint
1191 924 1245 969 et
1287 914 1572 970 reducendi
1606 927 1700 966 ex-

145 1018 295 1084 ponit.
328 1015 542 1071 Eximia
575 1014 746 1069 virtus
780 1015 836 1068 S.
895 1010 1110 1065 Eusebii
1155 1020 1211 1063 et
1261 1012 1497 1065 studium
1551 1005 1696 1071 lidei,

141 1110 265 1175 quod
296 1111 349 1161 in
376 1120 441 1159 eo
482 1117 749 1159 Summum
801 1101 1031 1165 exstitit,
1056 1101 1300 1155 dubitare
1350 1117 1453 1153 non
1487 1099 1695 1165 sinunt,

144 1202 252 1269 quin
292 1196 550 1249 Basilium
577 1198 677 1251 hac
718 1196 768 1246 in
793 1208 953 1246 causa
995 1193 1149 1261 longe
1188 1191 1475 1246 Eustathio
1500 1200 1699 1259 praetu-

143 1293 264 1346 lerit.
305 1288 442 1343 llinc
478 1304 599 1342 eum
647 1286 876 1341 Basilius
924 1288 1025 1340 hoc
1066 1287 1181 1356 ipso
1228 1300 1389 1349 anno,
1424 1294 1481 1337 ut
1528 1284 1701 1337 homi-

145 1398 245 1437 nem
284 1380 356 1435 de
404 1380 718 1443 Eustathio,
748 1388 806 1432 ut
854 1396 950 1448 par
1000 1387 1105 1441 est,
1141 1377 1458 1431 sentientem
1507 1389 1700 1428 consu-

144 1475 243 1541 luit,
269 1475 401 1546 quid
456 1471 671 1528 clericis
733 1470 1004 1526 Eustathii
1056 1484 1208 1537 opem
1259 1483 1452 1533 suam,
1486 1466 1699 1524 detecto

144 1570 363 1640 cpiscopi
419 1569 501 1622 sui
550 1565 752 1631 ulcere,
800 1564 1213 1633 implorantibus
1264 1560 1696 1632 respondendum

144 1673 282 1719 esset.

205 1756 284 1809 Ill.
321 1753 440 1808 Non
472 1752 561 1809 hic
591 1760 852 1809 steterunt
882 1749 1151 1804 Eustathii
1178 1748 1230 1803 in
1267 1748 1520 1804 Basiliam
1556 1750 1693 1818 inju-

1802 551 2005 610 paucos
2036 536 2155 590 dies
2178 548 2275 603 per
2293 548 2504 587 onmem
2535 534 2759 587 Pontum
2790 541 2843 583 et
2874 528 3135 582 Galatiam
3170 527 3378 595 disper-

1800 652 1872 691 sae
1909 633 2122 687 fuerunt
2160 647 2173 691 ;
2228 626 2523 694 quinetiam
2564 627 2835 679 ferebatur
2875 621 3136 690 ejusmodi
3164 620 3376 674 litterav

1802 743 1919 782 rum
1976 723 2160 792 baiuli,
2212 720 2462 790 Bithynia
2532 727 2835 785 peragrata,
2881 731 3052 784 usque
3098 716 3162 766 ad
3204 717 3373 783 ipsum

1808 819 2210 887 HelleSpoutum
2263 821 2600 880 penetrasse.
2640 806 2763 861 Jam
2808 820 3009 878 septem
3063 807 3175 860 dies
3207 807 3279 872 (g)
3320 805 3372 857 in

1803 912 2029 964 aliorum
2070 905 2329 962 manibus
2376 911 2495 954 erat
2552 901 2797 970 cpistola,
2843 918 2961 953 cum
3011 900 3074 953 ad
3119 897 3370 952 Basiliam

1802 1004 2066 1070 pervenit.
2110 1002 2163 1056 In
2229 1000 2332 1054 hoc
2374 997 2577 1067 repudii
2606 994 2701 1066 (It),
2747 1002 2804 1046 ut
2852 994 3149 1061 appellabat
3199 991 3374 1045 Gene-

1804 1090 1969 1145 thlius
2001 1092 2306 1161 presbyter,
2337 1087 2536 1152 libello,
2568 1100 2775 1154 magna:
2814 1084 3131 1137 humilitatis
3160 1084 3372 1136 laudem

1799 1184 1901 1238 sibi
1948 1183 2196 1236 sumebat
2240 1181 2570 1236 Eustathius
2603 1196 2614 1229 :
2652 1177 2849 1231 Basilio
2884 1186 3065 1229 autem
3098 1174 3287 1228 fastum
3318 1184 3373 1228 et

1798 1276 2188 1345 arrogantiam,
2224 1275 2464 1328 fraudem
2519 1282 2574 1326 et
2622 1271 2934 1327 versutiam,
2969 1267 3367 1333 corruptionem

1808 1369 2170 1423 Ecclesiarum
2210 1377 2263 1419 et
2302 1367 2598 1419 animarum
2658 1361 2949 1432 perniciem
2994 1357 3370 1426 exprobrabat.

1799 1462 2140 1528 Querebatur
2179 1458 2321 1527 quod
2368 1457 2787 1524 chorcpiscopos
2828 1470 2954 1508 suos
2998 1450 3238 1517 recipere
3274 1462 3371 1500 no-

1799 1554 2010 1619 luisset,
2041 1562 2095 1605 et
2127 1550 2267 1621 quod
2305 1565 2368 1603 ex
2416 1548 2626 1602 insidiis
2657 1558 2711 1600 et
2741 1546 2879 1599 malo
2920 1546 3102 1597 animo
3134 1541 3374 1596 celeber-

1798 1645 1987 1697 rimam
2031 1644 2172 1697 illam
2200 1640 2318 1694 lidei
2358 1639 2755 1693 confessionem
2790 1637 3082 1691 elicuisset.
3121 1636 3244 1689 Post
3273 1633 3373 1687 has

1798 1734 2201 1789 criminatioaes
2225 1742 2278 1786 et
2301 1731 2434 1785 alias
2456 1728 2740 1783 nonnullas
2759 1727 3179 1796 subjiciehanlur
3208 1723 3367 1777 verba

148 1850 241 1902 ηερ,
280 1845 547 1901 graviora
599 1845 901 1914 posmiatm
943 1841 1221 1896 inimicum
1264 1852 1474 1909 tempus
1506 1812 1693 1895 Basilii
1726 1812 1768 1867 Β
1803 1825 2053 1879 hzrretica
2075 1825 2409 1893 Apollinarii,
2455 1823 2617 1875 tacito
2658 1832 2832 1873 tamen
2865 1816 3103 1873 auctoris
3134 1816 3372 1878 nomine,

147 1941 307 1993 virtuti
335 1938 437 2010 (a).
468 1936 796 2002 Quaerebam
818 1934 959 1989 illius
988 1935 1221 1988 animam
1246 1932 1452 1993 Ariani,
1481 1945 1694 1983 eorum-

148 2046 234 2100 que
264 2032 576 2087 molitioues
632 2030 777 2084 brevi
810 2039 1053 2099 optatum
1080 2030 1283 2082 exitum
1324 2025 1587 2078 habiturae
1622 2025 1699 2080 vi-

148 2125 410 2178 debantur.
450 2125 629 2191 Quare
661 2126 712 2178 in
762 2140 873 2179 rem
927 2139 1030 2176 non
1062 2131 1184 2172 erat
1229 2118 1534 2185 Eustathio,
1564 2134 1695 2173 con-

141 2216 359 2283 junctum
393 2232 516 2270 cum
568 2216 764 2270 Basilio
797 2216 1006 2267 videri:
1046 2220 1233 2264 contra
1279 2213 1508 2265 maxima
1557 2213 1696 2278 apud

148 2312 353 2364 Arianos
403 2307 806 2362 commendatio
831 2344 845 2367 ,
878 2303 1182 2371 Capitaliter
1221 2305 1288 2357 ab
1321 2318 1384 2355 eo
1413 2303 1694 2355 dissidere.

151 2401 292 2455 Paulo
321 2412 447 2467 post
474 2414 536 2451 ea
572 2412 689 2465 quae
715 2397 1057 2450 narravimus
1081 2397 1183 2464 (b),
1222 2396 1355 2449 abiit
1387 2396 1700 2449 Eustathius

150 2495 191 2545 in
229 2492 472 2545 Ciliciam
532 2505 593 2543 ac
645 2488 860 2544 Gelasio
915 2488 1125 2539 cuidam
1169 2502 1289 2540 eam
1335 2486 1491 2541 fidem
1542 2503 1701 2555 expo-

148 2581 341 2650 suit(c),
361 2597 525 2649 quam
555 2581 719 2635 solius
743 2580 851 2633 Arii
873 2590 991 2633 erat
1009 2578 1267 2641 scribere,
1294 2588 1345 2631 et
1367 2580 1408 2631 si
1435 2578 1555 2648 quis
1571 2578 1699 2632 Ario

149 2673 314 2727 similis
345 2675 451 2746 (ά).
475 2672 603 2727 Inde
634 2672 835 2726 reditus
865 2682 918 2725 et
942 2671 1121 2725 statim
1148 2671 1339 2724 littera:
1366 2670 1703 2725 communio-

150 2779 250 2816 nem
283 2763 481 2817 Basilio
513 2763 881 2815 renuntiantes
905 2779 917 2814 :
944 2761 1039 2814 has
1064 2762 1269 2814 litteras
1302 2760 1479 2814 attulit
1510 2760 1701 2814 Eusta-

150 2856 702 2923 thiuschorepiscopus
734 2854 825 2922 (e),
855 2868 988 2921 quas
1015 2868 1134 2906 cum
1168 2854 1698 2908 tradidissetcohorti

151 2946 341 3010 Vicarii,
367 2966 435 3001 ac
477 2949 592 3003 dies
635 2959 740 3001 tres
778 2948 828 3000 in
865 2948 997 3003 urbe
1026 2954 1393 3001 commoratus
1429 2957 1594 3009 esset,
1633 2947 1697 2999 ad

152 3056 232 3093 sua
263 3055 605 3102 reversurus,
642 3037 806 3091 multo
835 3036 945 3106 jam
1002 3054 1226 3106 vespere
1274 3038 1472 3092 dicitur
1504 3043 1569 3092 ad
1596 3036 1702 3092 Ba-

152 3133 238 3185 silii
271 3134 412 3188 aedes
461 3131 693 3185 venisse.
733 3128 803 3183 At
842 3145 963 3184 eum
993 3130 1229 3184 dcrn‘iire
1263 3145 1385 3184 cum
1419 3130 1697 3193 audiisset,

153 3225 265 3276 ahiit
298 3241 395 3278 nec
435 3224 701 3293 postridie
734 3224 799 3277 ad
847 3238 968 3276 eum
1021 3223 1270 3287 accessit,
1304 3221 1395 3275 sed
1448 3222 1513 3273 ad
1555 3221 1697 3273 hunc

152 3316 339 3368 modum
379 3330 484 3370 suo
526 3330 653 3381 erga
687 3315 832 3367 illum
875 3314 1093 3383 expleto
1125 3312 1492 3384 perfunctorie
1522 3310 1699 3367 ollicio

152 3409 307 3461 rediit.
344 3408 525 3463 Causa
567 3417 735 3475 ruptae
767 3404 1164 3460 communionis
1203 3404 1316 3457 haec
1362 3402 1695 3471 praztexeba-

152 3508 238 3565 tur,
266 3504 409 3571 quod
451 3499 677 3553 Basilius
730 3498 795 3551 ad
836 3497 1223 3566 Apollinarium
1272 3495 1594 3564 scripsisset,
1647 3506 1701 3549 et

152 3592 510 3664 presbyterum
559 3591 847 3645 Diodorum
883 3588 1115 3642 haberet
1160 3588 1696 3642 communicatorem.

153 3683 231 3737 llis
262 3686 477 3740 litteris.
500 3682 783 3753 perculsus
815 3681 1043 3735 Basilius
1069 3679 1204 3732 nihil
1235 3678 1559 3746 nespondere
1600 3692 1695 3745 po-

154 3778 256 3842 tuit,
283 3788 397 3832 erat
424 3777 573 3831 enim
624 3775 976 3828 constrictum
1006 3772 1145 3824 illius
1180 3784 1293 3833 cor,
1316 3770 1493 3839 lingua
1522 3770 1697 3823 disso—

153 3866 263 3929 luta.
304 3883 501 3922 manus
556 3865 817 3934 torpebat.
856 3863 1158 3930 Quinetiam
1212 3862 1415 3915 fatetur
1461 3877 1519 3916 se
1569 3876 1705 3929 pene

154 3960 193 4011 in
220 3961 350 4015 hunc
388 3957 565 4013 animi
610 3973 715 4012 non
747 3957 991 4027 generosi
1043 3957 1288 4024 morbum
1340 3956 1615 4017 incidisse,
1647 3966 1704 4009 ut

151 4052 304 4106 odium
362 4052 651 4107 hominum
686 4050 1015 4119 conciperet,
1050 4064 1110 4102 ac
1150 4058 1427 4117 suspectos
1464 4047 1702 4100 omnium

152 4161 301 4200 mores
329 4146 582 4201 haberet.
620 4156 719 4195 nec
761 4142 1085 4195 charitatem
1121 4143 1259 4194 inter
1291 4140 1562 4201 homines,
1603 4138 1703 4191 nisi

152 4246 245 4296 solo
273 4244 519 4302 nomine,
553 4238 803 4293 crederet
857 4248 1161 4305 superesse.
1197 4233 1329 4287 Nam
1364 4248 1486 4287 cum
1528 4233 1707 4286 consi-

154 4342 341 4396 deraret
388 4330 769 4395 Eustathium,
816 4329 906 4398 qui
958 4327 1026 4381 ab
1066 4328 1286 4380 infantia
1345 4328 1409 4379 ad
1443 4342 1705 4381 summam

157 4439 471 4487 senectutem
532 4423 678 4475 visus
733 4418 910 4473 fuerat
955 4422 1209 4487 praeclare
1253 4434 1310 4471 se
1352 4431 1559 4488 gerere,
1596 4428 1705 4471 tam

1802 1930 1859 1971 ut
1893 1917 2123 1970 Basilius
2155 1920 2267 1985 ipse
2298 1928 2489 1972 auctor
2521 1929 2640 1972 esse
2663 1912 3086 1967 existimaretur.

1876 2009 2033 2061 Putat
2083 2008 2454 2063 Tillemontius
2506 2010 2557 2060 in
2622 2007 2812 2061 iisdem
2892 2002 3090 2056 litteris
3150 2001 3372 2055 dicteria

1802 2101 1969 2157 fuisse
2022 2102 2074 2155 in
2125 2100 2280 2153 fidem
2313 2099 2611 2161 Niczcnam,
2652 2115 2713 2152 ac
2743 2096 2995 2151 Basiliam
3032 2095 3375 2151 h0m00ll>iil'

1805 2205 1945 2250 stam
1983 2209 2080 2263 per
2116 2192 2395 2247 ridiculum
2431 2191 2600 2244 fuisse
2633 2190 2972 2256 appellatum.
3008 2195 3071 2243 At
3104 2205 3210 2243 non
3247 2200 3375 2258 puto

1809 2288 2153 2342 Eustathium
2191 2298 2296 2338 tam
2331 2284 2440 2339 cito
2484 2298 2546 2336 ex
2592 2281 3040 2335 dissimulationis
3086 2280 3374 2334 involucris

1802 2380 2068 2447 prodiisse
2106 2381 2190 2449 (ἰ).
2229 2379 2352 2431 Νοιι
2387 2380 2529 2431 enim
2564 2375 2836 2430 fatebatur
2864 2390 2921 2427 se
2944 2372 3207 2442 pmnitere
3233 2373 3375 2441 quod

1803 2468 2003 2529 libello,
2040 2482 2197 2534 quem
2233 2467 2281 2519 ei
2326 2466 2556 2519 Basilius
2609 2472 2983 2533 proposuerat,
3020 2461 3375 2530 subscripsis-

1804 2568 1905 2613 set.
1944 2558 2121 2624 Quare
2170 2574 2288 2610 cum
2334 2560 2409 2609 ait
2459 2558 2686 2610 Basilius
2739 2556 2803 2607 de
2845 2554 3223 2624 Eustathioij)
3256 2572 3270 2606 :
3298 2552 3372 2607 Hi

1803 2668 1937 2706 nunc
1972 2662 2017 2704 et
2055 2654 2118 2703 de
2152 2651 2371 2704 Nictzna
2399 2649 2677 2702 detrahunt
2700 2646 2822 2715 ﬁde,
2851 2663 3043 2715 nosth
3067 2654 3249 2698 vocant
3280 2647 3367 2697 ho-

1802 2744 2171 2806 moousiastas,
2214 2744 2265 2795 id
2312 2742 2648 2795 referendum
2696 2740 2908 2792 videtur
2944 2739 3009 2791 ad
3045 2747 3371 2808 postremam

1801 2837 2069 2891 Eustathii
2104 2836 2409 2897 formulam,
2435 2849 2595 2902 quam
2623 2833 2805 2902 Cyzici
2844 2832 3046 2898 recepit
3086 2845 3225 2883 anno
3248 2829 3371 2885 575.

1804 2926 1956 2981 Unde
1999 2927 2226 2979 Basilius
2262 2924 2333 2993 (Ιί)
2372 2940 2384 2974 :
2420 2923 2567 2976 Patet
2615 2932 2812 2985 autem,
2850 2923 3041 2991 inquit,
3103 2923 3265 2977 etiam
3312 2939 3375 2975 ea:

1803 3019 1867 3071 iis
1896 3034 2013 3086 qua:
2059 3034 2194 3070 nunc
2233 3016 2704 3084 circumferuntur,
2734 3016 3135 3069 condemnatam
3176 3017 3239 3069 ab
3268 3016 3375 3068 illis

1806 3127 1915 3165 esse
1963 3111 2115 3179 ﬁdem
2143 3107 2439 3163 Nica‘nam.
2486 3106 2734 3160 Viderunt
2756 3109 2891 3159 enim
2920 3104 3164 3176 Cyzicum
3187 3118 3232 3161 et
3256 3122 3374 3159 cum

1808 3204 1915 3259 alia
1948 3204 2051 3271 ﬁde
2078 3204 2269 3257 reversi
2309 3213 2450 3257 sunt.
2481 3201 2544 3255 Et
2591 3204 2690 3255 sub
2720 3201 2878 3255 finem
2912 3201 3151 3271 ejusdem
3185 3201 3377 3269 episto-

1802 3298 1901 3350 he:
1938 3294 2171 3349 Promoti
2220 3296 2288 3347 ad
2337 3295 2725 3363 episcopatum,
2778 3302 2832 3344 ut
2888 3291 3059 3345 media
3104 3291 3371 3356 incidam,

1799 3401 1921 3459 quot
1952 3390 2073 3456 ﬁdei
2111 3390 2364 3456 [orum/as
2402 3388 2722 3440 ediderunt?
2750 3388 2922 3439 Aliam
2951 3388 3189 3455 Attcyra',
3214 3385 3374 3437 aliam

1805 3481 2094 3544 Seleuciw,
2136 3480 2299 3531 aliam
2353 3478 2845 3545 Constantinopoli,
2890 3493 3103 3545 eamque
3160 3477 3377 3529 celeber-

1806 3573 2017 3633 rimam,
2059 3571 2331 3639 Lampsaci
2375 3570 2557 3632 aliam,
2591 3571 2804 3638 posthac
2842 3586 2954 3621 eam
2995 3585 3111 3638 qua:
3150 3568 3279 3622 Nice
3318 3570 3373 3621 in

1811 3664 2034 3717 Thracia
2060 3664 2197 3717 edita
2244 3673 2339 3728 est,
2378 3679 2513 3716 mmc
2552 3678 2738 3715 rursus
2780 3662 2940 3714 aliam
2985 3663 3183 3731 cyzici,
3222 3661 3373 3729 cujus

1804 3758 2015 3828 quidem
2070 3758 2267 3826 reliqua
2307 3758 2509 3826 ignoro,
2543 3762 2631 3810 sed
2673 3756 2769 3809 hoc
2817 3765 3021 3809 tantum
3061 3756 3241 3817 audio,
3286 3770 3375 3809 eu

1806 3850 2013 3902 silentio
2088 3848 2522 3901 consubstantiali
2590 3848 2817 3907 indicto,
2864 3846 3032 3899 simile
3091 3846 3375 3900 secundum

1806 3944 2084 3995 essentiam
2132 3958 2269 3994 nunc
2311 3941 2522 4008 inferre,
2571 3950 2729 4007 atque
2787 3955 2891 3992 una
2951 3954 3067 3990 cum
3117 3938 3374 3992 Eunomia

1808 4034 2151 4101 blasphemias
2197 4034 2250 4085 in
2294 4031 2548 4100 Spiritum
2587 4041 2825 4083 sanctum
2880 4032 3221 4085 conscribere.
3254 4031 3376 4085 Haec

1807 4139 1936 4190 ergo
1982 4123 2245 4193 Cyzicena
2276 4121 2525 4185 formula,
2550 4135 2671 4189 qua:
2700 4120 2765 4173 de
2804 4121 2906 4175 iide
2947 4119 3157 4175 Nicmna
3191 4128 3376 4187 aperte

1808 4215 2154 4277 detrahebat,
2188 4214 2331 4267 inter
2374 4212 2655 4278 formulas,
2690 4214 2881 4283 quibus
2926 4213 3242 4283 subscripsit
3269 4210 3378 4265 Eu-

1809 4308 2063 4369 stathius,
2095 4317 2363 4375 postrema
2394 4315 2493 4359 est.

1890 4397 2090 4451 Prmter
2137 4398 2341 4451 litteras
2392 4399 2457 4451 ad
2505 4397 2778 4460 Dazinam,
2835 4412 2969 4467 quas
3013 4411 3111 4450 suo
3160 4396 3375 4450 nomine

154 4522 331 4579 levibus
364 4523 431 4576 de
456 4516 663 4573 'causis
690 4515 743 4567 in
774 4528 1036 4566 summam
1090 4510 1408 4565 discordiam
1439 4510 1699 4578 erupisse,

1812 4492 2053 4559 vulgavit
2099 4491 2427 4555 Eustathius,
2478 4490 2679 4560 sparsit
2722 4491 2882 4544 etiam
2923 4492 2977 4543 in
3034 4487 3217 4558 vulgus
3256 4488 3377 4555 Epi-

158 4633 243 4668 non
280 4617 499 4670 \idehat
554 4610 823 4681 quomodo
867 4607 987 4661 aliis
1037 4604 1342 4659 hominibus
1387 4602 1699 4666 conﬁderet,

151 4709 225 4777 qui
258 4723 349 4762 nec
379 4715 542 4761 tanta
571 4719 599 4756 a
650 4716 707 4755 se
738 4709 1054 4767 acceperant
1090 4696 1289 4749 amoris
1325 4697 1565 4764 pignora,
1603 4708 1702 4747 nec

156 4809 278 4850 tanta
308 4800 587 4851 virtutum
634 4792 930 4860 specimina
961 4790 1258 4844 ediderant.
1294 4787 1476 4855 Itaque
1508 4785 1702 4851 litteris

155 4887 393 4941 Eustathii
428 4885 576 4938 nihil
610 4880 901 4950 respondit,
935 4895 1037 4933 non
1081 4886 1413 4944 contemptu,
1442 4876 1531 4928 sed
1572 4890 1702 4929 con-

153 4980 240 5033 silii
262 4978 467 5049 inpia,
504 4986 564 5029 et
588 4974 729 5043 quod
758 4972 889 5026 nihil
917 4972 1097 5025 dolore
1130 4971 1345 5037 dignum
1375 4968 1549 5036 eloqui
1576 4952 1701 5037 pos-

152 5082 234 5124 set.
276 5072 366 5126 Sic
408 5068 678 5124 aﬂectum
714 5064 969 5119 Basilium
1007 5064 1171 5115 multo
1199 5064 1443 5129 graviora
1473 5074 1699 5128 excepe—

153 5171 275 5215 runt.
305 5158 635 5217 Eustathius
675 5156 847 5224 palam
875 5164 929 5207 et
954 5163 1137 5225 aperte
1168 5154 1311 5207 virus
1346 5151 1510 5205 animi
1541 5151 1619 5204 sui
1648 5149 1701 5202 in

153 5255 318 5309 litteris
344 5254 537 5323 specie
574 5248 790 5320 quidem
825 5249 890 5304 ad
922 5248 1205 5318 quemdam
1233 5244 1503 5307 Daziuam,
1542 5257 1700 5310 quem

154 5345 354 5401 Basilius
406 5341 884 5414 religiosissimum
937 5341 1160 5394 fratrem
1213 5335 1461 5405 appellat,
1499 5336 1591 5388 sed
1626 5347 1705 5386 re-

207 5476 273 5546 (α)
300 5476 397 5547 np.
430 5475 564 5547 tea.

212 5541 276 5615 (lt)
309 5541 404 5615 Ep.
435 5546 577 5607 9M,
610 5561 663 5597 ιι.
688 5541 741 5597 2.

212 5630 276 5679 tcl
306 5620 401 5686 Ep.
437 5619 574 5686 ιδιι.

212 5689 281 5755 ια)
306 5683 399 5755 Ep.
433 5684 577 5747 244,
612 5701 665 5738 ιι.
690 5683 757 5755 73.

233 5754 275 5825 ε)
308 5754 400 5827 Ep.
432 5756 567 5818 ἥδ,
594 5756 653 5809 n.

299 5822 392 5901 5,1.
420 5826 559 5893 2M,
596 5843 645 5876 ιι.
687 5822 742 5877 5.

1813 4586 2011 4638 stolam
2056 4583 2233 4636 Basilii
2268 4584 2334 4636 ad
2371 4582 2780 4651 Apollinarium.
2828 4580 2932 4634 Sed
2976 4596 3093 4633 eam
3135 4579 3374 4648 profere-

1812 4677 1921 4741 bat,
1956 4674 2059 4730 noii
2094 4687 2149 4729 ut
2195 4694 2223 4728 a
2273 4675 2468 4729 Basilio
2501 4675 2700 4740 scripta
2757 4671 2949 4736 fuerat,
2984 4674 3074 4725 sed
3110 4671 3375 4727 adultera-

1813 4780 1943 4835 tam,
1999 4768 2135 4821 lorte
2178 4770 2244 4821 ab
2284 4769 2405 4835 ipso
2447 4764 2745 4829 Eustathio,
2781 4775 2835 4817 ut
2878 4766 3067 4833 conjici
3100 4776 3280 4834 posset
3306 4782 3375 4820 ex

1814 4863 1897 4917 his
1929 4861 2115 4914 Basilii
2150 4860 2338 4913 verbis
2367 4859 2430 4929 (ι)
2462 4874 2475 4911 :
2509 4856 2661 4922 Quod
2692 4861 2738 4910 si
2774 4857 3041 4925 proferunt
3085 4860 3377 4927 epistolam,

1832 4966 2076 5008 ca'terum
2109 4962 2228 5003 ante
2256 4967 2419 5002 annos
2456 4950 2633 5019 uiginti
2661 4952 2887 5021 quinque
2912 4952 2980 5003 ad
3004 4952 3168 5018 ipsum
3196 4951 3379 5021 (Apol-

1819 5043 2101 5111 linarium)
2125 5043 2395 5110 scriptam,
2420 5052 2467 5092 et
2496 5058 2557 5093 ne
2580 5041 2714 5093 hanc
2728 5043 2931 5107 quidem
2953 5052 3005 5093 ut
3030 5057 3060 5092 a
3092 5058 3171 5093 me
3186 5039 3378 5107 scripta

1820 5148 1917 5201 est,
1938 5135 2027 5190 sed
2050 5134 2436 5197 adulteratam;
2460 5151 2491 5184 a
2522 5134 2706 5201 quibus
2734 5144 2927 5197 autem,
2962 5131 3102 5185 Deus
3128 5134 3245 5195 scit,
3270 5142 3374 5187 etc.

1812 5232 2131 5296 (lorrnptam
2177 5228 2229 5279 in
2273 5242 2339 5278 eo
2386 5225 2554 5279 fuisse
2585 5235 2735 5293 putat
2781 5223 3178 5288 Tillemontius,
3214 5226 3374 5289 quod,

1816 5337 1935 5375 cum
1984 5318 2216 5374 Basilius
2251 5320 2385 5371 nihil
2412 5319 2717 5387 scripsisset
2748 5325 2941 5387 prater
2972 5317 3198 5372 amicam
3232 5320 3373 5371 salu-

1884 5465 1957 5529 (9)
1993 5458 2090 5529 ΕΡ·
2122 5454 2250 5529 ἓὲξνο
2284 5472 2337 5508 ιιι
2374 5455 2426 5529 .7-

1880 5525 1956 5599 (Ῐι)
2277 5526 2418 5599 tt._i.

1901 5600 1939 5669 ἕ)
1979 5594 2227 5669 Ερηῖἳϐ,
2265 5612 2317 5647 ιι.
2349 5596 2404 5649 '5.

1912 5667 1942 5733 ξ’)
1978 5667 2111 5720 Ibid.

1874 5734 1949 5810 (7‘)
1979 5737 2076 5810 ΕΡ·
2096 5734 2222 5810 ξμς
2256 5752 2309 5788 ³³-
2337 5735 2388 5810 ’ἓ-

1881 5805 1943 5882 (ι)
1980 5807 2073 5879 εν.
2098 5806 2225 5874 aet,
2249 5824 2303 5862 ιι.
2340 5805 2396 5859 2.
