4080 6312
657 346 774 389 :vm
1996 333 2529 392 PROLEGOMENA.

648 450 946 504 tationem:
984 447 1033 501 in
1062 461 1121 498 ea
1151 446 1403 516 epistola,
1436 464 1596 516 quam
1645 450 1958 505 Eustathius
1987 452 2228 519 profere-
2261 458 2304 513 Α
2339 452 2471 515 129,
2509 452 2633 515 150,
2670 450 2789 514 151,
2822 450 3131 507 referuntur
3161 468 3188 507 a
3216 451 3557 512 Tillctnontio
3587 458 3655 514 ad
3687 467 3896 516 autum.

650 540 764 599 bat.
805 541 999 592 librum
1036 538 1109 592 De
1155 538 1363 605 Spiritu
1400 551 1581 593 sancto
1619 552 1822 609 peteret
1864 543 1931 596 ab
1958 542 2229 611 Apollina—
2338 560 2466 598 num
2516 544 2679 613 hujus
2742 544 2886 597 anui.
2935 543 3005 597 At
3045 546 3283 612 profecto
3326 545 3522 615 prima,
3549 564 3671 617 qua:
3700 561 3783 607 est
3829 553 3895 606 ad

651 637 753 687 rio.
794 632 907 686 llue
940 644 1145 699 spectat
1190 636 1332 701 quod
1368 634 1444 686 ait
1482 636 1531 686 in
1564 634 1793 701 epistula
1850 637 1914 689 ad
1945 634 2231 704 Patroaibi-
2334 646 2578 689 sanctum
2629 635 2943 697 Eusebium,
2994 650 3099 687 non
3140 636 3312 691 solum
3364 646 3488 690 ante
3540 642 3807 697 violentas
3834 642 3896 697 ad

654 722 759 775 lunt
792 724 866 790 (al
897 742 910 777 :
944 722 1065 776 Non
1112 734 1283 776 tanien
1342 726 1405 777 de
1448 724 1651 791 Spiritu
1690 736 1868 780 sancto
1909 737 1997 779 aut
2039 728 2229 783 librant
2337 729 2595 781 Danizam
2637 728 2842 782 litteras
2888 726 3222 789 collocanda,
3263 728 3360 784 sed
3406 730 3567 784 etiam
3616 746 3745 789 ante
3786 752 3895 799 eas,

652 828 733 864 me
763 813 827 866 ab
861 831 920 867 eo
951 828 1118 882 petere
1147 816 1357 868 memini
1397 826 1488 868 aut
1520 817 1733 871 ntissum
1764 818 2017 885 acripere.
2341 836 2473 890 quas
2504 818 2815 873 Eustathius
2841 835 2870 872 e
2898 817 3086 873 Cicilia
3128 819 3337 874 rediens
3369 821 3605 890 scripsit,
3655 836 3713 876 ut
3755 842 3900 881 εοηι-

728 903 816 958 ιν.
854 906 1142 972 Postquam
1191 922 1373 961 rumor
1405 908 1471 961 ad
1508 922 1752 963 sanctum
1786 909 2057 965 Meletium
2082 916 2232 967 detu-
2335 913 2653 965 munioncm
2688 910 2883 965 Basilio
2916 910 3269 966 renuntiaret.
3301 910 3434 967 Nam
3464 914 3517 969 1·
3539 922 3657 969 erat
3686 919 3900 985 quidem

656 998 716 1051 lit
770 999 1035 1053 Ettstatbii
1084 999 1135 1051 iu
1180 998 1237 1053 S.
1279 999 1537 1055 Basiliutn
1581 1002 1909 1067 calumnias,
1960 1005 2143 1058 mirari
2174 1020 2232 1059 se
2336 1002 2587 1066 Basilius,
2615 1016 2737 1055 cum
2780 1002 2845 1055 ad
2872 1003 3160 1057 Eusebium
3192 1003 3431 1070 scripsit,
3462 1006 3598 1061 fixus
3620 1015 3677 1061 et
3706 1006 3900 1064 immo.

656 1090 997 1159 signiﬁcavit,
1025 1092 1167 1158 quod
1206 1108 1399 1146 novum
1442 1094 1776 1164 Apollinario
1826 1096 2036 1149 crimen
2074 1095 2233 1147 infer-
2338 1108 2423 1151 tus
2468 1100 2521 1151 in
2557 1095 2780 1151 consilio
2810 1095 3075 1150 Eustatbii
3107 1112 3135 1151 a
3172 1112 3265 1151 sua
3308 1102 3690 1155 communione
3720 1114 3899 1154 remo-

665 1193 832 1245 retur,
864 1196 924 1233 ac
955 1182 1119 1235 multo
1161 1186 1353 1251 magis,
1383 1194 1440 1238 ut
1478 1185 1767 1238 verisimile
1799 1196 1902 1251 est,
1951 1185 2092 1254 quod
2124 1195 2231 1236 tam
2336 1188 2529 1253 vendi;
2577 1199 2630 1242 at
2658 1189 2865 1243 consilii
2902 1188 3062 1257 hujus
3088 1190 3395 1259 aequitatem
3425 1190 3502 1245 sic
3552 1193 3821 1259 defendit,
3849 1206 3907 1248 ut

661 1276 895 1343 indignis
932 1276 1105 1328 modis
1158 1275 1411 1329 Basilium
1445 1278 1759 1332 Eustathius
1802 1280 2088 1333 laceraret.
2122 1274 2234 1328 Mil-
2337 1295 2437 1334 nec
2474 1282 2833 1335 renuntiatam
2865 1282 2966 1336 sibi
3011 1282 3079 1335 ab
3122 1282 3403 1337 Eustathio
3444 1288 3905 1349 communionem,

662 1364 722 1415 '5‘
757 1364 805 1416 εί
850 1363 1076 1419 Βθδίίῖυδ
1114 1365 1186 1436 (θ)
1225 1367 1541 1435 Ανοιιῖιιίπίί
1599 1370 1758 1424 Verba
1804 1368 2011 1421 Γειιιιοδο
2056 1366 2234 1420 “bello
2337 1388 2437 1425 nec
2472 1372 2709 1427 famosos
2759 1371 2989 1435 libellos,
3029 1373 3124 1426 sed
3160 1383 3365 1427 tantum
3409 1374 3638 1429 astutias
3672 1376 3818 1431 illius
3853 1385 3907 1432 et

661 1458 728 1509 ab
782 1454 1067 1510 Eustatbio
1121 1458 1405 1524 subjuncta
1438 1474 1449 1508 :
1483 1472 1549 1512 ex
1622 1477 1729 1527 quo
1786 1457 2099 1525 conjectura
2150 1470 2234 1511 est
2338 1465 2714 1520 ρειγίηοιῑυηεε
2778 1475 3048 1519 causam.
3111 1465 3170 1519 2o
3203 1465 3486 1532 Eusebius,
3536 1480 3692 1534 quem
3745 1484 3907 1537 εηρη

662 1551 897 1602 nondum
944 1551 1057 1603 bzcc
1104 1550 1279 1604 oculis
1328 1550 1440 1605 suis
1498 1552 1693 1604 vidisse
1730 1549 2021 1604 Meletium.
2066 1548 2233 1619 Negat

2336 1558 2745 1613 observavimus
2774 1573 2877 1611 non
2916 1559 3092 1611 minus
3130 1560 3379 1612 amicum.
3408 1557 3710 1619 Eustathio,
3744 1572 3908 1626 quant

665 1642 892 1697 Basilius
938 1644 1131 1698 adduci
1181 1660 1238 1699 se
1286 1662 1462 1715 posse,
1508 1655 1564 1697 ut
1603 1645 1715 1697 btet:
1753 1644 2015 1697 Eustatbii
2075 1658 2233 1696 manu

2338 1654 2510 1720 ipsum
2548 1652 2823 1713 Basiliunt,
2852 1650 3041 1715 fuisse,
3070 1652 3147 1705 sic
3176 1649 3502 1703 discordiam
3532 1652 3672 1707 inter
3698 1660 3909 1704 utrum-

662 1737 924 1792 fabricata
982 1739 1260 1793 existimet
1289 1754 1301 1788 :
1334 1752 1500 1806 seque
1534 1746 1781 1791 coactmn
1819 1737 2016 1791 fatetur
2046 1737 2231 1800 fuisse,
2342 1759 2444 1813 que
2480 1744 2670 1798 sedare
2706 1744 3039 1807 instituebat,
3071 1754 3127 1796 ιιι
3151 1742 3321 1811 ipsum
3354 1742 3608 1797 unguium
3640 1745 3909 1814 quodam.

666 1844 776 1885 tum
821 1832 1223 1887 criminationis
1255 1831 1545 1896 diluendat,
1576 1840 1686 1883 tum
1732 1830 1853 1883 lidei
1906 1843 2019 1882 sua:
2056 1831 2235 1884 decla-
2269 1826 2307 1879 Β
2341 1838 2498 1889 modo
2527 1836 2942 1905 reprehendere,
2979 1845 3033 1889 ρι
3063 1835 3204 1889 iniu;
3230 1835 3333 1889 hac
3363 1835 3417 1888 in
3468 1850 3523 1889 re
3553 1836 3913 1889 ιηηηίιίηιρη

663 1924 847 1977 τηιιάω
878 1939 1064 1987 causa,
1116 1921 1537 1991 Apollinarium,
1572 1935 1629 1976 ut
1661 1924 1933 1978 hominem
1976 1922 2237 1978 Sabellia-
2342 1928 2619 1995 requirere
2663 1928 2957 1981 videretur.
2990 1927 3049 1979 lcl
3085 1935 3233 1995 patet
3262 1941 3329 1980 ex
3360 1926 3451 1978 his
3467 1926 3648 1979 verbis
3674 1924 3860 1979 Basilii
3898 1944 3909 1977 :

664 2031 745 2068 ll!"
773 2015 991 2068 ll-TW-Sis
1018 2012 1251 2075 amnem.
1288 2024 1497 2066 ηοιπε-
2343 2018 2487 2073 Tunc
2517 2040 2547 2074 ιι
2584 2039 2662 2075 me
2700 2019 3015 2073 humilitatis
3049 2018 3478 2087 signi/irationem
3522 2033 3751 2085 reposce.
3795 2016 3915 2071 Non

738 2109 812 2161 Εκ
869 2123 976 2177 (Ιυο
1020 2108 1249 2162 Βι¹5ί¹ί¹¹5
1305 2106 1540 2177 Νῖεοροιῑ
1587 2106 1940 2169 discesserat.
1996 2119 2051 2159 υι
2114 2105 2234 2159 ﬁdei
2348 2129 2479 2185 ergo
2537 2115 2747 2168 viderat
2791 2110 3055 2167 Eusebius
3112 2108 3372 2178 epistolas
3441 2109 3557 2163 illas
3606 2109 3907 2172 Eustathii,

666 2202 951 2255 formulam
979 2200 1145 2255 ferret
1186 2200 1465 2255 Enstathio
1490 2242 1507 2267 ,
1536 2200 1665 2253 nihil
1692 2216 1912 2269 prorsus
1938 2199 2235 2262 Theodoto,
2340 2221 2567 2275 quarum
2603 2221 2703 2257 una
2744 2202 3172 2258 communionem
3222 2200 3563 2255 renuntiabat
3602 2200 3671 2254 ob
3710 2198 3921 2254 saqu.

670 2310 901 2363 quocum
934 2308 995 2348 ea
1029 2296 1095 2350 de
1128 2310 1183 2349 re
1213 2295 1631 2354 deliberaverat.
1674 2307 1852 2361 neque
1882 2306 2107 2360 parvum
2146 2306 2235 2345 ηε·
2345 2310 2455 2351 tum
2493 2297 2620 2349 olim
2652 2312 2746 2363 per
2790 2295 2996 2347 litteras
3023 2291 3448 2362 Apollinarium;
3481 2290 3649 2345 altera
3682 2289 3915 2343 horreu-

670 2403 774 2455 que
806 2403 1057 2458 magnum
1098 2388 1160 2440 de
1204 2387 1469 2441 Eustathii
1500 2387 1659 2441 rebus
1686 2386 2004 2455 scripserat.
2040 2383 2243 2454 Repre-
2343 2391 2425 2444 dis
2448 2386 2922 2444 criminationibus
2959 2386 3156 2442 referta
3188 2397 3304 2441 erat
3334 2405 3347 2441 :
3379 2395 3623 2455 utraque,
3653 2385 3698 2437 si
3728 2384 3914 2438 minus

670 2481 701 2533 b
725 2496 872 2533 nisus
912 2482 979 2534 ob
1022 2494 1139 2533 eam
1184 2494 1295 2532 rem
1332 2496 1360 2531 a
1402 2478 1678 2533 Theodoto
1714 2490 1871 2546 negat
1904 2480 1975 2547 (ε)
2005 2480 2142 2533 hanc
2172 2480 2244 2533 si-
2343 2498 2487 2551 spem
2531 2496 2747 2536 omnem
2787 2480 3067 2535 auferebat
3130 2480 3278 2550 pacis
3325 2479 3646 2540 sarciendae,
3683 2485 3739 2531 at
3772 2488 3925 2531 certe

668 2573 823 2627 lt-util
862 2573 941 2626 sui
973 2586 1095 2626 esse
1117 2586 1355 2632 causam,
1390 2571 1531 2639 quod
1576 2588 1695 2639 qua:
1732 2571 1833 2625 sibi
1867 2572 1933 2626 ab
1964 2570 2244 2625 Eustatltio
2344 2575 2634 2628 accusandi
2673 2574 2855 2628 Basilii
2898 2583 2951 2628 et
3011 2573 3329 2626 humilitatis
3363 2571 3431 2623 ab
3480 2584 3543 2624 eo
3571 2570 3925 2641 reposcenda:

667 2665 1005 2729 acciderant,
1037 2663 1350 2732 negligenda
1402 2663 1643 2727 duceret,
1683 2663 1777 2715 sed
1810 2663 1951 2731 quod
1995 2662 2237 2717 omnium
2347 2666 2521 2719 locum
2577 2666 2780 2719 nullum
2856 2663 3216 2731 relinquebat.
3288 2658 3343 2716 5⁸
3400 2660 3736 2729 Eustathius,
3794 2675 3924 2716 cum

670 2756 812 2810 fama
838 2754 1112 2810 celebrata
1151 2765 1351 2809 essent.
1382 2752 1435 2808 ld
1465 2754 1608 2807 enim
1660 2755 1773 2822 ipse
1808 2760 2095 2805 curaverat
2138 2750 2244 2803 Eu-
2346 2752 2567 2820 scripsit
2595 2751 2845 2817 Eusebio,
2874 2749 3058 2805 Basilii
3093 2750 3529 2806 communionem
3564 2754 3631 2807 ad
3655 2768 3715 2807 se
3747 2760 3927 2804 retra-

672 2850 927 2905 statbius.
973 2847 1117 2903 Illius
1162 2848 1390 2918 injurias
1430 2847 1669 2901 breviter
1722 2851 1941 2896 enarrat
1979 2839 2231 2905 Basilius,
2350 2844 2482 2899 bere
2522 2843 2737 2899 volebat
2786 2844 3053 2915 ambiguis
3090 2843 3384 2914 responsis,
3418 2846 3613 2899 nedum
3656 2843 3728 2897 illi
3770 2856 3928 2895 com-

672 2960 737 2999 ac
769 2958 967 2999 novum
995 2941 1207 2995 facinus
1240 2939 1502 3009 adimis“.
1534 2938 1675 3007 (ιυοιι
1707 2945 1905 2999 limen.
1942 2944 1995 2987 ul
2025 2948 2244 2989 rumore
2349 2938 2657 2993 munionem
2694 2936 2817 3006 ipse
2854 2937 3003 3005 prior
3027 2937 3410 3003 renuntiasset,
3437 2948 3529 2989 aut
3553 2936 3604 2988 iu
3633 2930 3810 2986 oculis
3843 2938 3929 2984 to-

672 3044 977 3102 acceptum,
1010 3043 1322 3085 asseverare
1362 3044 1471 3081 non
1512 3026 1693 3079 audct-
1756 3024 2054 3082 Ferebnlur
2098 3026 2243 3080 enim
2353 3034 2459 3086 tius
2494 3045 2631 3100 pene
2663 3028 2901 3084 Orientis
2936 3038 3118 3082 notam
3148 3028 3440 3095 impietatis
3469 3025 3777 3080 inussisset.

673 3123 989 3180 Eustathius
1021 3121 1354 3175 reordinare.
1396 3116 1546 3183 Quod
1582 3117 1801 3187 quidem
1850 3117 2029 3171 minus
2058 3130 2242 3171 verum
2279 3176 2315 3188 Α
2422 3125 2708 3179 Existimat
2744 3122 3117 3177 Tiuemomius
3164 3121 3442 3184 Βειείιίυηι,
3490 3126 3775 3188 postquam
3817 3116 3931 3173 Eu.

678 3218 870 3280 fuisse,
898 3228 961 3269 ac
992 3214 1190 3268 merito
1217 3226 1499 3267 assensum
1536 3210 1844 3266 cohibuisse
1872 3209 2125 3262 Basiliam
2179 3222 2244 3261 ex
2273 3176 2317 3232 ο
2354 3218 2609 3273 smmum
2646 3215 2778 3270 vidit
2814 3215 2880 3269 ad
2916 3225 3194 3269 extremas
3240 3176 3536 3268 ίηοοηάίξε
3558 3176 3919 3281 sig-“incuria.

673 3310 794 3361 aliis
842 3308 959 3375 eius
1008 3306 1202 3358 ¹ίιιετίε
1243 3302 1472 3373 Ρθτερίυί
1528 3311 1722 3370 Ρυίεθῑν
1762 3300 1811 3352 ί¹¹
1866 3300 2060 3368 ‘1"ibus
2104 3298 2245 3352 "una
2354 3325 2450 3363 nes
2479 3306 2687 3372 efferri,
2723 3308 3008 3364 nonnullas
3041 3307 3092 3363 ei
3128 3307 3277 3377 pacis
3325 3305 3666 3362 conditiones
3711 3303 3931 3365 tulisse,

682 3411 906 3466 prorsus
937 3394 1093 3464 hujus
1134 3392 1357 3447 sceleris
1380 3391 1601 3444 mentio.
1636 3388 1797 3442 Forte
1822 3386 2107 3441 accusandi
2138 3384 2246 3438 Eu-

2354 3416 2551 3470 easque
2585 3395 2885 3456 declinasse
2910 3418 2974 3454 ac
3007 3399 3405 3469 subterfugisse
3432 3396 3796 3452 EuStatltium.
3820 3391 3930 3447 Sed

676 3492 867 3547 stathii
899 3491 1023 3543 inde
1068 3497 1193 3542 nata
1227 3486 1440 3540 occasio
1474 3486 1617 3554 quod
1651 3482 1937 3536 vehemens
1968 3491 2021 3534 et
2050 3481 2245 3533 immo-

2356 3509 2417 3549 ex
2446 3508 2553 3562 quo
2589 3493 2900 3546 Eustathius
2934 3492 3194 3545 indictum
3218 3503 3544 3559 congressus
3569 3485 3743 3540 locum
3777 3484 3935 3539 adire

677 3587 900 3639 det-atus
933 3582 1201 3637 interdum
1254 3581 1304 3633 in
1353 3580 1455 3633 hoe
1504 3592 1701 3647 genere
1754 3575 1963 3629 fuisset.
2019 3573 2151 3627 Nam
2197 3575 2246 3626 in
2363 3586 2557 3649 notum,
2585 3586 2759 3638 ηηιιυε
2792 3585 2902 3652 jam
2932 3582 3115 3635 Basilii
3159 3596 3281 3633 cum
3310 3595 3376 3634 εο
3403 3592 3725 3647 congressu;
3753 3577 3934 3631 ειςιί-

677 3678 876 3732 litteris
902 3678 979 3746 (ά)
1010 3690 1146 3745 quas
1186 3674 1405 3741 scripsit
1442 3672 1701 3724 adversus
1753 3670 2030 3736 episcopos
2064 3684 2090 3719 a
2124 3668 2248 3734 qui-

2362 3678 2445 3743 tit,
2476 3676 2635 3730 nulla:
2666 3688 2888 3742 prorsus
2933 3672 2999 3725 ad
3040 3686 3164 3727 eum
3201 3671 3413 3725 lillerm.
3458 3668 3566 3723 Sed
3609 3683 3732 3724 cum
3766 3668 3940 3722 Euse-

678 3772 780 3823 bus
816 3769 1093 3836 depositus
1138 3767 1336 3828 fuerat,
1383 3764 1612 3833 negabat
1645 3778 1739 3814 eos
1773 3776 1891 3813 esse
1935 3762 2246 3828 episcopus;

2365 3773 2511 3825 bium
2539 3779 2692 3838 rogat
2719 3768 2815 3839 (lt),
2845 3776 2899 3820 nt
2929 3782 3107 3821 earum
3130 3781 3246 3836 qua
3268 3765 3330 3817 ab
3347 3765 3496 3817 initio
3522 3764 3792 3832 proposita
3818 3762 3941 3830 fue-

678 3862 871 3915 altaria
916 3857 1165 3913 Basilidis
1190 3864 1491 3916 everterat,
1533 3856 1667 3905 etin
1702 3852 1931 3919 propriis
1976 3851 2250 3904 sacriﬁea-

2362 3878 2417 3915 re
2439 3862 2751 3925 meminerit,
2784 3875 2844 3914 ea
2879 3858 3127 3929 intelligit
3156 3873 3275 3927 quae
3305 3854 3543 3927 Nicopoli
3579 3855 3796 3909 rediens
3822 3852 3937 3908 Eu-

684 3964 831 4009 verat
891 3952 1123 4014 mensis;
1167 3966 1230 4002 ac
1282 3949 1334 4001 itt
1396 3946 1645 4000 ceclesiis
1698 3948 1939 3997 Antasea:
1991 3953 2042 3997 et
2096 3943 2252 3997 Zelo-

2359 3952 2557 4017 stathio
2590 3959 2960 4020 proposuerat,
2992 3964 3170 4015 nempe
3218 3960 3393 3999 utrum
3434 3962 3544 4011 eos,
3579 3946 3667 4015 qui
3700 3962 3806 4000 non
3848 3961 3937 4001 re-

681 4068 800 4106 rum
830 4052 899 4122 (ε)
926 4050 1273 4120 presbyteros
1305 4055 1359 4099 et
1385 4045 1645 4098 diaconos
1680 4057 1773 4109 per
1808 4057 1866 4095 se
1900 4043 2011 4109 ipse
2048 4040 2251 4093 cousti-
2359 4044 2555 4109 cipiunt
2580 4043 2851 4094 Nica'nam
2889 4039 3063 4107 ﬁdem,
3100 4054 3371 4093 arceamus
3414 4055 3443 4090 α
3478 4036 3862 4099 υοηιηιιιηὶοιιε,
3890 4045 3939 4088 ιι

682 4153 882 4199 luerat.
2363 4147 2537 4187 utrum
2565 4149 2682 4185 cum
2728 4132 2813 4189 iis.
2856 4130 2943 4200 qui
2977 4140 3273 4182 creaturam
3305 4128 3474 4185 dicere
3506 4126 3759 4195 Spiritum
3804 4141 3939 4178 san-

752 4238 807 4290 ltt
842 4250 1033 4288 manus
1061 4232 1318 4302 Olympii,
1354 4230 1443 4299 qui
1487 4229 1716 4299 insignis
1748 4235 1865 4281 erat
1924 4228 2062 4278 inter
2116 4221 2253 4277 Neo-
2363 4238 2501 4281 ctum
2534 4228 2749 4288 audent,
2784 4234 2984 4293 portent
3012 4224 3199 4276 habere
3232 4221 3475 4274 nolimus.
3518 4219 3640 4273 llzcc
3671 4218 3818 4271 enim
3855 4227 3941 4267 to-

686 4329 1041 4383 t-acsarienses
1086 4327 1221 4379 civis
1262 4334 1314 4377 et
1370 4322 1571 4375 Basilio
1631 4320 1857 4383 amicus,
1896 4325 2259 4387 pervenerunt
2378 4318 2540 4371 tidem
2584 4315 2761 4369 verbis
2794 4315 3052 4368 habemus
3092 4314 3143 4366 in
3192 4311 3417 4363 formula
3446 4309 3587 4371 fidei,
3616 4308 3757 4365 cuia
3784 4302 3949 4359 Basi-

689 4417 883 4469 litterat
916 4411 1182 4465 Eustathii
1214 4412 1278 4460 ad
1326 4409 1613 4467 Dazinam;
1644 4420 1843 4472 easque
1890 4404 2074 4457 statim
2110 4400 2258 4453 Basi-
2378 4412 2449 4464 ιίυ
2478 4410 2765 4479 proposita;
2789 4406 3105 4473 subscripsit
3130 4403 3457 4457 Eustathius,

689 4511 759 4559 liu
789 4503 1142 4575 perferendas
1171 4500 1384 4553 curavit
1432 4496 1525 4565 (ι’),
1555 4495 1838 4561 suspicans
1884 4488 1942 4543 id
1984 4492 2127 4559 quod
2157 4508 2252 4543 usu
2292 4518 2300 4571 J

2335 4543 2337 4552 .
2445 4502 2596 4567 Quod
2628 4509 2835 4567 spectat
2864 4497 2927 4550 ad
2971 4508 3081 4549 tres
3116 4495 3251 4547 alias
3281 4493 3556 4562 epistulas,
3576 4491 3788 4559 scripta!
3812 4498 3946 4543 sunt

687 4598 889 4662 evenit,
927 4594 1266 4650 Eustathiuut
1302 4606 1403 4643 non
1450 4600 1555 4639 tam
1594 4589 1700 4639 cito
1738 4584 1854 4636 illas
1898 4581 2100 4636 Basilio
2131 4584 2260 4636 mis-
2362 4605 2481 4664 ροει
2514 4592 2798 4661 epistolam
2833 4591 2899 4643 ad
2939 4588 3218 4649 υπίητιιη,
3255 4590 3320 4640 de
3348 4603 3450 4655 (μω
3484 4584 3809 4639 mentionem
3865 4581 3947 4634 τι.-

694 4705 901 4742 surum.
936 4687 990 4742 Id
1035 4687 1288 4756 colligere
1334 4695 1616 4753 possumus
1641 4694 1705 4732 es
1749 4679 1830 4730 his
1860 4692 1977 4744 qua:
2006 4674 2261 4745 leguntur
2360 4683 2670 4739 είιιιιιεεεά
2720 4696 2826 4735 non
2890 4678 3057 4732 multo
3106 4687 3225 4746 νοει
3275 4678 3491 4746 scripta;
3525 4675 3793 4727 videntur,
3829 4671 3948 4728 Re-

683 4780 983 4836 sttbﬁnettt
1014 4778 1253 4849 epistolae
1281 4779 1343 4829 ad
1378 4774 1676 4845 O'ytupiuut
1706 4790 1719 4824 :
1753 4768 1883 4823 Han:
1916 4768 2145 4837 quidem,
2178 4767 2262 4821 in-
2370 4776 2599 4846 spondet
2649 4773 2792 4828 enim
2849 4771 3080 4825 Basilius
3134 4770 3346 4824 Μυιειίο
3391 4779 3443 4821 ct
3495 4766 3795 4829 Theodoto,
3847 4765 3948 4835 qui

692 4873 809 4942 quit
838 4871 939 4940 (g),
968 4870 1035 4923 ad
1080 4868 1296 4919 missum
1335 4878 1531 4917 tantum
1565 4861 1828 4927 respondi,
1865 4870 1918 4911 ut
1961 4868 2009 4912 et
2036 4858 2145 4926 ipse
2182 4872 2267 4909 ve-

2368 4882 2522 4922 suum
2566 4881 2632 4921 ex
2684 4862 2948 4918 Eustathii
3003 4862 3242 4916 facinore
3287 4872 3557 4928 stuporem
3603 4856 3954 4922 significave-

694 4941 898 5019 ritatem
948 4962 1233 5029 intelligas,
1264 4972 1308 5011 et
1342 4960 1407 5010 iis
1458 4958 1549 5025 qui
1590 4956 1855 5008 raritatem
1902 4952 1954 5004 in
2002 4950 2263 5019 injustitia
2375 4969 2518 5022 ι-ιηιι,
2547 4956 2727 5011 statim
2768 4962 2937 5023 alque
2967 4953 3031 5005 ad
3060 4967 3246 5005 eorum
3289 4964 3447 5002 aures
3484 4946 3747 5015 pervenit.
3790 4941 3947 4998 Pm-

694 5061 921 5111 σιειξηετε
959 5055 1163 5114 ποίυσιίι
1204 5052 1543 5119 "iamiam"
1584 5049 1769 5116 [ηείαδσ
1809 5047 2041 5115 Εκροηῖι
2084 5046 2130 5097 εί
2161 5042 2263 5095 8³·
2377 5064 2521 5106 terea
2556 5058 2702 5117 patet
2736 5062 2801 5100 ex
2849 5046 3075 5114 epistola
3112 5045 3176 5097 ad
3206 5042 3472 5095 Meletium
3530 5038 3763 5093 nondum
3814 5045 3951 5090 tunc

694 5152 847 5202 silius
871 5147 998 5217 quid
1027 5149 1090 5199 de
1113 5144 1346 5212 acceptis
1370 5144 1437 5195 ab
1473 5140 1759 5194 Eustatbio
1790 5137 2003 5203 injuriis
2046 5136 2261 5198 sentiat,

2375 5146 2642 5211 ahjectum
2673 5141 2843 5195 fuisse
2871 5140 3155 5194 consilium
3190 5135 3453 5190 scribendi
3487 5134 3538 5186 in
3562 5131 3946 5195 Occidentem,

693 5262 859 5314 seque
905 5262 1007 5299 nec
1041 5256 1149 5297 tres
1193 5244 1322 5296 deos
1361 5239 1648 5293 admittere
1681 5251 1778 5291 nec
1819 5251 1940 5290 cum
1995 5232 2265 5305 Apollinao
2373 5236 2511 5303 quod
2536 5234 2587 5287 in
2619 5233 2813 5287 litteris
2851 5233 2951 5286 hac
2980 5240 3166 5285 testate
3194 5227 3413 5295 scriptis
3441 5224 3651 5295 penitus
3685 5234 3951 5275 evanuts-

698 5343 776 5393 rio
801 5338 1209 5393 communicare
1234 5335 1490 5387 declarat.
2374 5341 2431 5381 se
2460 5326 2777 5379 videbimus.
2823 5324 2876 5376 Ιιι
2917 5322 3142 5391 epistola
3180 5330 3357 5373 autem
3392 5317 3454 5369 ad
3486 5312 3793 5385 Olympium
3846 5311 3949 5365 im-

767 5430 1007 5496 Quatuor
1053 5430 1268 5489 litterate,
1312 5440 1448 5494 quas
1489 5421 1879 5486 recensuitnus,
1912 5433 2101 5488 nempe
2142 5416 2264 5479 1‘28,
2378 5417 2620 5488 probitas
2650 5417 2915 5469 Eustalhii
2948 5430 3084 5485 pene
3106 5416 3281 5468 adhuc
3308 5395 3549 5481 utrisque
3578 5404 3761 5461 Basilii
3795 5404 3955 5459 attri-

766 5609 839 5682 (α)
870 5609 966 5677 Ep.
995 5609 1124 5682 ΞΗ.
1152 5627 1205 5664 n.
1235 5610 1288 5663 '5.

2444 5599 2517 5682 te:
2546 5599 2637 5682 EP-
2663 5596 2785 5682 eis
2904 5594 2952 5682 ‘3-

770 5665 837 5710 ις
873 5665 927 5703 .·
1003 5665 1123 5710 μεθ’
2455 5669 2523 5738 (ῃ
2554 5668 2647 5737 Ep.
2673 5668 2800 5729 ἥδ,
2829 5684 2881 5720 ιι.
2910 5665 2954 5738 7.

2455 5736 2529 5807 (il)
2566 5736 2661 5807 Ep.
2696 5738 2817 5799 l3i,
2849 5753 2903 5792 tt.
2930 5736 2985 5791 ‘2.

1169 5838 1218 5874 tt.
1253 5819 1319 5885 6',
1356 5818 1480 5886 ~251,
1509 5835 1562 5873 ιι.
1595 5812 1652 5885 2,
1682 5816 1733 5871 5.
2456 5807 2532 5882 (It)
2572 5810 2663 5877 Ep.
2696 5808 2815 5862 128.
