4080 6312
1439 361 1597 418 VlTA
1635 358 1692 415 8.
1738 358 2000 419 BASlLll.
3248 389 3339 430 et:

135 468 211 524 bus
250 465 504 521 tinnitum
545 463 833 521 inferebat.
871 465 989 536 Ipse
1040 465 1339 539 Olympius,
1378 484 1499 525 enm
1540 472 1676 527 scri-
1702 477 1750 530 Α
1779 472 2075 529 Cedendum
2112 490 2255 540 esse,
2289 480 2381 534 sed
2409 480 2581 535 semel
2609 496 2711 534 una
2739 493 2895 552 parte
2917 481 3084 538 electa
3112 484 3345 555 reliquos

136 563 254 615 lteret
278 555 505 620 Basilio,
540 557 825 613 dubitabat
859 573 927 611 an
972 560 1199 629 epistola
1228 561 1293 613 ad
1324 560 1578 616 Dazinam
1615 567 1669 616 in
1771 579 1837 617 ex
1886 566 2197 621 testimonio
2234 582 2442 636 eorum,
2483 572 2678 642 quibus
2710 588 2970 630 concessa
3005 573 3167 629 fuerit
3194 590 3346 631 com-

132 653 220 715 ejus
260 664 449 704 manus
494 651 850 721 pervenisset.
894 648 1044 705 Unde
1076 651 1337 705 adductus
1379 662 1463 707 est
1504 663 1561 708 ut
1616 653 1673 709 il-
1773 656 1975 721 munio,
2027 657 2393 713 admittendos
2432 681 2444 715 :
2491 668 2532 717 si
2565 666 2710 720 enim
2746 666 2921 722 uultus
2971 670 3021 723 in
3060 667 3145 723 his
3184 672 3345 723 rebus

135 749 215 795 tam
242 741 438 799 Basilio
468 747 729 797 mitteret.
1774 745 2035 802 habeatur
2067 748 2330 811 delectus,
2395 767 2492 805 usu
2530 769 2846 812 eventurum
2891 771 2947 811 ut
2987 761 3207 816 literesis
3238 778 3343 816 mn.

190 835 396 890 Videtur
442 851 575 905 ergo
619 846 783 889 totam
828 838 968 894 hanc
1010 838 1332 906 tragmdiam
1361 841 1534 910 egisse
1565 838 1670 892 Eu-
1772 840 1853 906 gis
1880 840 2233 905 accendatur,
2264 842 2390 895 dum
2423 842 2481 907 ii,
2513 846 2604 913 qui
2659 854 2803 905 inter
2848 864 2910 905 se
2944 854 3179 909 maxime
3228 855 3345 908 dis-

136 928 334 982 statbius
375 944 404 979 a
460 926 648 981 diebus
685 924 907 984 Pascha:
955 943 1127 997 usque
1171 929 1237 982 ad
1288 945 1529 985 mensem
1580 928 1674 982 Ju-
1774 934 2034 998 sentiunt,
2083 937 2523 990 communionem
2573 935 3001 997 Occidentalium
3055 946 3170 1011 pari
3223 946 3347 1015 jure

139 1019 274 1073 ttiunt.
306 1017 454 1073 Nihil
483 1019 625 1072 enim
656 1020 853 1075 habent
878 1020 1094 1084 littcrte,
1118 1035 1251 1089 quas
1285 1021 1670 1088 recensuimus,
1777 1026 2031 1090 retinent,
2063 1036 2118 1079 et
2165 1038 2417 1097 acceptas
2453 1029 2524 1082 ab
2558 1030 2692 1098 ipsis
2752 1031 2958 1089 litteras
3014 1033 3117 1089 sibi
3162 1046 3346 1093 mutuo

138 1111 189 1164 de
210 1109 522 1178 gravissimo
555 1113 762 1176 morbo,
788 1126 896 1181 quo
924 1109 1153 1167 Basilius
1184 1114 1287 1169 hac
1311 1121 1497 1167 testate
1527 1110 1675 1166 labo-
1777 1114 2056 1182 objiciunt.

141 1204 251 1255 tavit
285 1217 298 1253 :
344 1210 400 1254 et
446 1216 568 1256 cum
618 1219 741 1257 eum
794 1204 1015 1256 morbus
1067 1202 1361 1258 detinuerit
1400 1217 1497 1273 per
1542 1203 1675 1258 duos
1846 1208 2112 1263 ltedeunti
2150 1208 2513 1267 Sanctissimo
2549 1209 2777 1265 Basilius
2812 1213 3096 1282 epistolam
3133 1214 3236 1271 152
3261 1216 3350 1270 de-

138 1307 317 1345 menscs
342 1291 609 1363 (nondum
636 1294 780 1347 enim
818 1304 1040 1349 Senatus
1071 1305 1189 1349 erat
1224 1296 1312 1349 die
1342 1294 1676 1364 quinquage-
1776 1300 1854 1354 dit
1882 1302 1947 1354 ad
1984 1302 2298 1355 Abramium
2331 1304 2623 1357 Batnnrum
2655 1305 2705 1357 in
2739 1302 3122 1373 Mesopotamia
3142 1309 3349 1377 episco-

137 1382 367 1454 siino),ac
387 1386 600 1442 tandem
618 1386 944 1453 aliquantum
966 1397 1257 1449 recreatus,
1283 1386 1477 1441 festum
1499 1384 1555 1441 S.
1578 1386 1679 1441 Eu—
1776 1408 1926 1463 pum,
1958 1394 2114 1460 cujus
2145 1411 2340 1448 nomen
2374 1396 2569 1464 legitur
2601 1400 2741 1451 inter
2768 1398 3057 1467 episc0pos
3092 1399 3347 1456 Orienta-

136 1475 309 1545 μίξει]ἱί
353 1478 447 1533 die
498 1477 726 1543 septimo
785 1474 1115 1547 Septembris
1153 1476 1542 1544 celebraverit,
1589 1491 1675 1533 se-
1777 1484 1852 1539 les
1872 1485 1922 1537 in
1945 1485 2106 1553 epist.
2134 1483 2223 1537 92.
2261 1485 2608 1540 Venerandus
2651 1488 2744 1542 ille
2778 1490 3065 1559 episcopus
3094 1489 3347 1555 Basilium

140 1572 231 1626 n‘ns
265 1587 448 1627 mense
488 1567 633 1623 Julio
678 1572 897 1627 ineunte
938 1572 992 1626 in
1024 1573 1269 1627 morbum
1309 1570 1546 1626 incidere
1568 1587 1674 1628 non
1776 1577 1845 1631 ab
1880 1576 2034 1630 initio
2068 1575 2351 1639 dilexerat,
2387 1577 2438 1630 id
2463 1586 2568 1642 est,
2600 1593 2663 1630 ex
2695 1594 2801 1647 quo
2827 1594 2946 1635 sese
2988 1580 3132 1635 inter
3158 1596 3217 1636 se
3247 1598 3345 1637 no-

139 1665 302 1730 potnit,
328 1678 395 1717 ac
422 1663 646 1731 proinde
669 1663 862 1719 littera:
892 1680 1012 1734 qua:
1051 1666 1194 1718 hunc
1227 1663 1477 1717 morbum
1518 1673 1673 1718 ante-
1777 1675 1991 1731 verant,
2031 1666 2261 1738 ideoque
2288 1665 2519 1721 Basilius
2541 1683 2683 1737 saepe
2712 1670 2776 1723 ad
2814 1684 2935 1726 eum
2979 1673 3221 1727 scribere
3249 1688 3349 1743 op~

138 1757 303 1809 cedunt
322 1756 387 1808 ad
413 1755 634 1812 Junium
670 1756 1004 1821 referendae,
1032 1766 1087 1811 et
1119 1756 1284 1811 totius
1309 1756 1548 1812 historia:
1577 1757 1677 1810 ini-
1778 1767 1979 1823 tasset;
2030 1758 2122 1814 sed
2164 1774 2287 1813 cum
2346 1773 2413 1814 eo
2464 1758 2650 1815 Batnis
2697 1758 2896 1827 cjecto,
2926 1762 3063 1818 varii
3106 1776 3354 1819 rumores

138 1847 268 1913 tium,
299 1847 345 1901 id
378 1857 485 1913 est,
516 1848 697 1903 Basilii
729 1849 830 1901 iter
872 1848 924 1902 iit
974 1847 1284 1904 Armeniam
1334 1850 1519 1904 statim
1560 1856 1680 1916 post
1715 1832 2077 1915 Bferrentur,
2133 1850 2255 1905 aliis
2302 1865 2426 1905 eum
2478 1850 2799 1918 Satnosatis,
2854 1853 2972 1907 aliis
3021 1870 3149 1910 rure
3206 1869 3352 1923 esse,

136 1938 312 1994 l'asclta
339 1940 741 1995 collocandum.
1781 1936 1901 1992 aliis
1930 1938 2075 1993 circa
2131 1939 2330 1995 Batnas
2367 1941 2510 2009 ipsas
2556 1941 2763 1997 versari
2817 1944 3200 2013 narrantibus;
3237 1946 3353 2001 haec

188 2031 260 2086 Ad
294 2033 435 2085 idem
469 2042 701 2099 tempus,
724 2048 833 2101 quo
865 2047 1011 2103 spem
1040 2034 1191 2103 pacis
1216 2032 1414 2087 nullam
1446 2030 1682 2101 relique-
1782 2030 2015 2084 varietas
2067 2031 2384 2085 nuntiorum
2426 2032 2685 2088 Basiliam
2723 2035 2791 2088 ab
2828 2042 3090 2088 autumno
3126 2050 3354 2105 suspen-

137 2130 204 2173 rat
232 2121 561 2185 Eustathius,
604 2124 768 2179 refert
808 2125 1183 2179 Tillemontius
1243 2125 1381 2179 hanc
1425 2124 1681 2179 brevissi-
1782 2134 1902 2175 sum
1934 2132 1991 2175 ct
2019 2121 2310 2176 sollicitum
2340 2134 2606 2179 tenuerat.
2636 2126 2705 2179 At
2744 2124 2830 2179 ubi
2860 2139 2983 2178 eum
3026 2124 3216 2179 didicit
3243 2124 3356 2179 Aa-

136 2226 254 2266 mam
289 2211 534 2285 Gregorii
581 2213 907 2269 Nazianzeni
965 2215 1244 2283 epistolam
1292 2216 1358 2269 ad
1409 2216 1683 2285 Ampliilo.
1783 2210 1998 2265 tiocbia:
2050 2211 2103 2265 in
2156 2211 2362 2266 :edibns
2409 2212 2689 2269 Saturnini
2746 2214 2961 2269 comitis
3003 2216 3354 2280 commorari,

133 2305 287 2359 Chium
311 2306 384 2379 (a)
418 2326 433 2362 :
467 2308 543 2361 Οὐ
577 2306 850 2376 βάρϐαρον
877 2305 936 2359 τὸ
960 2306 1240 2378 ἐπίταγμα
1275 2309 1372 2379 τῆς
1404 2309 1679 2379 ἀμιμήτου

1783 2312 1894 2359 tum
1923 2318 2051 2358 vero
2077 2303 2309 2359 libenter
2348 2305 2607 2361 facultate
2646 2308 2985 2363 Sanctissimi
3020 2322 3151 2365 usus
3182 2317 3267 2363 est
3296 2316 3356 2364 ut

136 2418 212 2456 ora
248 2402 666 2471 καλοκάγαθίας,
704 2403 817 2456 ἀλλ’
856 2403 1182 2475 Ἑλληνικὸν,
1235 2404 1431 2475 μᾶλλον
1471 2405 1527 2458 δὲ
1559 2406 1683 2476 Χρι·
1782 2410 1902 2451 eum
1927 2396 2213 2452 salutaret.

136 2495 401 2547 στιανικὸν.
443 2496 503 2547 ’0
547 2494 605 2548 δὲ
646 2494 960 2567 Ἀρμένιος,
1014 2498 1096 2563 ἐφ’
1214 2498 1356 2548 πάνυ
1403 2497 1683 2566 φιλοτιμῇ,

1853 2488 2003 2542 Itane
2040 2498 2218 2543 autem
2256 2487 2536 2558 epistolam
2571 2490 2670 2544 hoc
2704 2504 2845 2545 anno
2886 2489 3153 2543 collocare
3185 2489 3350 2545 malui

135 2582 378 2658 βάρϐαρος
411 2588 697 2660 ἀντικρὺς,
734 2588 827 2641 καὶ
858 2589 1138 2660 πόρῤωοεν
1162 2588 1261 2657 τῆς
1300 2588 1570 2659 ἡμετέρας
1597 2606 1683 2658 φι-

1783 2591 1945 2647 quatn
1980 2594 2118 2633 anno
2156 2579 2280 2644 376,
2314 2595 2422 2649 quo
2476 2582 2657 2651 plures
2694 2582 2957 2652 ejusmodi
3002 2581 3208 2637 litteras
3249 2579 3354 2636 Ba-

132 2677 373 2747 ‘tmzplag.
409 2680 535 2734 Non
575 2681 904 2733 barbaricum
950 2690 1023 2734 est
1056 2680 1394 2733 inimitabilia
1423 2690 1527 2730 tua:
1559 2695 1682 2747 pro-

1783 2668 1890 2723 silii
1926 2669 2145 2737 pertulit
2174 2669 2585 2727 Sanctissimus.
2619 2675 2743 2726 Istae
2766 2672 2906 2726 enim
2938 2673 3002 2727 de
3033 2674 3170 2729 lmtis
3197 2674 3359 2730 rebus

137 2772 284 2824 bitatis
325 2774 582 2837 edictam,
632 2772 722 2826 sed
776 2770 1037 2829 Gra'cum.
1068 2772 1172 2823 imo
1214 2769 1594 2823 Christianum.
1619 2772 1684 2823 At

1784 2774 1851 2815 ex
1904 2756 2197 2815 Occidente
2243 2761 2419 2815 allatis
2465 2763 2680 2831 scripta:
2731 2771 2880 2817 sunt.
2922 2762 2976 2816 lu
3030 2763 3130 2818 hac
3178 2772 3357 2819 autem

134 2864 409 2928 Αηπεηῑιη,
445 2866 511 2918 αα
545 2882 645 2934 quo
670 2865 934 2935 gloriaris,
982 2864 1238 2915 barbam;
1301 2861 1452 2928 μΙαηε
1496 2870 1594 2924 εει,
1624 2877 1686 2914 ac
1784 2850 1919 2905 nihil
1968 2864 2191 2921 prorsus
2239 2850 2523 2921 ejusmodi.
2578 2850 2839 2906 Praeterea
2894 2867 3016 2906 cum
3068 2851 3361 2909 Sanctissi-

136 2954 266 3020 longe
294 2972 325 3007 α
351 2965 537 3009 nostra
561 2956 716 3008 laude
738 2966 783 3007 et
811 2954 1125 3022 gloriatione
1153 2963 1400 3004 remotus.

1786 2954 1907 2994 mus
1938 2955 2043 2994 non
2077 2940 2299 2994 redierit
2333 2954 2478 2993 anno
2503 2939 2629 3004 376,
2668 2939 2766 2992 nisi
2794 2951 3056 2993 autumno
3082 2941 3193 3010 jam
3232 2937 3361 2996 δίει

205 3046 259 3100 γ.
290 3046 372 3100 Ad
405 3046 507 3101 bas
543 3045 808 3099 Eustatltii
858 3043 1161 3098 calumnias
1206 3042 1339 3097 illud
1369 3044 1685 3112 accedebat,
1785 3043 1816 3082 θ

1785 3038 1874 3083 cto
1896 3069 1910 3095 ,
1955 3045 2059 3083 non
2093 3043 2219 3085 tunc
2247 3032 2473 3085 dixisset
2513 3029 2739 3084 Basilius
2771 3045 2829 3084 se
2858 3031 3145 3085 sollicitum
3172 3032 3241 3087 ab
3268 3046 3358 3086 au-

137 3148 183 3188 ut
209 3137 404 3191 nullum
464 3151 694 3206 prorsus
730 3135 871 3195 diem
902 3135 970 3189 ab
1024 3133 1203 3188 exsilii
1256 3134 1419 3188 minis
1450 3135 1683 3188 solutum
1712 3181 1748 3206 η

1672 3151 1683 3187 ,
1712 3181 1754 3206 η
1791 3127 1979 3174 ιιωηο
2013 3120 2222 3185 fuisse;
2255 3122 2366 3190 jam
2404 3121 2545 3176 enim
2580 3129 2728 3176 totus
2765 3137 2938 3178 annus
2975 3122 3283 3179 ellluxisset.

134 3226 341 3283 Basilius
419 3226 669 3282 haberet.
743 3226 1171 3295 lmpetraverant
1232 3223 1301 3278 ab
1361 3226 1687 3293 imperatore

135 3274 340 3384 Ξξξξιὶῖξ
358 3274 708 3374 υιέἷεζτᾶἕιίἓυ
737 3274 1689 3379 tanta:nassa.3.2.13.1;
2320 3274 2549 3331 CAPUT
2596 3274 2830 3331 XXV“!-

134 3426 274 3477 quam
304 3411 580 3465 scriberet
606 3409 674 3462 ad
708 3406 976 3462 Meletium
1012 3406 1239 3462 Basilius
1266 3405 1373 3479 (ὁ),
1408 3408 1693 3463 nuntiave-

1792 3416 1833 3474 Ι.
1878 3415 1937 3471 S.
1988 3412 2217 3468 Basilius
2257 3412 2442 3465 scribit
2492 3408 2651 3461 Petro
2698 3406 3080 3471 Alexandrino,
3122 3405 3360 3479 Paeonia,

136 3512 206 3553 rat
238 3503 456 3570 quidam
503 3516 573 3555 ex
621 3499 742 3554 aula
780 3500 1025 3563 veniens,
1058 3501 1160 3556 hoc
1206 3501 1485 3557 decretum
1517 3512 1693 3555 muta-

1862 3496 1909 3541 ει
1957 3484 2210 3570 Diodoro:
2364 3480 2657 3570 Incidituin
2707 3478 3076 3570 grapiss'ilntum
3126 3476 3362 3570 morbum

140 3547 206 3553 ’“’
241 3547 456 3606 ’¹’”’.“““”
506 3547 599 3603 “.
621 3547 742 3604 ““’.“
793 3547 1025 3605 ’⁷ῗ”””⁷
1058 3547 1160 3556 ””
1209 3547 1485 3605 ““’”“’Ῑ’
1518 3547 1663 3605 ””““ῖ
1868 3567 1914 3610 ει
1945 3554 2124 3608 scribit
2168 3550 2224 3605 S.
2257 3548 2507 3603 Eusebio.
2551 3548 2752 3601 Rumor
2786 3550 2851 3601 de
2882 3547 3028 3600 illius
3062 3555 3246 3599 morte.
3282 3547 3365 3600 Ad

137 3603 231 3648 tum
263 3593 457 3660 “"5589
488 3607 555 3649 ac
584 3606 812 3662 ’“smsse
846 3601 1251 3663 'mpetatorem!
1288 3603 1346 3646 ιη
1391 3594 1568 3662 al'qua
1612 3594 1695 3648 dl'
1868 3639 2033 3663 nnarnx
2060 3621 2261 3663 rnlidnn
2287 3620 2661 3663 m-nﬁrisrimr-
2699 3619 2832 3663 unde
2853 3618 3029 3663 scribit
3063 3616 3361 3663 Antinatm-

1868 3639 2033 3691 aquas
2060 3621 2261 3674 calidas
2286 3620 2662 3691 proﬁciscitur,
2699 3619 2832 3691 unde
2853 3618 3029 3691 scribit
3063 3616 3361 3691 Antipatro.

138 3686 249 3743 latio
272 3687 450 3745 tieret.
490 3686 680 3759 Itaque
711 3686 840 3756 quid
900 3684 1139 3741 futurum
1168 3694 1333 3750 esset,
1368 3684 1587 3739 omnino
1615 3686 1699 3739 in-
1868 3684 1953 3748 ui,
1997 3690 2255 3744 ιηυίεὶιυν
2286 3684 2352 3744 'ab
2384 3684 2647 3759 Evagrio
2675 3698 2721 3741 et
2763 3686 2822 3741 S.
2868 3686 3212 3759 Hieronymo.
3248 3684 3366 3759 ζηα-

137 3788 318 3835 certum
340 3791 488 3838 erat.
591 3753 608 3759 _
728 3753 745 3756 —
1868 3765 2073 3832 plorant
2112 3761 2226 3842 ejus
2265 3753 2879 3842 pra-sidt'u'ntﬁebastfni
2918 3753 3218 3842 ortltodoic‘i'.
3265 3753 3366 3842 {of

191 3872 505 3971 Iirabatrte
547 3873 600 3927 in
652 3868 1107 3971 eademgepistola-
1130 3868 1377 3936 Basilius,
1409 3866 1551 3939 quod
1582 3876 1701 3971 tan-.-
2054 3833 2495 3971 αᾳάαίξὲεξὲξεξξξξο
2514 3845 2739 3953 ⁸
2756 3826 3115 3971 31.606322;
3247 3824 3367 3971 ﬁt:

140 3963 214 4020 diu
237 3966 642 4022 Sanctissimus
681 3965 819 4033 apud
846 3961 904 4018 S.
933 3962 1203 4018 Meletinm
1237 3971 1560 4018 moraretur.
1591 3959 1699 4016 Sed
1870 3973 2034 4027 ηιυιιο
2062 3957 2173 4034 ν’ωι
2211 3957 2589 4023 Ἀιέξιηηάτίηῑε
2642 3978 2687 4020 ει
2734 3957 3109 4022 ΑηιὶοεΙιεηὶεξ
3142 3961 3208 4019 γ.
3237 3962 3369 4034 Date

138 4071 239 4110 cum
292 4072 422 4126 Spes
468 4032 753 4110 mittendae
790 4054 842 4106 in
887 4052 1233 4107 Occidentem
1276 4050 1559 4120 legationis
1592 4048 1699 4103 cito
1872 4044 1930 4099 S.
1955 4032 2165 4126 suam
2195 4040 2915 4126 litteraz,qitioarrespoudet
2941 4032 3368 4126 Basiliusugno

1874 4129 2028 4166 sensu
2058 4108 2370 4178 Bosporium
2394 4107 2824 4178 sibi_adjunctum
2850 4123 3011 4172 nuper
3033 4106 3195 4172 fuisse
3216 4105 3368 4157 dicit.

139 4145 421 4211 eranuerit,
459 4154 523 4196 ut
554 4141 709 4195 modo
735 4139 1055 4203 videbimus,
1083 4139 1169 4192 vix
1194 4140 1413 4193 dubium
1434 4147 1540 4204 est,
1570 4137 1697 4207 quin
1871 4137 3130 4246 ἮἬὢίίένχὲςἮςῶξλῖχέἶῖ’ὧᾘῶιᾝὲας

140 4234 260 4289 trulla
285 4252 411 4290 eum
438 4234 567 4303 jam
618 4233 706 4289 bis
757 4234 811 4286 in
845 4231 977 4286 locis
1020 4231 1293 4285 detinente
1329 4245 1511 4295 causa,
1544 4230 1699 4284 initio

143 4327 326 4380 aestatis
356 4322 910 4380 rcdicrit.Attulerat
940 4320 1084 4376 enim
1127 4318 1342 4375 Meletio
1367 4328 1699 4375 commenta-
1871 4321 1914 4381 l.
1964 4317 2096 4375 Cum
2141 4316 2423 4387 migrasset
2459 4313 2509 4368 in
2558 4313 2756 4368 coelum
2814 4312 2870 4366 S.
2914 4308 3241 4364 Athanasius
3286 4306 3374 4364 die

144 4419 259 4472 rium
288 4419 346 4473 S.
374 4417 611 4473 Eusebii
652 4418 719 4472 de
752 4417 852 4470 hac
877 4414 1141 4470 mittenda
1167 4414 1434 4485 legatione
1467 4424 1521 4469 et
1552 4414 1699 4468 litte~
1804 4414 2041 4473 secunda
2085 4412 2208 4467 Maii
2239 4409 2399 4478 hujus
2434 4408 2562 4462 anni
2598 4406 2727 4471 573,
2768 4405 2929 4473 eique
2958 4402 3148 4459 Petrus
3177 4416 3374 4473 magno

144 4519 221 4597 ras
243 4504 301 4561 S.
336 4505 687 4597 Basilii,qul
722 4502 783 4561 8.
824 4498 1093 4561 Meletium
1136 4507 1355 4577 rogabat
1377 4505 1471 4576 (ε),
1502 4512 1560 4559 ut
1582 4503 1699 4573 epi-
1728 4534 1755 4597 ι

1768 4542 1777 4587 ,
1811 4506 2064 4564 Ecclesia:
2092 4502 2471 4558 Alexandrinae
2508 4499 2697 4567 plausu
2727 4496 3117 4560 successisset;
3147 4493 3379 4548 Basilius

142 4596 311 4651 stolam
342 4599 413 4653 ad
445 4595 831 4653 Occidentales
856 4609 1126 4653 exararet.
1181 4598 1347 4653 Valde
1389 4598 1534 4652 enim
1578 4611 1703 4667 pro-
1728 4585 1770 4597 ⁷
1800 4597 2037 4670 acceptis
2082 4596 2227 4651 illius
2276 4597 2342 4648 de
2388 4604 2540 4646 more
2582 4588 2778 4643 litteris
2825 4585 3097 4656 respondit
3137 4599 3232 4654 per
3268 4586 3377 4655 epi-

145 4684 283 4742 babat
306 4688 558 4750 Basilius
588 4687 793 4758 legatos
821 4690 877 4744 in
904 4687 1249 4745 Occidentem
1277 4689 1442 4750 mitti.
1472 4690 1565 4743 sed
1601 4702 1701 4744 ne-
1798 4692 1991 4751 stolam
2030 4686 2156 4753 135,
2180 4686 2232 4739 in
2259 4698 2366 4753 qua
2398 4679 2639 4735 declarat
2664 4675 2851 4748 quanti
2886 4675 3049 4729 faciat
3076 4673 3375 4729 amicitiam

144 4794 233 4845 que
283 4784 336 4837 in
392 4782 809 4837 commentario
861 4782 1003 4851 quod
1041 4781 1264 4837 miserat
1320 4778 1380 4835 8.
1418 4780 1703 4844 Eusebius.
1798 4781 1966 4846 Petri,
1994 4792 2154 4845 quam
2184 4789 2290 4829 non
2320 4771 2565 4842 corporei
2595 4769 2761 4833 oculi,
2805 4767 2903 4822 sed
2954 4769 3154 4822 donum
3198 4764 3375 4837 Spiri-

147 4884 297 4942 neque
332 4875 454 4945 ipse
497 4888 608 4928 sua
635 4880 826 4942 sponte
874 4873 1165 4943 quidquam
1207 4872 1533 4941 reperiebat,
1561 4870 1705 4941 quod
1803 4884 1895 4930 tus
1947 4869 2121 4927 sancti
2167 4864 2571 4923 conciliarent.
2604 4859 2823 4915 Minime
2855 4858 3061 4914 dubitat
3104 4858 3236 4928 quin
3278 4857 3383 4912 Pe-

150 4977 239 5017 reat
275 4977 623 5034 causamque
647 4962 945 5018 contineret
975 4963 1051 5035 (ά)
1080 4981 1094 5017 :
1122 4972 1403 5033 propterea
1433 4962 1573 5032 quod
1606 4976 1705 5015 ne-
1811 4976 1950 5030 trus,
1997 4970 2057 5016 ut
2103 4960 2234 5014 tanti
2283 4956 2385 5011 viri
2431 4955 2700 5019 alumnus,
2747 4967 2811 5008 ac
2850 4950 3005 5022 longa
3059 4949 3203 5005 illius
3248 4963 3380 5005 con-

148 5056 358 5109 cessaria
387 5056 509 5124 jam
565 5064 939 5125 praeoccupato
981 5064 1173 5121 erant,
1211 5051 1479 5123 superﬂua
1526 5063 1703 5107 autem
1813 5052 2096 5112 suetudine
2140 5065 2291 5112 usus,
2341 5048 2530 5103 eodem
2581 5045 2769 5113 spiritu
2813 5044 3048 5108 incedat,
3082 5055 3147 5095 ac
3191 5039 3377 5095 eadem

150 5149 364 5204 scribere
396 5162 645 5220 prorsus
666 5145 879 5213 inutile,
910 5155 964 5201 et
990 5147 1056 5201 de
1101 5147 1290 5201 iisdem
1332 5146 1492 5199 rebus
1540 5144 1709 5201 mole—
1818 5149 2064 5217 dogmata
2114 5149 2390 5210 sequatur.
2436 5137 2747 5193 Obtestatur
2787 5145 2846 5189 ut
2881 5130 3168 5189 Athanasii
3211 5130 3265 5185 in
3316 5145 3380 5187 se

149 5239 284 5294 stiarn
310 5240 597 5295 exhibere
633 5237 921 5293 ridiculum
976 5237 1289 5292 videbatur.
1328 5235 1451 5291 llaec
1499 5246 1708 5291 tantum
1813 5250 2050 5311 amorem
2080 5249 2203 5289 cum
2235 5231 2445 5286 czetcris
2479 5230 2633 5284 rebus
2659 5228 2915 5296 excipiat,
2951 5239 3014 5279 ac
3046 5238 3186 5293 saepe
3218 5225 3285 5277 ad
3318 5238 3379 5278 se

152 5332 417 5389 videbatur
464 5331 555 5388 illi
602 5331 801 5385 intacta
839 5343 962 5385 esse
1010 5330 1261 5395 materia,
1288 5330 1333 5384 si
1364 5340 1713 5384 monerentur
1818 5329 2042 5392 scribat,
2074 5334 2128 5381 et
2174 5323 2528 5379 fraternitatis
2569 5321 2765 5389 ubique
2814 5314 3021 5373 diﬂ‘usa:
3060 5330 3247 5370 curam
3285 5328 3381 5369 eo-

152 5422 516 5482 Occidentales
552 5437 664 5477 non
696 5421 1040 5492 sinejudicio
1064 5436 1127 5477 ac
1151 5421 1358 5477 delectu
1380 5419 1714 5478 communio-
1818 5421 1940 5474 dem
1968 5417 2167 5479 studio,
2200 5431 2262 5471 ac
2297 5414 2640 5471 beatissimus
2666 5410 2755 5464 ille
2784 5410 2883 5474 vir,
2924 5409 3206 5480 suscipiat.
3242 5406 3379 5462 Cum

154 5530 254 5572 neut
285 5518 369 5585 iis,
396 5515 496 5587 qui
528 5529 606 5569 ex
634 5510 856 5569 Oriente
890 5513 1110 5568 veniunt
1156 5522 1247 5567 aut
1290 5511 1554 5579 scribunt,
1585 5526 1714 5568 con-
1818 5509 1929 5565 haec
1983 5506 2248 5562 scriberet
2298 5506 2563 5572 Basilius,
2623 5504 2856 5558 nondum
2911 5501 3104 5556 allatus
3159 5509 3278 5553 erat
3327 5496 3381 5552 in

211 5722 278 5789 (ι)
308 5719 404 5789 ιερ-
440 5716 577 5789 16‘3-
696 5780 723 5789 -

696 5780 723 5789 -
1887 5708 1961 5789 is.)
1991 5708 2087 5789 ἓν·
2118 5706 2240 5789 l2!!-

212 5777 276 5854 Μ
306 5777 403 5859 εἰ».
441 5780 751 5853 129,“.2.
1884 5778 1963 5849 (ά)
1991 5777 2088 5851 Ep.
2118 5777 2238 5832 l29.
