4080 6312
665 355 733 397 ex
2029 327 2528 386 PitOLEGOMIiNA
2545 368 2556 378 .

668 450 1064 519 Cappadociam
1112 446 1503 517 persecutionis
1543 448 1726 500 statim
1772 455 1890 518 post
1923 446 2063 500 Petri
2104 449 2313 508 ordi-A
2346 454 2600 496 recentes
2655 445 2831 497 adhuc
2895 451 3051 494 erant
3114 440 3445 496 calamitates
3502 459 3566 498 ex
3648 443 3909 499 divisione

676 544 948 598 nationem
982 544 1226 597 excitatas
1261 540 1501 596 nuntius.

748 634 969 689 Videtur
1020 641 1279 686 statutum
1335 632 1586 685 habuisse
1630 631 1870 704 Basilius
1921 631 1997 700 (α)
2055 633 2236 685 statim

669 738 795 791 post
844 726 1045 779 Pascha
1111 724 1400 777 Eusebium
1478 723 1920 780 Samosatensem
1982 723 2234 775 invisere.

672 816 776 870 Sed
830 819 875 869 ei
921 823 995 867 tot
1044 814 1424 882 impedimenta
1460 824 1912 881 supervenerunt,
1945 823 2003 865 ut
2029 812 2240 866 deside-

673 910 807 961 rium
841 921 995 958 suum
1034 906 1248 973 explere
1289 922 1397 960 non
1436 908 1685 976 potuerit.
1716 904 2028 959 Eustathius
2059 904 2232 957 diaco-

673 1015 771 1052 nus
814 1000 864 1051 in
894 1013 1110 1067 gravem
1145 1001 1390 1053 morbum
1423 1000 1692 1066 delapsus,
1727 997 1953 1051 detinuit
1984 1012 2105 1049 eum
2148 1012 2241 1065 per

669 1100 810 1143 totos
855 1091 986 1144 duos
1033 1105 1267 1153 menses,
1312 1094 1434 1145 dum
1473 1091 1611 1142 diem
1657 1102 1722 1140 ex
1756 1089 1841 1141 die
1875 1087 2014 1139 illius
2048 1087 2244 1140 valetu-

670 1182 848 1234 dinem
907 1193 1204 1249 exspectat.
1265 1183 1465 1236 Deinde
1506 1196 1694 1235 omnes
1744 1182 1832 1249 qui
1882 1196 2000 1233 cum
2042 1179 2241 1235 Basilio

673 1282 852 1334 erant,
891 1272 943 1325 id
976 1281 1081 1338 est,
1112 1273 1293 1326 clerici
1334 1274 1385 1323 in
1422 1272 1538 1340 ejus
1571 1272 1731 1325 domo
1767 1276 2039 1342 degentes,
2068 1288 2240 1341 ατετο-

672 1374 856 1417 tarunt
894 1380 909 1428 ;
972 1379 1034 1418 ac
1076 1372 1347 1434 postremo
1388 1363 1500 1430 ipse
1536 1362 1767 1417 Basilius
1800 1363 1953 1432 longa
2006 1373 2053 1416 et
2101 1363 2244 1432 peri—

670 1456 854 1509 culosa
888 1457 1205 1522 aegritudine
1237 1466 1539 1522 correptus.

743 1547 823 1601 Ad
861 1546 992 1599 illttd
1037 1555 1272 1615 tempus,
1304 1563 1411 1617 quo
1440 1546 1768 1613 :egrotabant
1820 1545 1997 1600 Basilii
2036 1547 2239 1608 clerici,

674 1641 923 1693 videntur
956 1638 1144 1693 referri
1194 1655 1349 1707 posse
1392 1637 1633 1706 cpistola:
1678 1639 1781 1692 ιει
1823 1648 1875 1692 et
1922 1639 2041 1698 153.
2075 1640 2240 1692 altera

672 1730 737 1781 ad
792 1728 1071 1782 Pmouium
1131 1730 1543 1799 presbyterum,
1600 1727 1766 1782 altera
1835 1728 1897 1779 ad
1953 1728 2241 1782 Diodorum

672 1823 973 1877 Antiochia:
1020 1825 1423 1891 presbyterum.
1473 1820 1724 1875 Pmonius
1769 1833 1877 1873 ttttu
1924 1823 2152 1889 primum
2183 1824 2246 1876 ad
2282 1821 2320 1878 Β

676 1912 935 1966 Basiliqu
990 1911 1313 1977 scripserat,
1347 1910 1569 1978 ejusque
1620 1922 1838 1977 accepta
1886 1910 2109 1976 epistola
2148 1910 2246 1962 Ba-

672 2004 827 2058 silius
880 2000 1150 2056 sileutium
1201 2002 1456 2069 prteteriti
1515 2007 1773 2069 temporis
1824 2001 2049 2054 moleste
2108 2000 2243 2056 tulit,

668 2114 902 2167 cultuque
950 2106 1006 2149 ut
1069 2107 1256 2166 pergat
1317 2098 1559 2150 scribere
1608 2097 1877 2151 hortatur.
1922 2094 2091 2162 Negat
2148 2092 2247 2145 sibi

671 2189 838 2242 nllmn
890 2189 1079 2243 adesse
1134 2190 1525 2259 Calligraphum
1581 2198 1675 2241 aut
1752 2186 2172 2255 tachygraphum
2231 2200 2243 2236 :

675 2296 814 2349 quos
870 2282 1012 2334 enim
1061 2293 1417 2345 exercuerat,
1468 2281 1659 2335 horum
1712 2280 1800 2331 alii
1854 2281 1918 2329 ad
1964 2276 2247 2346 pristinum

673 2376 798 2425 vitae
861 2373 1162 2426 institutum
1222 2376 1531 2437 redierant,
1589 2374 1676 2424 alii
1727 2370 2001 2424 diuturnis
2051 2370 2250 2425 morbis

673 2467 851 2521 alllicti
888 2467 1100 2522 labores
1126 2468 1265 2520 ferre
1295 2482 1396 2518 non
1426 2474 1688 2534 poterant.

748 2560 1008 2614 Diodorus
1055 2559 1334 2628 presbyter
1380 2573 1499 2610 cum
1537 2557 1675 2610 duos
1714 2556 1883 2611 libros
1928 2557 1980 2609 in
2015 2556 2252 2622 dialogo-

675 2667 793 2704 rum
828 2666 1029 2704 tnorem
1062 2661 1248 2703 contra
1275 2648 1551 2702 ltrereticos
1587 2648 1919 2715 scripsisset,
1957 2662 2019 2698 ac
2052 2645 2252 2697 Basilio

676 2742 932 2809 legendos
980 2750 1033 2797 et
1078 2740 1465 2794 examinandos
1510 2740 1790 2800 misisset;
1841 2752 1991 2791 suam
2033 2736 2079 2787 ci
2131 2750 2253 2787 sen‘

676 2834 895 2887 tentiam
928 2831 1152 2885 Basilius
1173 2831 1245 2901 (ὁ)
1274 2832 1389 2883 sine
1412 2829 1531 2882 fuco
1548 2829 1767 2897 exponit
1795 2847 1806 2881 :
1842 2844 1901 2881 ac.
1928 2829 1979 2880 in
2020 2826 2255 2880 secundo

677 2926 892 2993 quidem
937 2925 1100 2977 multa
1133 2923 1335 2987 laudat,
1376 2925 1426 2976 in
1459 2923 1648 2992 primis
1687 2921 1909 2990 simplex
1949 2935 2045 2972 nec
2084 2919 2259 2973 elabo-

679 3026 857 3068 ratum
919 3018 1130 3070 dicendi
1192 3032 1392 3085 genus,
1450 3015 1757 3069 Christiano
1828 3016 2061 3068 maxime
2128 3030 2257 3068 con-

678 3121 917 3176 grueus;
980 3108 1028 3157 in
1091 3108 1262 3160 altero
1310 3115 1485 3159 autem
1534 3108 1621 3173 qui
1688 3107 1895 3174 longior
1950 3117 2081 3171 erat,
2133 3107 2256 3158 illud

680 3196 1046 3264 reprehendit,
1101 3196 1264 3264 quod,
1311 3211 1432 3248 cum
1484 3210 1746 3262 personas
1799 3197 2100 3249 indelinitas
2136 3198 2255 3249 Dio-

683 3291 852 3343 dorus
904 3287 1183 3341 induceret
1236 3286 1538 3355 loquentes.
1582 3286 2014 3339 adversariorum
2051 3288 2257 3354 vitupe-

684 3382 785 3443 ria,
835 3392 1249 3447 nostrorumque
1310 3379 1494 3433 laudes
1555 3380 1842 3433 intexeret.
1894 3379 2150 3448 Proponit
2208 3381 2255 3433 ei

682 3473 926 3539 exetnpla
971 3489 1091 3525 eum
1148 3471 1459 3525 Aristotelis
1514 3482 1567 3523 et
1616 3472 2003 3540 Theophrasti,
2055 3472 2144 3537 qui
2203 3472 2255 3525 in

688 3566 913 3633 dialogis
954 3564 1255 3617 srribendis
1303 3564 1485 3616 statim
1534 3579 1618 3617 res
1664 3564 1809 3633 ipsas
1850 3565 2254 3633 aggrediuntur,

692 3674 794 3713 nec
829 3659 1138 3713 Platonicos
1179 3658 1387 3723 lepores
1416 3658 1615 3709 imitari
1669 3658 1884 3721 audent,
1938 3667 2047 3710 tum
2100 3660 2258 3712 etiam

692 3751 859 3819 ipsius
886 3749 1149 3809 Platonis,
1191 3749 1280 3815 qui
1326 3749 1411 3801 ubi
1455 3764 1714 3816 personas
1761 3749 2066 3803 indelinitas
2106 3751 2262 3803 indu-

689 3843 783 3907 cit,
828 3842 878 3894 id
922 3840 1063 3908 quod
1108 3838 1232 3891 {erit
1265 3840 1316 3891 in
1360 3839 1590 3906 legibus,
1637 3853 1738 3891 non
1775 3837 1885 3903 jam
1928 3855 2020 3892 eas
2057 3842 2263 3894 comico

690 3948 841 3988 more
888 3931 1169 3993 describit,
1225 3944 1323 3984 nec
1363 3928 1656 3999 quidquam
1694 3929 1973 3981 admiscet
2026 3932 2262 3984 sermoni

688 4027 835 4096 quod
890 4040 1246 4094 personarum
1309 4024 1583 4093 proprium
1651 4022 1738 4075 sit.
1795 4021 2018 4076 Fatetur
2086 4022 2264 4090 itaque

694 4118 945 4185 Basilius,
977 4118 1064 4171 ubi
1093 4132 1318 4185 persona
1348 4117 1397 4167 in
1426 4114 1747 4169 deteriorem
1775 4123 1979 4179 partem
2014 4115 2265 4170 Omnibus

695 4211 907 4281 cognita
965 4208 1271 4276 sobjicitur,
1320 4204 1573 4257 nonnulla
1622 4220 1686 4256 ex
1731 4203 1874 4256 illius
1925 4203 2099 4257 indole
2144 4221 2265 4258 ora-

694 4304 822 4356 tioni
872 4315 1027 4367 posse
1077 4299 1275 4361 intcxi,
1328 4298 1370 4350 si
1432 4308 1607 4349 tamen
1664 4295 2027 4355 Christianum
2080 4299 2266 4351 deceat

696 4408 957 4464 personas
986 4391 1205 4445 omissis
1239 4391 1398 4442 rebus
1431 4389 1759 4455 vituperare.
1802 4388 1872 4440 At
1905 4389 1991 4441 ubi
2026 4403 2269 4456 persona:

698 4486 990 4541 intlefmitae
1038 4484 1332 4544 disserunt,
1369 4480 1631 4549 ejusmodi
1672 4480 1735 4531 ad
1779 4494 2034 4547 personas
2077 4495 2270 4532 excur-
2302 4512 2343 4565 Β

694 4579 847 4631 sibus
877 4576 1142 4630 orationis
1173 4574 1367 4628 seriem
1404 4572 1606 4623 frustra
1645 4570 1982 4647 interrumpi.
2027 4569 2147 4623 llaec
2176 4570 2269 4622 lla-

698 4674 857 4728 silius
888 4672 1143 4737 ingenue,
1177 4676 1234 4720 ιιι
1267 4682 1473 4732 {equum
1512 4663 1747 4731 judicent
1782 4661 2047 4727 decebat;
2079 4678 2174 4716 nec
2212 4671 2268 4716 ut

697 4763 897 4831 scripta
941 4761 1239 4828 corrigeret
1281 4756 1563 4818 Diodorus,
1604 4753 1694 4806 sed
1740 4762 1796 4805 ut
1831 4760 1977 4805 esset
2015 4752 2266 4818 deinceps

698 4856 752 4909 in
788 4852 1074 4907 scribendo
1102 4849 1350 4911 cautior;
1385 4846 1531 4900 illum
1566 4844 1706 4897 enim
1734 4852 1913 4910 sperat
1952 4840 2099 4910 plura
2130 4841 2267 4893 scri-

699 4959 937 5018 pturum.
974 4942 1216 4996 Primum
1265 4940 1313 4992 ei
1364 4937 1557 4990 librum
1594 4935 1834 4997 remittit,
1882 4932 2107 4985 alterum
2154 4948 2268 4985 ser-

703 5051 813 5100 vat.
843 5037 1149 5090 describere
1194 5030 1400 5089 volens,
1445 5042 1543 5081 nec
1582 5024 2041 5093 copiamthabens
2087 5024 2271 5093 tacby-

702 5129 911 5201 graphi.
941 5128 1168 5181 Causam
1202 5138 1305 5176 non
1331 5119 1507 5183 aﬂ‘ert,
1533 5134 1631 5171 cur
1651 5127 1836 5170 careat
1860 5115 2224 5184 tacbygrapho
2253 5131 2265 5164 :

702 5222 797 5275 sed
828 5220 1042 5273 videtur
1065 5218 1273 5277 eadem,
1317 5230 1380 5267 ac
1417 5213 1471 5266 in
1512 5209 1789 5279 superiore
1818 5207 2066 5275 epistola,
2101 5206 2275 5259 exsti-

704 5316 853 5367 tisse.
923 5312 1123 5364 Deinde
1176 5323 1305 5361 Vero
1360 5304 1501 5375 quod
1551 5301 1715 5363 addit,
1772 5300 1853 5351 Ad
1895 5308 2094 5351 laruam
2140 5299 2276 5349 enim

706 5405 980 5475 penuriam
1044 5398 1342 5455 invidenda:
1417 5394 1787 5465 Cappadocum
1860 5408 1940 5445 res
1994 5394 2275 5453 devenere,

708 5512 831 5551 cum
886 5495 1087 5563 optime
1147 5492 1400 5546 convenit
1452 5490 1504 5542 in
1560 5487 1701 5542 hunc
1749 5500 1953 5539 annum
2001 5484 2124 5549 373,
2170 5497 2276 5549 quo

778 5694 860 5837 δὲ

2342 535 2688 604 Cappadociae
2731 547 2899 598 artat;
2945 542 3054 585 tttm
3108 549 3231 587 vero
3278 546 3379 585 non
3417 533 3649 591 obscure
3690 535 3908 598 indicat,

2342 642 2435 683 cur
2476 627 2703 688 librarii,
2735 637 2792 679 ιιι
2822 635 2901 680 est
2947 625 2997 677 in
3044 628 3320 692 superiore
3350 626 3596 694 epistola,
3627 633 3693 683 ad
3726 629 3909 697 pristi-

2342 735 2437 773 nas
2486 730 2632 773 artes
2678 721 2983 771 rediissem.
3028 714 3082 768 ld
3112 720 3252 770 enim
3298 729 3355 773 ut
3398 719 3662 782 facerent,
3702 724 3911 774 videtur

2343 826 2434 867 eos
2473 812 2714 879 coegisse
2752 811 2800 863 di
2825 810 3050 864 ﬂicnltas
3095 812 3444 877 comparandi
3470 814 3641 863 victus
3668 825 3731 863 ex
3768 814 3912 877 ejus-

2346 901 2484 956 modi
2519 912 2652 964 arte,
2680 902 2763 955 eui
2811 902 2862 955 in
2896 916 3103 955 summa
3138 909 3393 968 egestate,
3431 918 3491 956 ac
3550 902 3909 956 litteratorum

2345 993 2620 1046 hominum
2643 984 2821 1055 luctu,
2859 1010 3083 1062 quorum
3133 993 3375 1062 plerique
3432 998 3618 1049 urbem
3674 995 3913 1061 relique-

2344 1093 2485 1150 rant,
2534 1103 2639 1140 non
2690 1085 2979 1155 plurimum
3034 1088 3130 1141 loci
3178 1100 3295 1140 esse
3365 1097 3590 1153 poterat.
3644 1088 3913 1141 Praeterea

2343 1192 2464 1231 cum
2498 1180 2643 1233 dicat
2704 1178 2951 1241 Basilius,
2995 1181 3093 1233 sibi
3134 1195 3230 1233 nec
3259 1193 3353 1246 per
3387 1178 3773 1243 valetudinem,
3818 1193 3916 1232 nec

2344 1286 2441 1340 per
2481 1274 2690 1341 negotia
2732 1272 2976 1324 scribere
3010 1270 3194 1335 licere,
3227 1271 3277 1323 id
3310 1280 3621 1340 argumento
3658 1282 3743 1325 est
3792 1286 3914 1325 eum

2348 1365 2413 1417 ad
2444 1379 2581 1431 OpllS
2613 1364 2678 1416 de
2706 1361 2908 1429 Spiritu
2935 1371 3144 1424 sant-to,
3178 1363 3321 1428 quod
3352 1376 3490 1415 anno
3510 1359 3613 1414 374
3636 1362 3920 1416 elaborare

2347 1455 2588 1524 inccepit,
2620 1458 2854 1509 nondum
2890 1461 3014 1505 tunc
3047 1454 3280 1505 animum
3310 1454 3636 1523 adjuuxisse.

2421 1589 2482 1642 Π.
2530 1591 2772 1646 Basilius
2808 1601 2929 1661 post
2965 1589 3196 1644 clericos
3235 1605 3360 1644 suos
3403 1600 3504 1643 tam
3542 1590 3691 1657 gravi
3727 1589 3922 1643 morbo

2347 1695 2629 1751 correptus
2674 1694 2771 1742 est.
2828 1691 2885 1737 ut
2943 1697 3064 1736 cum
3124 1680 3264 1735 illius
3319 1681 3742 1749 magnitudinem
3804 1694 3911 1733 non

2351 1785 2532 1843 posset
2578 1776 2917 1840 exprimere,
2971 1787 3036 1827 ex
3092 1772 3207 1842 ipso
3261 1782 3532 1825 consueue
3590 1771 3924 1827 valetudinis

2350 1874 2490 1918 statu
2533 1864 2938 1924 dijudicandam
2989 1865 3335 1935 relinqueret.
3388 1865 3474 1918 Ait
3516 1865 3659 1918 enim
3711 1880 3775 1918 se
3830 1864 3923 1933 (c),

2348 1958 2476 2007 dum
2552 1958 2731 2009 valere
2808 1957 3099 2019 videretur,
3178 1959 3534 2011 inﬁrmiorem
3596 1959 3661 2010 iis
3731 1957 3922 2018 fuisse,

2350 2064 2579 2115 quorum
2626 2049 2769 2101 salus
2807 2052 3125 2116 desperatur
3166 2066 3178 2101 :
3216 2050 3353 2100 unde
3400 2065 3502 2101 non
3556 2048 3773 2116 illepide
3814 2048 3926 2101 cul-

2349 2139 2465 2210 ligit
2512 2140 2725 2193 habitus
2764 2140 3133 2204 mutationem,
3183 2154 3285 2190 non
3324 2138 3587 2200 morbum,
3636 2139 3729 2191 sed
3785 2153 3928 2203 prae-

2350 2234 2707 2289 clarissimam
2758 2233 3113 2287 valetudinem
3154 2247 3271 2285 esse
3323 2229 3590 2284 debuisse.
3653 2227 3929 2281 Discimus

2355 2346 2419 2383 ex
2467 2330 2626 2395 epist.
2676 2328 2768 2380 Hi
2818 2327 2945 2379 nihil
2986 2327 3033 2379 ei
3081 2326 3251 2394 magis
3299 2324 3589 2386 obstitisse,
3634 2323 3933 2391 quominus

2360 2420 2501 2470 vires
2538 2424 2830 2481 repararet,
2864 2429 3021 2481 quam
3068 2416 3300 2467 inusmm
3349 2430 3413 2466 ex
3457 2413 3695 2466 molestis
3734 2410 3922 2467 Eccle-

2356 2508 2449 2561 siae
2491 2506 2825 2574 temporibus
2873 2506 3133 2557 dolorem.
3170 2504 3331 2558 Forte
3378 2510 3514 2559 idem
3561 2507 3711 2557 dolor
3761 2508 3934 2559 totius

2356 2598 2531 2651 morbi
2576 2612 2736 2650 causa
2794 2596 3020 2651 exstitit.
3065 2595 3195 2649 Nam
3258 2607 3449 2663 prmter
3500 2596 3770 2648 horrenda
3822 2595 3931 2647 Eu-

2355 2688 2537 2740 stathii
2593 2687 2849 2754 facinora,
2911 2705 3015 2743 non
3072 2706 3258 2760 parum
3316 2688 3613 2756 angebatur
3665 2687 3815 2755 quod
3866 2685 3933 2737 ab

2357 2780 2485 2846 ipsis
2536 2779 2821 2847 episcopis,
2876 2781 3193 2847 quibuscum
3250 2779 3632 2834 communione
3690 2782 3925 2845 conjun-

2357 2878 2475 2924 ctns
2519 2878 2658 2933 erat,
2704 2870 2833 2922 nihil
2871 2870 3050 2923 auxilii
3088 2870 3152 2922 ad
3198 2886 3282 2923 res
3333 2869 3738 2923 ecclesiasticas
3790 2868 3936 2919 acci—

2358 2974 2528 3033 peret.
2580 2964 2631 3015 In
2674 2963 2897 3029 epistola
2951 2963 3049 3017 156
3097 2966 3171 3033 (n.
3219 2963 3296 3034 2),
3348 2977 3507 3031 quam
3565 2962 3699 3013 lecto
3740 2958 3935 3011 afﬁxus

2362 3055 2577 3124 scripsit
2624 3056 2688 3107 ad
2746 3052 3070 3117 Eusebium,
3117 3055 3433 3123 ingemiscit,
3478 3054 3618 3121 quod
3666 3050 3933 3118 episcopi.

2288 3162 2328 3217 (ς
2365 3148 2487 3198 dum
2541 3162 2652 3199 sua:
2689 3148 2919 3215 quisque
2966 3147 3240 3200 securitati
3276 3145 3580 3204 consulunt,
3618 3156 3811 3208 parum
3844 3155 3938 3192 cu-

2363 3250 2479 3292 rent
2515 3257 2636 3307 qua:
2675 3245 2739 3293 ad
2778 3242 3077 3307 proximum
3127 3249 3388 3308 spectant,
3429 3252 3525 3291 nec
3570 3235 3729 3287 rebus
3778 3246 3935 3286 com-

2370 3333 2624 3385 munibus
2692 3336 2828 3385 male
2882 3334 3197 3387 cadentibus
3248 3332 3484 3400 privatas
3531 3326 3690 3381 simul
3748 3325 3931 3394 perire

2366 3423 2689 3492 intelligant.
2747 3423 2967 3475 Fatetur
3027 3440 3129 3475 non
3193 3424 3460 3475 indicente
3519 3418 3750 3472 Eusebio
3822 3418 3937 3470 [nec

2367 3512 2484 3567 ﬁeri
2526 3532 2539 3568 :
2574 3529 2695 3567 eum
2744 3514 2884 3565 enim
2930 3513 3111 3565 omnia
3164 3512 3303 3565 velut
3342 3528 3403 3565 ex
3449 3511 3661 3577 specula
3698 3510 3937 3575 quadam

2363 3605 2795 3674 prospicientem,
2848 3602 2981 3656 alios
3019 3612 3073 3654 et
3120 3601 3321 3656 litteris
3354 3612 3407 3655 et
3454 3600 3803 3655 sermonibus
3841 3601 3942 3651 ad—

2370 3700 2645 3753 hortatum
2710 3712 2863 3760 esse,
2913 3696 3153 3764 nihilque
3213 3695 3535 3748 intentatum
3598 3691 3939 3762 reliquisse;

2367 3797 2530 3854 atque
2569 3787 2711 3839 illius
2749 3786 3076 3839 monitorum
3112 3784 3446 3844 memoriam,
3484 3792 3539 3833 ut
3578 3797 3810 3851 quaeque
3851 3796 3941 3835 res

2369 3877 2586 3939 accidit,
2625 3876 2794 3929 oculis
2836 3874 3138 3937 obversari,
3169 3875 3260 3927 sed
3296 3888 3399 3925 non
3434 3873 3632 3925 idcirco
3659 3887 3746 3924 res
3780 3886 3940 3924 com-

2367 3981 2558 4019 munes
2594 3964 2858 4032 adjuvari.
2895 3964 2986 4015 Sic
3014 3964 3261 4015 desertus
3291 3962 3357 4013 ab
3384 3962 3648 4030 episcopis
3686 3961 3944 4024 Basilius,

2366 4064 2626 4107 statuerat
2656 4063 2811 4106 extra
2843 4052 3210 4106 ecclesiastica
3241 4064 3359 4102 esse
3392 4049 3515 4114 tela,
3550 4050 3602 4102 id
3636 4060 3741 4113 est,
3777 4057 3836 4099 ut
3869 4049 3945 4103 ait

2368 4161 2527 4213 supra
2575 4145 2625 4197 in
2672 4145 2829 4211 epist.
2866 4144 2932 4196 ad
2962 4141 3256 4203 Urbicium,
3295 4140 3630 4193 inimicorum
3666 4142 3841 4195 furori
3886 4158 3944 4196 se

2369 4238 2690 4299 subducere,
2735 4252 2855 4289 cum
2903 4250 2962 4289 se
3011 4235 3332 4304 imparatum
3373 4241 3429 4287 et
3482 4233 3744 4287 inermem
3788 4236 3941 4288 vide-

2372 4340 2451 4383 ret
2494 4348 2506 4383 :
2541 4345 2602 4382 ac
2652 4329 2824 4398 ipsum
2859 4328 3005 4380 illum
3044 4326 3255 4380 Eusebii
3294 4336 3637 4393 conspectum
3680 4336 3735 4379 et
3774 4326 3947 4381 collo—

2374 4422 2577 4491 quinm,
2624 4436 2653 4474 λ
2694 4436 2802 4489 quo
2845 4436 2965 4473 eum
3009 4434 3225 4472 suormu
3270 4417 3437 4470 morbi
3482 4431 3543 4469 ac
3587 4416 3783 4471 deinde
3816 4431 3950 4470 suus

2376 4517 2774 4576 abstraxeraut,
2818 4528 2925 4565 non
2960 4513 3024 4563 ad
3055 4524 3413 4572 communem,
3442 4510 3532 4561 sed
3566 4513 3633 4562 ad
3666 4510 3948 4577 propriam

2373 4624 2523 4661 suam
2580 4592 2858 4658 utilitatem
2898 4604 3205 4671 fquzerebat.
3262 4600 3467 4670 Scripta
3526 4612 3610 4655 est
3664 4600 3779 4654 haec
3832 4602 3950 4670 epi-

2376 4700 2510 4753 stola
2585 4709 2874 4765 antequam
2930 4695 3361 4762 Basilius'aquis
3421 4695 3611 4748 calidis
3673 4704 3945 4762 uteretur,

2377 4809 2483 4863 quo
2532 4793 2771 4846 remedio
2819 4805 2971 4843 usum
3016 4804 3074 4842 se
3132 4804 3251 4843 esse
3299 4788 3429 4843 dicit
3486 4789 3538 4841 in
3583 4790 3946 4857 sequentibus

2376 4884 2633 4955 epistolis.

2452 5022 2591 5074 Ante
2647 5018 2772 5070 illud
2828 5016 2949 5077 iter,
3002 5013 3142 5081 quod
3185 5012 3387 5067 Basilio
3433 5014 3497 5066 ad
3545 5027 3715 5082 aquas
3774 5012 3949 5082 impeo

2382 5120 2570 5164 rarunt
2599 5108 2815 5166 medici.
2845 5106 3053 5159 videtur
3082 5107 3370 5173 contigisse
3412 5103 3552 5171 quod
3598 5106 3713 5171 ipse
3756 5114 3948 5157 narrat

2382 5203 2433 5254 iu
2480 5199 2700 5267 epistola
2749 5196 2866 5250 Ml.
2907 5194 3106 5247 Audito
3135 5193 3251 5262 ejus
3288 5195 3476 5246 mortis
3514 5195 3726 5258 nuntio,
3784 5209 3949 5248 vene-

2381 5304 2503 5347 runt
2548 5290 2783 5359 episcopi
2826 5288 3168 5351 Czesaream;
3210 5285 3302 5340 sed
3346 5287 3498 5339 vivus
3533 5286 3599 5339 ab
3631 5286 3713 5339 eis
3742 5288 3939 5353 depre-

2380 5387 2612 5443 hensus,
2667 5381 2829 5434 etiam
2891 5390 3055 5449 atque
3111 5378 3269 5430 etiam
3326 5392 3419 5429 eos
3481 5376 3803 5430 adhortatus
3864 5386 3949 5429 est

2382 5478 2446 5531 ad
2482 5474 2734 5529 Ecclesiae
2774 5472 3157 5537 defensionem,
3194 5484 3257 5524 ac
3292 5468 3383 5524 Dei
3408 5469 3667 5537 judicium
3705 5468 3788 5524 eis
3824 5478 3949 5523 ante

2456 5674 2523 5746 (ε)
2560 5674 2654 5743 Ep.
2688 5674 2805 5736 l36,
2839 5685 2894 5723 n.
2922 5675 2971 5733 t.
