  <div class='ocr_page' id='page_1' title='image "/cluster/home/n/w/nwhite01/storage/ocr_20150623/29/pst.000005712274/118.png"; bbox 0 0 4074 6312; ppageno 0'>
   <div class='ocr_carea' id='block_1_1' title="bbox 1503 353 2064 412">
    <p class='ocr_par' dir='ltr' id='par_1_1' title="bbox 1503 353 2064 412">
     <span class='ocr_line' id='line_1_1' title="bbox 1503 353 2064 412; baseline -0.005 -2"><span class='ocrx_word' id='word_1_1' title='bbox 1503 356 1656 412; x_wconf 80' lang='lat' dir='ltr'><strong>VITA</strong></span> <span class='ocrx_word' id='word_1_2' title='bbox 1698 355 1756 411; x_wconf 91' lang='lat' dir='ltr'><strong>S.</strong></span> <span class='ocrx_word' id='word_1_3' title='bbox 1797 354 1880 409; x_wconf 82' lang='lat' dir='ltr'><strong>BA</strong></span> <span class='ocrx_word' id='word_1_4' title='bbox 1890 353 2064 411; x_wconf 84' lang='lat' dir='ltr'><strong>SILII.</strong></span> 
     </span>
    </p>
   </div>
   <div class='ocr_carea' id='block_1_2' title="bbox 3288 365 3381 411">
    <p class='ocr_par' dir='ltr' id='par_1_2' title="bbox 3288 365 3381 411">
     <span class='ocr_line' id='line_1_2' title="bbox 3288 365 3381 411; baseline 0 0"><span class='ocrx_word' id='word_1_5' title='bbox 3288 365 3381 411; x_wconf 63' lang='grc' dir='ltr'><strong>σε]</strong></span> 
     </span>
    </p>
   </div>
   <div class='ocr_carea' id='block_1_3' title="bbox 164 462 3381 540">
    <p class='ocr_par' dir='ltr' id='par_1_3' title="bbox 164 462 3381 540">
     <span class='ocr_line' id='line_1_3' title="bbox 164 462 3381 540; baseline -0.001 -18"><span class='ocrx_word' id='word_1_6' title='bbox 164 472 326 522; x_wconf 79' lang='lat' dir='ltr'><strong>oculos</strong></span> <span class='ocrx_word' id='word_1_7' title='bbox 356 468 557 533; x_wconf 83' lang='lat' dir='ltr'><strong>posuit,</strong></span> <span class='ocrx_word' id='word_1_8' title='bbox 589 468 644 523; x_wconf 88' lang='lat' dir='ltr'><strong>id</strong></span> <span class='ocrx_word' id='word_1_9' title='bbox 683 469 827 540; x_wconf 85' lang='lat' dir='ltr'><strong>quod</strong></span> <span class='ocrx_word' id='word_1_10' title='bbox 868 468 977 539; x_wconf 88' lang='lat' dir='ltr'><strong>jam</strong></span> <span class='ocrx_word' id='word_1_11' title='bbox 1010 479 1167 523; x_wconf 91' lang='lat' dir='ltr'><strong>antea</strong></span> <span class='ocrx_word' id='word_1_12' title='bbox 1200 482 1298 538; x_wconf 92' lang='lat' dir='ltr'><strong>per</strong></span> <span class='ocrx_word' id='word_1_13' title='bbox 1333 468 1541 525; x_wconf 89' lang='lat' dir='ltr'><strong>litteras</strong></span> <span class='ocrx_word' id='word_1_14' title='bbox 1567 485 1706 537; x_wconf 79' lang='lat' dir='ltr'><strong>prze-</strong></span> <span class='ocrx_word' id='word_1_15' title='bbox 1736 471 1783 529; x_wconf 79' lang='grc' dir='ltr'><strong>Α</strong></span> <span class='ocrx_word' id='word_1_16' title='bbox 1813 469 2068 523; x_wconf 88' lang='lat' dir='ltr'><strong>Romanis</strong></span> <span class='ocrx_word' id='word_1_17' title='bbox 2102 479 2326 521; x_wconf 79' lang='lat' dir='ltr'><strong>exarata</strong></span> <span class='ocrx_word' id='word_1_18' title='bbox 2363 464 2612 535; x_wconf 89' lang='lat' dir='ltr'><strong>epistola,</strong></span> <span class='ocrx_word' id='word_1_19' title='bbox 2644 463 2855 532; x_wconf 86' lang='lat' dir='ltr'><strong>qualem</strong></span> <span class='ocrx_word' id='word_1_20' title='bbox 2888 462 2953 516; x_wconf 88' lang='lat' dir='ltr'><strong>ad</strong></span> <span class='ocrx_word' id='word_1_21' title='bbox 2990 478 3047 518; x_wconf 82' lang='lat' dir='ltr'><strong>se</strong></span> <span class='ocrx_word' id='word_1_22' title='bbox 3087 463 3155 519; x_wconf 84' lang='lat' dir='ltr'><strong>ab</strong></span> <span class='ocrx_word' id='word_1_23' title='bbox 3186 462 3381 521; x_wconf 85' lang='lat' dir='ltr'><strong>Orien-</strong></span> 
     </span>
    </p>
   </div>
   <div class='ocr_carea' id='block_1_4' title="bbox 165 558 373 613">
    <p class='ocr_par' dir='ltr' id='par_1_4' title="bbox 165 558 373 613">
     <span class='ocr_line' id='line_1_4' title="bbox 165 558 373 613; baseline -0.019 0"><span class='ocrx_word' id='word_1_24' title='bbox 165 558 348 613; x_wconf 76' lang='lat' dir='ltr'><strong>stiteral</strong></span> <span class='ocrx_word' id='word_1_25' title='bbox 360 594 373 609; x_wconf 93' lang='lat'><strong>.</strong></span> 
     </span>
    </p>
   </div>
   <div class='ocr_carea' id='block_1_5' title="bbox 226 648 1709 718">
    <p class='ocr_par' dir='ltr' id='par_1_5' title="bbox 226 648 1709 718">
     <span class='ocr_line' id='line_1_5' title="bbox 226 648 1709 718; baseline 0.002 -17"><span class='ocrx_word' id='word_1_26' title='bbox 226 649 350 701; x_wconf 84' lang='lat' dir='ltr'><strong>Tum</strong></span> <span class='ocrx_word' id='word_1_27' title='bbox 387 663 512 702; x_wconf 91' lang='lat' dir='ltr'><strong>cum</strong></span> <span class='ocrx_word' id='word_1_28' title='bbox 550 649 706 718; x_wconf 81' lang='lat' dir='ltr'><strong>aquis</strong></span> <span class='ocrx_word' id='word_1_29' title='bbox 751 648 938 704; x_wconf 86' lang='lat' dir='ltr'><strong>calidis</strong></span> <span class='ocrx_word' id='word_1_30' title='bbox 976 659 1262 705; x_wconf 73' lang='lat' dir='ltr'><strong>curaretur</strong></span> <span class='ocrx_word' id='word_1_31' title='bbox 1296 649 1544 713; x_wconf 86' lang='lat' dir='ltr'><strong>Basilius,</strong></span> <span class='ocrx_word' id='word_1_32' title='bbox 1581 664 1709 704; x_wconf 87' lang='lat' dir='ltr'><strong>suc-</strong></span> 
     </span>
    </p>
   </div>
   <div class='ocr_carea' id='block_1_6' title="bbox 164 741 1711 810">
    <p class='ocr_par' dir='ltr' id='par_1_6' title="bbox 164 741 1711 810">
     <span class='ocr_line' id='line_1_6' title="bbox 164 741 1711 810; baseline 0 -17"><span class='ocrx_word' id='word_1_33' title='bbox 164 743 315 793; x_wconf 82' lang='lat' dir='ltr'><strong>cessit</strong></span> <span class='ocrx_word' id='word_1_34' title='bbox 373 741 658 809; x_wconf 74' lang='lat' dir='ltr'><strong>Antipater</strong></span> <span class='ocrx_word' id='word_1_35' title='bbox 707 742 937 796; x_wconf 75' lang='lat' dir='ltr'><strong>Maximo</strong></span> <span class='ocrx_word' id='word_1_36' title='bbox 989 744 1239 809; x_wconf 79' lang='lat' dir='ltr'><strong>przesidi,</strong></span> <span class='ocrx_word' id='word_1_37' title='bbox 1293 743 1378 795; x_wconf 82' lang='lat' dir='ltr'><strong>cui</strong></span> <span class='ocrx_word' id='word_1_38' title='bbox 1456 742 1711 810; x_wconf 85' lang='lat' dir='ltr'><strong>abrogata</strong></span> 
     </span>
    </p>
   </div>
   <div class='ocr_carea' id='block_1_7' title="bbox 163 831 1713 901">
    <p class='ocr_par' dir='ltr' id='par_1_7' title="bbox 163 831 1713 901">
     <span class='ocr_line' id='line_1_7' title="bbox 163 831 1713 901; baseline -0.001 -16"><span class='ocrx_word' id='word_1_39' title='bbox 163 832 373 897; x_wconf 75' lang='lat' dir='ltr'><strong>dignitas</strong></span> <span class='ocrx_word' id='word_1_40' title='bbox 403 831 580 885; x_wconf 81' lang='lat' dir='ltr'><strong>fuerat</strong></span> <span class='ocrx_word' id='word_1_41' title='bbox 625 850 729 887; x_wconf 87' lang='lat' dir='ltr'><strong>non</strong></span> <span class='ocrx_word' id='word_1_42' title='bbox 772 834 886 886; x_wconf 89' lang='lat' dir='ltr'><strong>siue</strong></span> <span class='ocrx_word' id='word_1_43' title='bbox 911 833 1242 901; x_wconf 78' lang='lat' dir='ltr'><strong>gravissimis</strong></span> <span class='ocrx_word' id='word_1_44' title='bbox 1276 833 1511 901; x_wconf 81' lang='lat' dir='ltr'><strong>injuriis.</strong></span> <span class='ocrx_word' id='word_1_45' title='bbox 1564 832 1713 885; x_wconf 86' lang='lat' dir='ltr'><strong>Scri-</strong></span> 
     </span>
    </p>
   </div>
   <div class='ocr_carea' id='block_1_8' title="bbox 162 921 1713 993">
    <p class='ocr_par' dir='ltr' id='par_1_8' title="bbox 162 921 1713 993">
     <span class='ocr_line' id='line_1_8' title="bbox 162 921 1713 993; baseline 0.001 -18"><span class='ocrx_word' id='word_1_46' title='bbox 162 921 231 975; x_wconf 90' lang='lat' dir='ltr'><strong>bit</strong></span> <span class='ocrx_word' id='word_1_47' title='bbox 279 922 565 991; x_wconf 79' lang='lat' dir='ltr'><strong>Antipatro</strong></span> <span class='ocrx_word' id='word_1_48' title='bbox 617 922 840 975; x_wconf 81' lang='lat' dir='ltr'><strong>Basilius</strong></span> <span class='ocrx_word' id='word_1_49' title='bbox 893 922 968 993; x_wconf 88' lang='lat' dir='ltr'><strong>(a)</strong></span> <span class='ocrx_word' id='word_1_50' title='bbox 1018 926 1260 978; x_wconf 82' lang='lat' dir='ltr'><strong>morbum</strong></span> <span class='ocrx_word' id='word_1_51' title='bbox 1310 939 1468 978; x_wconf 89' lang='lat' dir='ltr'><strong>suum</strong></span> <span class='ocrx_word' id='word_1_52' title='bbox 1509 924 1562 977; x_wconf 91' lang='lat' dir='ltr'><strong>in</strong></span> <span class='ocrx_word' id='word_1_53' title='bbox 1609 922 1713 976; x_wconf 86' lang='lat' dir='ltr'><strong>hoc</strong></span> 
     </span>
    </p>
   </div>
   <div class='ocr_carea' id='block_1_9' title="bbox 165 1012 1710 1085">
    <p class='ocr_par' dir='ltr' id='par_1_9' title="bbox 165 1012 1710 1085">
     <span class='ocr_line' id='line_1_9' title="bbox 165 1012 1710 1085; baseline 0.001 -20"><span class='ocrx_word' id='word_1_54' title='bbox 165 1013 384 1067; x_wconf 79' lang='lat' dir='ltr'><strong>maxime</strong></span> <span class='ocrx_word' id='word_1_55' title='bbox 414 1012 701 1067; x_wconf 87' lang='lat' dir='ltr'><strong>molestum</strong></span> <span class='ocrx_word' id='word_1_56' title='bbox 726 1014 825 1067; x_wconf 85' lang='lat' dir='ltr'><strong>sibi</strong></span> <span class='ocrx_word' id='word_1_57' title='bbox 848 1014 990 1078; x_wconf 81' lang='lat' dir='ltr'><strong>&#39;esse,</strong></span> <span class='ocrx_word' id='word_1_58' title='bbox 1020 1016 1161 1083; x_wconf 88' lang='lat' dir='ltr'><strong>quod</strong></span> <span class='ocrx_word' id='word_1_59' title='bbox 1195 1024 1344 1068; x_wconf 88' lang='lat' dir='ltr'><strong>tanto</strong></span> <span class='ocrx_word' id='word_1_60' title='bbox 1377 1015 1493 1067; x_wconf 83' lang='lat' dir='ltr'><strong>viro</strong></span> <span class='ocrx_word' id='word_1_61' title='bbox 1516 1014 1710 1085; x_wconf 63' lang='lat' dir='ltr'><strong>gubero</strong></span> 
     </span>
    </p>
   </div>
   <div class='ocr_carea' id='block_1_10' title="bbox 162 1102 1711 1175">
    <p class='ocr_par' dir='ltr' id='par_1_10' title="bbox 162 1102 1711 1175">
     <span class='ocr_line' id='line_1_10' title="bbox 162 1102 1711 1175; baseline 0.001 -19"><span class='ocrx_word' id='word_1_62' title='bbox 162 1102 338 1156; x_wconf 86' lang='lat' dir='ltr'><strong>uacula</strong></span> <span class='ocrx_word' id='word_1_63' title='bbox 400 1104 594 1173; x_wconf 76' lang='lat' dir='ltr'><strong>patriae</strong></span> <span class='ocrx_word' id='word_1_64' title='bbox 650 1114 965 1170; x_wconf 11' lang='lat' dir='ltr'><strong>(capessente</strong></span> <span class='ocrx_word' id='word_1_65' title='bbox 1010 1107 1201 1161; x_wconf 90' lang='lat' dir='ltr'><strong>abesse</strong></span> <span class='ocrx_word' id='word_1_66' title='bbox 1248 1116 1493 1175; x_wconf 77' lang='lat' dir='ltr'><strong>cogatur.</strong></span> <span class='ocrx_word' id='word_1_67' title='bbox 1554 1105 1711 1160; x_wconf 88' lang='lat' dir='ltr'><strong>Com-</strong></span> 
     </span>
    </p>
   </div>
   <div class='ocr_carea' id='block_1_11' title="bbox 163 1198 1709 1270">
    <p class='ocr_par' dir='ltr' id='par_1_11' title="bbox 163 1198 1709 1270">
     <span class='ocr_line' id='line_1_11' title="bbox 163 1198 1709 1270; baseline 0.002 -19"><span class='ocrx_word' id='word_1_68' title='bbox 163 1199 367 1251; x_wconf 85' lang='lat' dir='ltr'><strong>mendat</strong></span> <span class='ocrx_word' id='word_1_69' title='bbox 416 1198 581 1251; x_wconf 88' lang='lat' dir='ltr'><strong>etiam</strong></span> <span class='ocrx_word' id='word_1_70' title='bbox 629 1198 838 1265; x_wconf 58' lang='lat' dir='ltr'><strong>praesidi</strong></span> <span class='ocrx_word' id='word_1_71' title='bbox 893 1201 1165 1269; x_wconf 88' lang='lat' dir='ltr'><strong>negotium</strong></span> <span class='ocrx_word' id='word_1_72' title='bbox 1219 1199 1493 1266; x_wconf 65' lang='lat' dir='ltr'><strong>Palladiae,</strong></span> <span class='ocrx_word' id='word_1_73' title='bbox 1547 1216 1709 1270; x_wconf 90' lang='lat' dir='ltr'><strong>quam</strong></span> 
     </span>
    </p>
   </div>
   <div class='ocr_carea' id='block_1_12' title="bbox 162 1289 1711 1362">
    <p class='ocr_par' dir='ltr' id='par_1_12' title="bbox 162 1289 1711 1362">
     <span class='ocr_line' id='line_1_12' title="bbox 162 1289 1711 1362; baseline 0.003 -19"><span class='ocrx_word' id='word_1_74' title='bbox 162 1292 336 1343; x_wconf 78' lang='lat' dir='ltr'><strong>matris</strong></span> <span class='ocrx_word' id='word_1_75' title='bbox 388 1289 507 1342; x_wconf 92' lang='lat' dir='ltr'><strong>loco</strong></span> <span class='ocrx_word' id='word_1_76' title='bbox 569 1291 918 1343; x_wconf 89' lang='lat' dir='ltr'><strong>reverebatur</strong></span> <span class='ocrx_word' id='word_1_77' title='bbox 978 1306 1083 1344; x_wconf 90' lang='lat' dir='ltr'><strong>nou</strong></span> <span class='ocrx_word' id='word_1_78' title='bbox 1146 1292 1317 1346; x_wconf 86' lang='lat' dir='ltr'><strong>solum</strong></span> <span class='ocrx_word' id='word_1_79' title='bbox 1372 1293 1441 1347; x_wconf 92' lang='lat' dir='ltr'><strong>ob</strong></span> <span class='ocrx_word' id='word_1_80' title='bbox 1498 1292 1711 1362; x_wconf 78' lang='lat' dir='ltr'><strong>generis</strong></span> 
     </span>
    </p>
   </div>
   <div class='ocr_carea' id='block_1_13' title="bbox 159 1384 1707 1456">
    <p class='ocr_par' dir='ltr' id='par_1_13' title="bbox 159 1384 1707 1456">
     <span class='ocr_line' id='line_1_13' title="bbox 159 1384 1707 1456; baseline 0.005 -21"><span class='ocrx_word' id='word_1_81' title='bbox 159 1384 625 1451; x_wconf 78' lang='lat' dir='ltr'><strong>propinquitatem,</strong></span> <span class='ocrx_word' id='word_1_82' title='bbox 658 1384 749 1436; x_wconf 89' lang='lat' dir='ltr'><strong>sed</strong></span> <span class='ocrx_word' id='word_1_83' title='bbox 785 1384 944 1438; x_wconf 88' lang='lat' dir='ltr'><strong>etiam</strong></span> <span class='ocrx_word' id='word_1_84' title='bbox 994 1387 1063 1440; x_wconf 93' lang='lat' dir='ltr'><strong>ob</strong></span> <span class='ocrx_word' id='word_1_85' title='bbox 1105 1401 1314 1441; x_wconf 90' lang='lat' dir='ltr'><strong>morum</strong></span> <span class='ocrx_word' id='word_1_86' title='bbox 1363 1388 1707 1456; x_wconf 77' lang='lat' dir='ltr'><strong>probitatem.</strong></span> 
     </span>
    </p>
   </div>
   <div class='ocr_carea' id='block_1_14' title="bbox 160 1474 1708 1545">
    <p class='ocr_par' dir='ltr' id='par_1_14' title="bbox 160 1474 1708 1545">
     <span class='ocr_line' id='line_1_14' title="bbox 160 1474 1708 1545; baseline 0.005 -21"><span class='ocrx_word' id='word_1_87' title='bbox 160 1475 298 1525; x_wconf 82' lang='lat' dir='ltr'><strong>Circa</strong></span> <span class='ocrx_word' id='word_1_88' title='bbox 335 1474 553 1525; x_wconf 91' lang='lat' dir='ltr'><strong>domum</strong></span> <span class='ocrx_word' id='word_1_89' title='bbox 583 1474 741 1543; x_wconf 86' lang='lat' dir='ltr'><strong>hujus</strong></span> <span class='ocrx_word' id='word_1_90' title='bbox 773 1484 1029 1528; x_wconf 66' lang='lat' dir='ltr'><strong>matrona:</strong></span> <span class='ocrx_word' id='word_1_91' title='bbox 1046 1488 1265 1530; x_wconf 77' lang='lat' dir='ltr'><strong>exortus</strong></span> <span class='ocrx_word' id='word_1_92' title='bbox 1294 1478 1468 1530; x_wconf 91' lang='lat' dir='ltr'><strong>fuerat</strong></span> <span class='ocrx_word' id='word_1_93' title='bbox 1492 1476 1708 1545; x_wconf 89' lang='lat' dir='ltr'><strong>quidam</strong></span> 
     </span>
    </p>
   </div>
   <div class='ocr_carea' id='block_1_15' title="bbox 159 1563 1708 1638">
    <p class='ocr_par' dir='ltr' id='par_1_15' title="bbox 159 1563 1708 1638">
     <span class='ocr_line' id='line_1_15' title="bbox 159 1563 1708 1638; baseline 0.006 -24"><span class='ocrx_word' id='word_1_94' title='bbox 159 1563 449 1627; x_wconf 85' lang='lat' dir='ltr'><strong>tumultus;</strong></span> <span class='ocrx_word' id='word_1_95' title='bbox 492 1565 631 1618; x_wconf 88' lang='lat' dir='ltr'><strong>forte</strong></span> <span class='ocrx_word' id='word_1_96' title='bbox 668 1581 828 1633; x_wconf 82' lang='lat' dir='ltr'><strong>opera</strong></span> <span class='ocrx_word' id='word_1_97' title='bbox 882 1568 1041 1621; x_wconf 92' lang='lat' dir='ltr'><strong>unius</strong></span> <span class='ocrx_word' id='word_1_98' title='bbox 1094 1583 1155 1621; x_wconf 76' lang='lat' dir='ltr'><strong>ex</strong></span> <span class='ocrx_word' id='word_1_99' title='bbox 1189 1570 1307 1638; x_wconf 86' lang='lat' dir='ltr'><strong>ejus</strong></span> <span class='ocrx_word' id='word_1_100' title='bbox 1361 1570 1589 1632; x_wconf 81' lang='lat' dir='ltr'><strong>famulis,</strong></span> <span class='ocrx_word' id='word_1_101' title='bbox 1617 1570 1708 1638; x_wconf 90' lang='lat' dir='ltr'><strong>qui</strong></span> 
     </span>
    </p>
   </div>
   <div class='ocr_carea' id='block_1_16' title="bbox 158 1655 1709 1730">
    <p class='ocr_par' dir='ltr' id='par_1_16' title="bbox 158 1655 1709 1730">
     <span class='ocr_line' id='line_1_16' title="bbox 158 1655 1709 1730; baseline 0.005 -24"><span class='ocrx_word' id='word_1_102' title='bbox 158 1655 345 1708; x_wconf 83' lang='lat' dir='ltr'><strong>idcirco</strong></span> <span class='ocrx_word' id='word_1_103' title='bbox 372 1656 715 1708; x_wconf 88' lang='lat' dir='ltr'><strong>detinebatur</strong></span> <span class='ocrx_word' id='word_1_104' title='bbox 745 1672 771 1709; x_wconf 91' lang='lat' dir='ltr'><strong>a</strong></span> <span class='ocrx_word' id='word_1_105' title='bbox 803 1659 1047 1713; x_wconf 84' lang='lat' dir='ltr'><strong>cohorte.</strong></span> <span class='ocrx_word' id='word_1_106' title='bbox 1081 1660 1251 1730; x_wconf 87' lang='lat' dir='ltr'><strong>Rogat</strong></span> <span class='ocrx_word' id='word_1_107' title='bbox 1283 1661 1505 1714; x_wconf 82' lang='lat' dir='ltr'><strong>Basilius</strong></span> <span class='ocrx_word' id='word_1_108' title='bbox 1535 1670 1591 1715; x_wconf 93' lang='lat' dir='ltr'><strong>ut</strong></span> <span class='ocrx_word' id='word_1_109' title='bbox 1616 1660 1709 1729; x_wconf 64' lang='lat' dir='ltr'><strong>juv</strong></span> 
     </span>
    </p>
   </div>
   <div class='ocr_carea' id='block_1_17' title="bbox 157 1744 1463 1815">
    <p class='ocr_par' dir='ltr' id='par_1_17' title="bbox 157 1744 1463 1815">
     <span class='ocr_line' id='line_1_17' title="bbox 157 1744 1463 1815; baseline 0.005 -18"><span class='ocrx_word' id='word_1_110' title='bbox 157 1744 340 1798; x_wconf 88' lang='lat' dir='ltr'><strong>dicium</strong></span> <span class='ocrx_word' id='word_1_111' title='bbox 367 1745 649 1799; x_wconf 75' lang='lat' dir='ltr'><strong>dill‘eratur</strong></span> <span class='ocrx_word' id='word_1_112' title='bbox 683 1762 853 1815; x_wconf 92' lang='lat' dir='ltr'><strong>usque</strong></span> <span class='ocrx_word' id='word_1_113' title='bbox 876 1750 939 1800; x_wconf 88' lang='lat' dir='ltr'><strong>ad</strong></span> <span class='ocrx_word' id='word_1_114' title='bbox 966 1764 1121 1801; x_wconf 91' lang='lat' dir='ltr'><strong>suum</strong></span> <span class='ocrx_word' id='word_1_115' title='bbox 1154 1752 1463 1803; x_wconf 73' lang='lat' dir='ltr'><strong>adventum.</strong></span> 
     </span>
    </p>
   </div>
   <div class='ocr_carea' id='block_1_18' title="bbox 1820 555 3383 626">
    <p class='ocr_par' dir='ltr' id='par_1_18' title="bbox 1820 555 3383 626">
     <span class='ocr_line' id='line_1_18' title="bbox 1820 555 3383 626; baseline -0.002 -11"><span class='ocrx_word' id='word_1_116' title='bbox 1820 561 2018 615; x_wconf 86' lang='lat' dir='ltr'><strong>talibus</strong></span> <span class='ocrx_word' id='word_1_117' title='bbox 2069 559 2234 613; x_wconf 81' lang='lat' dir='ltr'><strong>scribi</strong></span> <span class='ocrx_word' id='word_1_118' title='bbox 2276 568 2525 626; x_wconf 88' lang='lat' dir='ltr'><strong>oportere</strong></span> <span class='ocrx_word' id='word_1_119' title='bbox 2565 555 2898 625; x_wconf 82' lang='lat' dir='ltr'><strong>judicabant.</strong></span> <span class='ocrx_word' id='word_1_120' title='bbox 2934 556 3217 626; x_wconf 85' lang='lat' dir='ltr'><strong>Evagrium</strong></span> <span class='ocrx_word' id='word_1_121' title='bbox 3255 556 3383 612; x_wconf 86' lang='lat' dir='ltr'><strong>hor-</strong></span> 
     </span>
    </p>
   </div>
   <div class='ocr_carea' id='block_1_19' title="bbox 1816 648 3381 720">
    <p class='ocr_par' dir='ltr' id='par_1_19' title="bbox 1816 648 3381 720">
     <span class='ocr_line' id='line_1_19' title="bbox 1816 648 3381 720; baseline -0.001 -14"><span class='ocrx_word' id='word_1_122' title='bbox 1816 662 1958 707; x_wconf 88' lang='lat' dir='ltr'><strong>tatus</strong></span> <span class='ocrx_word' id='word_1_123' title='bbox 1986 662 2067 706; x_wconf 91' lang='lat' dir='ltr'><strong>est</strong></span> <span class='ocrx_word' id='word_1_124' title='bbox 2098 650 2328 705; x_wconf 80' lang='lat' dir='ltr'><strong>Basilius</strong></span> <span class='ocrx_word' id='word_1_125' title='bbox 2370 651 2470 720; x_wconf 86' lang='lat' dir='ltr'><strong>(d),</strong></span> <span class='ocrx_word' id='word_1_126' title='bbox 2514 658 2572 703; x_wconf 91' lang='lat' dir='ltr'><strong>ut</strong></span> <span class='ocrx_word' id='word_1_127' title='bbox 2609 648 2912 703; x_wconf 67' lang='lat' dir='ltr'><strong>Antiochiae</strong></span> <span class='ocrx_word' id='word_1_128' title='bbox 2947 664 3069 703; x_wconf 93' lang='lat' dir='ltr'><strong>cum</strong></span> <span class='ocrx_word' id='word_1_129' title='bbox 3105 650 3381 704; x_wconf 85' lang='lat' dir='ltr'><strong>Dorotbeo</strong></span> 
     </span>
    </p>
   </div>
   <div class='ocr_carea' id='block_1_20' title="bbox 1813 742 3382 814">
    <p class='ocr_par' dir='ltr' id='par_1_20' title="bbox 1813 742 3382 814">
     <span class='ocr_line' id='line_1_20' title="bbox 1813 742 3382 814; baseline -0.002 -14"><span class='ocrx_word' id='word_1_130' title='bbox 1813 750 1986 800; x_wconf 82' lang='lat' dir='ltr'><strong>sancti</strong></span> <span class='ocrx_word' id='word_1_131' title='bbox 2044 744 2241 799; x_wconf 77' lang='lat' dir='ltr'><strong>Meletii</strong></span> <span class='ocrx_word' id='word_1_132' title='bbox 2289 745 2599 814; x_wconf 82' lang='lat' dir='ltr'><strong>presbytero</strong></span> <span class='ocrx_word' id='word_1_133' title='bbox 2630 744 3053 797; x_wconf 85' lang='lat' dir='ltr'><strong>communicaret</strong></span> <span class='ocrx_word' id='word_1_134' title='bbox 3087 761 3101 796; x_wconf 86' lang='lat'>:</span> <span class='ocrx_word' id='word_1_135' title='bbox 3132 742 3382 813; x_wconf 84' lang='lat' dir='ltr'><strong>promisit</strong></span> 
     </span>
    </p>
   </div>
   <div class='ocr_carea' id='block_1_21' title="bbox 1811 834 2835 905">
    <p class='ocr_par' dir='ltr' id='par_1_21' title="bbox 1811 834 2835 905">
     <span class='ocr_line' id='line_1_21' title="bbox 1811 834 2835 905; baseline -0.003 -15"><span class='ocrx_word' id='word_1_136' title='bbox 1811 836 2090 905; x_wconf 79' lang='lat' dir='ltr'><strong>Evagrius,</strong></span> <span class='ocrx_word' id='word_1_137' title='bbox 2125 846 2180 888; x_wconf 90' lang='lat' dir='ltr'><strong>at</strong></span> <span class='ocrx_word' id='word_1_138' title='bbox 2212 836 2492 905; x_wconf 83' lang='lat' dir='ltr'><strong>promissis</strong></span> <span class='ocrx_word' id='word_1_139' title='bbox 2524 850 2629 888; x_wconf 91' lang='lat' dir='ltr'><strong>non</strong></span> <span class='ocrx_word' id='word_1_140' title='bbox 2665 834 2835 887; x_wconf 80' lang='lat' dir='ltr'><strong>stetit.</strong></span> 
     </span>
    </p>
   </div>
   <div class='ocr_carea' id='block_1_22' title="bbox 1885 923 3378 995">
    <p class='ocr_par' dir='ltr' id='par_1_22' title="bbox 1885 923 3378 995">
     <span class='ocr_line' id='line_1_22' title="bbox 1885 923 3378 995; baseline -0.001 -17"><span class='ocrx_word' id='word_1_141' title='bbox 1885 925 2166 979; x_wconf 85' lang='lat' dir='ltr'><strong>Probabile</strong></span> <span class='ocrx_word' id='word_1_142' title='bbox 2238 933 2320 979; x_wconf 87' lang='lat' dir='ltr'><strong>est</strong></span> <span class='ocrx_word' id='word_1_143' title='bbox 2394 935 2635 979; x_wconf 87' lang='lat' dir='ltr'><strong>sanctum</strong></span> <span class='ocrx_word' id='word_1_144' title='bbox 2709 924 3091 995; x_wconf 85' lang='lat' dir='ltr'><strong>Hieronymum</strong></span> <span class='ocrx_word' id='word_1_145' title='bbox 3165 923 3378 993; x_wconf 82' lang='lat' dir='ltr'><strong>Evagrii</strong></span> 
     </span>
    </p>
   </div>
   <div class='ocr_carea' id='block_1_23' title="bbox 1811 1015 3376 1079">
    <p class='ocr_par' dir='ltr' id='par_1_23' title="bbox 1811 1015 3376 1079">
     <span class='ocr_line' id='line_1_23' title="bbox 1811 1015 3376 1079; baseline -0.001 -7"><span class='ocrx_word' id='word_1_146' title='bbox 1811 1018 2016 1072; x_wconf 87' lang='lat' dir='ltr'><strong>socium</strong></span> <span class='ocrx_word' id='word_1_147' title='bbox 2041 1018 2253 1072; x_wconf 89' lang='lat' dir='ltr'><strong>itineris</strong></span> <span class='ocrx_word' id='word_1_148' title='bbox 2284 1018 2470 1079; x_wconf 91' lang='lat' dir='ltr'><strong>fuisse,</strong></span> <span class='ocrx_word' id='word_1_149' title='bbox 2504 1026 2558 1070; x_wconf 91' lang='lat' dir='ltr'><strong>et</strong></span> <span class='ocrx_word' id='word_1_150' title='bbox 2588 1031 2708 1069; x_wconf 92' lang='lat' dir='ltr'><strong>cum</strong></span> <span class='ocrx_word' id='word_1_151' title='bbox 2738 1031 2801 1069; x_wconf 89' lang='lat' dir='ltr'><strong>eo</strong></span> <span class='ocrx_word' id='word_1_152' title='bbox 2818 1015 3115 1069; x_wconf 56' lang='lat' dir='ltr'><strong>Caesaream</strong></span> <span class='ocrx_word' id='word_1_153' title='bbox 3146 1017 3376 1072; x_wconf 84' lang='lat' dir='ltr'><strong>venisse.</strong></span> 
     </span>
    </p>
   </div>
   <div class='ocr_carea' id='block_1_24' title="bbox 1814 1106 3378 1178">
    <p class='ocr_par' dir='ltr' id='par_1_24' title="bbox 1814 1106 3378 1178">
     <span class='ocr_line' id='line_1_24' title="bbox 1814 1106 3378 1178; baseline -0.002 -13"><span class='ocrx_word' id='word_1_154' title='bbox 1814 1110 1973 1165; x_wconf 90' lang='lat' dir='ltr'><strong>Certe</strong></span> <span class='ocrx_word' id='word_1_155' title='bbox 2025 1108 2387 1178; x_wconf 79' lang='lat' dir='ltr'><strong>Hieronymus</strong></span> <span class='ocrx_word' id='word_1_156' title='bbox 2437 1111 2581 1164; x_wconf 87' lang='lat' dir='ltr'><strong>circa</strong></span> <span class='ocrx_word' id='word_1_157' title='bbox 2618 1109 2718 1162; x_wconf 89' lang='lat' dir='ltr'><strong>hoc</strong></span> <span class='ocrx_word' id='word_1_158' title='bbox 2755 1117 2963 1177; x_wconf 88' lang='lat' dir='ltr'><strong>tempus</strong></span> <span class='ocrx_word' id='word_1_159' title='bbox 3005 1108 3056 1161; x_wconf 95' lang='lat' dir='ltr'><strong>in</strong></span> <span class='ocrx_word' id='word_1_160' title='bbox 3100 1106 3378 1162; x_wconf 79' lang='lat' dir='ltr'><strong>Orientem</strong></span> 
     </span>
    </p>
   </div>
   <div class='ocr_carea' id='block_1_25' title="bbox 1810 1198 3377 1267">
    <p class='ocr_par' dir='ltr' id='par_1_25' title="bbox 1810 1198 3377 1267">
     <span class='ocr_line' id='line_1_25' title="bbox 1810 1198 3377 1267; baseline 0.001 -14"><span class='ocrx_word' id='word_1_161' title='bbox 1810 1201 1975 1255; x_wconf 93' lang='lat' dir='ltr'><strong>venit.</strong></span> <span class='ocrx_word' id='word_1_162' title='bbox 2026 1198 2157 1253; x_wconf 85' lang='lat' dir='ltr'><strong>Nam</strong></span> <span class='ocrx_word' id='word_1_163' title='bbox 2206 1200 2257 1253; x_wconf 92' lang='lat' dir='ltr'><strong>in</strong></span> <span class='ocrx_word' id='word_1_164' title='bbox 2314 1199 2499 1266; x_wconf 86' lang='lat' dir='ltr'><strong>primis</strong></span> <span class='ocrx_word' id='word_1_165' title='bbox 2549 1198 2743 1252; x_wconf 87' lang='lat' dir='ltr'><strong>litteris</strong></span> <span class='ocrx_word' id='word_1_166' title='bbox 2792 1214 2929 1267; x_wconf 90' lang='lat' dir='ltr'><strong>quas</strong></span> <span class='ocrx_word' id='word_1_167' title='bbox 2974 1212 3071 1252; x_wconf 92' lang='lat' dir='ltr'><strong>suo</strong></span> <span class='ocrx_word' id='word_1_168' title='bbox 3137 1198 3377 1254; x_wconf 86' lang='lat' dir='ltr'><strong>adventu</strong></span> 
     </span>
    </p>
   </div>
   <div class='ocr_carea' id='block_1_26' title="bbox 1812 1288 3372 1361">
    <p class='ocr_par' dir='ltr' id='par_1_26' title="bbox 1812 1288 3372 1361">
     <span class='ocr_line' id='line_1_26' title="bbox 1812 1288 3372 1361; baseline -0.003 -14"><span class='ocrx_word' id='word_1_169' title='bbox 1812 1292 2069 1361; x_wconf 83' lang='lat' dir='ltr'><strong>scripsit,</strong></span> <span class='ocrx_word' id='word_1_170' title='bbox 2112 1290 2348 1359; x_wconf 86' lang='lat' dir='ltr'><strong>loquitur</strong></span> <span class='ocrx_word' id='word_1_171' title='bbox 2396 1290 2462 1343; x_wconf 90' lang='lat' dir='ltr'><strong>de</strong></span> <span class='ocrx_word' id='word_1_172' title='bbox 2504 1288 2907 1344; x_wconf 89' lang='lat' dir='ltr'><strong>confessoribus</strong></span> <span class='ocrx_word' id='word_1_173' title='bbox 2950 1288 3220 1360; x_wconf 64' lang='lat' dir='ltr'><strong>Egyptiis</strong></span> <span class='ocrx_word' id='word_1_174' title='bbox 3276 1290 3372 1358; x_wconf 75' lang='grc' dir='ltr'><strong>(ε),</strong></span> 
     </span>
    </p>
   </div>
   <div class='ocr_carea' id='block_1_27' title="bbox 1811 1378 3374 1454">
    <p class='ocr_par' dir='ltr' id='par_1_27' title="bbox 1811 1378 3374 1454">
     <span class='ocr_line' id='line_1_27' title="bbox 1811 1378 3374 1454; baseline 0.003 -21"><span class='ocrx_word' id='word_1_175' title='bbox 1811 1399 1947 1454; x_wconf 91' lang='lat' dir='ltr'><strong>quos</strong></span> <span class='ocrx_word' id='word_1_176' title='bbox 1985 1381 2187 1435; x_wconf 81' lang='lat' dir='ltr'><strong>Valens</strong></span> <span class='ocrx_word' id='word_1_177' title='bbox 2238 1382 2336 1435; x_wconf 88' lang='lat' dir='ltr'><strong>hoc</strong></span> <span class='ocrx_word' id='word_1_178' title='bbox 2388 1395 2529 1434; x_wconf 91' lang='lat' dir='ltr'><strong>anno</strong></span> <span class='ocrx_word' id='word_1_179' title='bbox 2576 1380 2627 1432; x_wconf 91' lang='lat' dir='ltr'><strong>in</strong></span> <span class='ocrx_word' id='word_1_180' title='bbox 2671 1378 3012 1435; x_wconf 68' lang='lat' dir='ltr'><strong>Palaestinam</strong></span> <span class='ocrx_word' id='word_1_181' title='bbox 3060 1382 3313 1450; x_wconf 74' lang='lat' dir='ltr'><strong>relegavit</strong></span> <span class='ocrx_word' id='word_1_182' title='bbox 3358 1398 3374 1437; x_wconf 89' lang='lat'><strong>:</strong></span> 
     </span>
    </p>
   </div>
   <div class='ocr_carea' id='block_1_28' title="bbox 1813 1470 3378 1542">
    <p class='ocr_par' dir='ltr' id='par_1_28' title="bbox 1813 1470 3378 1542">
     <span class='ocr_line' id='line_1_28' title="bbox 1813 1470 3378 1542; baseline -0.007 -13"><span class='ocrx_word' id='word_1_183' title='bbox 1813 1489 1981 1542; x_wconf 82' lang='lat' dir='ltr'><strong>seque</strong></span> <span class='ocrx_word' id='word_1_184' title='bbox 2034 1472 2331 1527; x_wconf 60' lang='lat' dir='ltr'><strong>AntiOchim</strong></span> <span class='ocrx_word' id='word_1_185' title='bbox 2372 1487 2475 1524; x_wconf 86' lang='lat' dir='ltr'><strong>una</strong></span> <span class='ocrx_word' id='word_1_186' title='bbox 2533 1487 2655 1524; x_wconf 87' lang='lat' dir='ltr'><strong>cum</strong></span> <span class='ocrx_word' id='word_1_187' title='bbox 2703 1470 2933 1539; x_wconf 78' lang='lat' dir='ltr'><strong>Evagrio</strong></span> <span class='ocrx_word' id='word_1_188' title='bbox 2982 1475 3189 1529; x_wconf 83' lang='lat' dir='ltr'><strong>versari</strong></span> <span class='ocrx_word' id='word_1_189' title='bbox 3240 1475 3378 1528; x_wconf 87' lang='lat' dir='ltr'><strong>indi-</strong></span> 
     </span>
    </p>
   </div>
   <div class='ocr_carea' id='block_1_29' title="bbox 1810 1561 3380 1633">
    <p class='ocr_par' dir='ltr' id='par_1_29' title="bbox 1810 1561 3380 1633">
     <span class='ocr_line' id='line_1_29' title="bbox 1810 1561 3380 1633; baseline 0.001 -15"><span class='ocrx_word' id='word_1_190' title='bbox 1810 1576 1895 1619; x_wconf 92' lang='lat' dir='ltr'><strong>cat</strong></span> <span class='ocrx_word' id='word_1_191' title='bbox 1922 1566 2008 1633; x_wconf 80' lang='grc' dir='ltr'><strong>(Ῑ),</strong></span> <span class='ocrx_word' id='word_1_192' title='bbox 2034 1564 2176 1617; x_wconf 88' lang='lat' dir='ltr'><strong>illius</strong></span> <span class='ocrx_word' id='word_1_193' title='bbox 2212 1562 2393 1618; x_wconf 89' lang='lat' dir='ltr'><strong>verbis</strong></span> <span class='ocrx_word' id='word_1_194' title='bbox 2434 1561 2760 1617; x_wconf 79' lang='lat' dir='ltr'><strong>Florentium</strong></span> <span class='ocrx_word' id='word_1_195' title='bbox 2792 1562 3050 1618; x_wconf 85' lang='lat' dir='ltr'><strong>salutans.</strong></span> <span class='ocrx_word' id='word_1_196' title='bbox 3087 1565 3380 1619; x_wconf 87' lang='lat' dir='ltr'><strong>Enumerat</strong></span> 
     </span>
    </p>
   </div>
   <div class='ocr_carea' id='block_1_30' title="bbox 1810 1654 3375 1726">
    <p class='ocr_par' dir='ltr' id='par_1_30' title="bbox 1810 1654 3375 1726">
     <span class='ocr_line' id='line_1_30' title="bbox 1810 1654 3375 1726; baseline 0.003 -19"><span class='ocrx_word' id='word_1_197' title='bbox 1810 1656 1885 1726; x_wconf 87' lang='lat' dir='ltr'><strong>(g)</strong></span> <span class='ocrx_word' id='word_1_198' title='bbox 1910 1657 2071 1708; x_wconf 90' lang='lat' dir='ltr'><strong>etiam</strong></span> <span class='ocrx_word' id='word_1_199' title='bbox 2129 1654 2515 1721; x_wconf 85' lang='lat' dir='ltr'><strong>Cappadociam</strong></span> <span class='ocrx_word' id='word_1_200' title='bbox 2573 1654 2711 1707; x_wconf 88' lang='lat' dir='ltr'><strong>inter</strong></span> <span class='ocrx_word' id='word_1_201' title='bbox 2749 1655 3080 1721; x_wconf 68' lang='lat' dir='ltr'><strong>provincias,</strong></span> <span class='ocrx_word' id='word_1_202' title='bbox 3116 1672 3213 1724; x_wconf 83' lang='lat' dir='ltr'><strong>per</strong></span> <span class='ocrx_word' id='word_1_203' title='bbox 3240 1672 3375 1724; x_wconf 88' lang='lat' dir='ltr'><strong>quas</strong></span> 
     </span>
    </p>
   </div>
   <div class='ocr_carea' id='block_1_31' title="bbox 1811 1742 3372 1807">
    <p class='ocr_par' dir='ltr' id='par_1_31' title="bbox 1811 1742 3372 1807">
     <span class='ocr_line' id='line_1_31' title="bbox 1811 1742 3372 1807; baseline 0.001 -10"><span class='ocrx_word' id='word_1_204' title='bbox 1811 1745 2060 1807; x_wconf 88' lang='lat' dir='ltr'><strong>transiit;</strong></span> <span class='ocrx_word' id='word_1_205' title='bbox 2103 1752 2157 1797; x_wconf 90' lang='lat' dir='ltr'><strong>et</strong></span> <span class='ocrx_word' id='word_1_206' title='bbox 2200 1757 2320 1795; x_wconf 92' lang='lat' dir='ltr'><strong>cum</strong></span> <span class='ocrx_word' id='word_1_207' title='bbox 2364 1757 2421 1796; x_wconf 89' lang='lat' dir='ltr'><strong>se</strong></span> <span class='ocrx_word' id='word_1_208' title='bbox 2462 1742 2665 1797; x_wconf 87' lang='lat' dir='ltr'><strong>fervido</strong></span> <span class='ocrx_word' id='word_1_209' title='bbox 2714 1744 2914 1798; x_wconf 65' lang='lat' dir='ltr'><strong>Ciliciae</strong></span> <span class='ocrx_word' id='word_1_210' title='bbox 2963 1754 3095 1799; x_wconf 72' lang='lat' dir='ltr'><strong>testu</strong></span> <span class='ocrx_word' id='word_1_211' title='bbox 3146 1745 3372 1798; x_wconf 83' lang='lat' dir='ltr'><strong>fractum</strong></span> 
     </span>
    </p>
   </div>
   <div class='ocr_carea' id='block_1_32' title="bbox 219 1820 3376 1908">
    <p class='ocr_par' dir='ltr' id='par_1_32' title="bbox 219 1820 3376 1908">
     <span class='ocr_line' id='line_1_32' title="bbox 219 1820 3376 1908; baseline 0 -18"><span class='ocrx_word' id='word_1_212' title='bbox 219 1835 328 1890; x_wconf 74' lang='lat' dir='ltr'><strong>1am</strong></span> <span class='ocrx_word' id='word_1_213' title='bbox 389 1847 561 1890; x_wconf 90' lang='lat' dir='ltr'><strong>totum</strong></span> <span class='ocrx_word' id='word_1_214' title='bbox 614 1854 853 1893; x_wconf 85' lang='lat' dir='ltr'><strong>mensem</strong></span> <span class='ocrx_word' id='word_1_215' title='bbox 906 1842 969 1893; x_wconf 86' lang='lat' dir='ltr'><strong>ad</strong></span> <span class='ocrx_word' id='word_1_216' title='bbox 1018 1854 1183 1908; x_wconf 87' lang='lat' dir='ltr'><strong>aquas</strong></span> <span class='ocrx_word' id='word_1_217' title='bbox 1242 1840 1532 1903; x_wconf 84' lang='lat' dir='ltr'><strong>residebat,</strong></span> <span class='ocrx_word' id='word_1_218' title='bbox 1580 1854 1703 1895; x_wconf 77' lang='lat' dir='ltr'><strong>cum</strong></span> <span class='ocrx_word' id='word_1_219' title='bbox 1737 1820 1781 1879; x_wconf 74' lang='grc' dir='ltr'><strong>Β</strong></span> <span class='ocrx_word' id='word_1_220' title='bbox 1811 1838 1973 1891; x_wconf 87' lang='lat' dir='ltr'><strong>fuisse</strong></span> <span class='ocrx_word' id='word_1_221' title='bbox 2006 1843 2249 1898; x_wconf 89' lang='lat' dir='ltr'><strong>testetur,</strong></span> <span class='ocrx_word' id='word_1_222' title='bbox 2310 1834 2360 1887; x_wconf 89' lang='lat' dir='ltr'><strong>id</strong></span> <span class='ocrx_word' id='word_1_223' title='bbox 2393 1834 2549 1888; x_wconf 87' lang='lat' dir='ltr'><strong>etiam</strong></span> <span class='ocrx_word' id='word_1_224' title='bbox 2590 1836 2790 1902; x_wconf 91' lang='lat' dir='ltr'><strong>optime</strong></span> <span class='ocrx_word' id='word_1_225' title='bbox 2818 1838 3047 1902; x_wconf 83' lang='lat' dir='ltr'><strong>quadrat</strong></span> <span class='ocrx_word' id='word_1_226' title='bbox 3083 1853 3205 1890; x_wconf 91' lang='lat' dir='ltr'><strong>cum</strong></span> <span class='ocrx_word' id='word_1_227' title='bbox 3242 1838 3376 1889; x_wconf 86' lang='lat' dir='ltr'><strong>Eva-</strong></span> 
     </span>
    </p>
   </div>
   <div class='ocr_carea' id='block_1_33' title="bbox 158 1928 1709 1997">
    <p class='ocr_par' dir='ltr' id='par_1_33' title="bbox 158 1928 1709 1997">
     <span class='ocr_line' id='line_1_33' title="bbox 158 1928 1709 1997; baseline 0.002 -17"><span class='ocrx_word' id='word_1_228' title='bbox 158 1928 357 1995; x_wconf 80' lang='lat' dir='ltr'><strong>scripsit</strong></span> <span class='ocrx_word' id='word_1_229' title='bbox 402 1930 711 1997; x_wconf 84' lang='lat' dir='ltr'><strong>Antipatro.</strong></span> <span class='ocrx_word' id='word_1_230' title='bbox 752 1928 975 1982; x_wconf 75' lang='lat' dir='ltr'><strong>Videtur</strong></span> <span class='ocrx_word' id='word_1_231' title='bbox 1022 1930 1266 1997; x_wconf 75' lang='lat' dir='ltr'><strong>protinus</strong></span> <span class='ocrx_word' id='word_1_232' title='bbox 1311 1930 1555 1992; x_wconf 84' lang='lat' dir='ltr'><strong>rediisse,</strong></span> <span class='ocrx_word' id='word_1_233' title='bbox 1603 1930 1709 1985; x_wconf 85' lang='lat' dir='ltr'><strong>sal-</strong></span> 
     </span>
    </p>
   </div>
   <div class='ocr_carea' id='block_1_34' title="bbox 160 2019 1709 2089">
    <p class='ocr_par' dir='ltr' id='par_1_34' title="bbox 160 2019 1709 2089">
     <span class='ocr_line' id='line_1_34' title="bbox 160 2019 1709 2089; baseline 0.003 -18"><span class='ocrx_word' id='word_1_234' title='bbox 160 2028 252 2072; x_wconf 88' lang='lat' dir='ltr'><strong>tem</strong></span> <span class='ocrx_word' id='word_1_235' title='bbox 285 2034 343 2073; x_wconf 80' lang='lat' dir='ltr'><strong>se</strong></span> <span class='ocrx_word' id='word_1_236' title='bbox 378 2019 456 2072; x_wconf 82' lang='lat' dir='ltr'><strong>ita</strong></span> <span class='ocrx_word' id='word_1_237' title='bbox 495 2020 761 2072; x_wconf 82' lang='lat' dir='ltr'><strong>facturum</strong></span> <span class='ocrx_word' id='word_1_238' title='bbox 804 2020 1003 2073; x_wconf 83' lang='lat' dir='ltr'><strong>iudicat</strong></span> <span class='ocrx_word' id='word_1_239' title='bbox 1037 2021 1087 2074; x_wconf 92' lang='lat' dir='ltr'><strong>iu</strong></span> <span class='ocrx_word' id='word_1_240' title='bbox 1121 2022 1223 2075; x_wconf 85' lang='lat' dir='ltr'><strong>hac</strong></span> <span class='ocrx_word' id='word_1_241' title='bbox 1261 2022 1511 2089; x_wconf 84' lang='lat' dir='ltr'><strong>epistola.</strong></span> <span class='ocrx_word' id='word_1_242' title='bbox 1542 2021 1709 2075; x_wconf 74' lang='lat' dir='ltr'><strong>Crete-</strong></span> 
     </span>
    </p>
   </div>
   <div class='ocr_carea' id='block_1_35' title="bbox 160 2110 1709 2182">
    <p class='ocr_par' dir='ltr' id='par_1_35' title="bbox 160 2110 1709 2182">
     <span class='ocr_line' id='line_1_35' title="bbox 160 2110 1709 2182; baseline 0.004 -21"><span class='ocrx_word' id='word_1_243' title='bbox 160 2126 262 2163; x_wconf 91' lang='lat' dir='ltr'><strong>rum</strong></span> <span class='ocrx_word' id='word_1_244' title='bbox 296 2126 454 2179; x_wconf 76' lang='lat' dir='ltr'><strong>aquae</strong></span> <span class='ocrx_word' id='word_1_245' title='bbox 481 2126 585 2163; x_wconf 92' lang='lat' dir='ltr'><strong>non</strong></span> <span class='ocrx_word' id='word_1_246' title='bbox 626 2110 850 2163; x_wconf 91' lang='lat' dir='ltr'><strong>multum</strong></span> <span class='ocrx_word' id='word_1_247' title='bbox 898 2112 969 2164; x_wconf 92' lang='lat' dir='ltr'><strong>illi</strong></span> <span class='ocrx_word' id='word_1_248' title='bbox 1013 2112 1332 2181; x_wconf 86' lang='lat' dir='ltr'><strong>profuerunt</strong></span> <span class='ocrx_word' id='word_1_249' title='bbox 1361 2128 1374 2164; x_wconf 92' lang='lat'><strong>:</strong></span> <span class='ocrx_word' id='word_1_250' title='bbox 1404 2127 1569 2182; x_wconf 84' lang='lat' dir='ltr'><strong>seque</strong></span> <span class='ocrx_word' id='word_1_251' title='bbox 1598 2112 1709 2181; x_wconf 84' lang='lat' dir='ltr'><strong>ipse</strong></span> 
     </span>
    </p>
   </div>
   <div class='ocr_carea' id='block_1_36' title="bbox 157 2201 1706 2273">
    <p class='ocr_par' dir='ltr' id='par_1_36' title="bbox 157 2201 1706 2273">
     <span class='ocr_line' id='line_1_36' title="bbox 157 2201 1706 2273; baseline 0.004 -20"><span class='ocrx_word' id='word_1_252' title='bbox 157 2202 355 2269; x_wconf 87' lang='lat' dir='ltr'><strong>dignum</strong></span> <span class='ocrx_word' id='word_1_253' title='bbox 411 2201 610 2255; x_wconf 81' lang='lat' dir='ltr'><strong>fatetur</strong></span> <span class='ocrx_word' id='word_1_254' title='bbox 658 2203 790 2265; x_wconf 90' lang='lat' dir='ltr'><strong>risu,</strong></span> <span class='ocrx_word' id='word_1_255' title='bbox 834 2204 975 2273; x_wconf 85' lang='lat' dir='ltr'><strong>quod</strong></span> <span class='ocrx_word' id='word_1_256' title='bbox 1024 2206 1367 2273; x_wconf 84' lang='lat' dir='ltr'><strong>proverbium</strong></span> <span class='ocrx_word' id='word_1_257' title='bbox 1420 2206 1547 2259; x_wconf 91' lang='lat' dir='ltr'><strong>illud</strong></span> <span class='ocrx_word' id='word_1_258' title='bbox 1602 2220 1706 2259; x_wconf 91' lang='lat' dir='ltr'><strong>non</strong></span> 
     </span>
    </p>
   </div>
   <div class='ocr_carea' id='block_1_37' title="bbox 155 2290 1703 2364">
    <p class='ocr_par' dir='ltr' id='par_1_37' title="bbox 155 2290 1703 2364">
     <span class='ocr_line' id='line_1_37' title="bbox 155 2290 1703 2364; baseline 0.004 -22"><span class='ocrx_word' id='word_1_259' title='bbox 155 2290 490 2354; x_wconf 80' lang='lat' dir='ltr'><strong>intellexerit,</strong></span> <span class='ocrx_word' id='word_1_260' title='bbox 531 2301 772 2347; x_wconf 91' lang='lat' dir='ltr'><strong>mortuos</strong></span> <span class='ocrx_word' id='word_1_261' title='bbox 806 2295 991 2349; x_wconf 87' lang='lat' dir='ltr'><strong>calidis</strong></span> <span class='ocrx_word' id='word_1_262' title='bbox 1042 2311 1145 2348; x_wconf 92' lang='lat' dir='ltr'><strong>non</strong></span> <span class='ocrx_word' id='word_1_263' title='bbox 1175 2296 1373 2364; x_wconf 90' lang='lat' dir='ltr'><strong>juvari.</strong></span> <span class='ocrx_word' id='word_1_264' title='bbox 1415 2294 1703 2363; x_wconf 82' lang='lat' dir='ltr'><strong>Postquam</strong></span> 
     </span>
    </p>
   </div>
   <div class='ocr_carea' id='block_1_38' title="bbox 160 2379 1668 2453">
    <p class='ocr_par' dir='ltr' id='par_1_38' title="bbox 160 2379 1668 2453">
     <span class='ocr_line' id='line_1_38' title="bbox 160 2379 1668 2453; baseline 0.004 -24"><span class='ocrx_word' id='word_1_265' title='bbox 160 2380 298 2430; x_wconf 87' lang='lat' dir='ltr'><strong>rediit</strong></span> <span class='ocrx_word' id='word_1_266' title='bbox 338 2379 665 2447; x_wconf 67' lang='lat' dir='ltr'><strong>Cmsaream,</strong></span> <span class='ocrx_word' id='word_1_267' title='bbox 699 2382 879 2438; x_wconf 88' lang='lat' dir='ltr'><strong>adhuc</strong></span> <span class='ocrx_word' id='word_1_268' title='bbox 904 2399 1023 2436; x_wconf 89' lang='lat' dir='ltr'><strong>eum</strong></span> <span class='ocrx_word' id='word_1_269' title='bbox 1051 2383 1215 2437; x_wconf 80' lang='lat' dir='ltr'><strong>febris</strong></span> <span class='ocrx_word' id='word_1_270' title='bbox 1246 2386 1560 2438; x_wconf 75' lang='lat' dir='ltr'><strong>conficiebat</strong></span> <span class='ocrx_word' id='word_1_271' title='bbox 1595 2384 1668 2453; x_wconf 75' lang='grc' dir='ltr'><strong>(ὁ)</strong></span> 
     </span>
    </p>
   </div>
   <div class='ocr_carea' id='block_1_39' title="bbox 155 2473 1703 2543">
    <p class='ocr_par' dir='ltr' id='par_1_39' title="bbox 155 2473 1703 2543">
     <span class='ocr_line' id='line_1_39' title="bbox 155 2473 1703 2543; baseline 0.005 -22"><span class='ocrx_word' id='word_1_272' title='bbox 155 2484 210 2525; x_wconf 86' lang='lat' dir='ltr'><strong>ac</strong></span> <span class='ocrx_word' id='word_1_273' title='bbox 238 2486 299 2526; x_wconf 91' lang='lat' dir='ltr'><strong>ne</strong></span> <span class='ocrx_word' id='word_1_274' title='bbox 333 2473 788 2543; x_wconf 78' lang='lat' dir='ltr'><strong>quinquagesimo</strong></span> <span class='ocrx_word' id='word_1_275' title='bbox 815 2476 1029 2541; x_wconf 90' lang='lat' dir='ltr'><strong>quidem</strong></span> <span class='ocrx_word' id='word_1_276' title='bbox 1063 2477 1231 2530; x_wconf 87' lang='lat' dir='ltr'><strong>morbi</strong></span> <span class='ocrx_word' id='word_1_277' title='bbox 1260 2479 1344 2531; x_wconf 90' lang='lat' dir='ltr'><strong>die</strong></span> <span class='ocrx_word' id='word_1_278' title='bbox 1368 2478 1551 2530; x_wconf 90' lang='lat' dir='ltr'><strong>sedata</strong></span> <span class='ocrx_word' id='word_1_279' title='bbox 1585 2478 1703 2542; x_wconf 91' lang='lat' dir='ltr'><strong>fuit,</strong></span> 
     </span>
    </p>
   </div>
   <div class='ocr_carea' id='block_1_40' title="bbox 155 2564 1705 2631">
    <p class='ocr_par' dir='ltr' id='par_1_40' title="bbox 155 2564 1705 2631">
     <span class='ocr_line' id='line_1_40' title="bbox 155 2564 1705 2631; baseline 0.003 -14"><span class='ocrx_word' id='word_1_280' title='bbox 155 2564 235 2617; x_wconf 82' lang='lat' dir='ltr'><strong>sed</strong></span> <span class='ocrx_word' id='word_1_281' title='bbox 270 2566 548 2619; x_wconf 84' lang='lat' dir='ltr'><strong>nutriente</strong></span> <span class='ocrx_word' id='word_1_282' title='bbox 592 2567 818 2619; x_wconf 85' lang='lat' dir='ltr'><strong>materia</strong></span> <span class='ocrx_word' id='word_1_283' title='bbox 852 2568 1121 2631; x_wconf 91' lang='lat' dir='ltr'><strong>destituta,</strong></span> <span class='ocrx_word' id='word_1_284' title='bbox 1156 2580 1209 2621; x_wconf 91' lang='lat' dir='ltr'><strong>et</strong></span> <span class='ocrx_word' id='word_1_285' title='bbox 1262 2568 1314 2620; x_wconf 90' lang='lat' dir='ltr'><strong>in</strong></span> <span class='ocrx_word' id='word_1_286' title='bbox 1359 2570 1506 2621; x_wconf 88' lang='lat' dir='ltr'><strong>arida</strong></span> <span class='ocrx_word' id='word_1_287' title='bbox 1563 2569 1705 2622; x_wconf 89' lang='lat' dir='ltr'><strong>illius</strong></span> 
     </span>
    </p>
   </div>
   <div class='ocr_carea' id='block_1_41' title="bbox 155 2655 1706 2728">
    <p class='ocr_par' dir='ltr' id='par_1_41' title="bbox 155 2655 1706 2728">
     <span class='ocr_line' id='line_1_41' title="bbox 155 2655 1706 2728; baseline 0.004 -22"><span class='ocrx_word' id='word_1_288' title='bbox 155 2669 321 2721; x_wconf 77' lang='lat' dir='ltr'><strong>carne,</strong></span> <span class='ocrx_word' id='word_1_289' title='bbox 369 2655 521 2710; x_wconf 90' lang='lat' dir='ltr'><strong>velut</strong></span> <span class='ocrx_word' id='word_1_290' title='bbox 563 2657 615 2710; x_wconf 90' lang='lat' dir='ltr'><strong>in</strong></span> <span class='ocrx_word' id='word_1_291' title='bbox 656 2658 919 2728; x_wconf 86' lang='lat' dir='ltr'><strong>ellyclmio</strong></span> <span class='ocrx_word' id='word_1_292' title='bbox 964 2660 1191 2726; x_wconf 91' lang='lat' dir='ltr'><strong>quodam</strong></span> <span class='ocrx_word' id='word_1_293' title='bbox 1239 2668 1433 2712; x_wconf 83' lang='lat' dir='ltr'><strong>exusto</strong></span> <span class='ocrx_word' id='word_1_294' title='bbox 1476 2661 1706 2713; x_wconf 84' lang='lat' dir='ltr'><strong>circum-</strong></span> 
     </span>
    </p>
   </div>
   <div class='ocr_carea' id='block_1_42' title="bbox 159 2734 1705 2819">
    <p class='ocr_par' dir='ltr' id='par_1_42' title="bbox 159 2734 1705 2819">
     <span class='ocr_line' id='line_1_42' title="bbox 159 2734 1705 2819; baseline 0.003 -20"><span class='ocrx_word' id='word_1_295' title='bbox 159 2734 365 2812; x_wconf 75' lang='lat' dir='ltr'><strong>voluta,</strong></span> <span class='ocrx_word' id='word_1_296' title='bbox 421 2763 722 2801; x_wconf 87' lang='lat' dir='ltr'><strong>marcorem</strong></span> <span class='ocrx_word' id='word_1_297' title='bbox 772 2749 1035 2817; x_wconf 86' lang='lat' dir='ltr'><strong>pariebat.</strong></span> <span class='ocrx_word' id='word_1_298' title='bbox 1107 2748 1225 2802; x_wconf 85' lang='lat' dir='ltr'><strong>iluc</strong></span> <span class='ocrx_word' id='word_1_299' title='bbox 1287 2750 1575 2803; x_wconf 81' lang='lat' dir='ltr'><strong>accedebat</strong></span> <span class='ocrx_word' id='word_1_300' title='bbox 1620 2751 1705 2819; x_wconf 86' lang='lat' dir='ltr'><strong>je-</strong></span> 
     </span>
    </p>
   </div>
   <div class='ocr_carea' id='block_1_43' title="bbox 155 2839 1706 2909">
    <p class='ocr_par' dir='ltr' id='par_1_43' title="bbox 155 2839 1706 2909">
     <span class='ocr_line' id='line_1_43' title="bbox 155 2839 1706 2909; baseline 0.003 -17"><span class='ocrx_word' id='word_1_301' title='bbox 155 2853 257 2904; x_wconf 85' lang='lat' dir='ltr'><strong>cur,</strong></span> <span class='ocrx_word' id='word_1_302' title='bbox 299 2841 524 2907; x_wconf 87' lang='lat' dir='ltr'><strong>antiqua</strong></span> <span class='ocrx_word' id='word_1_303' title='bbox 571 2841 712 2892; x_wconf 89' lang='lat' dir='ltr'><strong>illius</strong></span> <span class='ocrx_word' id='word_1_304' title='bbox 754 2839 948 2909; x_wconf 89' lang='lat' dir='ltr'><strong>plaga;</strong></span> <span class='ocrx_word' id='word_1_305' title='bbox 998 2849 1053 2894; x_wconf 92' lang='lat' dir='ltr'><strong>et</strong></span> <span class='ocrx_word' id='word_1_306' title='bbox 1097 2855 1127 2893; x_wconf 93' lang='lat' dir='ltr'><strong>a</strong></span> <span class='ocrx_word' id='word_1_307' title='bbox 1173 2841 1307 2895; x_wconf 89' lang='lat' dir='ltr'><strong>cibis</strong></span> <span class='ocrx_word' id='word_1_308' title='bbox 1351 2851 1404 2895; x_wconf 94' lang='lat' dir='ltr'><strong>et</strong></span> <span class='ocrx_word' id='word_1_309' title='bbox 1449 2858 1479 2895; x_wconf 93' lang='lat' dir='ltr'><strong>a</strong></span> <span class='ocrx_word' id='word_1_310' title='bbox 1518 2857 1706 2897; x_wconf 89' lang='lat' dir='ltr'><strong>somno</strong></span> 
     </span>
    </p>
   </div>
   <div class='ocr_carea' id='block_1_44' title="bbox 154 2932 1706 3004">
    <p class='ocr_par' dir='ltr' id='par_1_44' title="bbox 154 2932 1706 3004">
     <span class='ocr_line' id='line_1_44' title="bbox 154 2932 1706 3004; baseline 0.005 -22"><span class='ocrx_word' id='word_1_311' title='bbox 154 2932 456 2995; x_wconf 78' lang='lat' dir='ltr'><strong>cxcludens,</strong></span> <span class='ocrx_word' id='word_1_312' title='bbox 494 2945 557 2983; x_wconf 89' lang='lat' dir='ltr'><strong>ac</strong></span> <span class='ocrx_word' id='word_1_313' title='bbox 590 2939 796 2984; x_wconf 90' lang='lat' dir='ltr'><strong>tantum</strong></span> <span class='ocrx_word' id='word_1_314' title='bbox 833 2933 1015 2987; x_wconf 85' lang='lat' dir='ltr'><strong>siuens</strong></span> <span class='ocrx_word' id='word_1_315' title='bbox 1050 2933 1248 3000; x_wconf 81' lang='lat' dir='ltr'><strong>vivere,</strong></span> <span class='ocrx_word' id='word_1_316' title='bbox 1280 2944 1533 3003; x_wconf 90' lang='lat' dir='ltr'><strong>quantum</strong></span> <span class='ocrx_word' id='word_1_317' title='bbox 1573 2951 1706 3004; x_wconf 88' lang='lat' dir='ltr'><strong>opus</strong></span> 
     </span>
    </p>
   </div>
   <div class='ocr_carea' id='block_1_45' title="bbox 153 3022 1704 3095">
    <p class='ocr_par' dir='ltr' id='par_1_45' title="bbox 153 3022 1704 3095">
     <span class='ocr_line' id='line_1_45' title="bbox 153 3022 1704 3095; baseline 0.005 -23"><span class='ocrx_word' id='word_1_318' title='bbox 153 3032 259 3073; x_wconf 87' lang='lat' dir='ltr'><strong>erat</strong></span> <span class='ocrx_word' id='word_1_319' title='bbox 302 3022 369 3074; x_wconf 88' lang='lat' dir='ltr'><strong>ad</strong></span> <span class='ocrx_word' id='word_1_320' title='bbox 426 3022 739 3077; x_wconf 89' lang='lat' dir='ltr'><strong>sentiendos</strong></span> <span class='ocrx_word' id='word_1_321' title='bbox 792 3023 1025 3080; x_wconf 82' lang='lat' dir='ltr'><strong>dolores.</strong></span> <span class='ocrx_word' id='word_1_322' title='bbox 1077 3026 1184 3081; x_wconf 87' lang='lat' dir='ltr'><strong>Nec</strong></span> <span class='ocrx_word' id='word_1_323' title='bbox 1236 3042 1407 3095; x_wconf 70' lang='lat' dir='ltr'><strong>aqum,</strong></span> <span class='ocrx_word' id='word_1_324' title='bbox 1456 3042 1556 3081; x_wconf 91' lang='lat' dir='ltr'><strong>nec</strong></span> <span class='ocrx_word' id='word_1_325' title='bbox 1602 3027 1704 3079; x_wconf 86' lang='lat' dir='ltr'><strong>alia</strong></span> 
     </span>
    </p>
   </div>
   <div class='ocr_carea' id='block_1_46' title="bbox 154 3110 1705 3187">
    <p class='ocr_par' dir='ltr' id='par_1_46' title="bbox 154 3110 1705 3187">
     <span class='ocr_line' id='line_1_46' title="bbox 154 3110 1705 3187; baseline 0.007 -25"><span class='ocrx_word' id='word_1_326' title='bbox 154 3110 475 3165; x_wconf 86' lang='lat' dir='ltr'><strong>medicorum</strong></span> <span class='ocrx_word' id='word_1_327' title='bbox 530 3116 767 3170; x_wconf 90' lang='lat' dir='ltr'><strong>remedia</strong></span> <span class='ocrx_word' id='word_1_328' title='bbox 814 3126 1017 3171; x_wconf 84' lang='lat' dir='ltr'><strong>tantum</strong></span> <span class='ocrx_word' id='word_1_329' title='bbox 1062 3120 1260 3171; x_wconf 88' lang='lat' dir='ltr'><strong>malum</strong></span> <span class='ocrx_word' id='word_1_330' title='bbox 1306 3132 1563 3187; x_wconf 84' lang='lat' dir='ltr'><strong>superare</strong></span> <span class='ocrx_word' id='word_1_331' title='bbox 1610 3133 1705 3187; x_wconf 89' lang='lat' dir='ltr'><strong>po-</strong></span> 
     </span>
    </p>
   </div>
   <div class='ocr_carea' id='block_1_47' title="bbox 156 3210 382 3257">
    <p class='ocr_par' dir='ltr' id='par_1_47' title="bbox 156 3210 382 3257">
     <span class='ocr_line' id='line_1_47' title="bbox 156 3210 382 3257; baseline 0.022 -5"><span class='ocrx_word' id='word_1_332' title='bbox 156 3210 382 3257; x_wconf 84' lang='lat' dir='ltr'><strong>tuerunt.</strong></span> 
     </span>
    </p>
   </div>
   <div class='ocr_carea' id='block_1_48' title="bbox 214 3289 1701 3369">
    <p class='ocr_par' dir='ltr' id='par_1_48' title="bbox 214 3289 1701 3369">
     <span class='ocr_line' id='line_1_48' title="bbox 214 3289 1701 3369; baseline 0.005 -24"><span class='ocrx_word' id='word_1_333' title='bbox 214 3289 293 3346; x_wconf 82' lang='lat' dir='ltr'><strong>ill.</strong></span> <span class='ocrx_word' id='word_1_334' title='bbox 337 3294 467 3349; x_wconf 82' lang='lat' dir='ltr'><strong>Post</strong></span> <span class='ocrx_word' id='word_1_335' title='bbox 520 3295 749 3349; x_wconf 89' lang='lat' dir='ltr'><strong>reditum</strong></span> <span class='ocrx_word' id='word_1_336' title='bbox 785 3312 849 3349; x_wconf 77' lang='lat' dir='ltr'><strong>ex</strong></span> <span class='ocrx_word' id='word_1_337' title='bbox 894 3296 1046 3365; x_wconf 87' lang='lat' dir='ltr'><strong>aquis</strong></span> <span class='ocrx_word' id='word_1_338' title='bbox 1096 3305 1149 3351; x_wconf 90' lang='lat' dir='ltr'><strong>et</strong></span> <span class='ocrx_word' id='word_1_339' title='bbox 1195 3309 1319 3352; x_wconf 86' lang='lat' dir='ltr'><strong>ante</strong></span> <span class='ocrx_word' id='word_1_340' title='bbox 1364 3299 1701 3369; x_wconf 87' lang='lat' dir='ltr'><strong>quinquage-</strong></span> 
     </span>
    </p>
   </div>
   <div class='ocr_carea' id='block_1_49' title="bbox 152 3384 1701 3459">
    <p class='ocr_par' dir='ltr' id='par_1_49' title="bbox 152 3384 1701 3459">
     <span class='ocr_line' id='line_1_49' title="bbox 152 3384 1701 3459; baseline 0.003 -21"><span class='ocrx_word' id='word_1_341' title='bbox 152 3384 329 3439; x_wconf 72' lang='lat' dir='ltr'><strong>simum</strong></span> <span class='ocrx_word' id='word_1_342' title='bbox 368 3388 542 3442; x_wconf 86' lang='lat' dir='ltr'><strong>morbi</strong></span> <span class='ocrx_word' id='word_1_343' title='bbox 572 3389 741 3453; x_wconf 91' lang='lat' dir='ltr'><strong>diem,</strong></span> <span class='ocrx_word' id='word_1_344' title='bbox 771 3386 1035 3457; x_wconf 88' lang='lat' dir='ltr'><strong>Evagrius</strong></span> <span class='ocrx_word' id='word_1_345' title='bbox 1066 3391 1359 3459; x_wconf 84' lang='lat' dir='ltr'><strong>presbyter,</strong></span> <span class='ocrx_word' id='word_1_346' title='bbox 1393 3387 1701 3458; x_wconf 87' lang='lat' dir='ltr'><strong>Pompeiani</strong></span> 
     </span>
    </p>
   </div>
   <div class='ocr_carea' id='block_1_50' title="bbox 149 3477 1702 3547">
    <p class='ocr_par' dir='ltr' id='par_1_50' title="bbox 149 3477 1702 3547">
     <span class='ocr_line' id='line_1_50' title="bbox 149 3477 1702 3547; baseline 0.004 -18"><span class='ocrx_word' id='word_1_347' title='bbox 149 3477 523 3534; x_wconf 78' lang='lat' dir='ltr'><strong>Antiochensis</strong></span> <span class='ocrx_word' id='word_1_348' title='bbox 555 3480 713 3544; x_wconf 85' lang='lat' dir='ltr'><strong>filius,</strong></span> <span class='ocrx_word' id='word_1_349' title='bbox 758 3480 845 3547; x_wconf 92' lang='lat' dir='ltr'><strong>qui</strong></span> <span class='ocrx_word' id='word_1_350' title='bbox 889 3484 939 3533; x_wconf 93' lang='lat' dir='ltr'><strong>in</strong></span> <span class='ocrx_word' id='word_1_351' title='bbox 987 3480 1326 3534; x_wconf 90' lang='lat' dir='ltr'><strong>Occidentem</strong></span> <span class='ocrx_word' id='word_1_352' title='bbox 1359 3496 1477 3533; x_wconf 89' lang='lat' dir='ltr'><strong>cum</strong></span> <span class='ocrx_word' id='word_1_353' title='bbox 1512 3487 1702 3535; x_wconf 85' lang='lat' dir='ltr'><strong>sancto</strong></span> 
     </span>
    </p>
   </div>
   <div class='ocr_carea' id='block_1_51' title="bbox 152 3570 1703 3641">
    <p class='ocr_par' dir='ltr' id='par_1_51' title="bbox 152 3570 1703 3641">
     <span class='ocr_line' id='line_1_51' title="bbox 152 3570 1703 3641; baseline 0.003 -20"><span class='ocrx_word' id='word_1_354' title='bbox 152 3570 369 3623; x_wconf 82' lang='lat' dir='ltr'><strong>Eusebio</strong></span> <span class='ocrx_word' id='word_1_355' title='bbox 422 3570 744 3623; x_wconf 79' lang='lat' dir='ltr'><strong>Vercellensi</strong></span> <span class='ocrx_word' id='word_1_356' title='bbox 790 3570 1055 3637; x_wconf 91' lang='lat' dir='ltr'><strong>profectus</strong></span> <span class='ocrx_word' id='word_1_357' title='bbox 1101 3571 1297 3634; x_wconf 90' lang='lat' dir='ltr'><strong>fuerat,</strong></span> <span class='ocrx_word' id='word_1_358' title='bbox 1365 3572 1543 3640; x_wconf 88' lang='lat' dir='ltr'><strong>ibique</strong></span> <span class='ocrx_word' id='word_1_359' title='bbox 1578 3587 1703 3641; x_wconf 90' lang='lat' dir='ltr'><strong>per-</strong></span> 
     </span>
    </p>
   </div>
   <div class='ocr_carea' id='block_1_52' title="bbox 150 3661 1701 3729">
    <p class='ocr_par' dir='ltr' id='par_1_52' title="bbox 150 3661 1701 3729">
     <span class='ocr_line' id='line_1_52' title="bbox 150 3661 1701 3729; baseline 0.004 -17"><span class='ocrx_word' id='word_1_360' title='bbox 150 3661 319 3714; x_wconf 81' lang='lat' dir='ltr'><strong>ntilem</strong></span> <span class='ocrx_word' id='word_1_361' title='bbox 381 3661 636 3715; x_wconf 52' lang='lat' dir='ltr'><strong>Ecclesiae</strong></span> <span class='ocrx_word' id='word_1_362' title='bbox 713 3676 931 3729; x_wconf 87' lang='lat' dir='ltr'><strong>operam</strong></span> <span class='ocrx_word' id='word_1_363' title='bbox 1004 3674 1325 3728; x_wconf 88' lang='lat' dir='ltr'><strong>navaverat,</strong></span> <span class='ocrx_word' id='word_1_364' title='bbox 1377 3664 1587 3717; x_wconf 88' lang='lat' dir='ltr'><strong>tandem</strong></span> <span class='ocrx_word' id='word_1_365' title='bbox 1650 3664 1701 3718; x_wconf 92' lang='lat' dir='ltr'><strong>in</strong></span> 
     </span>
    </p>
   </div>
   <div class='ocr_carea' id='block_1_53' title="bbox 153 3751 1701 3821">
    <p class='ocr_par' dir='ltr' id='par_1_53' title="bbox 153 3751 1701 3821">
     <span class='ocr_line' id='line_1_53' title="bbox 153 3751 1701 3821; baseline 0.001 -14"><span class='ocrx_word' id='word_1_366' title='bbox 153 3751 417 3807; x_wconf 89' lang='lat' dir='ltr'><strong>Orientem</strong></span> <span class='ocrx_word' id='word_1_367' title='bbox 467 3751 681 3807; x_wconf 86' lang='lat' dir='ltr'><strong>rediens</strong></span> <span class='ocrx_word' id='word_1_368' title='bbox 741 3752 984 3809; x_wconf 56' lang='lat' dir='ltr'><strong>Caesarea</strong></span> <span class='ocrx_word' id='word_1_369' title='bbox 1041 3757 1283 3821; x_wconf 87' lang='lat' dir='ltr'><strong>transiit,</strong></span> <span class='ocrx_word' id='word_1_370' title='bbox 1334 3771 1396 3810; x_wconf 92' lang='lat' dir='ltr'><strong>ae</strong></span> <span class='ocrx_word' id='word_1_371' title='bbox 1447 3754 1701 3809; x_wconf 85' lang='lat' dir='ltr'><strong>Basiliunt</strong></span> 
     </span>
    </p>
   </div>
   <div class='ocr_carea' id='block_1_54' title="bbox 152 3842 1699 3915">
    <p class='ocr_par' dir='ltr' id='par_1_54' title="bbox 152 3842 1699 3915">
     <span class='ocr_line' id='line_1_54' title="bbox 152 3842 1699 3915; baseline 0.001 -19"><span class='ocrx_word' id='word_1_372' title='bbox 152 3842 323 3897; x_wconf 83' lang='lat' dir='ltr'><strong>invisit</strong></span> <span class='ocrx_word' id='word_1_373' title='bbox 352 3843 445 3915; x_wconf 89' lang='lat' dir='ltr'><strong>(c).</strong></span> <span class='ocrx_word' id='word_1_374' title='bbox 481 3843 689 3913; x_wconf 87' lang='lat' dir='ltr'><strong>Scripta</strong></span> <span class='ocrx_word' id='word_1_375' title='bbox 726 3846 950 3900; x_wconf 84' lang='lat' dir='ltr'><strong>Romam</strong></span> <span class='ocrx_word' id='word_1_376' title='bbox 989 3863 1017 3901; x_wconf 90' lang='lat' dir='ltr'><strong>a</strong></span> <span class='ocrx_word' id='word_1_377' title='bbox 1062 3849 1269 3901; x_wconf 82' lang='lat' dir='ltr'><strong>Basilio‘</strong></span> <span class='ocrx_word' id='word_1_378' title='bbox 1294 3849 1457 3901; x_wconf 86' lang='lat' dir='ltr'><strong>missa</strong></span> <span class='ocrx_word' id='word_1_379' title='bbox 1496 3847 1699 3910; x_wconf 92' lang='lat' dir='ltr'><strong>retulit,</strong></span> 
     </span>
    </p>
   </div>
   <div class='ocr_carea' id='block_1_55' title="bbox 151 3936 1703 4005">
    <p class='ocr_par' dir='ltr' id='par_1_55' title="bbox 151 3936 1703 4005">
     <span class='ocr_line' id='line_1_55' title="bbox 151 3936 1703 4005; baseline 0.003 -18"><span class='ocrx_word' id='word_1_380' title='bbox 151 3945 203 3989; x_wconf 91' lang='lat' dir='ltr'><strong>ut</strong></span> <span class='ocrx_word' id='word_1_381' title='bbox 245 3936 375 3991; x_wconf 89' lang='lat' dir='ltr'><strong>viris</strong></span> <span class='ocrx_word' id='word_1_382' title='bbox 425 3936 536 3990; x_wconf 90' lang='lat' dir='ltr'><strong>illic</strong></span> <span class='ocrx_word' id='word_1_383' title='bbox 582 3939 1006 3992; x_wconf 88' lang='lat' dir='ltr'><strong>accuratioribus</strong></span> <span class='ocrx_word' id='word_1_384' title='bbox 1049 3954 1152 3991; x_wconf 92' lang='lat' dir='ltr'><strong>non</strong></span> <span class='ocrx_word' id='word_1_385' title='bbox 1194 3938 1454 4005; x_wconf 91' lang='lat' dir='ltr'><strong>placentia</strong></span> <span class='ocrx_word' id='word_1_386' title='bbox 1506 3952 1568 3992; x_wconf 90' lang='lat' dir='ltr'><strong>ac</strong></span> <span class='ocrx_word' id='word_1_387' title='bbox 1617 3953 1703 3992; x_wconf 84' lang='lat' dir='ltr'><strong>re-</strong></span> 
     </span>
    </p>
   </div>
   <div class='ocr_carea' id='block_1_56' title="bbox 151 4028 1701 4100">
    <p class='ocr_par' dir='ltr' id='par_1_56' title="bbox 151 4028 1701 4100">
     <span class='ocr_line' id='line_1_56' title="bbox 151 4028 1701 4100; baseline 0.003 -21"><span class='ocrx_word' id='word_1_388' title='bbox 151 4037 377 4083; x_wconf 86' lang='lat' dir='ltr'><strong>trorsum</strong></span> <span class='ocrx_word' id='word_1_389' title='bbox 446 4028 641 4097; x_wconf 86' lang='lat' dir='ltr'><strong>rejecta</strong></span> <span class='ocrx_word' id='word_1_390' title='bbox 696 4046 711 4082; x_wconf 89' lang='lat'><strong>:</strong></span> <span class='ocrx_word' id='word_1_391' title='bbox 766 4030 1025 4096; x_wconf 86' lang='lat' dir='ltr'><strong>petiitque</strong></span> <span class='ocrx_word' id='word_1_392' title='bbox 1078 4039 1137 4085; x_wconf 90' lang='lat' dir='ltr'><strong>ut</strong></span> <span class='ocrx_word' id='word_1_393' title='bbox 1186 4030 1410 4100; x_wconf 88' lang='lat' dir='ltr'><strong>epistola</strong></span> <span class='ocrx_word' id='word_1_394' title='bbox 1473 4029 1701 4085; x_wconf 81' lang='lat' dir='ltr'><strong>Romam</strong></span> 
     </span>
    </p>
   </div>
   <div class='ocr_carea' id='block_1_57' title="bbox 153 4119 1703 4190">
    <p class='ocr_par' dir='ltr' id='par_1_57' title="bbox 153 4119 1703 4190">
     <span class='ocr_line' id='line_1_57' title="bbox 153 4119 1703 4190; baseline 0.003 -21"><span class='ocrx_word' id='word_1_395' title='bbox 153 4119 497 4184; x_wconf 81' lang='lat' dir='ltr'><strong>scriberetur,</strong></span> <span class='ocrx_word' id='word_1_396' title='bbox 543 4121 609 4173; x_wconf 88' lang='lat' dir='ltr'><strong>ad</strong></span> <span class='ocrx_word' id='word_1_397' title='bbox 654 4120 871 4174; x_wconf 79' lang='lat' dir='ltr'><strong>verbum</strong></span> <span class='ocrx_word' id='word_1_398' title='bbox 912 4135 973 4173; x_wconf 86' lang='lat' dir='ltr'><strong>ea</strong></span> <span class='ocrx_word' id='word_1_399' title='bbox 1020 4121 1133 4188; x_wconf 88' lang='lat' dir='ltr'><strong>ipsa</strong></span> <span class='ocrx_word' id='word_1_400' title='bbox 1176 4123 1477 4183; x_wconf 88' lang='lat' dir='ltr'><strong>continens,</strong></span> <span class='ocrx_word' id='word_1_401' title='bbox 1526 4137 1644 4190; x_wconf 82' lang='lat' dir='ltr'><strong>qua:</strong></span> <span class='ocrx_word' id='word_1_402' title='bbox 1672 4134 1703 4173; x_wconf 91' lang='lat' dir='ltr'><strong>a</strong></span> 
     </span>
    </p>
   </div>
   <div class='ocr_carea' id='block_1_58' title="bbox 152 4208 1703 4281">
    <p class='ocr_par' dir='ltr' id='par_1_58' title="bbox 152 4208 1703 4281">
     <span class='ocr_line' id='line_1_58' title="bbox 152 4208 1703 4281; baseline 0.003 -20"><span class='ocrx_word' id='word_1_403' title='bbox 152 4208 404 4263; x_wconf 77' lang='lat' dir='ltr'><strong>Romanis</strong></span> <span class='ocrx_word' id='word_1_404' title='bbox 453 4212 651 4280; x_wconf 82' lang='lat' dir='ltr'><strong>scripta</strong></span> <span class='ocrx_word' id='word_1_405' title='bbox 691 4221 844 4267; x_wconf 85' lang='lat' dir='ltr'><strong>erant</strong></span> <span class='ocrx_word' id='word_1_406' title='bbox 872 4229 885 4277; x_wconf 91' lang='lat'><strong>;</strong></span> <span class='ocrx_word' id='word_1_407' title='bbox 936 4226 999 4264; x_wconf 86' lang='lat' dir='ltr'><strong>ac</strong></span> <span class='ocrx_word' id='word_1_408' title='bbox 1033 4212 1189 4281; x_wconf 82' lang='lat' dir='ltr'><strong>legati</strong></span> <span class='ocrx_word' id='word_1_409' title='bbox 1221 4214 1538 4267; x_wconf 87' lang='lat' dir='ltr'><strong>auctoritate</strong></span> <span class='ocrx_word' id='word_1_410' title='bbox 1569 4227 1703 4281; x_wconf 67' lang='lat' dir='ltr'><strong>prte-</strong></span> 
     </span>
    </p>
   </div>
   <div class='ocr_carea' id='block_1_59' title="bbox 151 4300 1701 4364">
    <p class='ocr_par' dir='ltr' id='par_1_59' title="bbox 151 4300 1701 4364">
     <span class='ocr_line' id='line_1_59' title="bbox 151 4300 1701 4364; baseline 0.001 -11"><span class='ocrx_word' id='word_1_411' title='bbox 151 4301 239 4354; x_wconf 89' lang='lat' dir='ltr'><strong>diti</strong></span> <span class='ocrx_word' id='word_1_412' title='bbox 284 4300 649 4364; x_wconf 85' lang='lat' dir='ltr'><strong>mitterentur,</strong></span> <span class='ocrx_word' id='word_1_413' title='bbox 707 4313 764 4357; x_wconf 92' lang='lat' dir='ltr'><strong>ut</strong></span> <span class='ocrx_word' id='word_1_414' title='bbox 811 4302 1068 4358; x_wconf 86' lang='lat' dir='ltr'><strong>Romanis</strong></span> <span class='ocrx_word' id='word_1_415' title='bbox 1118 4303 1389 4358; x_wconf 90' lang='lat' dir='ltr'><strong>Orientem</strong></span> <span class='ocrx_word' id='word_1_416' title='bbox 1437 4302 1701 4357; x_wconf 86' lang='lat' dir='ltr'><strong>invisendi</strong></span> 
     </span>
    </p>
   </div>
   <div class='ocr_carea' id='block_1_60' title="bbox 150 4394 1704 4467">
    <p class='ocr_par' dir='ltr' id='par_1_60' title="bbox 150 4394 1704 4467">
     <span class='ocr_line' id='line_1_60' title="bbox 150 4394 1704 4467; baseline -0.001 -20"><span class='ocrx_word' id='word_1_417' title='bbox 150 4396 382 4460; x_wconf 82' lang='lat' dir='ltr'><strong>speciosa</strong></span> <span class='ocrx_word' id='word_1_418' title='bbox 418 4394 629 4447; x_wconf 88' lang='lat' dir='ltr'><strong>occasio</strong></span> <span class='ocrx_word' id='word_1_419' title='bbox 679 4396 911 4451; x_wconf 83' lang='lat' dir='ltr'><strong>daretur.</strong></span> <span class='ocrx_word' id='word_1_420' title='bbox 957 4396 1073 4451; x_wconf 84' lang='lat' dir='ltr'><strong>Non</strong></span> <span class='ocrx_word' id='word_1_421' title='bbox 1114 4404 1401 4467; x_wconf 90' lang='lat' dir='ltr'><strong>potuerunt</strong></span> <span class='ocrx_word' id='word_1_422' title='bbox 1444 4396 1557 4449; x_wconf 64' lang='lat' dir='ltr'><strong>haec</strong></span> <span class='ocrx_word' id='word_1_423' title='bbox 1603 4394 1704 4447; x_wconf 89' lang='lat' dir='ltr'><strong>Ba-</strong></span> 
     </span>
    </p>
   </div>
   <div class='ocr_carea' id='block_1_61' title="bbox 148 4481 1775 4583">
    <p class='ocr_par' dir='ltr' id='par_1_61' title="bbox 148 4481 1775 4583">
     <span class='ocr_line' id='line_1_61' title="bbox 148 4481 1775 4583; baseline 0.003 -48"><span class='ocrx_word' id='word_1_424' title='bbox 148 4483 261 4536; x_wconf 83' lang='lat' dir='ltr'><strong>silio</strong></span> <span class='ocrx_word' id='word_1_425' title='bbox 313 4481 689 4537; x_wconf 86' lang='lat' dir='ltr'><strong>molestissima</strong></span> <span class='ocrx_word' id='word_1_426' title='bbox 719 4501 819 4537; x_wconf 93' lang='lat' dir='ltr'><strong>non</strong></span> <span class='ocrx_word' id='word_1_427' title='bbox 859 4502 1003 4552; x_wconf 83' lang='lat' dir='ltr'><strong>esse,</strong></span> <span class='ocrx_word' id='word_1_428' title='bbox 1038 4504 1139 4542; x_wconf 95' lang='lat' dir='ltr'><strong>non</strong></span> <span class='ocrx_word' id='word_1_429' title='bbox 1172 4498 1277 4542; x_wconf 87' lang='lat' dir='ltr'><strong>tam</strong></span> <span class='ocrx_word' id='word_1_430' title='bbox 1310 4495 1527 4555; x_wconf 89' lang='lat' dir='ltr'><strong>propter</strong></span> <span class='ocrx_word' id='word_1_431' title='bbox 1560 4487 1705 4546; x_wconf 76' lang='lat' dir='ltr'><strong>illius</strong></span> <span class='ocrx_word' id='word_1_432' title='bbox 1731 4528 1775 4583; x_wconf 67' lang='grc' dir='ltr'><strong>Β</strong></span> 
     </span>
    </p>
   </div>
   <div class='ocr_carea' id='block_1_62' title="bbox 148 4574 1699 4650">
    <p class='ocr_par' dir='ltr' id='par_1_62' title="bbox 148 4574 1699 4650">
     <span class='ocr_line' id='line_1_62' title="bbox 148 4574 1699 4650; baseline 0.005 -24"><span class='ocrx_word' id='word_1_433' title='bbox 148 4574 341 4641; x_wconf 85' lang='lat' dir='ltr'><strong>scripta</strong></span> <span class='ocrx_word' id='word_1_434' title='bbox 403 4576 580 4629; x_wconf 90' lang='lat' dir='ltr'><strong>minus</strong></span> <span class='ocrx_word' id='word_1_435' title='bbox 628 4577 920 4632; x_wconf 82' lang='lat' dir='ltr'><strong>honorifice</strong></span> <span class='ocrx_word' id='word_1_436' title='bbox 970 4590 1213 4647; x_wconf 80' lang='lat' dir='ltr'><strong>excepta,</strong></span> <span class='ocrx_word' id='word_1_437' title='bbox 1262 4595 1421 4650; x_wconf 89' lang='lat' dir='ltr'><strong>quam</strong></span> <span class='ocrx_word' id='word_1_438' title='bbox 1478 4589 1699 4649; x_wconf 91' lang='lat' dir='ltr'><strong>propter</strong></span> 
     </span>
    </p>
   </div>
   <div class='ocr_carea' id='block_1_63' title="bbox 147 4666 1699 4736">
    <p class='ocr_par' dir='ltr' id='par_1_63' title="bbox 147 4666 1699 4736">
     <span class='ocr_line' id='line_1_63' title="bbox 147 4666 1699 4736; baseline 0.003 -17"><span class='ocrx_word' id='word_1_439' title='bbox 147 4666 362 4719; x_wconf 85' lang='lat' dir='ltr'><strong>consilia</strong></span> <span class='ocrx_word' id='word_1_440' title='bbox 417 4667 668 4723; x_wconf 65' lang='lat' dir='ltr'><strong>Ecclesiae</strong></span> <span class='ocrx_word' id='word_1_441' title='bbox 706 4668 1049 4736; x_wconf 71' lang='lat' dir='ltr'><strong>pacilicanda:</strong></span> <span class='ocrx_word' id='word_1_442' title='bbox 1092 4672 1296 4726; x_wconf 86' lang='lat' dir='ltr'><strong>nullum</strong></span> <span class='ocrx_word' id='word_1_443' title='bbox 1344 4672 1544 4728; x_wconf 79' lang='lat' dir='ltr'><strong>exitum</strong></span> <span class='ocrx_word' id='word_1_444' title='bbox 1600 4674 1699 4726; x_wconf 78' lang='lat' dir='ltr'><strong>ha-</strong></span> 
     </span>
    </p>
   </div>
   <div class='ocr_carea' id='block_1_64' title="bbox 146 4756 1695 4831">
    <p class='ocr_par' dir='ltr' id='par_1_64' title="bbox 146 4756 1695 4831">
     <span class='ocr_line' id='line_1_64' title="bbox 146 4756 1695 4831; baseline 0.005 -21"><span class='ocrx_word' id='word_1_445' title='bbox 146 4756 346 4810; x_wconf 85' lang='lat' dir='ltr'><strong>bentia.</strong></span> <span class='ocrx_word' id='word_1_446' title='bbox 386 4756 594 4829; x_wconf 86' lang='lat' dir='ltr'><strong>Scripta</strong></span> <span class='ocrx_word' id='word_1_447' title='bbox 626 4768 797 4813; x_wconf 90' lang='lat' dir='ltr'><strong>autem</strong></span> <span class='ocrx_word' id='word_1_448' title='bbox 834 4759 942 4827; x_wconf 89' lang='lat' dir='ltr'><strong>illa,</strong></span> <span class='ocrx_word' id='word_1_449' title='bbox 984 4777 1103 4831; x_wconf 71' lang='lat' dir='ltr'><strong>qua:</strong></span> <span class='ocrx_word' id='word_1_450' title='bbox 1154 4762 1412 4819; x_wconf 87' lang='lat' dir='ltr'><strong>Romanis</strong></span> <span class='ocrx_word' id='word_1_451' title='bbox 1446 4778 1551 4817; x_wconf 93' lang='lat' dir='ltr'><strong>non</strong></span> <span class='ocrx_word' id='word_1_452' title='bbox 1582 4762 1695 4831; x_wconf 82' lang='lat' dir='ltr'><strong>pla-</strong></span> 
     </span>
    </p>
   </div>
   <div class='ocr_carea' id='block_1_65' title="bbox 148 4849 1700 4922">
    <p class='ocr_par' dir='ltr' id='par_1_65' title="bbox 148 4849 1700 4922">
     <span class='ocr_line' id='line_1_65' title="bbox 148 4849 1700 4922; baseline 0.006 -23"><span class='ocrx_word' id='word_1_453' title='bbox 148 4861 325 4912; x_wconf 80' lang='lat' dir='ltr'><strong>ruere,</strong></span> <span class='ocrx_word' id='word_1_454' title='bbox 381 4849 632 4904; x_wconf 89' lang='lat' dir='ltr'><strong>videntur</strong></span> <span class='ocrx_word' id='word_1_455' title='bbox 677 4852 888 4922; x_wconf 86' lang='lat' dir='ltr'><strong>aliquod</strong></span> <span class='ocrx_word' id='word_1_456' title='bbox 940 4868 1060 4909; x_wconf 84' lang='lat' dir='ltr'><strong>esse</strong></span> <span class='ocrx_word' id='word_1_457' title='bbox 1099 4856 1561 4919; x_wconf 90' lang='lat' dir='ltr'><strong>commentarium,</strong></span> <span class='ocrx_word' id='word_1_458' title='bbox 1600 4854 1700 4908; x_wconf 91' lang='lat' dir='ltr'><strong>Sa-</strong></span> 
     </span>
    </p>
   </div>
   <div class='ocr_carea' id='block_1_66' title="bbox 148 4940 1695 5014">
    <p class='ocr_par' dir='ltr' id='par_1_66' title="bbox 148 4940 1695 5014">
     <span class='ocr_line' id='line_1_66' title="bbox 148 4940 1695 5014; baseline 0.005 -21"><span class='ocrx_word' id='word_1_459' title='bbox 148 4940 266 4995; x_wconf 67' lang='lat' dir='ltr'><strong>tino</strong></span> <span class='ocrx_word' id='word_1_460' title='bbox 323 4943 704 5006; x_wconf 88' lang='lat' dir='ltr'><strong>commissum,</strong></span> <span class='ocrx_word' id='word_1_461' title='bbox 752 4945 805 4999; x_wconf 91' lang='lat' dir='ltr'><strong>in</strong></span> <span class='ocrx_word' id='word_1_462' title='bbox 865 4960 969 5014; x_wconf 91' lang='lat' dir='ltr'><strong>quo</strong></span> <span class='ocrx_word' id='word_1_463' title='bbox 1031 4947 1167 5003; x_wconf 87' lang='lat' dir='ltr'><strong>forte</strong></span> <span class='ocrx_word' id='word_1_464' title='bbox 1226 4947 1453 5005; x_wconf 89' lang='lat' dir='ltr'><strong>Basilius</strong></span> <span class='ocrx_word' id='word_1_465' title='bbox 1507 4946 1695 5002; x_wconf 87' lang='lat' dir='ltr'><strong>eadem</strong></span> 
     </span>
    </p>
   </div>
   <div class='ocr_carea' id='block_1_67' title="bbox 148 5029 1693 5103">
    <p class='ocr_par' dir='ltr' id='par_1_67' title="bbox 148 5029 1693 5103">
     <span class='ocr_line' id='line_1_67' title="bbox 148 5029 1693 5103; baseline 0.007 -23"><span class='ocrx_word' id='word_1_466' title='bbox 148 5029 414 5092; x_wconf 84' lang='lat' dir='ltr'><strong>libertate,</strong></span> <span class='ocrx_word' id='word_1_467' title='bbox 463 5032 525 5085; x_wconf 77' lang='lat' dir='ltr'><strong>ac</strong></span> <span class='ocrx_word' id='word_1_468' title='bbox 570 5033 623 5087; x_wconf 89' lang='lat' dir='ltr'><strong>in</strong></span> <span class='ocrx_word' id='word_1_469' title='bbox 679 5036 873 5091; x_wconf 89' lang='lat' dir='ltr'><strong>litteris</strong></span> <span class='ocrx_word' id='word_1_470' title='bbox 933 5037 997 5090; x_wconf 86' lang='lat' dir='ltr'><strong>ad</strong></span> <span class='ocrx_word' id='word_1_471' title='bbox 1043 5038 1431 5103; x_wconf 83' lang='lat' dir='ltr'><strong>Athanasium,</strong></span> <span class='ocrx_word' id='word_1_472' title='bbox 1498 5035 1693 5091; x_wconf 80' lang='lat' dir='ltr'><strong>Meletii</strong></span> 
     </span>
    </p>
   </div>
   <div class='ocr_carea' id='block_1_68' title="bbox 139 5118 1696 5197">
    <p class='ocr_par' dir='ltr' id='par_1_68' title="bbox 139 5118 1696 5197">
     <span class='ocr_line' id='line_1_68' title="bbox 139 5118 1696 5197; baseline 0.008 -25"><span class='ocrx_word' id='word_1_473' title='bbox 139 5118 254 5187; x_wconf 86' lang='lat' dir='ltr'><strong>jura</strong></span> <span class='ocrx_word' id='word_1_474' title='bbox 312 5121 583 5177; x_wconf 87' lang='lat' dir='ltr'><strong>tuebatur.</strong></span> <span class='ocrx_word' id='word_1_475' title='bbox 630 5123 762 5180; x_wconf 85' lang='lat' dir='ltr'><strong>Nam</strong></span> <span class='ocrx_word' id='word_1_476' title='bbox 817 5142 921 5182; x_wconf 92' lang='lat' dir='ltr'><strong>non</strong></span> <span class='ocrx_word' id='word_1_477' title='bbox 972 5136 1078 5182; x_wconf 88' lang='lat' dir='ltr'><strong>tam</strong></span> <span class='ocrx_word' id='word_1_478' title='bbox 1140 5143 1224 5183; x_wconf 86' lang='lat' dir='ltr'><strong>res</strong></span> <span class='ocrx_word' id='word_1_479' title='bbox 1274 5129 1401 5197; x_wconf 77' lang='lat' dir='ltr'><strong>ipsa:</strong></span> <span class='ocrx_word' id='word_1_480' title='bbox 1448 5128 1696 5184; x_wconf 91' lang='lat' dir='ltr'><strong>videntur</strong></span> 
     </span>
    </p>
   </div>
   <div class='ocr_carea' id='block_1_69' title="bbox 142 5211 1696 5291">
    <p class='ocr_par' dir='ltr' id='par_1_69' title="bbox 142 5211 1696 5291">
     <span class='ocr_line' id='line_1_69' title="bbox 142 5211 1696 5291; baseline 0.008 -28"><span class='ocrx_word' id='word_1_481' title='bbox 142 5211 515 5283; x_wconf 81' lang='lat' dir='ltr'><strong>displicuisse,</strong></span> <span class='ocrx_word' id='word_1_482' title='bbox 558 5230 716 5285; x_wconf 90' lang='lat' dir='ltr'><strong>quam</strong></span> <span class='ocrx_word' id='word_1_483' title='bbox 767 5221 982 5291; x_wconf 88' lang='lat' dir='ltr'><strong>quidam</strong></span> <span class='ocrx_word' id='word_1_484' title='bbox 1028 5221 1293 5277; x_wconf 88' lang='lat' dir='ltr'><strong>scribendi</strong></span> <span class='ocrx_word' id='word_1_485' title='bbox 1349 5223 1538 5277; x_wconf 90' lang='lat' dir='ltr'><strong>modus</strong></span> <span class='ocrx_word' id='word_1_486' title='bbox 1590 5236 1696 5276; x_wconf 94' lang='lat' dir='ltr'><strong>non</strong></span> 
     </span>
    </p>
   </div>
   <div class='ocr_carea' id='block_1_70' title="bbox 144 5307 1696 5383">
    <p class='ocr_par' dir='ltr' id='par_1_70' title="bbox 144 5307 1696 5383">
     <span class='ocr_line' id='line_1_70' title="bbox 144 5307 1696 5383; baseline 0.007 -26"><span class='ocrx_word' id='word_1_487' title='bbox 144 5307 272 5361; x_wconf 80' lang='lat' dir='ltr'><strong>satis</strong></span> <span class='ocrx_word' id='word_1_488' title='bbox 297 5310 736 5363; x_wconf 85' lang='lat' dir='ltr'><strong>accommodatus</strong></span> <span class='ocrx_word' id='word_1_489' title='bbox 757 5313 823 5367; x_wconf 89' lang='lat' dir='ltr'><strong>ad</strong></span> <span class='ocrx_word' id='word_1_490' title='bbox 854 5312 1216 5369; x_wconf 90' lang='lat' dir='ltr'><strong>deiiuiendum</strong></span> <span class='ocrx_word' id='word_1_491' title='bbox 1258 5332 1271 5368; x_wconf 90' lang='lat'><strong>:</strong></span> <span class='ocrx_word' id='word_1_492' title='bbox 1308 5315 1446 5370; x_wconf 91' lang='lat' dir='ltr'><strong>unde</strong></span> <span class='ocrx_word' id='word_1_493' title='bbox 1470 5315 1538 5370; x_wconf 89' lang='lat' dir='ltr'><strong>ab</strong></span> <span class='ocrx_word' id='word_1_494' title='bbox 1568 5312 1696 5383; x_wconf 87' lang='lat' dir='ltr'><strong>ipsis</strong></span> 
     </span>
    </p>
   </div>
   <div class='ocr_carea' id='block_1_71' title="bbox 201 5484 563 5619">
    <p class='ocr_par' dir='ltr' id='par_1_71' title="bbox 201 5484 563 5619">
     <span class='ocr_line' id='line_1_71' title="bbox 201 5484 563 5619; baseline 0.014 -84"><span class='ocrx_word' id='word_1_495' title='bbox 201 5484 285 5619; x_wconf 65' lang='grc' dir='ltr'><strong>(σῖ</strong></span> <span class='ocrx_word' id='word_1_496' title='bbox 312 5486 405 5550; x_wconf 67' lang='lat' dir='ltr'><strong>Ep.</strong></span> <span class='ocrx_word' id='word_1_497' title='bbox 441 5486 563 5540; x_wconf 73' lang='lat'><strong>{37.</strong></span> 
     </span>
     <span class='ocr_line' id='line_1_72' title="bbox 201 5552 544 5617; baseline 0.006 -14"><span class='ocrx_word' id='word_1_498' title='bbox 201 5554 253 5617; x_wconf 69' lang='grc' dir='ltr'><strong>(ὁ</strong></span> <span class='ocrx_word' id='word_1_499' title='bbox 306 5552 544 5617; x_wconf 73' lang='grc' dir='ltr'><strong>Ερ.138,</strong></span> 
     </span>
    </p>
   </div>
   <div class='ocr_carea' id='block_1_72' title="bbox 201 5552 718 5617">
    <p class='ocr_par' dir='ltr' id='par_1_72' title="bbox 201 5552 718 5617">
     <span class='ocr_line' id='line_1_73' title="bbox 201 5552 718 5617; baseline 0.006 -15"><span class='ocrx_word' id='word_1_500' title='bbox 201 5552 718 5617; x_wconf 72' lang='grc' dir='ltr'><strong>(ὺ)Ερ.138,η.1.</strong></span> 
     </span>
    </p>
   </div>
   <div class='ocr_carea' id='block_1_73' title="bbox 201 5618 713 5682">
    <p class='ocr_par' dir='ltr' id='par_1_73' title="bbox 201 5618 713 5682">
     <span class='ocr_line' id='line_1_74' title="bbox 201 5618 713 5682; baseline 0.002 -13"><span class='ocrx_word' id='word_1_501' title='bbox 201 5618 282 5681; x_wconf 84' lang='lat' dir='ltr'><strong>(c)</strong></span> <span class='ocrx_word' id='word_1_502' title='bbox 309 5619 397 5680; x_wconf 84' lang='lat' dir='ltr'><strong>Ep.</strong></span> <span class='ocrx_word' id='word_1_503' title='bbox 425 5622 547 5682; x_wconf 79' lang='grc'><strong>158,</strong></span> <span class='ocrx_word' id='word_1_504' title='bbox 580 5637 633 5673; x_wconf 88' lang='lat' dir='ltr'><strong>n.</strong></span> <span class='ocrx_word' id='word_1_505' title='bbox 666 5621 713 5671; x_wconf 75' lang='grc' dir='ltr'><strong>Ξ.</strong></span> 
     </span>
    </p>
   </div>
   <div class='ocr_carea' id='block_1_74' title="bbox 228 5684 736 5752">
    <p class='ocr_par' dir='ltr' id='par_1_74' title="bbox 228 5684 736 5752">
     <span class='ocr_line' id='line_1_75' title="bbox 228 5684 736 5752; baseline 0.006 -18"><span class='ocrx_word' id='word_1_506' title='bbox 228 5684 736 5752; x_wconf 75' lang='grc' dir='ltr'><strong>ᾱ)Ερ.156,η.5.</strong></span> 
     </span>
    </p>
   </div>
   <div class='ocr_carea' id='block_1_75' title="bbox 223 5752 1064 5821">
    <p class='ocr_par' dir='ltr' id='par_1_75' title="bbox 223 5752 1064 5821">
     <span class='ocr_line' id='line_1_76' title="bbox 223 5752 1064 5821; baseline 0.007 -18"><span class='ocrx_word' id='word_1_507' title='bbox 223 5756 273 5813; x_wconf 78' lang='grc' dir='ltr'><strong>ε)</strong></span> <span class='ocrx_word' id='word_1_508' title='bbox 302 5752 535 5821; x_wconf 87' lang='lat' dir='ltr'><strong>llieron.,</strong></span> <span class='ocrx_word' id='word_1_509' title='bbox 574 5769 595 5801; x_wconf 79' lang='lat' dir='ltr'><strong>r</strong></span> <span class='ocrx_word' id='word_1_510' title='bbox 607 5768 662 5819; x_wconf 84' lang='grc' dir='ltr'><strong>ρ.</strong></span> <span class='ocrx_word' id='word_1_511' title='bbox 706 5754 727 5805; x_wconf 85' lang='grc'><strong>1</strong></span> <span class='ocrx_word' id='word_1_512' title='bbox 760 5766 907 5807; x_wconf 68' lang='lat' dir='ltr'><strong>nova:</strong></span> <span class='ocrx_word' id='word_1_513' title='bbox 935 5755 1064 5809; x_wconf 80' lang='lat' dir='ltr'><strong>edit.</strong></span> 
     </span>
    </p>
   </div>
   <div class='ocr_carea' id='block_1_76' title="bbox 1810 1926 3375 1999">
    <p class='ocr_par' dir='ltr' id='par_1_76' title="bbox 1810 1926 3375 1999">
     <span class='ocr_line' id='line_1_77' title="bbox 1810 1926 3375 1999; baseline 0.001 -19"><span class='ocrx_word' id='word_1_514' title='bbox 1810 1929 1945 1999; x_wconf 78' lang='lat' dir='ltr'><strong>grlo,</strong></span> <span class='ocrx_word' id='word_1_515' title='bbox 1980 1928 2069 1995; x_wconf 90' lang='lat' dir='ltr'><strong>qui</strong></span> <span class='ocrx_word' id='word_1_516' title='bbox 2114 1927 2373 1981; x_wconf 90' lang='lat' dir='ltr'><strong>Basilium</strong></span> <span class='ocrx_word' id='word_1_517' title='bbox 2398 1937 2524 1980; x_wconf 89' lang='lat' dir='ltr'><strong>ante</strong></span> <span class='ocrx_word' id='word_1_518' title='bbox 2554 1941 2792 1980; x_wconf 89' lang='lat' dir='ltr'><strong>mensem</strong></span> <span class='ocrx_word' id='word_1_519' title='bbox 2834 1926 3204 1997; x_wconf 69' lang='lat' dir='ltr'><strong>Septembrem</strong></span> <span class='ocrx_word' id='word_1_520' title='bbox 3236 1930 3375 1983; x_wconf 91' lang='lat' dir='ltr'><strong>iuvi-</strong></span> 
     </span>
    </p>
   </div>
   <div class='ocr_carea' id='block_1_77' title="bbox 1810 2016 3372 2087">
    <p class='ocr_par' dir='ltr' id='par_1_77' title="bbox 1810 2016 3372 2087">
     <span class='ocr_line' id='line_1_78' title="bbox 1810 2016 3372 2087; baseline -0.001 -12"><span class='ocrx_word' id='word_1_521' title='bbox 1810 2020 1899 2075; x_wconf 87' lang='lat' dir='ltr'><strong>sit.</strong></span> <span class='ocrx_word' id='word_1_522' title='bbox 1958 2017 2109 2084; x_wconf 79' lang='lat' dir='ltr'><strong>Quod</strong></span> <span class='ocrx_word' id='word_1_523' title='bbox 2162 2018 2206 2071; x_wconf 92' lang='lat' dir='ltr'><strong>si</strong></span> <span class='ocrx_word' id='word_1_524' title='bbox 2267 2016 2623 2087; x_wconf 83' lang='lat' dir='ltr'><strong>llierOuymus</strong></span> <span class='ocrx_word' id='word_1_525' title='bbox 2682 2019 2925 2071; x_wconf 90' lang='lat' dir='ltr'><strong>interfuit</strong></span> <span class='ocrx_word' id='word_1_526' title='bbox 2986 2018 3197 2087; x_wconf 80' lang='lat' dir='ltr'><strong>Evagrii</strong></span> <span class='ocrx_word' id='word_1_527' title='bbox 3249 2036 3372 2074; x_wconf 91' lang='lat' dir='ltr'><strong>cum</strong></span> 
     </span>
    </p>
   </div>
   <div class='ocr_carea' id='block_1_78' title="bbox 1808 2105 3374 2179">
    <p class='ocr_par' dir='ltr' id='par_1_78' title="bbox 1808 2105 3374 2179">
     <span class='ocr_line' id='line_1_79' title="bbox 1808 2105 3374 2179; baseline 0.001 -16"><span class='ocrx_word' id='word_1_528' title='bbox 1808 2108 2006 2163; x_wconf 88' lang='lat' dir='ltr'><strong>Basilio</strong></span> <span class='ocrx_word' id='word_1_529' title='bbox 2046 2105 2348 2176; x_wconf 89' lang='lat' dir='ltr'><strong>colloquiis,</strong></span> <span class='ocrx_word' id='word_1_530' title='bbox 2381 2121 2445 2160; x_wconf 87' lang='lat' dir='ltr'><strong>co</strong></span> <span class='ocrx_word' id='word_1_531' title='bbox 2477 2108 2647 2174; x_wconf 87' lang='lat' dir='ltr'><strong>magis</strong></span> <span class='ocrx_word' id='word_1_532' title='bbox 2681 2109 2849 2161; x_wconf 90' lang='lat' dir='ltr'><strong>miror</strong></span> <span class='ocrx_word' id='word_1_533' title='bbox 2879 2110 3020 2179; x_wconf 90' lang='lat' dir='ltr'><strong>quod</strong></span> <span class='ocrx_word' id='word_1_534' title='bbox 3067 2110 3129 2163; x_wconf 88' lang='lat' dir='ltr'><strong>iis</strong></span> <span class='ocrx_word' id='word_1_535' title='bbox 3158 2125 3277 2178; x_wconf 65' lang='lat' dir='ltr'><strong>quae</strong></span> <span class='ocrx_word' id='word_1_536' title='bbox 3307 2125 3374 2165; x_wconf 80' lang='lat' dir='ltr'><strong>ex</strong></span> 
     </span>
    </p>
   </div>
   <div class='ocr_carea' id='block_1_79' title="bbox 1813 2199 3375 2255">
    <p class='ocr_par' dir='ltr' id='par_1_79' title="bbox 1813 2199 3375 2255">
     <span class='ocr_line' id='line_1_80' title="bbox 1813 2199 3375 2255; baseline 0 0"><span class='ocrx_word' id='word_1_537' title='bbox 1813 2200 2012 2255; x_wconf 88' lang='lat' dir='ltr'><strong>Basilio</strong></span> <span class='ocrx_word' id='word_1_538' title='bbox 2064 2200 2313 2253; x_wconf 90' lang='lat' dir='ltr'><strong>audierat</strong></span> <span class='ocrx_word' id='word_1_539' title='bbox 2371 2207 2465 2251; x_wconf 85' lang='lat' dir='ltr'><strong>aut</strong></span> <span class='ocrx_word' id='word_1_540' title='bbox 2516 2199 2725 2253; x_wconf 88' lang='lat' dir='ltr'><strong>traditis</strong></span> <span class='ocrx_word' id='word_1_541' title='bbox 2781 2201 3035 2255; x_wconf 83' lang='lat' dir='ltr'><strong>oblivioni</strong></span> <span class='ocrx_word' id='word_1_542' title='bbox 3098 2212 3189 2254; x_wconf 90' lang='lat' dir='ltr'><strong>aut</strong></span> <span class='ocrx_word' id='word_1_543' title='bbox 3242 2218 3375 2255; x_wconf 94' lang='lat' dir='ltr'><strong>con-</strong></span> 
     </span>
    </p>
   </div>
   <div class='ocr_carea' id='block_1_80' title="bbox 1808 2290 3374 2361">
    <p class='ocr_par' dir='ltr' id='par_1_80' title="bbox 1808 2290 3374 2361">
     <span class='ocr_line' id='line_1_81' title="bbox 1808 2290 3374 2361; baseline 0.002 -15"><span class='ocrx_word' id='word_1_544' title='bbox 1808 2293 2047 2359; x_wconf 83' lang='lat' dir='ltr'><strong>temptis,</strong></span> <span class='ocrx_word' id='word_1_545' title='bbox 2104 2290 2304 2345; x_wconf 90' lang='lat' dir='ltr'><strong>nullam</strong></span> <span class='ocrx_word' id='word_1_546' title='bbox 2362 2299 2573 2361; x_wconf 87' lang='lat' dir='ltr'><strong>partem</strong></span> <span class='ocrx_word' id='word_1_547' title='bbox 2610 2291 2747 2360; x_wconf 62' lang='lat' dir='ltr'><strong>atqui</strong></span> <span class='ocrx_word' id='word_1_548' title='bbox 2794 2291 3028 2361; x_wconf 88' lang='lat' dir='ltr'><strong>bonique</strong></span> <span class='ocrx_word' id='word_1_549' title='bbox 3073 2292 3139 2346; x_wconf 93' lang='lat' dir='ltr'><strong>de</strong></span> <span class='ocrx_word' id='word_1_550' title='bbox 3185 2302 3374 2349; x_wconf 86' lang='lat' dir='ltr'><strong>sancto</strong></span> 
     </span>
    </p>
   </div>
   <div class='ocr_carea' id='block_1_81' title="bbox 1809 2384 2307 2439">
    <p class='ocr_par' dir='ltr' id='par_1_81' title="bbox 1809 2384 2307 2439">
     <span class='ocr_line' id='line_1_82' title="bbox 1809 2384 2307 2439; baseline -0.008 0"><span class='ocrx_word' id='word_1_551' title='bbox 1809 2384 2021 2439; x_wconf 82' lang='lat' dir='ltr'><strong>Meletio</strong></span> <span class='ocrx_word' id='word_1_552' title='bbox 2056 2384 2307 2439; x_wconf 88' lang='lat' dir='ltr'><strong>senserit.</strong></span> 
     </span>
    </p>
   </div>
   <div class='ocr_carea' id='block_1_82' title="bbox 1879 2474 3371 2544">
    <p class='ocr_par' dir='ltr' id='par_1_82' title="bbox 1879 2474 3371 2544">
     <span class='ocr_line' id='line_1_83' title="bbox 1879 2474 3371 2544; baseline -0.001 -14"><span class='ocrx_word' id='word_1_553' title='bbox 1879 2478 2037 2531; x_wconf 89' lang='lat' dir='ltr'><strong>Circa</strong></span> <span class='ocrx_word' id='word_1_554' title='bbox 2084 2477 2220 2529; x_wconf 91' lang='lat' dir='ltr'><strong>idem</strong></span> <span class='ocrx_word' id='word_1_555' title='bbox 2256 2489 2474 2542; x_wconf 89' lang='lat' dir='ltr'><strong>tempus</strong></span> <span class='ocrx_word' id='word_1_556' title='bbox 2507 2474 2611 2526; x_wconf 88' lang='lat' dir='ltr'><strong>duo</strong></span> <span class='ocrx_word' id='word_1_557' title='bbox 2648 2474 2823 2543; x_wconf 90' lang='lat' dir='ltr'><strong>magni</strong></span> <span class='ocrx_word' id='word_1_558' title='bbox 2869 2475 3120 2529; x_wconf 90' lang='lat' dir='ltr'><strong>momenti</strong></span> <span class='ocrx_word' id='word_1_559' title='bbox 3160 2474 3371 2544; x_wconf 82' lang='lat' dir='ltr'><strong>negotia</strong></span> 
     </span>
    </p>
   </div>
   <div class='ocr_carea' id='block_1_83' title="bbox 1806 2564 3371 2637">
    <p class='ocr_par' dir='ltr' id='par_1_83' title="bbox 1806 2564 3371 2637">
     <span class='ocr_line' id='line_1_84' title="bbox 1806 2564 3371 2637; baseline 0 -18"><span class='ocrx_word' id='word_1_560' title='bbox 1806 2568 1999 2623; x_wconf 85' lang='lat' dir='ltr'><strong>Basilio</strong></span> <span class='ocrx_word' id='word_1_561' title='bbox 2016 2574 2431 2634; x_wconf 87' lang='lat' dir='ltr'><strong>supervenerunt</strong></span> <span class='ocrx_word' id='word_1_562' title='bbox 2454 2564 2549 2637; x_wconf 78' lang='lat' dir='ltr'><strong>(Ii).</strong></span> <span class='ocrx_word' id='word_1_563' title='bbox 2572 2565 2669 2630; x_wconf 81' lang='lat' dir='ltr'><strong>Qui</strong></span> <span class='ocrx_word' id='word_1_564' title='bbox 2689 2564 2945 2619; x_wconf 69' lang='lat' dir='ltr'><strong>Sebastia:</strong></span> <span class='ocrx_word' id='word_1_565' title='bbox 2961 2567 3220 2619; x_wconf 82' lang='lat' dir='ltr'><strong>catholice</strong></span> <span class='ocrx_word' id='word_1_566' title='bbox 3243 2582 3371 2619; x_wconf 91' lang='lat' dir='ltr'><strong>sen-</strong></span> 
     </span>
    </p>
   </div>
   <div class='ocr_carea' id='block_1_84' title="bbox 1807 2655 3370 2726">
    <p class='ocr_par' dir='ltr' id='par_1_84' title="bbox 1807 2655 3370 2726">
     <span class='ocr_line' id='line_1_85' title="bbox 1807 2655 3370 2726; baseline -0.001 -14"><span class='ocrx_word' id='word_1_567' title='bbox 1807 2660 2032 2721; x_wconf 86' lang='lat' dir='ltr'><strong>tiebant,</strong></span> <span class='ocrx_word' id='word_1_568' title='bbox 2070 2656 2280 2711; x_wconf 88' lang='lat' dir='ltr'><strong>occulto</strong></span> <span class='ocrx_word' id='word_1_569' title='bbox 2333 2672 2506 2726; x_wconf 69' lang='lat' dir='ltr'><strong>prava:</strong></span> <span class='ocrx_word' id='word_1_570' title='bbox 2564 2655 2832 2724; x_wconf 90' lang='lat' dir='ltr'><strong>opinionis</strong></span> <span class='ocrx_word' id='word_1_571' title='bbox 2879 2655 3149 2710; x_wconf 75' lang='lat' dir='ltr'><strong>Eustatliii</strong></span> <span class='ocrx_word' id='word_1_572' title='bbox 3191 2656 3370 2711; x_wconf 84' lang='lat' dir='ltr'><strong>ulcere</strong></span> 
     </span>
    </p>
   </div>
   <div class='ocr_carea' id='block_1_85' title="bbox 1806 2745 3373 2816">
    <p class='ocr_par' dir='ltr' id='par_1_85' title="bbox 1806 2745 3373 2816">
     <span class='ocr_line' id='line_1_86' title="bbox 1806 2745 3373 2816; baseline -0.001 -13"><span class='ocrx_word' id='word_1_573' title='bbox 1806 2750 2017 2804; x_wconf 89' lang='lat' dir='ltr'><strong>detecto</strong></span> <span class='ocrx_word' id='word_1_574' title='bbox 2044 2788 2061 2813; x_wconf 89' lang='lat'><strong>,</strong></span> <span class='ocrx_word' id='word_1_575' title='bbox 2100 2747 2332 2816; x_wconf 89' lang='lat' dir='ltr'><strong>aliquam</strong></span> <span class='ocrx_word' id='word_1_576' title='bbox 2368 2763 2397 2801; x_wconf 90' lang='lat' dir='ltr'><strong>a</strong></span> <span class='ocrx_word' id='word_1_577' title='bbox 2426 2745 2621 2801; x_wconf 90' lang='lat' dir='ltr'><strong>Basilio</strong></span> <span class='ocrx_word' id='word_1_578' title='bbox 2651 2747 3071 2802; x_wconf 89' lang='lat' dir='ltr'><strong>ecclesiasticam</strong></span> <span class='ocrx_word' id='word_1_579' title='bbox 3114 2747 3373 2801; x_wconf 88' lang='lat' dir='ltr'><strong>sollicitu-</strong></span> 
     </span>
    </p>
   </div>
   <div class='ocr_carea' id='block_1_86' title="bbox 1808 2841 3368 2910">
    <p class='ocr_par' dir='ltr' id='par_1_86' title="bbox 1808 2841 3368 2910">
     <span class='ocr_line' id='line_1_87' title="bbox 1808 2841 3368 2910; baseline -0.003 -13"><span class='ocrx_word' id='word_1_580' title='bbox 1808 2843 1988 2897; x_wconf 90' lang='lat' dir='ltr'><strong>diuem</strong></span> <span class='ocrx_word' id='word_1_581' title='bbox 2022 2850 2401 2910; x_wconf 90' lang='lat' dir='ltr'><strong>poposcerunt,</strong></span> <span class='ocrx_word' id='word_1_582' title='bbox 2444 2841 2493 2893; x_wconf 93' lang='lat' dir='ltr'><strong>id</strong></span> <span class='ocrx_word' id='word_1_583' title='bbox 2538 2850 2640 2902; x_wconf 90' lang='lat' dir='ltr'><strong>est,</strong></span> <span class='ocrx_word' id='word_1_584' title='bbox 2682 2841 2748 2892; x_wconf 90' lang='lat' dir='ltr'><strong>ad</strong></span> <span class='ocrx_word' id='word_1_585' title='bbox 2789 2841 2905 2909; x_wconf 90' lang='lat' dir='ltr'><strong>ejus</strong></span> <span class='ocrx_word' id='word_1_586' title='bbox 2933 2841 3368 2894; x_wconf 89' lang='lat' dir='ltr'><strong>communionem</strong></span> 
     </span>
    </p>
   </div>
   <div class='ocr_carea' id='block_1_87' title="bbox 1806 2930 3371 3003">
    <p class='ocr_par' dir='ltr' id='par_1_87' title="bbox 1806 2930 3371 3003">
     <span class='ocr_line' id='line_1_88' title="bbox 1806 2930 3371 3003; baseline -0.003 -15"><span class='ocrx_word' id='word_1_587' title='bbox 1806 2945 1860 2988; x_wconf 87' lang='lat' dir='ltr'><strong>ct</strong></span> <span class='ocrx_word' id='word_1_588' title='bbox 1900 2934 2255 3002; x_wconf 87' lang='lat' dir='ltr'><strong>patrocinium</strong></span> <span class='ocrx_word' id='word_1_589' title='bbox 2288 2934 2669 3003; x_wconf 73' lang='lat' dir='ltr'><strong>confugerunt.</strong></span> <span class='ocrx_word' id='word_1_590' title='bbox 2709 2930 2855 2985; x_wconf 84' lang='lat' dir='ltr'><strong>Illius</strong></span> <span class='ocrx_word' id='word_1_591' title='bbox 2888 2934 3049 2985; x_wconf 90' lang='lat' dir='ltr'><strong>etiam</strong></span> <span class='ocrx_word' id='word_1_592' title='bbox 3084 2948 3238 3001; x_wconf 90' lang='lat' dir='ltr'><strong>opem</strong></span> <span class='ocrx_word' id='word_1_593' title='bbox 3271 2933 3371 2985; x_wconf 90' lang='lat' dir='ltr'><strong>im-</strong></span> 
     </span>
    </p>
   </div>
   <div class='ocr_carea' id='block_1_88' title="bbox 1807 3022 3369 3093">
    <p class='ocr_par' dir='ltr' id='par_1_88' title="bbox 1807 3022 3369 3093">
     <span class='ocr_line' id='line_1_89' title="bbox 1807 3022 3369 3093; baseline 0.001 -18"><span class='ocrx_word' id='word_1_594' title='bbox 1807 3025 2033 3093; x_wconf 88' lang='lat' dir='ltr'><strong>ploravit</strong></span> <span class='ocrx_word' id='word_1_595' title='bbox 2067 3023 2359 3080; x_wconf 89' lang='lat' dir='ltr'><strong>lconieusis</strong></span> <span class='ocrx_word' id='word_1_596' title='bbox 2392 3024 2445 3077; x_wconf 91' lang='lat' dir='ltr'><strong>in</strong></span> <span class='ocrx_word' id='word_1_597' title='bbox 2479 3023 2676 3077; x_wconf 85' lang='lat' dir='ltr'><strong>Pisidia</strong></span> <span class='ocrx_word' id='word_1_598' title='bbox 2714 3022 2977 3088; x_wconf 87' lang='lat' dir='ltr'><strong>Ecclesia,</strong></span> <span class='ocrx_word' id='word_1_599' title='bbox 3014 3038 3132 3091; x_wconf 64' lang='lat' dir='ltr'><strong>quae</strong></span> <span class='ocrx_word' id='word_1_600' title='bbox 3159 3032 3369 3077; x_wconf 90' lang='lat' dir='ltr'><strong>mortuo</strong></span> 
     </span>
    </p>
   </div>
   <div class='ocr_carea' id='block_1_89' title="bbox 1809 3112 3371 3183">
    <p class='ocr_par' dir='ltr' id='par_1_89' title="bbox 1809 3112 3371 3183">
     <span class='ocr_line' id='line_1_90' title="bbox 1809 3112 3371 3183; baseline -0.004 -15"><span class='ocrx_word' id='word_1_601' title='bbox 1809 3115 2059 3183; x_wconf 89' lang='lat' dir='ltr'><strong>episcopo</strong></span> <span class='ocrx_word' id='word_1_602' title='bbox 2097 3112 2354 3167; x_wconf 82' lang='lat' dir='ltr'><strong>Faustino</strong></span> <span class='ocrx_word' id='word_1_603' title='bbox 2400 3112 2654 3166; x_wconf 89' lang='lat' dir='ltr'><strong>Basilium</strong></span> <span class='ocrx_word' id='word_1_604' title='bbox 2701 3112 2966 3176; x_wconf 82' lang='lat' dir='ltr'><strong>invitavit,</strong></span> <span class='ocrx_word' id='word_1_605' title='bbox 3021 3122 3076 3163; x_wconf 93' lang='lat' dir='ltr'><strong>ut</strong></span> <span class='ocrx_word' id='word_1_606' title='bbox 3116 3126 3174 3164; x_wconf 90' lang='lat' dir='ltr'><strong>se</strong></span> <span class='ocrx_word' id='word_1_607' title='bbox 3231 3112 3371 3163; x_wconf 87' lang='lat' dir='ltr'><strong>iuvi-</strong></span> 
     </span>
    </p>
   </div>
   <div class='ocr_carea' id='block_1_90' title="bbox 1811 3202 3370 3275">
    <p class='ocr_par' dir='ltr' id='par_1_90' title="bbox 1811 3202 3370 3275">
     <span class='ocr_line' id='line_1_91' title="bbox 1811 3202 3370 3275; baseline -0.004 -14"><span class='ocrx_word' id='word_1_608' title='bbox 1811 3217 1953 3261; x_wconf 87' lang='lat' dir='ltr'><strong>seret</strong></span> <span class='ocrx_word' id='word_1_609' title='bbox 2013 3222 2076 3261; x_wconf 85' lang='lat' dir='ltr'><strong>ac</strong></span> <span class='ocrx_word' id='word_1_610' title='bbox 2143 3206 2448 3275; x_wconf 78' lang='lat' dir='ltr'><strong>episcopum</strong></span> <span class='ocrx_word' id='word_1_611' title='bbox 2524 3206 2697 3257; x_wconf 87' lang='lat' dir='ltr'><strong>daret.</strong></span> <span class='ocrx_word' id='word_1_612' title='bbox 2762 3203 2887 3257; x_wconf 54' lang='lat' dir='ltr'><strong>Haec</strong></span> <span class='ocrx_word' id='word_1_613' title='bbox 2953 3211 3129 3255; x_wconf 89' lang='lat' dir='ltr'><strong>autem</strong></span> <span class='ocrx_word' id='word_1_614' title='bbox 3204 3202 3370 3257; x_wconf 86' lang='lat' dir='ltr'><strong>collo-</strong></span> 
     </span>
    </p>
   </div>
   <div class='ocr_carea' id='block_1_91' title="bbox 1804 3293 3366 3367">
    <p class='ocr_par' dir='ltr' id='par_1_91' title="bbox 1804 3293 3366 3367">
     <span class='ocr_line' id='line_1_92' title="bbox 1804 3293 3366 3367; baseline -0.002 -14"><span class='ocrx_word' id='word_1_615' title='bbox 1804 3314 1988 3353; x_wconf 84' lang='lat' dir='ltr'><strong>camus</strong></span> <span class='ocrx_word' id='word_1_616' title='bbox 2026 3309 2143 3367; x_wconf 87' lang='lat' dir='ltr'><strong>post</strong></span> <span class='ocrx_word' id='word_1_617' title='bbox 2190 3300 2419 3351; x_wconf 88' lang='lat' dir='ltr'><strong>reditum</strong></span> <span class='ocrx_word' id='word_1_618' title='bbox 2466 3314 2532 3352; x_wconf 83' lang='lat' dir='ltr'><strong>ex</strong></span> <span class='ocrx_word' id='word_1_619' title='bbox 2583 3297 2737 3365; x_wconf 90' lang='lat' dir='ltr'><strong>aquis</strong></span> <span class='ocrx_word' id='word_1_620' title='bbox 2766 3308 2819 3350; x_wconf 91' lang='lat' dir='ltr'><strong>et</strong></span> <span class='ocrx_word' id='word_1_621' title='bbox 2866 3304 2992 3348; x_wconf 93' lang='lat' dir='ltr'><strong>ante</strong></span> <span class='ocrx_word' id='word_1_622' title='bbox 3018 3296 3155 3347; x_wconf 89' lang='lat' dir='ltr'><strong>diem</strong></span> <span class='ocrx_word' id='word_1_623' title='bbox 3196 3293 3366 3349; x_wconf 90' lang='lat' dir='ltr'><strong>morbi</strong></span> 
     </span>
    </p>
   </div>
   <div class='ocr_carea' id='block_1_92' title="bbox 1801 3386 3367 3461">
    <p class='ocr_par' dir='ltr' id='par_1_92' title="bbox 1801 3386 3367 3461">
     <span class='ocr_line' id='line_1_93' title="bbox 1801 3386 3367 3461; baseline -0.003 -20"><span class='ocrx_word' id='word_1_624' title='bbox 1801 3391 2317 3461; x_wconf 85' lang='lat' dir='ltr'><strong>quinquagesimum,</strong></span> <span class='ocrx_word' id='word_1_625' title='bbox 2373 3390 2493 3456; x_wconf 90' lang='lat' dir='ltr'><strong>quia</strong></span> <span class='ocrx_word' id='word_1_626' title='bbox 2542 3398 2834 3441; x_wconf 87' lang='lat' dir='ltr'><strong>evenerunt</strong></span> <span class='ocrx_word' id='word_1_627' title='bbox 2876 3388 3014 3439; x_wconf 89' lang='lat' dir='ltr'><strong>intra</strong></span> <span class='ocrx_word' id='word_1_628' title='bbox 3077 3386 3203 3439; x_wconf 88' lang='lat' dir='ltr'><strong>illud</strong></span> <span class='ocrx_word' id='word_1_629' title='bbox 3241 3402 3367 3453; x_wconf 88' lang='lat' dir='ltr'><strong>spa-</strong></span> 
     </span>
    </p>
   </div>
   <div class='ocr_carea' id='block_1_93' title="bbox 1802 3474 3363 3546">
    <p class='ocr_par' dir='ltr' id='par_1_93' title="bbox 1802 3474 3363 3546">
     <span class='ocr_line' id='line_1_94' title="bbox 1802 3474 3363 3546; baseline -0.003 -14"><span class='ocrx_word' id='word_1_630' title='bbox 1802 3480 1958 3542; x_wconf 89' lang='lat' dir='ltr'><strong>tium,</strong></span> <span class='ocrx_word' id='word_1_631' title='bbox 1999 3479 2139 3546; x_wconf 86' lang='lat' dir='ltr'><strong>quod</strong></span> <span class='ocrx_word' id='word_1_632' title='bbox 2199 3476 2265 3531; x_wconf 87' lang='lat' dir='ltr'><strong>ab</strong></span> <span class='ocrx_word' id='word_1_633' title='bbox 2328 3476 2553 3545; x_wconf 91' lang='lat' dir='ltr'><strong>epistola</strong></span> <span class='ocrx_word' id='word_1_634' title='bbox 2604 3476 2706 3529; x_wconf 78' lang='lat' dir='ltr'><strong>i56</strong></span> <span class='ocrx_word' id='word_1_635' title='bbox 2754 3476 2903 3527; x_wconf 90' lang='lat' dir='ltr'><strong>initio</strong></span> <span class='ocrx_word' id='word_1_636' title='bbox 2940 3474 3108 3528; x_wconf 78' lang='lat' dir='ltr'><strong>morbi</strong></span> <span class='ocrx_word' id='word_1_637' title='bbox 3142 3476 3363 3543; x_wconf 88' lang='lat' dir='ltr'><strong>scripta,</strong></span> 
     </span>
    </p>
   </div>
   <div class='ocr_carea' id='block_1_94' title="bbox 1804 3567 3368 3638">
    <p class='ocr_par' dir='ltr' id='par_1_94' title="bbox 1804 3567 3368 3638">
     <span class='ocr_line' id='line_1_95' title="bbox 1804 3567 3368 3638; baseline -0.003 -15"><span class='ocrx_word' id='word_1_638' title='bbox 1804 3572 1868 3623; x_wconf 88' lang='lat' dir='ltr'><strong>ad</strong></span> <span class='ocrx_word' id='word_1_639' title='bbox 1902 3570 2187 3638; x_wconf 85' lang='lat' dir='ltr'><strong>epistolam</strong></span> <span class='ocrx_word' id='word_1_640' title='bbox 2235 3568 2335 3621; x_wconf 77' lang='grc'><strong>158</strong></span> <span class='ocrx_word' id='word_1_641' title='bbox 2380 3570 2444 3621; x_wconf 89' lang='lat' dir='ltr'><strong>ad</strong></span> <span class='ocrx_word' id='word_1_642' title='bbox 2488 3569 2733 3621; x_wconf 88' lang='lat' dir='ltr'><strong>eumdem</strong></span> <span class='ocrx_word' id='word_1_643' title='bbox 2770 3567 3058 3621; x_wconf 85' lang='lat' dir='ltr'><strong>Eusebium</strong></span> <span class='ocrx_word' id='word_1_644' title='bbox 3092 3567 3177 3620; x_wconf 88' lang='lat' dir='ltr'><strong>die</strong></span> <span class='ocrx_word' id='word_1_645' title='bbox 3207 3567 3368 3635; x_wconf 73' lang='lat' dir='ltr'><strong>quiu-</strong></span> 
     </span>
    </p>
   </div>
   <div class='ocr_carea' id='block_1_95' title="bbox 1802 3656 3365 3733">
    <p class='ocr_par' dir='ltr' id='par_1_95' title="bbox 1802 3656 3365 3733">
     <span class='ocr_line' id='line_1_96' title="bbox 1802 3656 3365 3733; baseline -0.003 -18"><span class='ocrx_word' id='word_1_646' title='bbox 1802 3664 2108 3733; x_wconf 84' lang='lat' dir='ltr'><strong>quagesinto</strong></span> <span class='ocrx_word' id='word_1_647' title='bbox 2142 3662 2416 3730; x_wconf 85' lang='lat' dir='ltr'><strong>scriptam,</strong></span> <span class='ocrx_word' id='word_1_648' title='bbox 2442 3659 2665 3714; x_wconf 75' lang='lat' dir='ltr'><strong>efiluxit.</strong></span> <span class='ocrx_word' id='word_1_649' title='bbox 2708 3659 2850 3710; x_wconf 82' lang='lat' dir='ltr'><strong>Nihil</strong></span> <span class='ocrx_word' id='word_1_650' title='bbox 2896 3660 3040 3711; x_wconf 87' lang='lat' dir='ltr'><strong>enim</strong></span> <span class='ocrx_word' id='word_1_651' title='bbox 3080 3658 3242 3711; x_wconf 87' lang='lat' dir='ltr'><strong>habet</strong></span> <span class='ocrx_word' id='word_1_652' title='bbox 3279 3656 3365 3710; x_wconf 91' lang='lat' dir='ltr'><strong>his</strong></span> 
     </span>
    </p>
   </div>
   <div class='ocr_carea' id='block_1_96' title="bbox 1803 3750 3367 3820">
    <p class='ocr_par' dir='ltr' id='par_1_96' title="bbox 1803 3750 3367 3820">
     <span class='ocr_line' id='line_1_97' title="bbox 1803 3750 3367 3820; baseline -0.005 -11"><span class='ocrx_word' id='word_1_653' title='bbox 1803 3756 1867 3809; x_wconf 92' lang='lat' dir='ltr'><strong>de</strong></span> <span class='ocrx_word' id='word_1_654' title='bbox 1921 3754 2077 3807; x_wconf 86' lang='lat' dir='ltr'><strong>rebus</strong></span> <span class='ocrx_word' id='word_1_655' title='bbox 2123 3753 2346 3820; x_wconf 87' lang='lat' dir='ltr'><strong>epistola</strong></span> <span class='ocrx_word' id='word_1_656' title='bbox 2395 3753 2531 3817; x_wconf 75' lang='grc'><strong>156,</strong></span> <span class='ocrx_word' id='word_1_657' title='bbox 2582 3767 2719 3820; x_wconf 90' lang='lat' dir='ltr'><strong>quas</strong></span> <span class='ocrx_word' id='word_1_658' title='bbox 2769 3761 2947 3805; x_wconf 89' lang='lat' dir='ltr'><strong>tamen</strong></span> <span class='ocrx_word' id='word_1_659' title='bbox 2999 3766 3103 3803; x_wconf 92' lang='lat' dir='ltr'><strong>non</strong></span> <span class='ocrx_word' id='word_1_660' title='bbox 3154 3750 3367 3801; x_wconf 88' lang='lat' dir='ltr'><strong>videtur</strong></span> 
     </span>
    </p>
   </div>
   <div class='ocr_carea' id='block_1_97' title="bbox 1801 3842 3365 3913">
    <p class='ocr_par' dir='ltr' id='par_1_97' title="bbox 1801 3842 3365 3913">
     <span class='ocr_line' id='line_1_98' title="bbox 1801 3842 3365 3913; baseline -0.006 -13"><span class='ocrx_word' id='word_1_661' title='bbox 1801 3846 2097 3901; x_wconf 82' lang='lat' dir='ltr'><strong>amissurus</strong></span> <span class='ocrx_word' id='word_1_662' title='bbox 2150 3844 2408 3909; x_wconf 83' lang='lat' dir='ltr'><strong>Basilius,</strong></span> <span class='ocrx_word' id='word_1_663' title='bbox 2467 3844 2510 3897; x_wconf 87' lang='lat' dir='ltr'><strong>si</strong></span> <span class='ocrx_word' id='word_1_664' title='bbox 2561 3843 2671 3913; x_wconf 83' lang='lat' dir='ltr'><strong>jam</strong></span> <span class='ocrx_word' id='word_1_665' title='bbox 2733 3854 2843 3897; x_wconf 90' lang='lat' dir='ltr'><strong>tum</strong></span> <span class='ocrx_word' id='word_1_666' title='bbox 2894 3843 3037 3895; x_wconf 91' lang='lat' dir='ltr'><strong>illum</strong></span> <span class='ocrx_word' id='word_1_667' title='bbox 3096 3842 3365 3894; x_wconf 89' lang='lat' dir='ltr'><strong>iuvisisset</strong></span> 
     </span>
    </p>
   </div>
   <div class='ocr_carea' id='block_1_98' title="bbox 1804 3932 3366 4009">
    <p class='ocr_par' dir='ltr' id='par_1_98' title="bbox 1804 3932 3366 4009">
     <span class='ocr_line' id='line_1_99' title="bbox 1804 3932 3366 4009; baseline -0.005 -16"><span class='ocrx_word' id='word_1_668' title='bbox 1804 3938 2081 4009; x_wconf 84' lang='lat' dir='ltr'><strong>Evagrius,</strong></span> <span class='ocrx_word' id='word_1_669' title='bbox 2116 3948 2207 3991; x_wconf 87' lang='lat' dir='ltr'><strong>aut</strong></span> <span class='ocrx_word' id='word_1_670' title='bbox 2253 3938 2367 4007; x_wconf 89' lang='lat' dir='ltr'><strong>ejus</strong></span> <span class='ocrx_word' id='word_1_671' title='bbox 2418 3938 2722 4005; x_wconf 63' lang='lat' dir='ltr'><strong>pra‘sidium</strong></span> <span class='ocrx_word' id='word_1_672' title='bbox 2767 3936 2947 3990; x_wconf 89' lang='lat' dir='ltr'><strong>clerici</strong></span> <span class='ocrx_word' id='word_1_673' title='bbox 2994 3932 3277 3989; x_wconf 84' lang='lat' dir='ltr'><strong>Sebasteni</strong></span> <span class='ocrx_word' id='word_1_674' title='bbox 3311 3941 3366 3986; x_wconf 89' lang='lat' dir='ltr'><strong>et</strong></span> 
     </span>
    </p>
   </div>
   <div class='ocr_carea' id='block_1_99' title="bbox 1801 4029 2795 4099">
    <p class='ocr_par' dir='ltr' id='par_1_99' title="bbox 1801 4029 2795 4099">
     <span class='ocr_line' id='line_1_100' title="bbox 1801 4029 2795 4099; baseline 0 -14"><span class='ocrx_word' id='word_1_675' title='bbox 1801 4029 2096 4086; x_wconf 85' lang='lat' dir='ltr'><strong>lconieusis</strong></span> <span class='ocrx_word' id='word_1_676' title='bbox 2126 4031 2363 4085; x_wconf 85' lang='lat' dir='ltr'><strong>Ecclesia</strong></span> <span class='ocrx_word' id='word_1_677' title='bbox 2395 4031 2795 4099; x_wconf 86' lang='lat' dir='ltr'><strong>implorassent.</strong></span> 
     </span>
    </p>
   </div>
   <div class='ocr_carea' id='block_1_100' title="bbox 1872 4119 3363 4193">
    <p class='ocr_par' dir='ltr' id='par_1_100' title="bbox 1872 4119 3363 4193">
     <span class='ocr_line' id='line_1_101' title="bbox 1872 4119 3363 4193; baseline -0.006 -15"><span class='ocrx_word' id='word_1_678' title='bbox 1872 4124 1959 4179; x_wconf 86' lang='lat' dir='ltr'><strong>lV.</strong></span> <span class='ocrx_word' id='word_1_679' title='bbox 1990 4124 2443 4193; x_wconf 75' lang='lat' dir='ltr'><strong>Quinquagesimo</strong></span> <span class='ocrx_word' id='word_1_680' title='bbox 2472 4125 2557 4176; x_wconf 91' lang='lat' dir='ltr'><strong>die</strong></span> <span class='ocrx_word' id='word_1_681' title='bbox 2604 4122 2773 4175; x_wconf 90' lang='lat' dir='ltr'><strong>morbi</strong></span> <span class='ocrx_word' id='word_1_682' title='bbox 2815 4120 3030 4172; x_wconf 81' lang='lat' dir='ltr'><strong>advenit</strong></span> <span class='ocrx_word' id='word_1_683' title='bbox 3059 4119 3363 4173; x_wconf 64' lang='lat' dir='ltr'><strong>Ctesaream</strong></span> 
     </span>
    </p>
   </div>
   <div class='ocr_carea' id='block_1_101' title="bbox 1802 4198 3364 4286">
    <p class='ocr_par' dir='ltr' id='par_1_101' title="bbox 1802 4198 3364 4286">
     <span class='ocr_line' id='line_1_102' title="bbox 1802 4198 3364 4286; baseline -0.005 -14"><span class='ocrx_word' id='word_1_684' title='bbox 1802 4217 2043 4286; x_wconf 85' lang='lat' dir='ltr'><strong>Elpidius</strong></span> <span class='ocrx_word' id='word_1_685' title='bbox 2091 4217 2348 4271; x_wconf 89' lang='lat' dir='ltr'><strong>diaconus</strong></span> <span class='ocrx_word' id='word_1_686' title='bbox 2413 4230 2533 4267; x_wconf 91' lang='lat' dir='ltr'><strong>cum</strong></span> <span class='ocrx_word' id='word_1_687' title='bbox 2584 4198 2780 4265; x_wconf 83' lang='lat' dir='ltr'><strong>litteris</strong></span> <span class='ocrx_word' id='word_1_688' title='bbox 2829 4212 3039 4264; x_wconf 81' lang='lat' dir='ltr'><strong>Eusebii</strong></span> <span class='ocrx_word' id='word_1_689' title='bbox 3095 4226 3364 4265; x_wconf 88' lang='lat' dir='ltr'><strong>summum</strong></span> 
     </span>
    </p>
   </div>
   <div class='ocr_carea' id='block_1_102' title="bbox 1804 4301 3364 4371">
    <p class='ocr_par' dir='ltr' id='par_1_102' title="bbox 1804 4301 3364 4371">
     <span class='ocr_line' id='line_1_103' title="bbox 1804 4301 3364 4371; baseline -0.006 -8"><span class='ocrx_word' id='word_1_690' title='bbox 1804 4309 1985 4363; x_wconf 91' lang='lat' dir='ltr'><strong>Basilii</strong></span> <span class='ocrx_word' id='word_1_691' title='bbox 2036 4307 2243 4360; x_wconf 79' lang='lat' dir='ltr'><strong>videndi</strong></span> <span class='ocrx_word' id='word_1_692' title='bbox 2274 4303 2596 4358; x_wconf 88' lang='lat' dir='ltr'><strong>desiderium</strong></span> <span class='ocrx_word' id='word_1_693' title='bbox 2630 4301 3075 4371; x_wconf 82' lang='lat' dir='ltr'><strong>significautilms.</strong></span> <span class='ocrx_word' id='word_1_694' title='bbox 3120 4302 3364 4367; x_wconf 82' lang='lat' dir='ltr'><strong>Respon-</strong></span> 
     </span>
    </p>
   </div>
   <div class='ocr_carea' id='block_1_103' title="bbox 1803 4391 3359 4463">
    <p class='ocr_par' dir='ltr' id='par_1_103' title="bbox 1803 4391 3359 4463">
     <span class='ocr_line' id='line_1_104' title="bbox 1803 4391 3359 4463; baseline -0.005 -11"><span class='ocrx_word' id='word_1_695' title='bbox 1803 4400 1880 4453; x_wconf 68' lang='lat' dir='ltr'><strong>dit</strong></span> <span class='ocrx_word' id='word_1_696' title='bbox 1924 4396 2154 4449; x_wconf 87' lang='lat' dir='ltr'><strong>Basilius</strong></span> <span class='ocrx_word' id='word_1_697' title='bbox 2192 4394 2255 4463; x_wconf 77' lang='grc' dir='ltr'><strong>(ἱ)</strong></span> <span class='ocrx_word' id='word_1_698' title='bbox 2285 4395 2469 4449; x_wconf 89' lang='lat' dir='ltr'><strong>eodem</strong></span> <span class='ocrx_word' id='word_1_699' title='bbox 2513 4393 2621 4455; x_wconf 88' lang='lat' dir='ltr'><strong>die,</strong></span> <span class='ocrx_word' id='word_1_700' title='bbox 2650 4403 2708 4446; x_wconf 91' lang='lat' dir='ltr'><strong>ut</strong></span> <span class='ocrx_word' id='word_1_701' title='bbox 2739 4400 2885 4460; x_wconf 87' lang='lat' dir='ltr'><strong>patet</strong></span> <span class='ocrx_word' id='word_1_702' title='bbox 2914 4407 2979 4444; x_wconf 79' lang='lat' dir='ltr'><strong>ex</strong></span> <span class='ocrx_word' id='word_1_703' title='bbox 3012 4392 3096 4444; x_wconf 90' lang='lat' dir='ltr'><strong>his</strong></span> <span class='ocrx_word' id='word_1_704' title='bbox 3124 4391 3305 4444; x_wconf 87' lang='lat' dir='ltr'><strong>verbis</strong></span> <span class='ocrx_word' id='word_1_705' title='bbox 3344 4407 3359 4443; x_wconf 88' lang='lat'><strong>:</strong></span> 
     </span>
    </p>
   </div>
   <div class='ocr_carea' id='block_1_104' title="bbox 1805 4482 3357 4557">
    <p class='ocr_par' dir='ltr' id='par_1_104' title="bbox 1805 4482 3357 4557">
     <span class='ocr_line' id='line_1_105' title="bbox 1805 4482 3357 4557; baseline -0.005 -16"><span class='ocrx_word' id='word_1_706' title='bbox 1805 4489 2301 4557; x_wconf 81' lang='lat' dir='ltr'><strong>Quinquagesimum</strong></span> <span class='ocrx_word' id='word_1_707' title='bbox 2343 4489 2477 4538; x_wconf 81' lang='lat' dir='ltr'><strong>hunc</strong></span> <span class='ocrx_word' id='word_1_708' title='bbox 2510 4486 2644 4537; x_wconf 84' lang='lat' dir='ltr'><strong>diem</strong></span> <span class='ocrx_word' id='word_1_709' title='bbox 2687 4487 2903 4551; x_wconf 82' lang='lat' dir='ltr'><strong>agebam</strong></span> <span class='ocrx_word' id='word_1_710' title='bbox 2940 4484 2994 4535; x_wconf 82' lang='lat' dir='ltr'><strong>in</strong></span> <span class='ocrx_word' id='word_1_711' title='bbox 3037 4482 3357 4551; x_wconf 80' lang='lat' dir='ltr'><strong>inﬁrmitate,</strong></span> 
     </span>
    </p>
   </div>
   <div class='ocr_carea' id='block_1_105' title="bbox 1804 4573 3366 4641">
    <p class='ocr_par' dir='ltr' id='par_1_105' title="bbox 1804 4573 3366 4641">
     <span class='ocr_line' id='line_1_106' title="bbox 1804 4573 3366 4641; baseline -0.006 -8"><span class='ocrx_word' id='word_1_712' title='bbox 1804 4596 1920 4633; x_wconf 85' lang='lat' dir='ltr'><strong>cum</strong></span> <span class='ocrx_word' id='word_1_713' title='bbox 1966 4579 2173 4632; x_wconf 82' lang='lat' dir='ltr'><strong>advenit</strong></span> <span class='ocrx_word' id='word_1_714' title='bbox 2212 4579 2356 4630; x_wconf 79' lang='lat' dir='ltr'><strong>nobis</strong></span> <span class='ocrx_word' id='word_1_715' title='bbox 2390 4577 2610 4627; x_wconf 76' lang='lat' dir='ltr'><strong>dilectus</strong></span> <span class='ocrx_word' id='word_1_716' title='bbox 2644 4590 2705 4626; x_wconf 84' lang='lat' dir='ltr'><strong>ac</strong></span> <span class='ocrx_word' id='word_1_717' title='bbox 2732 4575 2958 4641; x_wconf 77' lang='lat' dir='ltr'><strong>Optimus</strong></span> <span class='ocrx_word' id='word_1_718' title='bbox 2997 4573 3164 4641; x_wconf 75' lang='lat' dir='ltr'><strong>frater</strong></span> <span class='ocrx_word' id='word_1_719' title='bbox 3193 4581 3366 4625; x_wconf 79' lang='lat' dir='ltr'><strong>noster</strong></span> 
     </span>
    </p>
   </div>
   <div class='ocr_carea' id='block_1_106' title="bbox 1804 4663 3363 4731">
    <p class='ocr_par' dir='ltr' id='par_1_106' title="bbox 1804 4663 3363 4731">
     <span class='ocr_line' id='line_1_107' title="bbox 1804 4663 3363 4731; baseline -0.006 -6"><span class='ocrx_word' id='word_1_720' title='bbox 1804 4672 2150 4725; x_wconf 79' lang='lat' dir='ltr'><strong>condiaconus</strong></span> <span class='ocrx_word' id='word_1_721' title='bbox 2201 4669 2467 4731; x_wconf 78' lang='lat' dir='ltr'><strong>Elpidius.</strong></span> <span class='ocrx_word' id='word_1_722' title='bbox 2524 4666 2771 4721; x_wconf 86' lang='lat' dir='ltr'><strong>Declarat</strong></span> <span class='ocrx_word' id='word_1_723' title='bbox 2819 4681 2896 4729; x_wconf 89' lang='lat' dir='ltr'><strong>se,</strong></span> <span class='ocrx_word' id='word_1_724' title='bbox 2952 4666 3109 4719; x_wconf 88' lang='lat' dir='ltr'><strong>lectis</strong></span> <span class='ocrx_word' id='word_1_725' title='bbox 3147 4663 3363 4717; x_wconf 87' lang='lat' dir='ltr'><strong>Eusebii</strong></span> 
     </span>
    </p>
   </div>
   <div class='ocr_carea' id='block_1_107' title="bbox 1805 4756 3363 4827">
    <p class='ocr_par' dir='ltr' id='par_1_107' title="bbox 1805 4756 3363 4827">
     <span class='ocr_line' id='line_1_108' title="bbox 1805 4756 3363 4827; baseline -0.007 -9"><span class='ocrx_word' id='word_1_726' title='bbox 1805 4763 2021 4827; x_wconf 89' lang='lat' dir='ltr'><strong>litteris,</strong></span> <span class='ocrx_word' id='word_1_727' title='bbox 2076 4760 2351 4814; x_wconf 89' lang='lat' dir='ltr'><strong>incitatum</strong></span> <span class='ocrx_word' id='word_1_728' title='bbox 2394 4759 2577 4825; x_wconf 86' lang='lat' dir='ltr'><strong>fuisse,</strong></span> <span class='ocrx_word' id='word_1_729' title='bbox 2616 4767 2674 4811; x_wconf 88' lang='lat' dir='ltr'><strong>ut</strong></span> <span class='ocrx_word' id='word_1_730' title='bbox 2719 4768 2861 4812; x_wconf 90' lang='lat' dir='ltr'><strong>recta</strong></span> <span class='ocrx_word' id='word_1_731' title='bbox 2908 4757 2973 4809; x_wconf 90' lang='lat' dir='ltr'><strong>ad</strong></span> <span class='ocrx_word' id='word_1_732' title='bbox 3026 4756 3191 4824; x_wconf 79' lang='lat' dir='ltr'><strong>Syros</strong></span> <span class='ocrx_word' id='word_1_733' title='bbox 3231 4769 3363 4807; x_wconf 94' lang='lat' dir='ltr'><strong>con-</strong></span> 
     </span>
    </p>
   </div>
   <div class='ocr_carea' id='block_1_108' title="bbox 1806 4846 3363 4917">
    <p class='ocr_par' dir='ltr' id='par_1_108' title="bbox 1806 4846 3363 4917">
     <span class='ocr_line' id='line_1_109' title="bbox 1806 4846 3363 4917; baseline -0.006 -8"><span class='ocrx_word' id='word_1_734' title='bbox 1806 4857 2031 4917; x_wconf 89' lang='lat' dir='ltr'><strong>volaret,</strong></span> <span class='ocrx_word' id='word_1_735' title='bbox 2083 4852 2176 4907; x_wconf 85' lang='lat' dir='ltr'><strong>sed</strong></span> <span class='ocrx_word' id='word_1_736' title='bbox 2228 4868 2333 4907; x_wconf 91' lang='lat' dir='ltr'><strong>non</strong></span> <span class='ocrx_word' id='word_1_737' title='bbox 2368 4853 2523 4907; x_wconf 89' lang='lat' dir='ltr'><strong>modo</strong></span> <span class='ocrx_word' id='word_1_738' title='bbox 2566 4853 2615 4905; x_wconf 91' lang='lat' dir='ltr'><strong>id</strong></span> <span class='ocrx_word' id='word_1_739' title='bbox 2666 4851 2769 4906; x_wconf 89' lang='lat' dir='ltr'><strong>sibi</strong></span> <span class='ocrx_word' id='word_1_740' title='bbox 2814 4850 3020 4911; x_wconf 88' lang='lat' dir='ltr'><strong>deesse,</strong></span> <span class='ocrx_word' id='word_1_741' title='bbox 3065 4857 3124 4899; x_wconf 89' lang='lat' dir='ltr'><strong>ut</strong></span> <span class='ocrx_word' id='word_1_742' title='bbox 3180 4846 3363 4899; x_wconf 89' lang='lat' dir='ltr'><strong>volare</strong></span> 
     </span>
    </p>
   </div>
   <div class='ocr_carea' id='block_1_109' title="bbox 1802 4936 3363 5017">
    <p class='ocr_par' dir='ltr' id='par_1_109' title="bbox 1802 4936 3363 5017">
     <span class='ocr_line' id='line_1_110' title="bbox 1802 4936 3363 5017; baseline -0.007 -16"><span class='ocrx_word' id='word_1_743' title='bbox 1802 4946 1988 5017; x_wconf 87' lang='lat' dir='ltr'><strong>possit,</strong></span> <span class='ocrx_word' id='word_1_744' title='bbox 2023 4945 2115 4999; x_wconf 88' lang='lat' dir='ltr'><strong>sed</strong></span> <span class='ocrx_word' id='word_1_745' title='bbox 2152 4945 2313 5000; x_wconf 90' lang='lat' dir='ltr'><strong>etiam</strong></span> <span class='ocrx_word' id='word_1_746' title='bbox 2347 4954 2403 4999; x_wconf 92' lang='lat' dir='ltr'><strong>ut</strong></span> <span class='ocrx_word' id='word_1_747' title='bbox 2428 4959 2484 4999; x_wconf 92' lang='lat' dir='ltr'><strong>se</strong></span> <span class='ocrx_word' id='word_1_748' title='bbox 2520 4943 2572 4997; x_wconf 92' lang='lat' dir='ltr'><strong>in</strong></span> <span class='ocrx_word' id='word_1_749' title='bbox 2621 4943 2755 4997; x_wconf 90' lang='lat' dir='ltr'><strong>lecto</strong></span> <span class='ocrx_word' id='word_1_750' title='bbox 2797 4948 3155 4995; x_wconf 83' lang='lat' dir='ltr'><strong>converteret.</strong></span> <span class='ocrx_word' id='word_1_751' title='bbox 3190 4936 3363 4993; x_wconf 71' lang='lat' dir='ltr'><strong>Caste-</strong></span> 
     </span>
    </p>
   </div>
   <div class='ocr_carea' id='block_1_110' title="bbox 1802 5029 3361 5105">
    <p class='ocr_par' dir='ltr' id='par_1_110' title="bbox 1802 5029 3361 5105">
     <span class='ocr_line' id='line_1_111' title="bbox 1802 5029 3361 5105; baseline -0.006 -13"><span class='ocrx_word' id='word_1_752' title='bbox 1802 5054 1922 5093; x_wconf 88' lang='lat' dir='ltr'><strong>rum</strong></span> <span class='ocrx_word' id='word_1_753' title='bbox 1964 5036 2152 5092; x_wconf 90' lang='lat' dir='ltr'><strong>morbo</strong></span> <span class='ocrx_word' id='word_1_754' title='bbox 2191 5052 2311 5103; x_wconf 90' lang='lat' dir='ltr'><strong>suo,</strong></span> <span class='ocrx_word' id='word_1_755' title='bbox 2362 5050 2549 5105; x_wconf 91' lang='lat' dir='ltr'><strong>quem,</strong></span> <span class='ocrx_word' id='word_1_756' title='bbox 2590 5042 2647 5089; x_wconf 90' lang='lat' dir='ltr'><strong>ut</strong></span> <span class='ocrx_word' id='word_1_757' title='bbox 2680 5047 2841 5104; x_wconf 88' lang='lat' dir='ltr'><strong>supra</strong></span> <span class='ocrx_word' id='word_1_758' title='bbox 2874 5032 3126 5096; x_wconf 84' lang='lat' dir='ltr'><strong>vidimus,</strong></span> <span class='ocrx_word' id='word_1_759' title='bbox 3154 5029 3361 5084; x_wconf 82' lang='lat' dir='ltr'><strong>descri-</strong></span> 
     </span>
    </p>
   </div>
   <div class='ocr_carea' id='block_1_111' title="bbox 1802 5126 3361 5198">
    <p class='ocr_par' dir='ltr' id='par_1_111' title="bbox 1802 5126 3361 5198">
     <span class='ocr_line' id='line_1_112' title="bbox 1802 5126 3361 5198; baseline -0.008 -12"><span class='ocrx_word' id='word_1_760' title='bbox 1802 5130 1899 5197; x_wconf 90' lang='lat' dir='ltr'><strong>bit,</strong></span> <span class='ocrx_word' id='word_1_761' title='bbox 1925 5131 2013 5185; x_wconf 89' lang='lat' dir='ltr'><strong>diu</strong></span> <span class='ocrx_word' id='word_1_762' title='bbox 2038 5140 2307 5194; x_wconf 82' lang='lat' dir='ltr'><strong>vexatum,</strong></span> <span class='ocrx_word' id='word_1_763' title='bbox 2350 5144 2627 5198; x_wconf 88' lang='lat' dir='ltr'><strong>nunquam</strong></span> <span class='ocrx_word' id='word_1_764' title='bbox 2662 5136 2870 5181; x_wconf 91' lang='lat' dir='ltr'><strong>tantum</strong></span> <span class='ocrx_word' id='word_1_765' title='bbox 2902 5126 3162 5185; x_wconf 84' lang='lat' dir='ltr'><strong>doluisse,</strong></span> <span class='ocrx_word' id='word_1_766' title='bbox 3187 5136 3361 5190; x_wconf 87' lang='lat' dir='ltr'><strong>quan-</strong></span> 
     </span>
    </p>
   </div>
   <div class='ocr_carea' id='block_1_112' title="bbox 1805 5211 3354 5289">
    <p class='ocr_par' dir='ltr' id='par_1_112' title="bbox 1805 5211 3354 5289">
     <span class='ocr_line' id='line_1_113' title="bbox 1805 5211 3354 5289; baseline -0.008 -12"><span class='ocrx_word' id='word_1_767' title='bbox 1805 5232 1912 5277; x_wconf 91' lang='lat' dir='ltr'><strong>tum</strong></span> <span class='ocrx_word' id='word_1_768' title='bbox 1954 5238 2115 5286; x_wconf 91' lang='lat' dir='ltr'><strong>nunc,</strong></span> <span class='ocrx_word' id='word_1_769' title='bbox 2146 5223 2211 5276; x_wconf 90' lang='lat' dir='ltr'><strong>ab</strong></span> <span class='ocrx_word' id='word_1_770' title='bbox 2246 5236 2311 5276; x_wconf 91' lang='lat' dir='ltr'><strong>eo</strong></span> <span class='ocrx_word' id='word_1_771' title='bbox 2354 5222 2691 5289; x_wconf 91' lang='lat' dir='ltr'><strong>impeditum,</strong></span> <span class='ocrx_word' id='word_1_772' title='bbox 2723 5218 3015 5288; x_wconf 89' lang='lat' dir='ltr'><strong>quominus</strong></span> <span class='ocrx_word' id='word_1_773' title='bbox 3046 5218 3099 5269; x_wconf 91' lang='lat' dir='ltr'><strong>in</strong></span> <span class='ocrx_word' id='word_1_774' title='bbox 3138 5211 3354 5267; x_wconf 84' lang='lat' dir='ltr'><strong>Eusebii</strong></span> 
     </span>
    </p>
   </div>
   <div class='ocr_carea' id='block_1_113' title="bbox 1800 5304 3354 5383">
    <p class='ocr_par' dir='ltr' id='par_1_113' title="bbox 1800 5304 3354 5383">
     <span class='ocr_line' id='line_1_114' title="bbox 1800 5304 3354 5383; baseline -0.008 -14"><span class='ocrx_word' id='word_1_775' title='bbox 1800 5314 2134 5382; x_wconf 74' lang='lat' dir='ltr'><strong>complexum</strong></span> <span class='ocrx_word' id='word_1_776' title='bbox 2181 5324 2236 5369; x_wconf 91' lang='lat' dir='ltr'><strong>et</strong></span> <span class='ocrx_word' id='word_1_777' title='bbox 2298 5314 2621 5383; x_wconf 90' lang='lat' dir='ltr'><strong>colloquium</strong></span> <span class='ocrx_word' id='word_1_778' title='bbox 2667 5314 2869 5367; x_wconf 80' lang='lat' dir='ltr'><strong>veniat.</strong></span> <span class='ocrx_word' id='word_1_779' title='bbox 2918 5307 3155 5362; x_wconf 78' lang='lat' dir='ltr'><strong>Noverat</strong></span> <span class='ocrx_word' id='word_1_780' title='bbox 3209 5304 3354 5359; x_wconf 83' lang='lat' dir='ltr'><strong>enim</strong></span> 
     </span>
    </p>
   </div>
   <div class='ocr_carea' id='block_1_114' title="bbox 1865 5488 2301 5553">
    <p class='ocr_par' dir='ltr' id='par_1_114' title="bbox 1865 5488 2301 5553">
     <span class='ocr_line' id='line_1_115' title="bbox 1865 5488 2301 5553; baseline -0.002 -14"><span class='ocrx_word' id='word_1_781' title='bbox 1865 5490 1931 5553; x_wconf 73' lang='grc' dir='ltr'><strong>(Γ)</strong></span> <span class='ocrx_word' id='word_1_782' title='bbox 1965 5488 2105 5540; x_wconf 86' lang='lat' dir='ltr'><strong>idem</strong></span> <span class='ocrx_word' id='word_1_783' title='bbox 2135 5503 2219 5553; x_wconf 90' lang='lat' dir='ltr'><strong>ep.</strong></span> <span class='ocrx_word' id='word_1_784' title='bbox 2249 5490 2301 5540; x_wconf 77' lang='lat'><strong>2.</strong></span> 
     </span>
    </p>
   </div>
   <div class='ocr_carea' id='block_1_115' title="bbox 1858 5555 2288 5685">
    <p class='ocr_par' dir='ltr' id='par_1_115' title="bbox 1858 5555 2288 5685">
     <span class='ocr_line' id='line_1_116' title="bbox 1858 5555 2288 5685; baseline 0.005 -80"><span class='ocrx_word' id='word_1_785' title='bbox 1858 5556 1936 5685; x_wconf 43' lang='lat' dir='ltr'><strong>fg)</strong></span> <span class='ocrx_word' id='word_1_786' title='bbox 1965 5555 2102 5607; x_wconf 85' lang='lat' dir='ltr'><strong>Idem</strong></span> <span class='ocrx_word' id='word_1_787' title='bbox 2127 5570 2207 5616; x_wconf 82' lang='lat' dir='ltr'><strong>ep.</strong></span> <span class='ocrx_word' id='word_1_788' title='bbox 2240 5556 2288 5607; x_wconf 78' lang='grc'><strong>1.</strong></span> 
     </span>
     <span class='ocr_line' id='line_1_117' title="bbox 1880 5622 2282 5685; baseline 0.012 -14"><span class='ocrx_word' id='word_1_789' title='bbox 1880 5624 1932 5685; x_wconf 84' lang='lat' dir='ltr'><strong>lt)</strong></span> <span class='ocrx_word' id='word_1_790' title='bbox 1959 5622 2055 5685; x_wconf 83' lang='lat' dir='ltr'><strong>Ep.</strong></span> <span class='ocrx_word' id='word_1_791' title='bbox 2100 5622 2219 5685; x_wconf 77' lang='grc'>158,</span> <span class='ocrx_word' id='word_1_792' title='bbox 2250 5637 2282 5675; x_wconf 90' lang='lat' dir='ltr'><strong>n</strong></span> 
     </span>
    </p>
   </div>
   <div class='ocr_carea' id='block_1_116' title="bbox 1880 5620 2382 5688">
    <p class='ocr_par' dir='ltr' id='par_1_116' title="bbox 1880 5620 2382 5688">
     <span class='ocr_line' id='line_1_118' title="bbox 1880 5620 2382 5688; baseline -0.002 -16"><span class='ocrx_word' id='word_1_793' title='bbox 1880 5624 1932 5688; x_wconf 81' lang='lat' dir='ltr'><strong>lt)</strong></span> <span class='ocrx_word' id='word_1_794' title='bbox 1959 5622 2055 5685; x_wconf 84' lang='lat' dir='ltr'><strong>Ep.</strong></span> <span class='ocrx_word' id='word_1_795' title='bbox 2100 5622 2219 5685; x_wconf 77' lang='grc'>158,</span> <span class='ocrx_word' id='word_1_796' title='bbox 2250 5637 2303 5677; x_wconf 91' lang='lat' dir='ltr'><strong>n.</strong></span> <span class='ocrx_word' id='word_1_797' title='bbox 2329 5620 2382 5672; x_wconf 75' lang='grc'><strong>2.</strong></span> 
     </span>
    </p>
   </div>
   <div class='ocr_carea' id='block_1_117' title="bbox 1860 5689 2076 5756">
    <p class='ocr_par' dir='ltr' id='par_1_117' title="bbox 1860 5689 2076 5756">
     <span class='ocr_line' id='line_1_119' title="bbox 1860 5689 2076 5756; baseline 0.014 -17"><span class='ocrx_word' id='word_1_798' title='bbox 1860 5689 2076 5756; x_wconf 69' lang='grc' dir='ltr'><strong>σ)ηήά.</strong></span> 
     </span>
    </p>
   </div>
  </div>
