4074 6312
677 340 785 382 CIII

2047 331 2565 391 PROLEGOMENA.

676 441 822 507 quali
845 442 1054 492 c'areret
1094 448 1389 510 votuptate,
1418 448 1518 497 etsi
1542 445 1800 498 extremis
1830 454 2032 500 tantum
2062 448 2246 514 digitis
2274 452 2318 506 Î‘
2348 448 2470 516 psit.
2506 448 2843 518 Quapropter
2889 459 3088 503 veritus
3153 446 3403 511 Basilius,
3449 464 3515 503 ne
3570 450 3759 507 litterze
3807 470 3920 509 sua:

677 541 821 582 anno
847 532 1125 596 praeterito
1158 527 1526 585 dulcissimum
1567 532 1673 585 mel
1715 531 1963 587 Ecclesiae
1996 533 2248 589 Samosa-

682 618 850 674 tensis
908 622 1312 689 degustaverat.
1378 623 1455 678 Eo
1507 634 1689 677 autem
1755 626 1967 680 videndi
2036 626 2247 682 Eusebii

687 710 936 779 cupidior
980 719 1136 777 erat,
1172 714 1317 782 quod
1359 728 1542 768 veram
1587 714 1906 769 charitatem
1947 716 1997 769 in
2046 717 2248 787 Cappa-

682 801 834 855 docia
868 815 969 855 non
1004 804 1280 871 reperiret,
1315 816 1405 858 aut
1458 806 1501 860 si
1533 821 1694 874 quem
1719 812 1939 859 omnino
1979 821 2247 861 amantem

690 895 932 963 reperire
974 908 1175 964 posset,
1208 898 1476 952 neminem
1521 908 1670 953 certe
1711 914 1829 951 cum
1880 898 2094 953 Eusebii
2128 915 2251 968 pru-

684 986 860 1041 dentia
883 998 936 1042 et
954 989 1282 1056 experientia
1314 991 1755 1060 comparandum.
1785 990 1897 1045 Sibi
1928 994 2071 1047 enim
2105 993 2252 1047 illius

690 1079 974 1134 consilium
1006 1082 1071 1133 ad
1104 1080 1267 1134 multa
1309 1096 1444 1149 opus
1478 1098 1600 1138 esse
1640 1084 1973 1156 intelligebat
2003 1104 2015 1139 :
2052 1095 2101 1141 et
2131 1101 2251 1139 cum

698 1170 953 1224 nonnulla
1002 1183 1209 1239 essent,
1239 1188 1359 1241 quae
1392 1174 1628 1228 scribere
1672 1191 1776 1236 non
1818 1178 2034 1241 licebat,
2082 1180 2148 1230 de
2190 1178 2253 1231 iis

692 1276 811 1325 qua:
854 1262 1071 1326 licebat,
1122 1264 1339 1318 interim
1388 1265 1643 1332 consulit,
1692 1268 1819 1336 quid
1872 1270 1936 1322 de
1983 1271 2140 1323 rebus
2186 1272 2253 1325 ab

695 1352 927 1424 Evagrio
958 1356 1245 1423 propositis
1276 1359 1639 1425 sentiendum,
1662 1360 1788 1427 quid
1821 1362 2250 1427 respondendum

688 1442 1019 1505 Bebastenis.
1044 1454 1097 1499 et
1121 1449 1427 1517 peregrinas
1456 1450 1823 1505 ordinationes
1850 1465 1916 1503 an
1947 1457 2253 1508 detrectare

693 1552 799 1591 non
834 1550 1097 1607 oporteat.
1130 1540 1300 1611 Rogat
1341 1541 1627 1596 Eusebium
1668 1552 1744 1604 ut,
1793 1543 1837 1597 si
1869 1558 2025 1611 quem
2071 1544 2175 1599 cito
2201 1546 2251 1599 in

689 1625 1077 1696 Cappadociam
1122 1632 1420 1686 venientem
1475 1632 1838 1697 nanciscatur,
1896 1634 1961 1688 de
2028 1634 2111 1689 his
2144 1650 2253 1689 om-

689 1716 846 1773 nibus
878 1720 1233 1787 respondeat;
1268 1722 1351 1775 sin
1392 1722 1567 1776 minus
1594 1760 1611 1789 ,
1649 1733 1923 1792 precetur,
1959 1734 2017 1779 ut
2058 1727 2157 1779 sibi
2199 1728 2251 1779 in

2348 538 2693 605 excidissent,
2727 540 2959 594 breviter
2990 539 3182 609 repetit
3204 556 3323 608 qtue
3351 540 3460 609 jam
3494 543 3803 607 scripserat.
3836 546 3915 598 Ac

2353 634 2598 686 morbum
2638 631 2853 701 quidem
2889 646 3040 683 suum
3080 639 3323 695 excusat,
3365 644 3462 684 cur
3517 647 3619 684 non
3654 635 3915 698 venerit;

2348 735 2443 775 cur
2504 730 2680 775 autem
2716 736 2799 775 res
2854 720 3107 775 Ecclesia:
3160 721 3477 774 adversariis
3522 724 3729 777 traditze
3772 726 3914 789 sint,

2351 826 2502 866 suam
2538 811 2745 880 culpam
2776 824 2892 865 esse
2928 819 3109 879 negat,
3157 814 3245 880 qui
3289 811 3441 866 solus
3490 816 3619 866 tanti
3656 817 3919 869 momenti

2354 900 2561 969 negotia
2585 901 2799 969 aggredi
2838 916 2939 954 non
2972 903 3159 966 possit,
3189 918 3309 955 cum
3347 902 3395 955 id
3429 918 3662 958 canones
3704 920 3811 958 non
3845 906 3917 959 si-

2354 1002 2516 1056 nant;
2548 993 2641 1046 sed
2661 1008 2877 1047 causam
2916 992 3088 1061 rejicit
3131 994 3181 1046 in
3226 996 3511 1063 episcopos
3551 1010 3732 1049 secum
3762 1012 3918 1051 com-

2358 1082 2608 1137 munione
2667 1082 3002 1152 conjunctos.
3058 1083 3390 1139 Videbantur
3431 1086 3609 1155 plures
3652 1086 3917 1153 ejusmodi

2355 1170 2593 1239 episcopi
2626 1186 2745 1225 cmn
2796 1171 2993 1226 Basilio
3036 1172 3332 1241 conjuncti,
3368 1189 3657 1241 eorumque
3688 1190 3920 1230 nurnero

2356 1257 2646 1329 Bosporius
2673 1278 2840 1329 nuper
2886 1262 3150 1332 ascriptus
3195 1262 3368 1317 fuerat
3398 1280 3411 1316 :
3448 1268 3540 1318 sed
3576 1265 3705 1318 nihil
3738 1280 3921 1332 Operae

2356 1352 2624 1405 navabant
2657 1356 2724 1406 ad
2768 1367 2852 1408 res
2905 1356 3139 1409 maxime
3186 1358 3559 1418 necessarias;
3600 1368 3759 1424 atque
3804 1360 3921 1411 haec

2356 1444 2521 1497 animi
2550 1444 2810 1512 :egritudo
2834 1446 3062 1498 maxime
3112 1443 3399 1511 obstabat,
3453 1448 3737 1515 quominus
3773 1448 3920 1504 vires

2356 1546 2653 1603 repararet.
2692 1533 2884 1588 Narrat
2921 1534 3148 1590 Basilius
3192 1537 3456 1605 quomodo
3477 1552 3569 1591 eos
3609 1538 3919 1592 Caesaream

2357 1626 2538 1682 audito
2565 1627 2753 1681 mortis
2776 1640 2888 1681 sua:
2924 1627 3112 1680 nuntio
3137 1629 3423 1684 venientes
3449 1630 3692 1685 hortatus
3723 1631 3917 1685 fuerit:

2360 1717 2601 1784 queritur
2631 1717 2794 1785 quod,
2851 1731 2969 1771 cum
3001 1730 3060 1770 se
3090 1726 3404 1784 praesentem
3439 1731 3804 1783 rcvereantur,
3866 1734 3923 1775 et

698 1818 934 1861 mentem
973 1810 1171 1873 veniat,
1217 1811 1356 1879 quod
1400 1812 1509 1866 Deo
1545 1824 1822 1881 acceptum
1877 1814 2059 1870 fuerit.
2116 1816 2255 1872 Petit

2358 1804 2589 1861 ollicium
2631 1807 2871 1861 facturos
2901 1807 3231 1877 promittant,
3269 1808 3356 1861 ubi
3391 1808 3702 1874 discessere,
3741 1815 3810 1866 ad
3843 1814 3924 1866 in-

689 1901 851 1956 etiam
881 1910 939 1955 ut
966 1902 1045 1956 sui
1082 1903 1405 1959 mentionem
1440 1904 1494 1957 in
1524 1904 1750 1959 ecclesia
1797 1905 1909 1959 fieri
1941 1905 2146 1974 iubeat,
2193 1922 2256 1963 ac

694 1993 814 2063 ipse
841 2008 936 2063 pro
969 2010 1047 2060 se,
1074 1994 1326 2064 adjuncto
1357 1995 1574 2063 populo,
1600 2004 1865 2064 precetur.

763 2081 1018 2150 Maiorem
1066 2084 1119 2137 in
1171 2085 1389 2139 modum
1448 2085 1723 2154 perculsus
1750 2096 1833 2141 est
1890 2085 2117 2143 Basilius
2153 2088 2253 2159 (a),

698 2189 820 2229 cum
850 2176 1020 2230 audiit
1050 2176 1375 2231 horrendam
1438 2179 1886 2247 persecutionem,
1944 2194 2103 2249 quam
2135 2182 2257 2236 Ale-

699 2265 943 2321 xandria:
990 2267 1173 2321 Ariani
1205 2269 1328 2322 etin
1370 2267 1575 2337 reliqua
1626 2267 1856 2339 [Egypto
1912 2270 2253 2326 exercebant.

692 2355 946 2411 Libenter
1009 2356 1299 2412 Ecclesium
1328 2358 1745 2413 Alexandrinam
1784 2359 2097 2426 invisisset;
2154 2364 2248 2418 sed

694 2461 821 2501 cum
856 2447 1115 2502 diuturno
1174 2450 1363 2504 morbo
1418 2450 1695 2505 confectus
1748 2465 1814 2507 ne
1864 2451 2002 2507 lecto
2039 2452 2256 2523 quidem

692 2546 875 2606 posset
900 2552 1122 2609 surgere
1147 2576 1164 2605 ,
1211 2539 1389 2595 oblata
1436 2539 1693 2597 facultate
1733 2541 1951 2614 Eugenii
1989 2543 2255 2610 monachi,

702 2628 923 2698 scripsit
952 2630 1330 2687 Alexandrinis
1357 2634 1604 2688 hortandi
1634 2648 1697 2688 ac
1734 2634 2043 2691 consolandi
2071 2650 2253 2693 causa.

695 2718 949 2787 Epistolas
986 2728 1193 2789 tempus
1230 2723 1467 2776 indicant
1500 2738 1621 2778 cum
1676 2728 1915 2790 morbus,
1974 2743 2081 2797 quo
2111 2728 2259 2786 labo-

699 2810 852 2865 rabat
885 2809 1137 2876 Basilius,
1169 2822 1277 2867 tum
1329 2813 1441 2884 ipsa
1482 2815 1801 2883 persecutio,
1833 2831 1993 2884 quam
2023 2818 2256 2874 Alexan-

2356 1896 2572 1966 geniutn
2608 1898 2849 1953 redeant.

2423 1986 2615 2042 Mirum
2639 2004 2771 2043 sane
2800 2000 2881 2045 est
2928 2005 3027 2045 cur
3052 1991 3277 2047 Basilius
3305 2005 3524 2046 suorum
3560 2005 3785 2045 numero
3822 2008 3925 2045 nu-

2356 2093 2452 2149 per
2486 2078 2795 2148 adjunctum
2844 2085 2987 2135 dicat
3048 2082 3384 2152 Bosporium,
3439 2084 3654 2153 quicum
3688 2082 3923 2150 conjun-

2354 2171 2629 2225 ctissimus
2657 2172 2833 2226 fuerat
2855 2173 3005 2227 initio
3035 2174 3375 2243 episcopatus
3396 2215 3411 2240 ,
3447 2186 3504 2230 ut
3532 2176 3760 2246 perSpici
3818 2192 3922 2246 po-

2365 2271 2464 2315 test
2490 2276 2555 2315 ex
2586 2262 2825 2330 epistolis
2871 2262 2929 2317 51
2964 2272 3018 2317 et
3050 2263 3136 2317 52.
3186 2263 3406 2320 Videtur
3437 2268 3645 2323 illorum
3676 2271 3921 2323 amicitia

2356 2349 2651 2411 refrixisse,
2698 2366 2817 2405 cum
2847 2352 3066 2407 Colonia
3096 2394 3110 2417 ,
3152 2356 3306 2422 cujus
3355 2359 3635 2429 episcopus
3663 2370 3777 2415 erat
3818 2361 3925 2414 Bo.

2355 2442 2588 2510 sporius,
2620 2458 2767 2497 nova:
2814 2444 3091 2514 metropoli
3125 2444 3323 2515 Tyanis
3367 2450 3619 2504 attributa
3654 2467 3776 2505 cum
3806 2454 3927 2522 plu-

2358 2532 2507 2587 ribus
2567 2532 2709 2586 aliis.
2758 2532 2887 2586 Nam
2945 2534 3174 2602 episcopi
3236 2538 3476 2589 secundae
3542 2539 3919 2607 Cappadocia,

2356 2623 2532 2679 aiebat
2576 2622 2805 2679 Basilius
2834 2624 2911 2694 (á½±)
2966 2639 3107 2681 anno
3140 2628 3382 2695 proxime
3415 2627 3613 2697 elapso,
3641 2640 3921 2699 postquam

2357 2716 2575 2768 alterius
2615 2717 2897 2783 provinciis
2936 2732 3119 2771 nomen
3157 2717 3470 2782 habuerunt,
3524 2718 3693 2772 subito
3738 2717 3925 2774 existi-

2364 2815 2574 2859 marunt
2615 2823 2670 2861 se
2692 2821 2756 2861 ea:
2784 2806 2891 2861 alia
2930 2824 2991 2861 ac
3021 2825 3113 2862 nos
3152 2812 3364 2863 natione
3401 2822 3448 2863 et
3476 2820 3623 2881 gente
3644 2827 3775 2875 esse,
3798 2820 3923 2863 tan-

700 2900 831 2955 drire
870 2903 1027 2971 paulo
1061 2913 1179 2972 post
1217 2905 1493 2961 Athanasii
1529 2915 1756 2961 mortem
1788 2907 1875 2961 die
1902 2906 1936 2961 2
1966 2906 2085 2961 Maii
2119 2923 2255 2965 anno

2360 2908 2568 2967 suntque
2590 2914 2682 2951 nos
2706 2900 3037 2967 ignorarunt,
3068 2910 3318 2969 quantum
3350 2902 3437 2970 qui
3461 2901 3665 2954 nullum
3696 2916 3923 2970 prorm

695 2988 800 3045 375
830 2992 883 3045 in
919 2992 1115 3047 caelum
1142 2994 1336 3049 sublati
1360 2996 1556 3051 scimus
1595 2998 1879 3051 exarsisse.

765 3080 976 3153 Scripta
1029 3083 1081 3138 in
1125 3086 1373 3140 eamdem
1432 3088 1751 3143 sententiam
1788 3088 2038 3145 Ecclesia:
2072 3090 2259 3146 Antis-

2360 2988 2649 3057 periculum
2699 2988 2897 3057 fecere,
2951 3005 3041 3042 nec
3072 3006 3299 3057 unquam
3344 2994 3397 3045 in
3426 2994 3735 3064 colloquium
3770 3009 3928 3047 sene-

2365 3089 2506 3134 rant.
2552 3078 2665 3134 Non
2702 3090 2876 3135 tamen
2928 3080 3244 3134 crediderim
3294 3080 3607 3151 Bosporium
3648 3100 3676 3138 a
3733 3084 3923 3141 Basilii

699 3139 1130 3242 chenaz'epistola
1165 3190 1395 3244 sequens
1424 3175 1498 3245 (b)
1518 3216 1533 3242 ,
1584 3191 1702 3245 qua:
1734 3177 1857 3230 huic
1898 3180 2118 3246 tempori
2148 3196 2254 3235 ma.
2284 3139 2329 3203 C
2359 3171 2738 3226 communione
2764 3186 3001 3239 unquam
3046 3172 3361 3227 recessisse.
3418 3173 3570 3238 Quod
3618 3177 3836 3243 quidem
3867 3187 3929 3232 ut

700 3262 845 3316 xime
888 3266 1099 3317 videtur
1127 3266 1414 3319 convenire
1440 3276 1551 3319 tum
1582 3274 1804 3335 prepter
1854 3265 2033 3321 Basilii
2062 3283 2255 3336 corpus

700 3350 857 3421 longa
894 3352 1211 3421 agritudine
1264 3353 1624 3420 debilitatum,
1669 3364 1781 3411 tum
1831 3364 2049 3427 propter
2070 3372 2254 3429 perse-

696 3442 988 3509 cutionem,
1021 3458 1140 3513 quae
1186 3452 1313 3499 tunc
1359 3446 1576 3500 videtur
1630 3445 1796 3503 fuisse
1824 3448 2107 3503 admodum
2139 3451 2254 3507 vio-
2284 3519 2288 3524 ,

696 3532 861 3587 lenta.
899 3535 1049 3599 Quod
1077 3535 1295 3603 quidem
1346 3536 1685 3590 tribuendum
1737 3539 2035 3607 praesentia:
2090 3542 2257 3611 impe-

698 3622 915 3687 ratoris,
948 3622 1036 3693 qui
1067 3637 1134 3679 eo
1170 3623 1316 3679 venit
1342 3638 1483 3680 anno
1509 3624 1637 3679 572.
1679 3625 1855 3693 Quare
1881 3628 2019 3683 hanc
2062 3630 2260 3698 episto-

697 3714 804 3770 lam
832 3715 1102 3772 immerito
1128 3716 1366 3772 nonnulli
1395 3718 1695 3788 reiecerunt
1727 3718 1793 3774 ad
1827 3721 2115 3788 primordia
2144 3722 2258 3791 epi~

699 3818 953 3877 scopatus
996 3806 1205 3863 Basilii.
1244 3808 1427 3879 Neque
1482 3812 1626 3865 enim
1656 3809 1938 3865 formulam
1962 3810 2255 3878 Nicanam,

699 3912 862 3967 quam
898 3898 967 3952 ab
1008 3897 1161 3951 initio
1188 3909 1455 3967 receptam
1503 3900 1554 3953 in
1591 3898 1831 3953 Ecclesia
1882 3915 1976 3955 sua
2008 3902 2158 3969 dicit,
2193 3917 2258 3959 ea

699 3997 877 4043 mente
900 3990 1117 4059 apponit
1144 3988 1392 4054 Basilius,
1420 3999 1478 4043 ut
1504 3990 1659 4044 (idem
1691 4006 1841 4044 suam
1876 4007 2028 4047 more
2054 3996 2260 4063 episco-

698 4094 885 4149 porum
941 4093 1128 4135 recens
1179 4082 1547 4137 ordinatorum
1595 4082 1867 4149 declaret,
1922 4086 2015 4139 sed
2049 4096 2107 4138 ut
2157 4088 2254 4143 hoc

698 4173 947 4243 priesidio
972 4175 1335 4230 Antiochenos
1364 4176 1963 4231 communiatadversus
1990 4177 2259 4245 haeresim,

708 4280 829 4336 quae
852 4265 1205 4321 audacissime
1233 4268 1287 4322 in
1325 4267 1410 4322 illa
1440 4268 1570 4323 urbe
1601 4278 1857 4325 verticem
1887 4270 2127 4327 tollebat.

776 4357 835 4411 V.
867 4356 1037 4413 Morbi
1084 4358 1342 4428 reliquias
1400 4359 1572 4413 adhuc
1613 4359 1822 4415 ferebat
1859 4360 2103 4427 Basilius,
2138 4375 2260 4417 cum

2362 3262 2730 3333 intelligatur,
2793 3262 2987 3332 duplex
3028 3262 3469 3333 distinguendum
3526 3268 3926 3321 communionis

2356 3367 2541 3423 genus.
2569 3354 2728 3409 Aliud
2758 3352 2903 3408 enim
2934 3353 3127 3409 litteris
3160 3356 3419 3410 canonice
3464 3354 3782 3423 scribendis,
3832 3370 3928 3411 aut

2356 3442 2604 3511 precibus
2626 3453 2682 3498 et
2715 3444 2987 3514 mysteriis
3048 3444 3206 3498 simul
3255 3442 3595 3499 celebrandis
3626 3444 3926 3515 perageba-

2361 3544 2467 3599 tur;
2492 3535 2635 3588 aliud
2660 3535 2884 3591 interius
2912 3545 3030 3590 erat
3057 3536 3447 3605 quodammodo
3483 3548 3535 3590 et
3557 3536 3826 3600 strictius,
3863 3551 3929 3590 ac

2359 3627 2412 3679 in
2440 3628 2786 3681 consiliorum
2811 3630 2876 3681 ad
2927 3627 3181 3683 Ecclesiae
3217 3628 3639 3697 pacificationem
3694 3630 3926 3698 conjun-

2360 3717 2539 3769 ctione
2566 3719 2797 3784 positum
2831 3727 2966 3771 erat.
3019 3718 3254 3771 Primum
3304 3734 3469 3787 genus
3500 3720 3743 3788 designat
3768 3719 3927 3776 Basi-

2358 3807 2461 3863 lius
2489 3808 2579 3878 (e),
2613 3824 2732 3863 cum
2762 3809 2837 3862 ait
2869 3808 3133 3876 rogandos
3150 3823 3268 3862 esse
3297 3809 3686 3877 Occidentales,
3720 3822 3775 3863 ut
3802 3828 3926 3865 cum

2352 3900 2559 3969 judicio
2595 3900 2985 3954 communiones
3012 3909 3287 3968 peragant,
3329 3908 3377 3952 et
3407 3916 3495 3953 eos
3528 3915 3644 3969 qua:
3676 3914 3793 3952 cum
3829 3917 3926 3953 ac-

2361 3991 2657 4045 cedentibus
2702 3990 2770 4042 ad
2822 3991 2983 4059 ipsos,
3036 4000 3083 4044 et
3138 4006 3225 4043 eas
3257 4007 3375 4061 qua:
3403 3994 3593 4057 scripto
3634 3989 3926 4043 secundum

2364 4079 2617 4135 Ecclesiae
2647 4096 2881 4133 normam
2911 4082 3043 4149 ï¬unt
3082 4098 3101 4137 :
3152 4082 3233 4136 vel
3267 4097 3387 4135 cum
3417 4082 3674 4151 plurimas
3699 4081 3926 4149 provin-

2362 4168 2474 4223 cias
2509 4178 2787 4222 enumerat
2830 4168 2911 4238 (á½·)
2958 4185 3184 4239 quarum
3247 4172 3315 4223 ad
3364 4172 3646 4240 episcopos
3706 4171 3925 4228 litteras

2364 4262 2610 4315 mittebat
2664 4270 2715 4315 et
2745 4264 3064 4332 accipiebat.
3123 4262 3363 4319 Alterum
3400 4264 3923 4320 communicatorum

2363 4368 2532 4421 genus
2570 4354 2827 4411 habemus
2860 4357 2913 4409 in
2945 4354 3185 4423 pluribus
3213 4356 3471 4426 epistolis,
3499 4371 3618 4426 quae
3658 4355 3724 4410 de
3776 4354 3926 4425 lega-

704 4449 915 4504 duabus
949 4450 1314 4520 respondit(c)
1348 4449 1559 4504 Eusebii
1597 4450 1860 4520 epistolis,
1898 4466 2125 4522 quarum
2153 4465 2258 4506 una
2292 4490 2336 4547 Î’
2366 4442 2434 4547 Î¾Îµ
2454 4443 2685 4547 â€˜lfotnam
2743 4445 3022 4501 mittendis
3074 4456 3257 4547 agunt.
3282 4446 3544 4547 llortatur
3570 4446 3811 4547 Basilius
3844 4448 3925 4519 (Ï‚)

708 4536 1065 4606 signiï¬cabat,
1106 4550 1359 4608 quantam
1411 4539 1495 4594 sui
1527 4539 1987 4609 exspectationem
2035 4541 2260 4597 Basilius

701 4628 896 4700 populo
930 4628 1297 4684 Samosatensi
1321 4631 1719 4696 commovisset,
1752 4641 2010 4700 quantum
2054 4632 2254 4690 doloris

705 4720 973 4774 attulisset
1026 4718 1172 4773 illius
1221 4717 1497 4785 absentia;
1544 4721 1709 4773 altera
1770 4735 1941 4787 vero,
1986 4721 2257 4791 antiquior

710 4814 949 4883 quidem,
1001 4822 1058 4864 ut
1086 4826 1149 4866 ex
1181 4813 1445 4880 scriptura
1499 4812 1912 4878 conjiciebatur,
1944 4812 2039 4868 sed
2089 4814 2261 4869 serius

707 4905 942 4969 reddita,
999 4902 1316 4958 hortabatur
1366 4901 1433 4957 ad
1477 4899 1729 4957 Ecclesiae
1760 4902 2144 4968 defensionem,
2205 4914 2260 4960 et

2365 4524 2424 4589 Î’.
2452 4532 2723 4591 Meletium
2773 4543 2831 4588 ut
2865 4538 3241 4593 communibus
3281 4538 3478 4593 litteris
3513 4538 3771 4608 adiungat
3821 4553 3924 4593 no.

2366 4625 2507 4679 mina
2539 4639 2725 4681 eorum
2767 4626 2859 4695 qui
2897 4626 3035 4682 idem
3086 4631 3363 4696 sentiunt,
3397 4630 3559 4683 etiam
3595 4628 3923 4685 absentium.

2366 4717 2481 4787 Ipse
2516 4717 2779 4789 promittit
2810 4718 2862 4773 in
2921 4722 3025 4775 alia
3058 4720 3280 4788 epistola
3310 4720 3384 4790 (Ii)
3414 4722 3657 4773 daturum
3691 4735 3751 4775 se
3790 4735 3926 4790 ope-

2366 4822 2502 4871 ram,
2549 4817 2608 4861 ut
2655 4820 2940 4862 commune
3007 4811 3266 4878 scriptum
3319 4809 3386 4860 ad
3437 4809 3927 4863 communicatores

2365 4897 2682 4967 perferatur.
2720 4896 2885 4952 Nemo
2914 4912 3047 4953 sane
3076 4899 3273 4953 dixerit
3304 4897 3563 4967 ejusmodi
3593 4896 3791 4953 litteris
3815 4912 3928 4953 om-

704 5000 869 5050 etiam
894 5002 1057 5063 atque
1082 5000 1245 5048 etiam
1274 4992 1527 5047 monebat
1560 5006 1624 5045 ne
1653 5007 1737 5046 res
1768 4992 2144 5048 ecclesiastica:
2168 4993 2265 5047 ad-
2362 5004 2458 5044 nes
2485 4990 2869 5057 subscripsisse
2888 5031 2903 5055 ,
2939 4992 3244 5059 quicunque
3273 5004 3394 5044 cum
3448 4989 3644 5043 Basilio
3682 5003 3928 5044 commu-

707 5083 964 5141 versariis
1012 5083 1373 5137 traderentur.
1420 5081 1656 5137 Conatus
1706 5079 1879 5136 fuerat
1919 5080 2145 5135 Basilius
2178 5082 2260 5136 his

704 5178 772 5233 de
802 5175 961 5232 rebus
993 5174 1221 5230 Eusebio
1245 5174 1556 5231 satisfacere
1583 5174 1636 5228 in
1666 5174 2032 5244 superioribus
2063 5172 2261 5243 episto-

706 5270 792 5335 lis,
831 5270 1035 5324 sedeas
1058 5268 1320 5325 Eusebius
1352 5283 1458 5326 non
1488 5277 1789 5339 acceperat,
1834 5281 1955 5323 cum
1994 5266 2106 5323 haec
2127 5266 2262 5323 scri-

779 5512 858 5580 la)
890 5509 984 5579 ep.
1014 5511 1139 5565 iss.

780 5583 854 5652 (b)
882 5580 976 5648 Ep.
1008 5580 1129 5652 MO.

781 5651 852 5719 (Îµ)
888 5652 1055 5719 Epist.
1072 5651 1208 5719 Î»Î¹Î¹.

787 5653 852 5770 [i2
888 5653 1055 5719 Epist.
1086 5653 1208 5741 ill.

787 5724 810 5789 Ï‚
848 5722 865 5788 )
900 5719 993 5787 Ep.
1027 5717 1115 5785 98,
1146 5736 1199 5773 tt.
1225 5720 1281 5775 Î¸.

2363 5080 2639 5135 nicabant.
2685 5080 2820 5135 Tota
2862 5095 2948 5135 res
3008 5079 3401 5151 transigebatur
3450 5081 3593 5134 inter
3641 5094 3737 5135 eos
3789 5094 3925 5149 quos

2365 5186 2469 5226 non
2496 5170 2669 5225 solum
2711 5172 2896 5227 eadem
2932 5174 3261 5237 communio,
3295 5174 3385 5229 sed
3409 5173 3570 5228 etiam
3612 5172 3925 5227 eorumdem

2364 5265 2712 5321 consiliorum
2744 5280 2811 5321 ac
2838 5267 3229 5321 sententiarum
3261 5264 3543 5322 consensio
3563 5261 3924 5323 devinciebat.

2437 5509 2507 5577 (e)
2547 5508 2641 5575 Ep.
2676 5507 2807 5577 7129,
2837 5526 2890 5563 n.
2932 5509 2983 5563 5.

2462 5579 2503 5646 Î¿
2530 5579 2626 5644 Ep.
2666 5576 2791 5646 sos,
2824 5595 2876 5633 Î·.
2920 5579 2975 5633 3.

2465 5644 2516 5712 á¿ƒ)
2549 5647 2645 5713 Ep.
2677 5644 2763 5697 68.

2450 5714 2526 5777 Ut)
2556 5715 2651 5775 Ep.
2688 5714 2807 5766 120.
