4080 6312
1514 373 1671 429 νιτΑ
1717 374 1773 430 S.
1816 373 2084 430 BASILII.

3266 391 3393 429 CXIII

158 495 228 549 De
260 492 450 549 eodem
485 490 1003 547 communicatormn
1043 509 1235 564 genere
1284 496 1601 567 loquebatur
1624 498 1725 570 (α),
1759 507 1799 561 Α
1832 500 2072 561 Iicasset,
2100 496 2326 553 Basilius
2358 497 2405 551 ei
2440 496 2714 565 respondit
2749 496 2823 567 (g)
2870 510 2974 549 non
3005 510 3123 560 sua,
3165 497 3257 552 sed
3285 498 3400 566 epi-

155 599 275 638 cum
318 579 521 633 Fausto
554 591 747 647 prmter
769 598 1007 637 canones
1029 587 1275 641 ordinato
1317 587 1641 653 declararet,
1670 603 1726 642 se

157 675 390 729 alienum
416 671 485 725 ab
509 685 572 725 eo
618 687 830 742 semper
868 673 1130 744 futurum,
1175 678 1274 730 nisi
1304 677 1511 735 litteras
1537 678 1728 735 all‘erat

158 764 428 817 Armenia:
457 764 853 834 episcOpornm,
888 779 950 818 ae
983 770 1263 821 unanimes
1298 783 1445 834 suos,
1500 783 1557 826 ut
1587 772 1725 825 idem

157 856 225 910 de
285 855 376 910 illo
422 860 680 919 sentiant,
720 856 1095 913 adducturum.
1154 860 1229 914 Es
1285 861 1367 914 ltis
1412 863 1729 934 intelligitur

157 951 430 1017 quomodo
469 947 783 1016 Bosporius,
808 954 1051 1018 quamvis
1083 966 1185 1004 nun
1212 953 1454 1008 videatur
1487 972 1513 1009 a
1547 957 1725 1012 Basilii

158 1042 543 1093 communione
572 1040 912 1103 discessisse,
947 1056 1065 1095 sese
1108 1053 1282 1095 tamen
1315 1045 1387 1097 illi
1420 1046 1727 1115 adjttnxisse

157 1133 387 1189 dicatur.
430 1133 823 1186 AbSIraxerant
874 1149 995 1187 eum
1042 1134 1109 1189 ab
1164 1136 1348 1191 intima
1382 1153 1498 1191 cum
1531 1138 1727 1195 Basilio

159 1223 547 1293 conjunctione
606 1222 972 1279 dissensiones
1005 1226 1071 1281 ob
1108 1225 1462 1297 Cappadociae
1499 1228 1725 1285 divisio-

161 1332 279 1371 nem
314 1325 555 1380 exorta';
588 1316 679 1369 sed
730 1330 832 1368 non
878 1315 1080 1373 idcirco
1119 1320 1353 1373 desierat
1385 1335 1505 1374 cum
1534 1320 1729 1376 Basilio

166 1406 579 1461 communicare
630 1407 712 1463 vel
756 1425 849 1478 per
884 1426 961 1473 se,
994 1410 1077 1464 vel
1135 1425 1229 1476 per
1264 1412 1727 1482 metropolitanum

160 1514 315 1551 suum
349 1500 692 1566 Antltimum,
727 1503 943 1571 quicum
998 1501 1229 1558 Basilius
1263 1505 1370 1560 cito
1414 1506 1465 1560 in
1500 1507 1728 1577 gratiam

164 1592 339 1647 rediit.

234 1685 322 1739 VI.
358 1687 413 1739 In
439 1687 525 1740 his
567 1702 686 1754 qum
737 1686 840 1739 Itoc
885 1701 1023 1740 anno
1051 1696 1197 1757 gesta
1231 1688 1582 1750 narravimus,
1614 1688 1732 1742 nul-

162 1776 266 1828 lum
296 1791 524 1843 prorsus
550 1784 729 1829 exstat
788 1776 1066 1843 vestigium
1100 1776 1273 1828 missa:
1302 1776 1351 1827 in
1384 1772 1727 1836 Occidentem

1836 604 2121 659 scoparum
2170 589 2367 643 nullam
2402 589 2501 644 sibi
2534 602 2753 656 operam
2808 588 3119 642 navantium
3160 588 3308 657 culpa
3344 588 3397 641 id

1830 681 2095 735 evenisse.
2127 678 2222 735 llis
2248 682 2492 749 profecto
2519 668 2776 750 querelis'
2804 679 2951 734 locus
2982 694 3084 735 non
3113 676 3321 739 fuisset.
3351 680 3396 732 si

1831 768 1997 822 missa
2036 769 2305 821 communi
2341 783 2605 825 consensu
2634 769 2827 838 legatio
2874 785 3023 838 spem
3051 768 3229 823 auxilii
3259 776 3398 822 attu-

1832 859 2001 914 lisset.
2036 857 2159 913 llzee
2199 858 2480 913 continuat
2532 861 2755 931 epistola
2798 860 2922 925 I56,
2948 862 2997 912 iu
3030 877 3132 929 qua
3173 859 3400 916 ltasiiius

1833 951 2118 1019 respondet
2160 950 2425 1019 Evagrio,
2481 956 2747 1009 neminem
2805 968 3027 1023 prorsus
3089 967 3148 1005 se
3201 954 3400 1008 habere

1831 1041 2079 1097 idoneum
2110 1040 2177 1093 ad
2222 1040 2504 1109 legationis
2554 1056 2746 1097 munus
2784 1043 3129 1107 obeundum;
3168 1056 3265 1096 nec
3292 1044 3399 1096 ob-

1830 1148 1988 1189 scure
2012 1133 2237 1195 indicat,
2270 1148 2429 1201 quam
2461 1130 2673 1188 dillicile
2704 1136 2776 1188 sit
2826 1147 2877 1190 et
2908 1134 3283 1192 Occidentales
3336 1136 3401 1188 ad

1831 1226 2092 1288 auxilium
2129 1223 2405 1278 ferendum
2447 1235 2501 1279 et
2540 1226 2819 1294 episcopos
2845 1227 3145 1282 Orientales
3170 1227 3233 1279 ad
3275 1227 3402 1280 sub-

1830 1319 2170 1373 scribendum
2222 1316 2509 1382 adducere,
2565 1332 2685 1371 cum
2735 1319 2849 1371 ait:
2897 1320 3045 1384 Quod
3097 1322 3141 1374 si
3183 1319 3299 1390 quis
3337 1334 3401 1371 ea:

1830 1411 2083 1479 fratribus
2106 1411 2194 1480 qui
2242 1410 2381 1477 apud
2423 1426 2508 1463 vos
2537 1419 2679 1475 sunt,
2726 1409 3084 1465 Ecclesittrum
3132 1428 3293 1465 causa
3324 1410 3403 1462 la-

1834 1500 2003 1553 borem
2043 1503 2307 1567 suscipere
2364 1504 2517 1566 volet,
2564 1503 2606 1555 is
2653 1506 2749 1556 scit
2795 1506 2977 1572 procul
3021 1507 3176 1557 dubio
3234 1515 3283 1558 et
3333 1502 3403 1556 ad

1831 1608 1959 1663 quos
2017 1592 2349 1659 profecturus
2408 1595 2473 1647 sit
2505 1604 2553 1647 et
2593 1596 2661 1647 ad
2690 1613 2840 1664 quem
2878 1599 3058 1665 ﬁnem,
3098 1608 3142 1649 et
3178 1609 3401 1665 quorum

1832 1682 1895 1735 sit
1926 1682 2112 1735 litteris
2150 1686 2575 1738 comtttuttiendus
2617 1696 2663 1739 et
2704 1687 2967 1755 qualibus.
2998 1686 3090 1741 Ilis
3132 1687 3401 1739 rationum

1837 1776 2124 1828 momentis
2170 1772 2274 1829 alia
2332 1775 2454 1827 addi
2491 1788 2748 1843 possent:
2791 1780 2881 1833 sed
2926 1782 3047 1849 quia
3081 1796 3199 1832 cum
3246 1778 3406 1833 rebus

163 1864 467 1933 legationis.
494 1864 780 1919 Asseverat
804 1872 977 1916 tamen
1004 1861 1375 1918 Tillemoutius
1403 1864 1726 1918 Doruthcum
1762 1851 1802 1906 Β
1832 1880 1971 1918 anno
1988 1867 2094 1921 375
2125 1878 2179 1922 et
2206 1867 2312 1921 576
2342 1867 2510 1937 gesds
2551 1870 2832 1937 conjuncta
2869 1885 3014 1939 sunt,
3046 1876 3296 1926 videntur
3349 1870 3400 1923 itt

162 1958 537 2025 presbyterum
571 1957 790 2010 missum
822 1954 986 2009 fuisse
1015 1970 1135 2009 cum
1160 1956 1355 2011 litteris
1379 1954 1485 2011 212
1521 1964 1573 2011 et
1600 1955 1728 2021 215,

162 2047 295 2100 alias
328 2048 431 2103 182
472 2058 525 2101 et
561 2046 647 2098 70.
704 2044 807 2099 Sed
838 2045 921 2099 his
950 2045 1142 2102 litteris
1180 2062 1334 2101 suum
1371 2046 1547 2102 locum
1592 2046 1727 2100 assi-

162 2155 329 2208 gnare
366 2142 706 2192 conabimur.
747 2136 897 2192 Nunc
942 2140 1272 2208 probandum
1304 2140 1571 2192 neminem
1602 2140 1731 2194 mis-

162 2246 279 2283 sum
310 2229 479 2284 fuisse
516 2231 615 2285 hoc
656 2246 797 2283 anno
836 2229 961 2284 575.
992 2228 1146 2282 Patet
1166 2230 1215 2281 id
1240 2228 1301 2281 1ο
1328 2243 1391 2282 ex
1438 2229 1552 2297 ipsa
1594 2230 1732 2283 serie

164 2337 339 2377 rerum
374 2334 649 2394 gestarum
676 2320 1083 2389 (b).Consilium
1120 2319 1362 2374 mittendi
1397 2318 1449 2373 in
1472 2318 1733 2374 Occiden-

164 2423 268 2466 tem
318 2424 501 2469 ortum
547 2422 630 2466 est
668 2413 733 2465 ab
781 2410 1008 2465 Eusebio
1037 2409 1400 2466 Samosatensi
1430 2450 1445 2474 ,
1488 2410 1577 2479 qui
1610 2425 1732 2464 cum

162 2504 386 2557 aliarum
425 2502 789 2556 Ecclesiarum
830 2510 1032 2554 tantam
1076 2515 1261 2555 curam
1299 2512 1529 2569 gereret,
1562 2516 1734 2571 quan-

162 2604 270 2647 tam
301 2608 413 2645 suze
442 2592 1154 2659 proprim,eumtncntarinm
1182 2592 1246 2643 de
1270 2592 1429 2644 rebus
1459 2594 1599 2657 apud
1628 2592 1733 2645 0e-

162 2682 464 2737 cidentales
493 2682 788 2735 tractandis
812 2682 956 2734 misit
996 2682 1060 2733 ad
1101 2679 1353 2733 Basilium
1386 2681 1536 2734 initio
1578 2682 1734 2749 hujus

162 2774 286 2826 anni
317 2788 413 2842 per
445 2770 881 2832 Sanetissimutn,
917 2784 1149 2838 eumque
1183 2770 1388 2833 rogavit
1420 2777 1476 2822 ut
1535 2770 1735 2838 epiSto-

162 2864 264 2917 Iam
296 2870 579 2928 exararet,
620 2862 705 2915 cui
742 2874 929 2914 omnes
963 2859 1449 2915 comtnuuieatores
1492 2858 1733 2913 subseri~

160 2956 365 3010 herent.
392 2954 631 3009 Basilius
667 2955 738 3022 (c)
767 2967 888 3006 eum
919 2953 1094 3007 minus
1132 2950 1413 3019 reperiret,
1443 2950 1571 3020 quid
1600 2952 1735 3005 scri-

160 3047 391 3101 bendum
440 3056 605 3105 esset,
643 3044 855 3099 Mcletio
894 3044 1085 3098 detulit
1140 3044 1439 3098 scribenda:
1496 3042 1735 3113 epistolae

161 3154 373 3201 munus,
407 3154 477 3191 ac
501 3148 667 3189 tutam
707 3149 815 3189 rem
850 3136 993 3189 illius
1033 3136 1257 3189 arbitrio
1284 3136 1574 3188 commisit.
1609 3134 1735 3187 Post

164 3231 441 3285 teterrima
470 3226 739 3281 Eustatltii
773 3228 822 3279 in
851 3224 1104 3279 Basilium
1138 3224 1375 3277 facinora
1429 3224 1528 3295 (d),
1564 3225 1739 3277 adhuc

164 3323 480 3377 morabatur
504 3320 644 3385 apud
686 3318 959 3372 Meletium
992 3315 1377 3369 Sanctissimns
1403 3355 1416 3379 ,
1455 3330 1518 3369 ac
1562 3314 1739 3368 cousi-

162 3415 289 3468 Itum
320 3412 607 3467 mittenda:
638 3409 917 3479 legationis
958 3406 1093 3461 nihil
1123 3407 1342 3460 omnino
1380 3414 1735 3473 processerat,

166 3520 262 3561 nec
320 3502 483 3557 valde
541 3500 818 3554 arridebat
871 3497 1086 3552 Basilio.
1140 3495 1298 3549 Venit
1330 3495 1630 3551 Czesareuut
1660 3496 1737 3564 (ε)

166 3611 345 3652 mense
377 3598 627 3663 Augusto
655 3591 913 3662 Evagrius
942 3609 953 3644 :
990 3589 1124 3658 petit
1152 3598 1209 3643 ttt
1234 3588 1389 3659 legati
1412 3591 1734 3645 auctoritate

164 3687 370 3758 praediti
403 3686 713 3742 mittantur.
747 3681 993 3737 Consulit
1036 3680 1323 3734 Eusebium
1358 3679 1589 3735 Basilius
1612 3682 1739 3749 quid

164 3780 305 3833 facto
326 3794 468 3848 opus
489 3779 582 3831 sit.
603 3776 799 3829 Iterum
828 3788 920 3841 per
942 3773 1148 3827 litteras
1168 3771 1375 3841 urgenti
1393 3772 1620 3839 Evagrio
1642 3773 1741 3826 sub

164 3874 373 3928 initium
413 3872 630 3932 ltiemis,
661 3868 944 3936 respondet
963 3866 1193 3919 Basilius
1239 3862 1307 3932 (f)
1342 3863 1441 3918 sibi
1475 3864 1740 3933 integrum

165 3936 267 4018 non
304 3977 432 4017 esse
460 3960 665 4029 legatos
694 3959 925 4013 mittere.
951 3956 1190 4011 Nondum
1220 3970 1347 4024 ergo
1370 3956 1521 4011 initio
1551 3956 1744 4011 ltiemis

162 4056 465 4126 quidquam
494 4062 673 4105 actum
707 4058 845 4114 erat,
878 4050 960 4103 vel
1018 4049 1196 4117 potius
1229 4062 1420 4100 novam
1464 4047 1744 4103 ditﬁcnlta—

165 4163 271 4203 tem
303 4144 599 4199 attulerant
618 4142 744 4196 data
772 4142 839 4196 ab
864 4139 1301 4197 Occidentalibus
1330 4138 1558 4208 Evagrio
1586 4156 1741 4194 man-

164 4241 313 4301 data,
364 4248 661 4301 eorumque
691 4236 757 4289 de
780 4232 962 4287 Basilii
994 4232 1216 4303 scriptis
1246 4234 1421 4287 minus
1445 4247 1595 4303 aequa
1615 4247 1741 4287 sen-

166 4331 367 4383 tentia.

231 4422 291 4477 2°
325 4424 473 4477 Idem
514 4419 746 4492 probant
802 4415 1113 4487 frequentes
1138 4417 1194 4471 S.
1244 4417 1426 4483 Basilii
1462 4426 1517 4469 et
1539 4415 1595 4470 S.
1636 4416 1741 4469 Eu-

1833 1956 1959 2011 illud
1988 1966 2195 2027 tempus
2224 1958 2544 2013 diﬂ‘erenda.

2393 2090 2619 2146 CAPUT
2650 2087 2841 2143 XXIX.

1833 2203 1873 2257 I.
1908 2202 1965 2258 S.
2000 2204 2182 2258 Basilii
2215 2205 2422 2257 morbus
2444 2203 2512 2255 ad
2536 2211 2769 2255 a'statcm
2805 2200 3125 2267 referendus.
3158 2202 3218 2258 Il.
3254 2205 3404 2259 Diem

1908 2274 2091 2339 festum
2126 2273 2181 2327 S.
2216 2273 2501 2344 Eupsycltii
2546 2272 2800 2334 celebrat,
2844 2282 2891 2344 et
2946 2272 3103 2344 paulo
3143 2283 3257 2341 post
3301 2286 3404 2329 tres

1905 2344 2102 2413 litteras
2143 2346 2322 2396 scribit
2366 2342 2429 2396 Vin
2470 2345 2696 2413 gratimu
2744 2342 3274 2413 ptorltotrop/tiorum.
3316 2346 3403 2401 Ill.

1905 2410 2205 2484 Ettsebiuttt_
2229 2414 2412 2484 inritat
2459 2410 3241 2484 Ctrsareant,‘rjttsque‘fratris
3290 2416 3404 2484 ﬁlio

1903 2484 2102 2535 scribit.
2144 2480 2227 2535 IV.
2258 2480 2516 2535 Inuisitur
2547 2500 2577 2533 a
2608 2482 2667 2535 S.
2704 2480 2969 2543 Epltrtcnt.
3010 2482 3068 2534 ν.
3108 2480 3405 2538 Maximum

1905 2552 2071 2606 tribus
2119 2552 2308 2604 litteris
2365 2554 2709 2604 commendat.
2749 2549 2829 2603 VI.
2886 2550 2962 2602 De
3004 2554 3232 2616 epistolis
3272 2555 3402 2609 15οο

1908 2624 2037 2678 155.
2070 2622 2175 2678 VII.
2210 2620 2496 2691 Respondet
2524 2620 2753 2673 Busitius
2790 2619 3033 2672 Asc/tolio
3076 2620 3408 2677 Thessaloni-

1907 2696 2065 2758 censi,
2094 2703 2141 2744 et
2176 2694 2379 2746 Sorano
2402 2694 2546 2763 duci,
2574 2707 2609 2763 a_
2628 2705 2728 2763 quo
2756 2692 2880 2763 petit
2922 2692 3166 2763 reliqutas
3205 2705 3403 2763 mltt‘ly-

1909 2780 2043 2817 rum.
2082 2763 2207 2815 VIII.
2249 2762 2381 2815 Item
2412 2761 2665 2831 Evagrio.
2705 2759 2860 2813 Illius
2892 2762 3125 2831 animant
3161 2759 3405 2827 qtta'ruitt

1908 2832 2114 2884 Ariani.
2147 2832 2335 2885 Scribit
2373 2832 2433 2886 S.
2469 2829 2694 2884 Eusebio
2724 2838 2773 2882 et
2800 2830 3076 2882 Antiocho.
3111 2829 3181 2885 IX
3221 2831 3412 2885 Liben-

1907 2912 1985 2954 ter
2028 2904 2090 2955 de
2118 2905 2353 2969 dogmate
2405 2904 2673 2969 respondet
2707 2899 3013 2963 Eupaterio.
3062 2899 3303 2967 Epistula
3340 2905 3407 2955 at!

1908 2970 2193 3025 Diodorum
2217 2974 2280 3023 de
2308 2973 2501 3039 nuptiis
2530 2988 2645 3022 cum
2678 2985 2855 3023 sorore
2884 2971 3063 3022 uxoris
3090 2985 3333 3025 mortua.

1907 3064 1947 3118 I.
1984 3063 2241 3130 Quamvis
2296 3061 2455 3131 longa
2489 3060 2760 3114 exstiterit
2800 3061 3063 3129 aegritudo
3092 3060 3295 3129 Basilii,
3348 3078 3412 3119 ac

1841 3156 2080 3224 reliquiae
2098 3155 2184 3208 diu
2216 3154 2529 3220 insederint,
2556 3160 2611 3207 et
2640 3166 2780 3221 saepe
2807 3152 3127 3220 augentibus
3174 3154 3413 3209 molestis

1842 3247 2094 3303 Ecclesiae
2121 3247 2452 3317 temporibus
2473 3242 2783 3315 morbus(h)
2808 3245 3169 3309 recruduerit,
3200 3246 3414 3301 videtur

1844 3349 2020 3394 tamen
2047 3339 2179 3395 satis
2201 3339 2396 3393 virium
2428 3336 2703 3402 habuisse,
2733 3344 2789 3387 ut
2818 3334 2956 3389 diem
2993 3336 3183 3390 festum
3208 3338 3267 3392 S.
3308 3338 3415 3392 Eu-

1841 3432 2046 3501 psycltii
2090 3432 2287 3496 obiret,
2324 3430 2504 3501 cujus
2559 3432 2818 3486 memoria
2880 3431 2965 3485 die
3000 3429 3030 3479 7
3078 3428 3415 3498 Septembris

1840 3522 2199 3577 recolebatur.
2233 3521 2634 3585 Tillemontius,
2659 3522 2749 3591 qui
2777 3522 2827 3575 in
2850 3521 2991 3575 hunc
3012 3534 3211 3572 annum
3246 3517 3413 3571 multa

1842 3612 2087 3676 contulit,
2139 3626 2258 3681 qua:
2298 3610 2403 3663 alio
2438 3612 2665 3680 rejicere
2694 3613 2865 3666 coacti
2922 3625 3128 3673 smnus,
3162 3610 3417 3677 deceptus

1843 3700 2110 3755 nonnullis
2139 3699 2317 3754 verbis
2340 3700 2579 3769 epistola:
2619 3701 2686 3752 27
2718 3700 2972 3753 Basilium
3002 3710 3260 3752 autumno
3296 3698 3417 3753 exi-

1843 3792 2029 3847 stimat
2080 3793 2133 3846 in
2163 3792 2409 3846 morbum
2464 3792 2739 3849 incidisse.
2783 3791 2913 3857 Sed,
2950 3806 3072 3845 cum
3124 3790 3413 3844 Eusebium

1842 3893 2030 3940 azstate
2052 3884 2287 3939 invisere
2310 3884 2587 3939 statuisset
2614 3884 2698 3955 (i),
2736 3898 2835 3938 nec
2862 3884 2979 3950 ejus
3004 3883 3233 3937 consilio
3272 3882 3415 3936 aliud

1846 3977 2141 4047 quidquam
2189 3986 2386 4044 prmter
2435 3978 2682 4029 morbum
2733 3974 3036 4039 obstiterit;
3076 3972 3294 4027 morbus
3345 3974 3413 4025 ad

1844 4078 2090 4123 aestatem
2132 4067 2442 4122 necessario
2491 4068 2647 4120 debet
2693 4064 2903 4119 referri.
2964 4064 3229 4119 Praeterea
3270 4063 3415 4133 jam-

1844 4164 2042 4216 dudum
2086 4160 2382 4229 acgrotabat
2411 4156 2657 4222 Basilius,
2684 4172 2804 4211 cum
2835 4158 2899 4210 ad
2926 4171 3049 4210 eum
3092 4155 3240 4207 venit
3292 4153 3420 4208 Ilie-

1846 4265 2104 4319 ronymns
2167 4248 2404 4319 (venisse
2429 4247 2571 4300 enim
2612 4247 2759 4300 illum
2794 4263 2913 4299 eum
2962 4244 3190 4313 Evagrio
3216 4243 3416 4310 proba-

1847 4341 2171 4395 biltssimum
2218 4337 2424 4406 judicat
2474 4334 3014 4404 'I‘illemmtttius),qui
3069 4344 3247 4387 tamen
3278 4348 3337 4388 se
3385 4349 3417 4389 e

1849 4432 2187 4502 Cappadocia
2221 4445 2496 4500 egressum
2533 4430 2885 4500 gravissimos
2939 4428 2991 4481 in
3041 4427 3225 4483 Cilicia
3256 4437 3419 4481 aestus

161 4515 299 4571 sebii
334 4515 565 4584 gemitus
592 4523 643 4566 et
671 4511 926 4582 querelae,
958 4510 1101 4580 quod
1132 4524 1249 4577 qum
1276 4513 1343 4564 de
1394 4524 1527 4577 pace
1561 4508 1734 4562 Eccle-

1852 4522 2187 4591 persensisse
2225 4532 2470 4577 testatur.
2505 4520 2742 4587 Denique
2765 4518 2816 4572 in
2848 4518 3070 4587 epistola
3096 4516 3219 4581 M5,
3252 4532 3417 4585 quam

163 4611 379 4663 siarum
417 4606 752 4660 concilianda
778 4603 1229 4665 deliberaveraut,
1270 4616 1332 4655 ea
1363 4601 1559 4656 inlecta
1588 4617 1744 4670 pror-

162 4717 255 4757 sus
285 4710 351 4755 et
374 4700 526 4753 irrita
555 4700 818 4754 viderent.
857 4695 971 4751 Non
1002 4697 1144 4750 enim
1179 4695 1286 4749 alio
1317 4706 1526 4764 spectat
1558 4696 1742 4751 Basilii

162 4794 327 4848 dolor
367 4792 418 4845 in
453 4790 674 4860 epistola
708 4788 832 4855 I36,
860 4790 1003 4859 quod
1036 4803 1120 4842 res
1151 4787 1531 4842 ecclesiastica:
1554 4789 1743 4842 adver-

162 4886 334 4940 sariis
382 4883 686 4945 tradantur,
716 4884 847 4935 dum
892 4880 1005 4934 suis
1032 4880 1261 4950 quisque
1292 4879 1454 4935 rebus
1503 4880 1742 4949 episcopi

165 4978 517 5033 consulentes
545 4974 692 5044 parvi
737 4973 975 5041 pendunt
1002 4988 1121 5051 qua:
1172 4973 1237 5025 ad
1270 4973 1573 5041 proximunt
1608 4972 1737 5026 atti-

162 5081 322 5125 nent.
350 5068 577 5123 Eosdem
605 5066 835 5137 gemitus
859 5065 1187 5135 redintegrat
1228 5062 1279 5115 itt
1308 5063 1466 5131 epist.
1496 5062 1615 5128 158,
1649 5062 1737 5116 ubi

162 5176 485 5236 germanam
513 5176 574 5215 ac
597 5161 865 5214 sinceram
910 5158 1221 5214 cbaritatetn
1265 5156 1316 5207 itt
1351 5156 1619 5225 episcopis
1647 5170 1734 5208 se-

163 5270 290 5310 cum
342 5252 719 5307 communione
746 5249 1047 5317 conjunctis
1091 5246 1379 5301 desiderat.
1416 5245 1538 5301 Ηειξε
1570 5246 1737 5300 Euse-

162 5346 253 5401 bio
285 5357 399 5397 non
426 5342 600 5397 minus
631 5340 923 5396 doluerunt
960 5354 975 5393 :
1018 5339 1159 5411 quod
1180 5353 1301 5393 cum
1328 5337 1526 5394 Basilio
1562 5339 1731 5407 signi-

238 5529 324 5599 (α)
359 5527 453 5595 Ερ·
488 5525 605 5599 ηε.

231 5597 309 5669 (6
353 5599 445 5668 Ep.
482 5597 604 5651 120.

237 5613 317 5733 (ei
357 5671 445 5733 Ep.
482 5667 604 5723 129.

237 5667 314 5733 (c)
482 5667 604 5723 129.

234 5741 323 5811 (d)
347 5740 486 5811 Ibid.
504 5807 566 5811 ΑΛ

234 5800 427 5883 (δίεν.
467 5807 593 5872 158,
638 5820 700 5860 n.
746 5800 804 5854 2.

1852 4624 1976 4685 post
2004 4614 2246 4668 morbum
2280 4615 2534 4683 scriptam
2591 4626 2710 4665 esse
2738 4610 3109 4679 probabimus,
3140 4616 3293 4678 rogat
3315 4608 3421 4662 Eu-

1852 4706 2057 4759 sebium
2086 4703 2334 4773 Basilius,
2372 4716 2429 4757 ut
2464 4703 2759 4757 Ecclesium
2786 4701 3172 4756 Cmsariensem
3202 4702 3415 4753 invisat.

1852 4796 1999 4850 Satis
2034 4811 2163 4865 ergo
2184 4806 2471 4865 supererat
2499 4795 2757 4860 temporis
2791 4802 2847 4845 ut
2876 4792 3090 4861 Iungunt
3134 4792 3233 4846 iter
3256 4791 3420 4845 Euse-

1851 4889 1973 4942 bius
1995 4899 2120 4943 ante
2150 4888 2342 4941 hiemis
2368 4886 2707 4941 incommoda
2738 4887 3003 4939 coniicere
3039 4895 3243 4952 posset.

1914 4978 1976 5033 ll.
2015 4980 2092 5034 Eo
2116 4978 2447 5048 probabilius
2485 4988 2570 5032 est
2604 4993 2707 5031 non
2737 4976 2981 5031 defuisse
3022 4976 3281 5028 Basilium
3313 4974 3417 5028 dici

1844 5070 1983 5125 I'esto
2014 5071 2072 5125 S.
2130 5070 2442 5140 Eupsyeltii,
2502 5070 2644 5139 quod
2696 5084 2819 5122 cum
2866 5081 3014 5120 anno
3040 5066 3145 5120 375
3172 5081 3238 5119 ex
3268 5065 3418 5135 gravi

1847 5165 2037 5218 morbo
2060 5164 2263 5233 pariter
2290 5162 2711 5227 coovaleseeret,
2740 5174 3078 5229 nequaquam
3121 5160 3418 5228 praetenui-

1842 5254 1913 5307 sit
1935 5254 2273 5307 occasionem
2292 5254 2508 5308 honoris
2533 5256 2737 5309 sanctis
2754 5252 3085 5322 martyribus
3107 5249 3416 5311 exhibendi,

1790 5414 1807 5434 '
1841 5346 1937 5398 sed
1971 5359 2132 5398 curru
2170 5354 2290 5413 post
2323 5344 2528 5399 Pascha
2564 5352 2750 5400 vectus
2787 5352 2869 5399 est
2899 5344 2951 5397 in
2984 5342 3177 5407 locum,
3205 5340 3297 5396 ubi
3320 5348 3421 5392 ex-

1922 5522 1992 5589 (Ῑ)
2030 5523 2124 5592 Ep.
2162 5522 2284 5575 156.

1924 5597 1999 5662 (9)
2034 5596 2128 5661 κν.
2167 5594 2285 5646 141.

1926 5663 2129 5732 (ltjEp.
2159 5662 2282 5717 IH.

1923 5731 1983 5804 ti)
2010 5731 2109 5803 Ep.
2142 5732 2263 5788 1⁸57.
