4074 6312
690 369 815 412 (ἴξιν

2059 351 2589 409 PROLECOMENA.

694 484 774 529 tra
807 475 990 530 urbem
1027 473 1361 529 colebantur.
1419 471 1765 527 Commodior
1802 472 1901 528 fuit
1950 471 2007 527 S.
2046 470 2252 544 Enpsy-
2281 477 2328 534 Α
2355 486 2454 541 pus
2491 487 2596 525 non
2625 469 2833 525 diﬂ'erat
2858 486 2871 524 :
2896 468 3106 523 etiamsi
3133 468 3275 523 enim
3311 469 3453 524 illam
3481 469 3770 541 aliquando
3800 484 3929 537 pes-

690 566 795 621 chii
829 566 1162 631 solemuitas,
1195 582 1312 634 quae
1344 565 1397 617 in
1436 565 1551 633 ipsa
1598 567 1731 619 urbe
1762 563 2079 621 Ctesariensi
2106 567 2252 620 cele-

693 654 970 709 brabatur.

763 747 1087 803 Convocavit
1117 746 1180 799 ad
1214 744 1354 798 hunc
1383 744 1521 799 diem
1554 744 1749 799 festum
1785 762 1972 801 omnes
2001 748 2252 819 ehorepi-

691 854 887 907 scopos
910 857 1056 901 suos,
1092 847 1146 891 ut
1182 852 1274 890 eos
1304 838 1729 891 numerariorum
1753 841 1928 905 alteri,
1948 855 2103 907 quem
2132 857 2256 895 ven-

693 942 872 985 turum
927 931 1195 997 sperabat,
1230 944 1411 982 coram
1465 932 1889 986 commendaret.
1919 930 2022 983 Sed
2064 941 2255 986 neuter

693 1018 864 1072 adfuit
889 1017 1244 1070 munerarius.
1301 1015 1586 1070 Tractator
1618 1023 1907 1087 prmsidnm
1946 1020 2253 1088 diligentior

692 1101 817 1166 fuit,
849 1118 911 1155 ac
941 1102 1137 1156 Basilio
1181 1105 1414 1172 roganti,
1451 1114 1505 1156 ut
1546 1121 1838 1176 pauperum
1874 1111 2083 1174 domos,
2133 1126 2252 1179 qua:

692 1195 745 1247 in
779 1195 928 1261 pagis
961 1194 1079 1247 sita:
1107 1205 1281 1258 erant,
1321 1197 1542 1251 tributis
1577 1202 1859 1261 eximeret,
1902 1204 2107 1270 prolixe
2136 1219 2252 1257 om-

692 1282 778 1336 nia
811 1284 1077 1349 promisit.
1106 1284 1269 1340 Paulo
1305 1297 1426 1355 post
1460 1289 1601 1342 hunc
1634 1291 1771 1343 diem
1815 1291 2009 1346 festum
2037 1295 2251 1363 scripta:

692 1386 799 1428 tres
825 1376 1085 1443 epistolae,
1124 1394 1315 1447 nempe
1357 1382 1421 1434 ad
1449 1391 1735 1449 utrumque
1770 1386 2155 1449 numerarium,
2199 1398 2253 1441 et

689 1465 757 1519 ad
803 1477 1144 1521 tractatorem
1177 1472 1484 1537 prmsidum,
1543 1472 1609 1523 ad
1644 1486 1782 1539 quos
1812 1490 1973 1527 unum
2015 1476 2250 1543 aliquem

688 1575 755 1614 ex
776 1560 1175 1628 chorepi3copis
1211 1562 1392 1616 mittit.
1434 1563 1610 1631 Rogat
1652 1567 2039 1633 munerarium,
2091 1586 2252 1638 quem

689 1660 1121 1716 exspectat-erat,
1150 1660 1205 1702 ut
1230 1652 1614 1721 chorepiseopo
1644 1655 1797 1708 fidem
1835 1655 2051 1723 habeat,
2078 1669 2135 1711 ut
2158 1660 2252 1712 ho-

690 1742 820 1793 mini
847 1742 1167 1810 dignissimo
1190 1744 1272 1797 cui
1304 1753 1579 1811 credatur,
1612 1762 1675 1801 ac
1715 1764 2009 1816 pauperum
2036 1751 2249 1803 domum

2356 566 2423 620 sit
2450 563 2680 617 invisere
2707 603 2723 627 ,
2758 574 2813 617 at
2852 576 2955 615 non
3008 576 3188 615 secum
3221 558 3361 615 illam
3414 561 3736 627 invisurum,
3760 574 3927 631 quem

2356 655 2575 709 morbus
2605 655 2823 722 urgebat
2857 653 2922 706 ab
2945 669 3246 708 aerumnosa
3273 653 3377 707 vita
3408 652 3709 707 discedere.

2427 746 2681 813 Quamvis
2738 746 2967 800 Basilius
3020 748 3257 811 graviter
3308 755 3598 816 aegromsse
3653 746 3927 807 videatur,

2355 854 2475 895 Cum
2510 839 2622 891 haec
2662 840 2941 902 scriberet,
2993 853 3098 891 non
3154 848 3330 892 tamen
3376 836 3588 905 scripsit
3634 838 3687 887 in
3718 838 3930 905 gravis-

2354 927 2491 980 simo
2515 926 2670 995 hujus
2715 930 2917 980 restantis
2949 927 3158 990 morbo,
3204 929 3295 980 sed
3324 943 3446 981 eum
3490 925 3706 978 morbus
3734 941 3926 979 recru-

2355 1020 2616 1082 desceret,
2649 1018 2697 1068 id
2729 1020 2869 1085 quod
2902 1018 3001 1073 sibi
3038 1017 3377 1072 continenter
3422 1019 3663 1072 accidere
3688 1024 3926 1069 testatur

2357 1111 2408 1163 in
2437 1112 2591 1178 epist.
2623 1109 2743 1164 Nl.
2776 1108 2891 1163 Non
2922 1111 3062 1164 enim
3089 1110 3307 1178 exponit
3336 1124 3442 1176 quo
3477 1109 3661 1163 morbo
3692 1107 3926 1171 laberet,

2354 1206 2445 1258 sed
2480 1204 2552 1267 id,
2601 1212 2660 1257 ut
2716 1211 2899 1255 notum
2931 1216 2997 1255 ex
3054 1199 3420 1268 superioribus
3467 1200 3662 1254 litteris
3698 1208 3929 1268 praeter-

2355 1296 2537 1352 mittit.
2576 1290 2713 1349 Hinc.
2765 1293 2926 1347 etiam
2976 1293 3119 1347 nulla
3168 1292 3333 1346 utitur
3384 1292 3771 1356 excusatione,
3827 1306 3930 1345 cur

2357 1387 2640 1441 Eusebium
2695 1400 2798 1439 non
2832 1383 3029 1436 invisat
3063 1402 3075 1436 :
3106 1384 3156 1438 id
3210 1384 3352 1438 enim
3396 1380 3601 1435 fecerat
3650 1384 3702 1435 itt
3754 1385 3929 1437 tribus

2354 1480 2626 1547 epistolis:
2659 1477 2751 1533 sed
2787 1490 2908 1530 cum
2938 1476 3083 1529 nulla
3127 1491 3251 1545 spes
3289 1481 3592 1545 superesset
3624 1477 3783 1528 eundi
3826 1474 3931 1530 Sa-

2357 1580 2581 1632 mosata,
2614 1569 2897 1624 Eusebium
2952 1565 3143 1619 invitat
3195 1567 3516 1620 Caesaream.
3554 1565 3818 1619 Praeterea
3871 1568 3926 1619 in

2354 1660 2581 1728 epistola
2634 1659 2914 1726 157,qu:e
2966 1660 3064 1708 sub
3127 1654 3337 1706 initium
3396 1654 3589 1709 hiemis
3634 1654 3732 1707 hoc
3779 1668 3927 1707 anno

2357 1756 2553 1823 scripta
2591 1762 2695 1816 est,
2735 1751 3001 1821 peramice
3024 1749 3271 1818 queritur
3302 1747 3555 1815 Basilius,
3581 1751 3721 1819 quod
3752 1747 3928 1802 Euse-

687 1832 753 1885 ad
786 1846 950 1901 pagus
1006 1834 1104 1902 ipsi
1157 1837 1475 1890 commissos
1512 1841 1872 1906 pertinentem
1932 1844 2168 1897 invisere
2199 1855 2253 1897 et
2285 1831 2326 1889 Β
2356 1847 2473 1902 bius
2505 1847 2605 1901 sibi
2634 1862 2701 1897 ne
2741 1842 2939 1898 scribat
2962 1844 3209 1913 quidem;
3238 1858 3302 1897 ac
3332 1842 3532 1896 idcirco
3576 1845 3689 1912 ejus
3721 1846 3925 1899 absen—

688 1923 902 1976 tributis
930 1924 1178 1993 digni-tur
1198 1926 1457 1980 eximere.
1509 1929 1709 1985 Scribit
1763 1932 1914 1986 alteri
1944 1936 2253 1990 uumerario

686 2028 746 2067 se
779 2014 1008 2068 libenter
1061 2025 1343 2070 venturum
1377 2021 1442 2071 ad
1488 2034 1609 2074 eum
1664 2022 1853 2089 fuisse,
1902 2024 2003 2077 nisi
2042 2025 2256 2081 iulirma

686 2105 936 2160 valetudo
962 2116 1014 2159 et
1066 2110 1274 2179 negotia
1318 2110 1645 2166 detinerent.
1694 2114 1830 2167 [luic
1862 2116 2069 2183 pariter
2098 2132 2251 2171 com-

688 2198 906 2249 mendat
930 2195 1395 2268 chorepiscopum,
1424 2203 1773 2272 hortaturque
1806 2214 1862 2257 ut
1894 2221 1960 2261 eo
2002 2209 2255 2262 consilia-

692 2290 795 2354 rio,
825 2299 883 2342 ut
919 2292 1131 2345 hoinine
1182 2294 1246 2345 ad
1283 2294 1568 2346 consilium
1626 2295 1859 2350 dandum
1894 2299 2103 2365 idoneo,
2132 2312 2252 2355 uta-

686 2390 795 2435 tur.
826 2381 958 2436 Cum
1004 2392 1181 2435 autent
1238 2385 1577 2440 numerarius
1633 2386 1723 2442 ille
1775 2391 2251 2460 ptocltotrophiunt

686 2476 953 2545 quoddam
977 2478 1219 2531 Amasete
1245 2477 1436 2546 opibus
1455 2480 1568 2533 suis
1591 2491 1949 2548 sustentaret,
1983 2498 2130 2551 spem
2170 2483 2253 2537 af-

688 2567 795 2622 fert
844 2566 1042 2624 Basilio
1102 2578 1246 2623 tanta
1283 2572 1491 2639 pietas,
1554 2588 1676 2625 eum
1722 2588 2014 2643 pauperum
2071 2577 2252 2632 domui

688 2658 1078 2728 chorepiscopo
1135 2664 1436 2716 commissae
1498 2664 1890 2719 inuuunitatem
1946 2681 1975 2722 a
2043 2671 2256 2726 tributis

688 2764 1091 2805 concessurum.
1125 2749 1357 2820 Utrique
1390 2757 1697 2809 numerario
1732 2758 1861 2811 dicit
1896 2758 2007 2829 jam
2037 2762 2137 2815 sibi
2186 2764 2255 2818 ab

684 2855 874 2895 eorum
900 2842 1123 2912 collega,
1164 2858 1356 2913 nempe
1393 2854 1701 2913 tractatore,
1756 2850 2142 2906 humanitatem
2195 2855 2250 2908 in

687 2947 947 3002 pauperes
985 2936 1313 3004 promissam
1351 2934 1541 2991 fuisse.
1566 2938 1621 2991 ltt
1650 2940 1807 2993 tertia
1828 2942 2052 3010 epistola
2079 2944 2253 3014 ipsum

685 3030 1033 3081 tractatorem
1060 3035 1230 3096 rogat,
1276 3036 1333 3079 ut
1368 3027 1631 3097 promissa
1657 3029 1920 3099 perﬁciat.

758 3113 894 3172 Tres
924 3117 1027 3171 illa:
1076 3118 1317 3187 epistolae
1357 3119 1428 3172 ita
1458 3130 1511 3175 et
1559 3130 1799 3192 tempore
1825 3132 1879 3177 et
1907 3126 2066 3181 rebus
2112 3126 2253 3181 inter

686 3221 746 3263 se
773 3220 1097 3279 congruunt,
1128 3222 1186 3263 ut
1224 3228 1441 3279 prorsus
1485 3215 1657 3267 divelli
1693 3231 1794 3269 non
1828 3220 2052 3285 possint.
2084 3219 2254 3290 Hujus

686 3308 865 3353 autem
915 3301 1039 3353 anni
1077 3300 1180 3356 575
1224 3316 1328 3354 non
1377 3303 1477 3356 hoc
1513 3306 1683 3357 solum
1732 3306 1972 3361 referunt
2008 3309 2252 3381 signum,

684 3391 954 3447 residuam
990 3392 1170 3447 Basilii
1193 3408 1254 3446 ex
1281 3394 1429 3465 gravi
1471 3399 1655 3451 morbo
1676 3398 2042 3465 debilitatem;
2074 3403 2165 3456 sed
2193 3404 2256 3458 il-

686 3482 776 3538 lud
824 3484 988 3540 etiam
1029 3486 1271 3551 accedit,
1311 3487 1453 3555 quod
1513 3496 1623 3542 tres
1676 3487 1947 3556 ofﬁciales,
2001 3494 2067 3547 ad
2120 3510 2255 3561 quos

684 3574 903 3645 scriptae
929 3584 1076 3639 sunt,
1102 3576 1219 3627 uovi
1244 3576 1297 3627 in
1323 3575 1595 3642 provincia
1629 3576 1873 3629 videntur
1900 3578 2085 3635 fuisse.
2113 3578 2256 3633 Non-

687 3664 816 3716 dum
850 3664 992 3718 enim
1029 3663 1192 3717 ullum
1218 3678 1283 3717 ex
1321 3665 1724 3736 chorepiseopis
1754 3681 2035 3735 noverant,
2071 3682 2251 3742 atque,

684 3760 748 3807 ut
778 3753 895 3807 ﬁeri
925 3754 1063 3808 solet
1094 3755 1149 3808 in
1180 3755 1417 3809 exordiis
1447 3758 1965 3826 administrationis,
2005 3762 2257 3834 ehorepi-

684 3849 855 3918 scopi,
888 3864 1048 3918 quem
1080 3850 1146 3904 ad
1173 3864 1268 3904 eos
1315 3851 1480 3907 mittit
1535 3853 1799 3925 Basilius,
1829 3858 2055 3913 consilio
2084 3862 2252 3929 pluri-

685 3956 831 3995 mum
874 3942 1050 4012 juvari
1093 3956 1360 4015 poterant.
1406 3946 1560 4002 Unde
1586 3949 1779 4019 colligo
1817 3966 1911 4006 eos
1950 3954 2109 4009 simul
2133 3972 2253 4010 cum

684 4033 967 4103 Antipatro
999 4038 1248 4107 pra-side,
1283 4054 1439 4106 quem
1478 4042 1637 4095 modo
1666 4042 2024 4110 gubernacula
2063 4062 2252 4116 capes-

686 4137 895 4179 sentem
925 4128 1175 4189 vidimus,
1212 4130 1262 4182 in
1303 4128 1696 4199 Cappadociam
1739 4134 1971 4188 venisse.

756 4215 839 4271 ΙΙΙ.
873 4218 946 4288 (a)
990 4219 1219 4273 Rediens
1246 4234 1276 4274 e
1316 4221 1472 4292 Syria
1518 4221 1749 4277 Basilius
1799 4238 1941 4278 anno
1980 4225 2252 4294 praeterito

686 4304 1015 4361 latissimam
1045 4308 1301 4362 Ecclesia:
1347 4325 1457 4365 sua:
1505 4326 1654 4381 spem
1689 4314 1899 4367 videndi
1935 4314 1991 4367 S.
2035 4314 2251 4369 Eusebii

684 4397 1082 4453 Satnosatensis
1130 4400 1407 4456 retulerat.
1446 4402 1496 4457 Is
1526 4404 1668 4458 enim
1719 4415 2004 4459 venturum
2043 4422 2101 4461 se
2127 4422 2251 4477 pro-

686 4489 907 4544 miserat
931 4490 1259 4545 Caesaream.
1296 4491 1410 4546 Non
1444 4504 1619 4547 tamen
1650 4496 1856 4549 videtur
1885 4512 1943 4550 se
1976 4497 2079 4552 hoc
2106 4512 2249 4553 anno
2280 4508 2325 4563 Ι)

684 4593 968 4639 venturum
994 4585 1325 4653 promisisse.
1348 4583 1483 4639 Nam
1517 4589 1777 4641 hactenus
1806 4588 2031 4650 Basilius
2062 4590 2252 4646 Samo-

683 4677 820 4731 satis
864 4686 1212 4745 exspectatus
1256 4676 1450 4745 fuerat,
1503 4694 1607 4733 non
1660 4678 1925 4737 Eusebius
1965 4682 2248 4739 Caesareae.

684 4766 849 4821 Multa
888 4770 1181 4823 obstabant
1218 4772 1502 4838 quominus
1531 4783 1660 4827 tunc
1701 4774 1963 4830 Eusebius
1988 4777 2251 4845 promissa

684 4862 985 4945 perﬁceret,
1015 4862 1284 4917 defessum
1328 4879 1525 4931 corpus
1556 4873 1633 4918 tot
1679 4867 1968 4921 exautlalis
2015 4882 2113 4936 pro
2152 4868 2252 4922 Ec-

683 4955 841 5010 clesia
866 4954 1159 5020 laboribus,
1196 4958 1533 5025 negotiorum
1566 4958 1732 5011 moles
1763 4959 1813 5012 in
1853 4969 1954 5012 tam
1996 4970 2247 5013 accurata

681 5044 933 5100 Ecclesiae
970 5047 1331 5117 gubernanda:
1373 5049 1601 5113 ratione,
1643 5049 1927 5102 imminens
1958 5062 1990 5101 e
2033 5052 2252 5120 propin-

687 5150 789 5206 quo
828 5137 1041 5202 Valens,
1076 5139 1175 5192 sub
1204 5153 1311 5207 quo
1363 5153 1583 5193 necesse
1634 5143 1772 5205 erat,
1802 5140 1943 5194 velut
1974 5156 2102 5197 aves
2153 5142 2252 5197 sub

687 5228 859 5297 aquila
899 5228 1283 5294 formidantes,
1319 5244 1422 5284 non
1456 5229 1611 5299 longe
1639 5246 1669 5285 e
1694 5247 1791 5285 suo
1814 5246 2082 5302 quemque
2114 5242 2254 5287 tecto

685 5319 975 5374 discedere.
1010 5320 1113 5377 Sed
1164 5333 1338 5377 tamen
1385 5322 1617 5378 Basilius
1660 5334 1784 5377 cum
1831 5324 2103 5379 desiderio
2152 5339 2253 5378 suo

686 5414 938 5479 majorem
969 5413 1021 5465 in
1074 5416 1286 5469 modum
1330 5416 1524 5481 elatus,
1557 5425 1667 5469 tum
1719 5415 1879 5470 etiam
1930 5414 2040 5469 Deo
2083 5417 2251 5471 conll-
2290 5402 2307 5419 ’

684 5502 835 5569 deus,
862 5502 1151 5558 Eusebium
1207 5520 1396 5571 rogare
1449 5522 1555 5561 non
1608 5506 1834 5570 dubitat,
1866 5506 2247 5575 utpiumvisi-

681 5595 855 5649 unde
882 5594 1229 5653 Cmsariensis
1262 5598 1515 5654 Ecclesia:
1555 5597 1786 5654 ofﬁcium
1827 5600 1881 5654 in
1921 5601 2064 5655 aliud
2104 5610 2243 5656 tem-

751 5704 825 5774 (η)
867 5704 962 5774 Ep.
992 5706 1115 5761 165.

750 5773 824 5847 (ϐ)
873 5773 974 5831 Vit.
1003 5774 1062 5833 S.
1096 5778 1357 5847 Ephrem,
1382 5789 1509 5835 tom.
1537 5779 1623 5850 Ill,
1655 5795 1775 5852 pag.
1806 5778 1929 5836 605.

2357 1942 2481 1995 tiam
2524 1937 2652 1991 nulli
2684 1936 2774 1989 alii
2808 1951 2985 1990 causa:
3038 1937 3305 2002 attribuit,
3346 1935 3447 1989 nisi
3474 1936 3616 2006 quod
3650 1937 3800 2005 piger
3852 1935 3930 1991 sit

2355 2033 2421 2085 ad
2452 2029 2907 2099 peregrinationes
2929 2029 3211 2083 eharitatis
3243 2044 3403 2084 causa
3435 2029 3823 2098 suscipiendas.
3856 2037 3930 2083 At

2356 2123 2619 2191 ejusmodi
2674 2121 2909 2190 querelis
2956 2123 3103 2175 locus
3150 2135 3253 2173 non
3296 2122 3521 2188 exstitit,
3586 2122 3709 2174 dum
3773 2122 3928 2190 gravi

2356 2216 2445 2270 illo
2475 2216 2660 2269 tuorbo
2689 2224 2974 2283 aegrotaret
3005 2213 3251 2266 Basilius.
3280 2211 3435 2264 Tune
3463 2213 3605 2265 enim
3640 2213 3821 2280 plures
3857 2212 3930 2266 ab

2355 2309 2587 2363 Eusebio
2634 2307 2844 2362 litteras
2882 2306 3108 2375 accepit,
3150 2318 3249 2357 nec
3279 2317 3399 2356 eum
3437 2301 3698 2357 invitabat
3742 2302 3929 2355 Cresa-

2355 2403 2669 2458 ream.lnde
2716 2417 2843 2473 ergo
2880 2410 3013 2455 ortae
3060 2397 3240 2453 Basilii
3280 2396 3514 2465 querelae
3564 2395 3707 2463 quod
3749 2394 3930 2447 nulla:

2355 2494 2425 2547 ab
2457 2508 2522 2547 eo
2564 2494 2769 2547 litteras
2809 2493 3108 2560 acciperet,
3140 2492 3391 2560 quamvis
3435 2504 3560 2543 eum
3616 2488 3927 2543 Caesaream

2357 2585 2634 2640 invitasset
2662 2600 2759 2654 per
2782 2585 3058 2653 epistolam
3092 2581 3214 2643 145,
3251 2596 3369 2649 qua:
3408 2581 3631 2650 proinde
3654 2589 3778 2650 post
3800 2593 3931 2648 gra-

2357 2693 2473 2733 vem
2496 2678 2696 2731 aestatis
2728 2675 2972 2729 morbum
3012 2678 3208 2741 scripta
3230 2684 3330 2727 est.

2429 2769 2561 2822 lluic
2610 2767 2850 2835 epistola:
2900 2765 3057 2818 aliam
3096 2761 3327 2818 Basilius
3361 2763 3600 2832 adjunxit
3629 2764 3693 2815 ad
3734 2763 3931 2815 Antio-

2354 2860 2541 2923 chum,
2567 2860 2656 2928 qui
2692 2874 2795 2913 non
2820 2858 3110 2927 scripserat
3131 2856 3369 2925 quidem,
3401 2856 3492 2909 sed
3522 2870 3678 2908 manu
3704 2869 3799 2907 sua
3836 2868 3930 2908 sa-

2356 2952 2520 3007 lutem
2551 2959 2875 3022 apposuerat
2905 2951 2955 3003 in
2982 2948 3156 3018 patrui
3181 2949 3248 3002 ad
3274 2946 3523 3002 Basilimn
3550 2946 3766 3001 litteris.
3806 2945 3925 3000 Un-

2356 3044 2423 3099 de
2451 3045 2654 3114 gratias
2678 3043 2751 3097 illi
2775 3045 2885 3114 agit
2914 3040 3164 3105 Basilius,
3187 3053 3418 3108 euntque
3446 3037 3691 3091 hortatur
3711 3048 3769 3090 ut
3791 3046 3932 3090 stre-

2358 3154 2463 3192 nue
2514 3135 2789 3191 incumbat
2844 3134 2910 3187 ad
2970 3132 3161 3186 animae
3213 3131 3477 3194 salutem,
3526 3137 3580 3182 et
3634 3126 3929 3182 Eusebium

2357 3235 2661 3293 comitetur,
2687 3229 2728 3281 si
2754 3229 2797 3281 is
2827 3241 2929 3279 non
2961 3232 3211 3293 gravetur
3247 3222 3545 3276 Caesaream
3576 3220 3780 3274 venire.

2428 3321 2515 3375 IV.
2543 3319 2795 3373 Sanctum
2820 3316 3064 3384 Ephraun
3096 3312 3371 3366 existimat
3407 3310 3779 3367 Tillemoutius
3816 3311 3930 3367 cir-

2355 3428 2415 3467 ca
2451 3413 2551 3466 hoc
2591 3419 2798 3477 tempus
2837 3408 3049 3461 venisse
3092 3404 3392 3460 Caesaream
3432 3404 3614 3459 Basilii
3656 3402 3928 3460 invisendi

2354 3517 2534 3559 causa.
2584 3500 2796 3554 lnduxit
2829 3513 2951 3553 eum
3008 3497 3061 3550 in
3108 3498 3247 3553 hanc
3289 3497 3590 3567 opinionem
3622 3510 3725 3549 non
3776 3500 3927 3547 recta

2354 3594 2510 3660 hujus
2539 3592 2639 3648 loci
2698 3590 3070 3659 interpretatio
3101 3605 3165 3643 ex
3208 3590 3362 3656 epist.
3424 3586 3547 3649 157,
3575 3584 3699 3636 οὐδὲ
3745 3584 3777 3653 ἠ
3816 3582 3929 3637 τῶν

2353 3684 2527 3740 ἄλλων
2555 3682 2801 3754 τοιαύτη,
2834 3683 2973 3737 unde
2996 3682 3264 3737 cont-ludit
3291 3677 3574 3732 nonnullos
3593 3677 3668 3731 -S.
3703 3675 3926 3730 Eusebii

2356 3779 2665 3846 discipulos,
2706 3778 2757 3831 in
2799 3778 2882 3830 his
2926 3775 2985 3828 S.
3039 3773 3307 3841 Ephrzem,
3344 3769 3643 3823 Catsaream
3687 3768 3923 3822 venisse.

2356 3868 2693 3932 Verum,etsi
2725 3865 2880 3917 aliam
2914 3863 2964 3915 in
2992 3851 3314 3916 sententiam
3340 3860 3455 3915 haec
3476 3861 3633 3913 verba
3657 3859 3925 3928 accipien-

2354 3962 2419 4015 da
2452 4000 2467 4024 ,
2505 3974 2609 4012 non
2644 3966 2820 4009 tamen
2868 3952 3206 4007 discedemus
3234 3952 3301 4007 ab
3347 3952 3535 4006 ordine
3575 3949 3951 4013 'l‘illemoutii,~

2353 4049 2475 4117 quia
2508 4046 2632 4101 illud
2672 4043 2861 4099 saltem
2891 4043 3183 4098 verisimile
3220 4053 3326 4110 est,
3365 4042 3422 4097 S.
3456 4042 3703 4111 Ephraem
3746 4039 3928 4095 Caesa-

2353 4154 2499 4195 ream
2551 4139 2761 4193 venisse
2801 4144 3085 4205 postquam
3126 4132 3320 4187 Valens
3348 4134 3450 4187 hac
3482 4133 3614 4187 urbe
3645 4130 3921 4185 discessit.

2351 4234 2428 4287 Ita
2455 4232 2597 4286 enim
2632 4238 2881 4285 accurate
2920 4227 2986 4280 de
3036 4225 3220 4280 Basilii
3253 4225 3412 4279 rebus
3455 4224 3507 4277 in
3548 4223 3925 4292 persecutione

2351 4325 2519 4394 gestis
2570 4321 2825 4391 loquitur,
2862 4328 2920 4372 ut
2964 4332 3057 4373 eas
3103 4331 3199 4389 per
3239 4329 3299 4371 se
3335 4314 3450 4384 ipse
3496 4312 3742 4367 videatur
3775 4310 3923 4367 didi.

2351 4419 2511 4474 cisse.

2425 4508 2499 4580 (ὁ)
2527 4506 2723 4562 Narrat
2757 4503 3048 4575 Gregorius
3083 4499 3355 4572 Nyssenus
3389 4496 3448 4552 S.
3488 4495 3735 4567 Ephraem
3774 4510 3803 4548 a
3842 4495 3928 4549 di-

2356 4604 2482 4656 vino
2508 4599 2711 4670 Spiritu
2742 4598 2961 4653 ductum
2994 4609 3113 4649 esse
3135 4593 3460 4653 Caesaream,
3484 4601 3716 4657 cumque
3750 4586 3820 4641 ibi
3847 4586 3926 4638 vi-

2356 4696 2523 4750 disset
2556 4691 2833 4756 Basiliam,
2865 4686 3046 4741 multis
3076 4686 3318 4739 laudibus
3344 4682 3741 4735 venerationem
3769 4691 3922 4733 suam

2357 4785 2585 4852 ccepisse
2614 4782 2824 4837 testari.
2860 4777 3082 4834 Videbat
3119 4775 3261 4830 enim
3294 4774 3484 4829 dextro
3516 4770 3694 4825 Basilii
3733 4768 3925 4821 hume-

2355 4893 2417 4931 ro
2460 4876 2780 4930 insidentem
2828 4868 3151 4929 columbam,
3181 4879 3301 4933 qua:
3355 4862 3519 4919 verba
3548 4859 3926 4915 illi-submini-

2354 4968 2581 5022 strabat.
2634 4964 2831 5018 Eadem
2880 4960 3127 5015 columba
3186 4954 3444 5009 Basiliam
3502 4950 3679 5007 dat-uit
3733 4949 3925 5003 adesse

2351 5057 2600 5129 Ephrmm
2642 5054 2858 5126 Syrum.
2903 5051 3036 5105 Cum
3086 5050 3189 5103 hac
3239 5047 3545 5101 narratione
3576 5043 3752 5096 minus
3791 5056 3924 5094 con-

2352 5128 2495 5217 gruit
2526 5147 2666 5216 quod
2694 5142 2832 5212 apud
2874 5138 3189 5194 Bollandum
3217 5136 3285 5209 (c)
3316 5137 3529 5203 legitur,
3561 5138 3805 5186 sanctum
3858 5128 3925 5181 il-

2352 5238 2460 5291 lum
2483 5237 2764 5290 diaconum
2784 5230 2978 5285 Basilio
3001 5228 3276 5298 cognitum
3304 5236 3459 5279 antea
3478 5223 3665 5276 fuisse.
3684 5220 3817 5275 Tota
3837 5235 3923 5273 res

2351 5345 2379 5383 a
2413 5327 2470 5384 S.
2501 5327 2748 5395 Ephrem
2794 5322 2874 5395 (ά)
2906 5322 2985 5378 sic
3026 5330 3340 5383 enarratur,
3375 5316 3517 5371 nulla
3574 5329 3798 5383 prorsus
3831 5328 3923 5367 co-

2347 5422 2542 5476 lumba:
2591 5417 2730 5473 facta
2774 5417 3069 5471 mentione.
3120 5412 3218 5467 Ubi
3259 5428 3380 5482 ergo
3415 5410 3693 5470 Dominus,
3722 5406 3918 5478 inquit,

2344 5531 2466 5584 erga
2500 5528 2581 5566 me
2609 5509 2970 5564 misericordia
3002 5516 3286 5561 commotus
3325 5504 3451 5572 fuit,
3489 5502 3763 5555 occasione
3805 5510 3918 5553 orte

2343 5601 2594 5653 miserans
2635 5598 2689 5651 in
2719 5596 2946 5664 quadam
2990 5595 3212 5657 civitate,
3246 5587 3367 5646 illic
3420 5591 3600 5646 audivi
3635 5602 3810 5644 uocem
3838 5586 3918 5640 div

2425 5709 2498 5774 (c)
2539 5706 2775 5771 iFebr.,
2802 5723 2856 5760 n.
2897 5704 2945 5758 6.

2423 5767 2502 5848 (ιι)
2542 5767 2778 5832 Monum.
2826 5774 3025 5830 Ecclcs.
3077 5773 3271 5839 Gram,
3305 5782 3433 5828 tom.
3476 5769 3556 5838 lll,
3593 5767 3759 5832 p.58.
