4080 6312
1499 370 1655 425 γιτΑ
1700 371 1753 427 S.
1796 370 2063 427 BASILII.

3276 382 3385 434 σιν

121 504 308 547 centem
351 493 515 553 milii,
548 488 735 559 Surge,
762 488 1026 558 Ephrtvm,
1070 498 1117 542 et
1152 489 1361 541 comede
1407 506 1581 543 sensa.
1625 487 1695 541 Et
1724 493 1770 550 Α
1800 498 1875 540 cet
1930 488 2171 558 elegerint
2226 490 2359 542 mori
2395 506 2490 558 pro
2532 487 2765 555 Clit-isto,
2800 501 3098 561 quantaque
3141 496 3367 563 pericnlc

122 586 434 653 respondens
456 584 568 636 dixi
598 584 653 634 in
691 580 857 633 multa
906 581 1168 633 anxietate
1202 596 1218 632 :
1246 579 1396 633 Unde
1433 596 1546 651 ego,
1586 582 1697 634 Do-

120 676 270 737 mine,
297 676 569 727 comedam
593 673 617 724 .’
640 672 882 739 Dixitque
911 673 979 723 ad
1004 688 1083 723 me
1109 686 1127 722 :
1152 669 1284 723 Ecce
1312 673 1364 723 in
1397 672 1550 724 domo
1583 689 1695 725 mea

124 766 317 833 regium
359 781 451 817 vas
483 764 834 831 suppeditabit
876 763 972 814 tibi
1014 763 1207 815 cibum.
1244 759 1580 814 Vehementer
1600 779 1696 813 au-

117 866 209 907 tem
242 859 539 907 admiratus
580 870 733 919 super
776 854 952 916 dictis,
990 868 1209 921 surgens
1244 853 1453 917 perveni
1480 854 1547 905 ad
1575 864 1695 905 tent-

115 948 254 1013 plum
279 946 558 1006 Altissimi,
586 956 633 997 et
687 960 804 997 cum
858 946 1047 997 sensim
1091 949 1158 996 ad
1203 944 1343 997 aulre
1385 942 1691 997 vestibulum

115 1040 484 1102 ascendissem,
514 1056 576 1092 ac
609 1056 717 1107 pra:
762 1038 1019 1090 desiderio
1052 1056 1145 1106 per
1179 1039 1349 1091 locum
1386 1050 1553 1107 ρον-ια’
1598 1040 1695 1090 ad-

118 1133 394 1183 herentem
418 1134 819 1199 prospexissent,
849 1130 951 1182 ridi
976 1133 1028 1183 in
1057 1131 1252 1183 sanctis
1272 1140 1571 1182 sanctorum
1602 1146 1691 1183 vas

119 1223 382 1276 electionis
405 1239 583 1276 coram
605 1223 722 1275 ovili
752 1221 1002 1290 prteclare
1027 1236 1316 1285 extensum,
1334 1224 1501 1275 verbis
1527 1221 1690 1275 Deum

115 1314 411 1368 decentibus
442 1317 584 1368 varie
606 1324 874 1375 ornatum,
904 1316 1235 1382 omniumque
1260 1313 1435 1366 oculos
1460 1315 1512 1366 in
1540 1314 1688 1365 illum

112 1405 326 1471 deﬁxos.
366 1403 491 1458 Vidi
519 1404 765 1473 templum
798 1422 890 1474 per
915 1423 1030 1459 eum
1065 1407 1252 1469 spiritu
1294 1406 1573 1470 nutritum,
1599 1419 1691 1457 nec

113 1511 208 1547 non
246 1512 370 1565 erga
411 1495 596 1547 viduas
623 1506 669 1547 et
698 1497 959 1562 orplranos
1008 1495 1338 1561 potissimum
1387 1495 1689 1547 misericor-

111 1588 483 1653 diam.Aspexi
512 1586 621 1638 illic
644 1590 782 1656 apud
812 1604 949 1651 eum,
969 1588 1251 1655 lacrymas,
1275 1587 1472 1654 ﬂuenta
1502 1587 1689 1656 ﬂuvios

110 1681 390 1743 imitantia,
422 1689 472 1732 et
514 1680 673 1733 vellus
700 1680 815 1733 vite
846 1680 1044 1732 cunctis
1080 1681 1250 1732 instar
1275 1680 1395 1733 auri
1431 1684 1688 1746 radians;

110 1772 375 1839 ipsumque
425 1782 688 1839 pastorem
735 1774 913 1837 pennis
952 1772 1168 1839 spiritus
1200 1789 1294 1834 pro
1324 1774 1469 1826 nobis
1514 1790 1687 1841 preces

109 1863 414 1927 evehentein,
454 1881 516 1917 ac
561 1866 896 1917 deducentem
946 1865 1117 1918 verba.
1160 1863 1278 1917 Vidi
1326 1867 1389 1918 ab
1426 1867 1537 1934 ipso
1584 1863 1685 1917 Ec-
1716 1845 1757 1899 Β

110 1956 311 2006 clesiam
338 1957 664 2019 decoratum,
688 1965 735 2008 et
762 1971 875 2007 eam
900 1972 1013 2025 qua:
1034 1955 1224 2009 dilecta
1248 1967 1321 2009 est
1355 1966 1682 2010 exornatam.

111 2044 365 2115 Conspexi
407 2064 502 2116 per
536 2065 654 2102 eum
704 2047 863 2101 Pauli
917 2050 1236 2110 doctrinam,
1284 2046 1687 2117 Evangeliorum

108 2139 282 2208 legem,
318 2142 689 2209 mysteriorum
716 2141 971 2193 timorem.
1005 2137 1128 2191 Illic
1160 2138 1385 2192 intuitus
1428 2155 1544 2192 sum
1580 2141 1687 2193 uti-

109 2234 202 2284 lem
230 2234 630 2301 salutaremque
677 2245 981 2291 sermonem,
1017 2230 1085 2281 ad
1115 2230 1286 2297 ipsum
1325 2247 1482 2298 usque
1501 2231 1685 2284 cmlum

109 2326 326 2390 ﬁdeliter
376 2331 759 2390 assurgentem,
787 2338 890 2374 uno
927 2321 1104 2376 verbo.
1138 2330 1299 2375 totum
1326 2322 1473 2375 illum
1495 2331 1685 2375 emtum

108 2415 467 2479 splendoribus
496 2413 685 2479 gratia:
736 2412 1122 2466 collustratum.
1156 2410 1255 2465 His
1283 2428 1438 2479 porro
1485 2414 1684 2466 cunctis

109 2507 343 2575 religiose
383 2506 519 2557 adeo
556 2521 649 2573 per
680 2521 765 2558 vus
800 2506 1179 2575 regnielectum
1225 2504 1528 2575 vigentibus,
1568 2503 1686 2555 lau-

108 2600 247 2650 dibus
278 2595 541 2649 relebravi
591 2598 870 2663 sapientem
912 2600 1205 2666 bonumque
1260 2596 1562 2657 Dominum,
1589 2593 1681 2661 qui

108 2691 175 2743 sic
224 2692 401 2758 ipsum
471 2690 827 2759 gloriﬁcantes
876 2688 1158 2755 gloriﬁcat.
1205 2685 1680 2743 Post.auditvrium

108 2797 238 2844 vero,
265 2798 332 2834 ex
371 2780 581 2849 Spiritu
612 2790 794 2831 sancto
844 2780 1027 2829 notitia
1069 2776 1176 2829 viro
1209 2778 1338 2831 data
1367 2784 1439 2827 est
1475 2776 1537 2827 de
1567 2792 1682 2840 me;

106 2884 149 2925 et
182 2889 454 2927 arcessens
487 2871 733 2923 vilitatem
760 2886 949 2934 meam,
981 2884 1073 2937 per
1097 2869 1426 2937 interpretem
1455 2869 1682 2921 interro-

107 2964 232 3030 gavit
258 2978 342 3013 me
358 2944 546 3011 dicens
565 2974 583 3011 :
616 2958 760 3012 Tune
789 2976 841 3012 es
871 2958 1253 3026 Eplirtens,,qui
1289 2958 1543 3027 praeclare
1570 2974 1683 3010 cer-

106 3056 253 3107 vicem
286 3051 586 3114 inclinasti,
623 3062 669 3104 et
716 3052 975 3105 sustulisti
1000 3052 1187 3121 jugum
1215 3050 1468 3105 salutaris
1495 3048 1680 3102 verbi?

106 3145 169 3199 Et
203 3145 523 3213 respondens
568 3146 678 3197 dixi
706 3160 725 3196 :
760 3144 869 3214 Ego
894 3160 1009 3197 sum
1057 3142 1325 3209 Ephrem,
1376 3142 1464 3212 qui
1487 3140 1677 3193 calein

106 3254 250 3290 cursu
282 3239 541 3303 meipsum
570 3236 853 3303 frustratus
882 3234 980 3300 fui.
1013 3231 1247 3300 Cumque
1285 3249 1364 3287 me
1392 3234 1677 3301 apprehen-

107 3331 252 3382 disset
287 3331 500 3381 divinus
540 3326 627 3376 itte
656 3326 749 3390 vir,
778 3336 1016 3377 sanctum
1045 3323 1281 3376 osculum
1322 3340 1477 3377 suum
1506 3324 1560 3377 in
1599 3339 1679 3377 me

108 3416 453 3485 conﬁrmavit,
500 3429 865 3481 apponensque
893 3429 1145 3478 mensam,
1184 3429 1249 3467 ex
1290 3414 1565 3468 esculentis
1593 3431 1680 3467 sa-

107 3511 282 3575 pientis
306 3518 607 3577 sancta'que
630 3517 674 3560 et
698 3506 869 3576 ﬁdelis
900 3507 1089 3561 anima:
1114 3507 1300 3577 ipsius,
1336 3524 1437 3561 non
1467 3508 1675 3578 quidem

107 3600 530 3668 corruptibilibus
557 3600 817 3653 conditam
845 3600 1081 3669 ferculis,
1114 3601 1204 3654 sed
1239 3601 1557 3665 incorruptis
1595 3615 1676 3653 re-

112 3690 288 3759 fertam
317 3690 614 3745 sententiis.
648 3688 847 3753 Quibus
882 3693 1039 3751 enim,
1082 3691 1301 3754 dicebat,
1332 3690 1477 3743 bonis
1499 3690 1672 3759 operi-

109 3786 195 3838 bus
213 3800 495 3852 possumus
528 3781 800 3835 Dominum
831 3780 1078 3847 praeclare
1104 3781 1251 3834 nobis
1275 3781 1540 3848 placatum
1562 3782 1678 3836 red-

109 3881 237 3943 dere,
259 3894 365 3947 quo
392 3886 550 3943 pacto
594 3860 922 3951 peccatorum
968 3890 1297 3929 coerceamus
1340 3874 1589 3940 insultas,
1629 3886 1675 3929 et

109 3973 360 4039 quomodo
394 3969 680 4038 aﬂ’ectuum
719 3969 1057 4025 occludamus
1101 3973 1365 4042 ingressus
1389 3972 1415 4025 Ρ
1449 3988 1553 4043 qua
1592 3988 1679 4024 ra-

115 4067 311 4119 ratioae
335 4062 676 4132 apostolicam
700 4078 1057 4129 comparemus
1085 4064 1345 4125 virtutem,
1372 4072 1420 4117 et
1450 4079 1676 4133 quonam

107 4171 245 4227 pacto
316 4160 680 4227 incorruptum
739 4171 1009 4209 exoremus
1064 4156 1347 4226 judicent!
1411 4156 1543 4212 Tum
1597 4156 1677 4209 la-

110 4264 368 4306 mentatus
395 4253 639 4313 clamavi,
669 4260 718 4303 et
769 4251 881 4303 dixi
910 4266 927 4303 :
961 4248 1059 4313 Tu,
1105 4260 1277 4316 pater,
1314 4252 1515 4304 custodi
1542 4251 1675 4303 mol-

108 4346 197 4397 lem
233 4362 298 4397 ac
330 4343 606 4403 desidem;
634 4351 687 4395 ta
721 4344 776 4397 in
826 4351 1020 4395 rectam
1069 4343 1304 4395 semitam
1340 4343 1507 4411 dirige
1536 4360 1616 4395 me
1653 4360 1674 4406 ,-

108 4443 159 4484 tu
178 4433 453 4503 lapideum
486 4447 654 4485 meum
684 4450 773 4486 cor
799 4449 1104 4502 compnnge.
1132 4434 1208 4486 Ad
1231 4444 1277 4485 te
1291 4439 1429 4486 enim
1456 4434 1671 4501 projecit

1798 581 2216 647 contempserint,
2249 590 2303 632 ut
2337 581 2507 648 ipsum
2550 583 2958 650 lucrifacerent;
2989 598 3098 637 tum
3121 595 3243 654 quot
3279 602 3369 639 nu-

1797 689 1939 725 mero
1972 674 2167 740 fuerint
2217 673 2346 741 facti
2384 674 2496 738 illi;
2542 675 2849 745 reliquaque
2880 677 2953 729 ad
3002 678 3246 744 pietatem
3284 694 3369 732 eo-

1797 780 1914 816 rum
1971 765 2285 830 pertinentia
2341 767 2528 820 edixit.
2565 764 2759 835 Tangit
2808 768 2986 821 obiter
3038 769 3371 823 Sozomeuue

1796 853 1939 907 hunc
1964 853 2142 907 Basilii
2163 866 2217 909 et
2234 856 2291 909 S.
2308 856 2519 910 diaconi
2548 872 2918 927 coogressum,
2938 860 3095 928 idque
3121 870 3244 913 ante
3262 861 3371 927 epi-

1796 956 2074 1012 seopatum
2116 946 2296 999 Basilii
2352 949 2645 1016 contigisse
2676 950 2885 1001 videtur
2913 950 3255 1003 existimasse
3272 952 3371 1020 (a).

1795 1038 1883 1090 Ait
1906 1038 2061 1103 enim
2100 1037 2321 1102 Basilio,
2350 1040 2441 1107 qui
2492 1048 2678 1107 postea
2715 1038 2977 1093 Czesareae
3001 1038 3373 1108 Cappadocum

1795 1128 2103 1195 metr0polis
2120 1129 2401 1198 episc0pus
2432 1128 2549 1193 fuit,
2565 1130 2903 1183 admiratiooi
2926 1128 3089 1183 fuisse
3109 1130 3373 1183 eruditio-

1795 1234 1915 1273 nem
1952 1218 2007 1273 S.
2043 1219 2311 1289 Ephrtrm.
2336 1222 2555 1275 Videtur
2576 1221 2640 1274 ad
2670 1221 2724 1274 S.
2750 1221 2994 1287 Eplirtem
3021 1220 3207 1275 referri
3232 1222 3373 1289 quod

1794 1311 2021 1366 Basilius
2052 1314 2102 1365 in
2141 1313 2277 1366 libro
2305 1313 2379 1367 De
2417 1313 2625 1381 Spiritu
2673 1325 2854 1366 sancto
2892 1313 2969 1385 (ὁ)
3006 1316 3286 1383 accepisse
3314 1327 3374 1368 se

1794 1412 2020 1458 testatur
2047 1419 2076 1457 a
2111 1407 2343 1474 quodam
2374 1406 2782 1475 Mesopotamia,
2809 1410 2926 1460 viro
2971 1415 3025 1460 et
3063 1407 3257 1476 lingua:
3284 1420 3375 1475 pe-

1793 1496 1897 1550 rito
1924 1506 1979 1550 et
2012 1497 2277 1551 sententia
2316 1499 2650 1565 incorrupto.

1865 1585 1927 1643 V.
1953 1586 2191 1641 Maximo
2217 1586 2567 1656 Cappadocia:
2605 1587 2843 1656 praesidi,
2873 1586 2958 1639 cui
2988 1588 3251 1642 successit
3272 1589 3373 1642 hoc

1792 1696 1937 1735 anno
1969 1670 2277 1749 Antipater,
2330 1696 2437 1733 non
2474 1681 2647 1734 solum
2697 1679 2953 1750 abrogata
2988 1681 3247 1749 dignitas,
3277 1682 3371 1735 sed

1791 1773 1953 1825 etiam
1982 1772 2315 1840 gravissima:
2349 1770 2689 1824 calamitates
2717 1781 3164 1839 supervenerunt.
3194 1774 3371 1824 Accu-

1788 1874 1936 1919 satus
1969 1864 2111 1916 enim
2154 1861 2249 1933 (c),
2300 1870 2359 1915 ut
2408 1863 2703 1916 verisimile
2752 1874 2872 1925 est,
2925 1862 3375 1930 repetundarum,

1786 1955 2036 2009 omnibus
2058 1938 2220 2007 boais
2256 1964 2365 2005 tum
2414 1953 2673 2022 paternis,
2720 1962 2831 2005 tum
2860 1952 3043 2006 labore
3078 1966 3175 2006 suo
3203 1953 3374 2019 partis

1789 2048 2018 2101 nudatus
2052 2056 2156 2113 est,
2192 2060 2255 2099 ac
2297 2044 2597 2100 inmutieris
2626 2042 2855 2098 amictus
2886 2044 3128 2111 corporis
3163 2045 3373 2096 incom-

1789 2141 1979 2203 modis,
2005 2140 2131 2192 dum
2166 2138 2433 2207 susdeque
2466 2148 2610 2191 errat
2642 2155 2656 2203 ;
2709 2139 2815 2189 imo
2843 2152 2909 2190 ne
2946 2137 3119 2205 ipsum
3155 2136 3370 2204 quidem

1787 2230 1920 2285 civis
1945 2241 2139 2285 statum
2182 2230 2249 2283 ab
2285 2228 2500 2298 injuriis
2532 2230 2800 2296 integrum
2842 2228 3083 2281 retinuit.
3123 2225 3225 2281 Tot
3256 2242 3373 2280 ma-

1787 2322 1960 2377 lorum
2000 2324 2153 2392 origo
2206 2322 2398 2376 Vicarii
2443 2321 2756 2385 iracundia,
2795 2320 3027 2373 hominis
3059 2331 3285 2387 nequam
3316 2328 3371 2373 et

1785 2415 2041 2477 crudelis,
2071 2416 2154 2468 cui
2183 2414 2451 2467 Maximus
2486 2414 2538 2465 in
2572 2412 2832 2465 offensam
2881 2422 3125 2465 venerat.
3152 2410 3285 2465 Cum
3317 2412 3368 2464 in

1783 2507 1868 2561 bis
1898 2522 2071 2559 rerum
2105 2507 2370 2576 angustiis
2408 2505 2670 2574 judicium
2721 2505 3054 2572 poposcisset
3088 2503 3157 2558 ab
3193 2505 3367 2572 impe-

1784 2612 1984 2665 ratore,
2015 2602 2359 2655 commendat
2386 2614 2509 2654 eum
2552 2597 2785 2653 Basilius
2813 2597 3055 2666 Aburgio
3088 2608 3143 2650 et
3175 2596 3365 2666 Traja-

1783 2709 1872 2757 no,
1907 2703 1963 2746 ut
1999 2709 2155 2747 suum
2189 2693 2238 2746 ei
2266 2703 2460 2746 contra
2506 2700 2743 2744 structas
2788 2689 3089 2743 calumnias
3133 2690 3369 2758 patroci-

1782 2787 1928 2841 nium
1974 2786 2305 2854 impendant.
2351 2784 2444 2837 Est
2488 2783 2650 2836 etiam
2695 2783 2796 2841 alia
2851 2781 3077 2850 epistola
3121 2796 3240 2849 qua:
3289 2784 3340 2835 in

1781 2880 2034 2935 scribitur
2100 2878 2273 2931 eidem
2348 2874 2605 2944 Trajano,
2662 2875 2754 2928 sed
2792 2888 3096 2943 perperam.
3127 2872 3178 2928 Is
3221 2873 3366 2927 enim

1780 2970 1846 3021 ad
1878 2984 2038 3037 quem
2076 2967 2275 3035 scripta
2303 2974 2408 3027 est,
2446 2947 2658 3017 viderat
2681 2962 2851 3017 oculis
2892 2962 3005 3018 suis
3032 2961 3369 3016 calamitates

1780 3057 1994 3111 Maximi
2022 3075 2037 3122 ;
2071 3060 2187 3121 sed,
2216 3072 2339 3111 cum
2364 3066 2547 3125 postea
2587 3052 2844 3121 maiorem
2870 3054 2923 3107 in
2947 3056 3162 3107 modum
3194 3063 3368 3107 aucta

1780 3159 1995 3212 essent,
2025 3163 2258 3217 cumque
2305 3148 2551 3202 Vicarius
2598 3162 2719 3201 cum
2768 3147 2992 3200 cohorte
3040 3145 3366 3210 advenisset,

1781 3251 1840 3294 ut
1892 3238 2029 3293 mala
2070 3239 2334 3309 expleret,
2370 3246 2525 3307 rogat
2577 3238 2720 3292 hunc
2774 3237 2950 3290 virum
3005 3235 3261 3298 Basilius,
3308 3246 3367 3289 ut

1780 3349 1972 3403 magna
2006 3348 2103 3386 sua
2137 3348 2296 3385 manu
2325 3333 2577 3385 miserum
2624 3329 2899 3383 hominem
2942 3328 3217 3381 defendat.
3242 3327 3366 3381 Hmc

1780 3435 1959 3480 autem
1989 3424 2224 3491 Trajano
2253 3438 2358 3477 non
2388 3422 2743 3486 conveniunt,
2767 3423 2851 3475 cui
2891 3418 3123 3475 Basilius
3144 3417 3365 3475 Maximi

1777 3531 2046 3571 aerumnas
2073 3518 2327 3586 exposuit
2354 3516 2405 3569 in
2438 3515 2719 3584 superiore
2756 3514 3006 3585 epistola,
3035 3528 3156 3569 cum
3188 3514 3363 3584 ipsum

1777 3608 2071 3677 Maximum
2102 3609 2153 3663 id
2186 3608 2363 3663 facere
2397 3608 2641 3675 puderet.

1849 3694 2035 3757 T'rium
2086 3701 2297 3753 illarum
2354 3699 2706 3769 epistolarum
2740 3706 2954 3766 tempus
3003 3696 3058 3751 in
3111 3705 3361 3767 promptu

1777 3805 1879 3858 est,
1900 3810 2021 3849 cum
2058 3808 2229 3847 novus
2259 3807 2459 3860 prteses
2492 3791 2594 3846 hoc
2631 3806 2775 3845 asino
2801 3791 3361 3853 Cmsarcam,alisvute

1778 3883 1995 3951 Basilio,
2026 3883 2249 3941 venerit.
2272 3882 2537 3938 Prazterea
2566 3881 2743 3936 Basilii
2764 3892 2952 3950 stupor
2977 3881 3029 3935 in
3064 3882 3162 3934 hac
3184 3878 3358 3934 Maxi-

1780 3980 1851 4033 mi
1888 3980 2217 4043 calamitate,
2257 3991 2415 4047 quem
2460 3976 2584 4030 talia
2620 3989 2833 4046 passum
2868 3989 2990 4029 esse
3028 3974 3192 4037 dicit,
3218 3988 3357 4040 qua-

1780 4072 1849 4126 lia
1903 4073 2135 4125 nondum
2189 4070 2355 4123 ultum
2411 4070 2706 4131 hominem,
2749 4075 3071 4136 argumento
3118 4077 3202 4120 est
3238 4066 3355 4121 lucc

1778 4164 2069 4233 contigisse
2121 4172 2249 4216 ante
2295 4161 2607 4216 horribilem
2656 4160 2798 4213 illam
2848 4156 3169 4226 tragtediam
3223 4158 3353 4213 anni

1776 4258 1901 4323 574,
1924 4258 1975 4309 in
2001 4269 2105 4323 qua
2127 4254 2343 4323 plurimi
2369 4253 2576 4308 nbbiles
2602 4251 2701 4305 viri
2736 4250 2893 4321 longe
2918 4250 3166 4321 graviora
3189 4266 3354 4320 quam

1777 4347 2042 4401 Maximus
2084 4349 2225 4415 passi
2264 4353 2409 4399 sunt.

1849 4437 1934 4493 Vl.
1976 4438 2161 4492 Serius
2192 4437 2456 4491 collocare
2479 4448 2587 4488 non
2610 4448 2896 4503 possumus
2916 4431 3198 4502 epistolam
3228 4433 3351 4489 150.

108 4542 178 4578 ne
225 4528 514 4590 spirituum
564 4522 723 4589 Deut.
758 4534 815 4578 ut
867 4528 1098 4578 animum
1153 4542 1321 4579 meum
1375 4541 1545 4579 cum.
1594 4525 1671 4581 Tu
1704 4530 2181 4610 DAmpbilochins
2233 4529 2283 4581 in
2343 4526 2461 4580 loco
2512 4525 2869 4597 Cappadociae
2918 4526 3154 4581 Ozizalis
3208 4525 3359 4583 dicto

108 4620 293 4672 enim
330 4634 458 4672 metr
480 4632 655 4670 navem
686 4617 831 4683 seda,
858 4619 925 4669 ad
959 4634 1155 4684 aquam
1193 4617 1454 4687 requietis.
1501 4618 1669 4687 Atque

107 4712 181 4764 hic
204 4712 339 4763 mihi
366 4712 606 4777 prtxclari
637 4712 873 4777 magistri
895 4712 1127 4764 studium
1167 4712 1543 4777 contemplare,
1570 4729 1667 4766 un-

107 4808 162 4858 de
200 4805 447 4857 virtutem
480 4821 644 4857 meum
676 4804 1083 4869 comprehendit,
1120 4802 1344 4871 formam
1385 4804 1669 4869 continuit,

108 4906 157 4947 ut
183 4896 257 4947 ita
297 4893 491 4954 dicam,
527 4894 722 4961 virgam
754 4894 1003 4960 corporis,
1032 4894 1349 4963 evellensque
1381 4894 1671 4947 irrationa-

107 4984 287 5037 biliuns
344 4982 622 5052 affectuum
681 5000 879 5048 mores,
913 4986 1138 5037 detraxit
1191 5000 1456 5053 squamas,
1502 4986 1671 5038 tabem

106 5080 399 5139 oculorum,
429 5086 488 5128 ειν
517 5073 823 5128 subtrahens
855 5075 1170 5129 viriditatem
1214 5075 1673 5128 immaturitatem-

103 5183 193 5237 que
214 5169 495 5231 sermonis,
528 5182 607 5219 me
628 5166 739 5217 zelo
770 5170 920 5234 cepit,
949 5186 1008 5221 ac
1031 5170 1268 5223 demersit
1301 5172 1354 5223 in
1387 5170 1670 5223 documen-

105 5272 275 5314 torum
342 5276 554 5314 suorum
610 5258 962 5315 immersoria.
1011 5258 1155 5313 Tunc
1207 5264 1440 5329 concepit
1495 5271 1671 5315 venter

106 5370 242 5405 meus
280 5355 636 5420 prudentiam,
661 5362 715 5403 ut
750 5362 948 5418 pareret
987 5353 1340 5422 quadraginta
1384 5362 1669 5419 martyrum

106 5446 302 5498 laudes.
321 5442 535 5498 Omnem
556 5446 695 5497 enim
724 5442 1013 5497 tolerantia:
1045 5436 1275 5512 ipsorum
1305 5443 1515 5495 modum
1544 5444 1670 5497 meis

105 5535 343 5604 sdjunxit
376 5536 592 5590 auribus
636 5534 869 5605 egregius
903 5536 1020 5602 vir;
1058 5535 1493 5607 quemadmodum
1519 5534 1668 5588 scili-

170 5745 241 5806 (αἱ
286 5743 393 5797 Lib.
421 5762 566 5811 tit,c.
605 5742 691 5799 16.

169 5812 239 5882 (ι)
272 5812 396 5885 Cap.
432 5810 524 5880 29,
558 5829 687 5886 pag.
726 5810 806 5865 65.

1774 4626 1945 4694 patris
1967 4629 2295 4677 senectutem
2324 4619 2558 4683 fovebat,
2576 4630 2630 4675 et
2651 4620 2901 4691 quamvis
2924 4618 3127 4673 Basilio
3151 4621 3353 4675 cbarus

1776 4716 1828 4769 iu
1860 4714 2045 4782 primis
2077 4722 2218 4766 esset
2240 4713 2353 4782 '(d),
2382 4727 2503 4766 eum
2545 4721 2721 4765 tamen
2769 4708 3029 4779 fugiebat,
3055 4710 3136 4763 vel
3168 4712 3355 4778 potius

1775 4806 2185 4862 ordinationem.
2210 4804 2343 4860 Cum
2368 4814 2546 4857 autem
2577 4801 2867 4872 pepigisset
2892 4817 3011 4855 cum
3044 4800 3351 4863 Heraclida.

1773 4896 1864 4967 qui
1907 4898 2107 4967 pariter
2137 4898 2188 4949 in
2222 4894 2341 4949 foro
2373 4902 2620 4947 versatus
2663 4891 2858 4957 fuerat,
2893 4902 2949 4945 nt
2982 4893 3142 4945 ambo
3176 4892 3227 4944 in
3259 4893 3382 4945 de-‘

1774 4999 1975 5043 sertum
2004 4988 2233 5055 aliquem
2253 4986 2430 5041 locum
2460 4988 2772 5039 secedereut
2799 5001 2814 5048 ;
2848 4983 2991 5036 misit
3014 4982 3349 5037 Heraclidam

1774 5084 2095 5144 Caesaream,
2130 5090 2189 5134 ut
2216 5080 2280 5135 de
2308 5080 2409 5133 hoc
2443 5076 2669 5132 consilio
2713 5077 2777 5130 ad
2809 5074 3063 5129 Basiliam
3096 5074 3345 5129 referret.

1776 5173 2109 5246 Heraclidas,
2143 5173 2230 5227 ubi
2274 5185 2441 5241 prope
2469 5170 2769 5225 Ctesarcam
2797 5166 2963 5231 venit,
2992 5167 3043 5221 in
3073 5167 3182 5234 ipsa
3216 5167 3349 5222 urbe

1772 5263 2309 5327 noluitcoinmorari,
2350 5262 2442 5316 sed
2482 5260 2547 5313 ad
2577 5258 2877 5328 proximum
2926 5270 3217 5327 pauperum
3253 5256 3369 5309 bo»

1772 5357 1971 5425 spitum
2040 5354 2280 5423 confugit
2320 5369 2329 5399 :
2362 5360 2562 5406 etcum
2597 5364 2665 5404 eo
2702 5349 3022 5403 venissetex
3048 5360 3198 5401 more
3240 5345 3343 5400 Ba-

1772 5448 1946 5510 silius,
1983 5447 2165 5501 retulit
2194 5447 2262 5501 ad
2306 5458 2430 5501 eum
2465 5444 2531 5499 de
2575 5441 2643 5496 iis
2674 5456 2791 5512 qua:
2835 5438 3185 5495 mandaverat
3216 5438 3347 5494 Am-

1773 5533 2096 5602 pltilochius.

1844 5738 1917 5878 ὅ)
1958 5738 2053 5806 Ep.
2078 5736 2202 5791 148.

1902 5813 1921 5878 )
1957 5807 2056 5878 Ep.
2086 5807 2202 5872 161.

1902 5805 1921 5878 )
1957 5805 2056 5878 Ep.
2086 5807 2209 5872 161,
2239 5821 2292 5861 n.
2324 5805 2376 5862 1.
