4074 6312
728 376 845 419 CXVI

2080 348 2608 408 PBOLECOMENA.

800 465 1039 533 Retiuuit
1064 477 1206 530 hunc
1227 474 1479 545 juvenem
1525 472 1757 527 Basilius
1790 472 1843 525 in
1876 486 1993 536 suo,
2027 481 2085 524 ttt
2114 470 2305 523 verisi-
2336 476 2377 527 A
2408 478 2516 522 tata
2549 467 2722 521 fuerat
2754 464 2933 519 Basilii
2969 464 3109 519 fauta
3133 505 3148 531 ,
3206 463 3424 518 minime
3470 461 3671 516 moveri
3704 456 3981 532 signiﬁca-

728 569 856 624 ntite
887 576 994 635 est,
1036 566 1384 621 monasterio.
1414 563 1603 620 Postea
1653 563 2057 633 Amphilochius
2091 562 2158 616 ad
2179 576 2302 615 eum

729 658 969 725 scripsit,
1021 667 1080 712 ut
1116 666 1269 726 pacta
1326 657 1381 710 in
1431 654 1747 708 memoriam
1806 661 2105 715 revocaret,
2139 665 2305 720 seque

730 750 878 803 litem
909 748 982 803 illi
1018 748 1375 817 impacturum
1406 748 1641 801 minatus
1668 753 1771 801 est.
1794 744 1923 800 lnde
1947 743 2145 798 Basilio
2176 753 2303 796 nata

730 840 943 895 occasio
989 839 1287 894 scribendae
1315 840 1380 893 ad
1426 837 1861 906 Amphilochium
1894 836 2129 906 egregiae
2180 832 2302 903 epi-

732 928 884 985 stola:
931 930 1032 985 sub
1073 928 1371 985 Heraclida:
1412 929 1648 983 nomine.
1673 927 1935 983 Describit
1961 926 2173 996 juvenis
2205 925 2307 993 pri-

734 1038 851 1078 mos
873 1037 1000 1078 suos
1022 1024 1123 1079 sub
1150 1021 1335 1077 Basilii
1364 1022 1646 1090 disciplina
1681 1033 1996 1091 progressus
2025 1034 2040 1074 :
2083 1029 2303 1073 conten-

734 1113 813 1170 ;lit
838 1128 897 1169 se
929 1114 1193 1184 promissa
1220 1113 1430 1168 vivendi
1477 1127 1597 1167 cum
1646 1110 2019 1180 Amphilochio
2049 1109 2306 1177 adimplem

733 1218 935 1271 turum,
967 1208 1180 1262 etiamsi
1213 1221 1441 1275 corpore
1470 1206 1644 1269 absit;
1683 1205 1805 1273 quia
1840 1219 1943 1256 una
1979 1212 2062 1258 est
2088 1216 2307 1272 prorsus

735 1301 819 1355 via
852 1315 972 1370 quae
1010 1302 1076 1354 ad
1108 1299 1394 1354 Dominum
1436 1300 1601 1353 ducit.
1639 1296 1901 1351 Nonnulla
1928 1296 2092 1350 refert
2117 1312 2180 1350 ex
2213 1310 2308 1351 ore

732 1390 916 1445 Basilii
948 1400 1167 1460 accepta
1193 1399 1456 1458 praecepta
1485 1404 1499 1440 :
1532 1388 1623 1442 sed
1647 1387 2077 1457 Amphilochium
2119 1388 2307 1442 horta-

735 1493 843 1551 tur,
878 1493 935 1538 ut
957 1482 1098 1536 illius
1138 1482 1388 1536 audiendi
1420 1483 1637 1536 brevem
1669 1498 1697 1533 a
1727 1490 1877 1551 patre
1905 1481 2174 1535 licentiam
2208 1480 2308 1532 iut-

733 1586 931 1650 petret.
962 1577 1174 1647 Scripta
1218 1585 1303 1630 est
1349 1575 1462 1630 hac
1514 1573 1740 1644 epistola
1776 1584 1901 1627 ante
1939 1572 2307 1642 episcopatum

733 1670 1116 1740 Amphilochii,
1149 1669 1250 1724 hoc
1284 1677 1388 1733 est,
1413 1678 1539 1723 ante
1593 1680 1795 1721 annum
1826 1665 1930 1719 575
1968 1675 2258 1719 exeuntem
2289 1703 2304 1728 ,

734 1762 830 1819 sed
869 1769 1046 1816 tamen
1078 1776 1181 1814 non
1224 1758 1392 1815 multo
1422 1768 1563 1811 ante.
1607 1754 1725 1811 iam
1768 1755 1913 1810 enim
1942 1766 2060 1810 erat
2090 1755 2307 1824 hOSpiti-

2413 568 2579 612 verat.
2603 557 2897 612 Ret‘erenda
2934 557 3049 610 hate
3079 556 3325 611 videntur
3357 557 3422 610 ad
3469 556 3732 610 Eustathii
3765 555 3819 608 in
3876 554 3981 609 Ba—

2411 647 2587 701 silium
2623 646 2939 701 calumnias.

2482 736 2591 792 νη.
2620 737 2760 791 Inter
2786 738 3055 802 molestias
3082 751 3201 806 qua:
3246 736 3440 791 Basilio
3473 738 3808 801 acciderunt,
3847 737 3978 789 dum

2411 844 2471 883 se
2519 830 2587 884 ab
2633 829 2896 899 episcopis
2946 832 3214 885 desertum
3266 830 3528 897 queritur,
3578 837 3983 898 peropportune

2414 922 2661 976 videntur
2703 922 2879 975 allatae
2920 937 3041 977 esse
3087 920 3325 975 Ascholii
3362 919 3863 975 Thessalonicensis
3892 920 3984 973 lit-

2413 1022 2558 1074 terat,
2583 1027 2649 1066 ex
2673 1013 2867 1081 quibus
2887 1013 3199 1067 charitatem
3223 1026 3326 1065 nou
3353 1010 3404 1063 in
3426 1011 3674 1064 omnibus
3698 1009 3985 1066 refrixisse

2410 1105 2679 1173 cognovit.
2723 1101 2780 1156 In
2825 1103 2909 1157 his
2956 1104 3097 1157 enim
3144 1101 3336 1157 litteris
3367 1102 3560 1156 licebat
3592 1100 3829 1155 Ascholii
3863 1102 3986 1154 ani-

2412 1212 2556 1251 ntum
2601 1196 2796 1251 intueri
2836 1212 2849 1248 :
2883 1205 2939 1249 et
2984 1196 3231 1263 quamvis
3285 1196 3474 1247 breves
3523 1202 3705 1248 essent
3748 1207 3984 1248 numero

2411 1287 2756 1358 syllabarum,
2780 1286 2993 1355 copiose
3014 1285 3364 1339 ostendebant
3383 1285 3510 1353 quid
3534 1284 3984 1339 scntiretAscho-

2414 1381 2513 1434 lius
2541 1389 2595 1434 et
2619 1390 2875 1451 quantum
2906 1378 3048 1433 bcati
3089 1379 3369 1433 Athanasii
3407 1380 3680 1434 studiosus
3712 1390 3898 1432 esset:
3929 1380 3984 1433 id

2412 1472 2553 1541 quod
2584 1471 2807 1527 Basilius
2835 1472 3294 1527 evidentissimum
3335 1486 3478 1526 sanae
3510 1472 3771 1526 doctrina:
3808 1487 3975 1542 argu-

2415 1572 2651 1617 mentum
2698 1578 2817 1618 esse
2860 1563 3107 1619 ducebat.
3146 1562 3385 1616 Ascholii
3419 1563 3623 1617 litteras
3660 1563 3843 1616 attulit
3873 1563 3985 1616 Eu-

2414 1656 2681 1727 phemius,
2730 1655 2812 1710 vel
2852 1656 3039 1711 saltem
3091 1654 3437 1725 perferendas
3484 1657 3714 1707 curavit.
3768 1653 3902 1707 \iatu
3934 1655 3983 1707 ei

2412 1764 2509 1819 pro
2555 1758 2773 1817 accepta
2824 1763 2889 1802 ex
2945 1747 3136 1803 litteris
3180 1747 3362 1801 laetitia
3411 1745 3613 1816 gratias
3662 1747 3775 1817 agit
3832 1745 3983 1799 Basi-

735 1854 836 1909 bus
877 1852 1205 1921 excipiendis
1254 1850 1531 1912 idoneum,
1583 1849 1909 1903 immensum
1964 1848 2091 1903 illud
2140 1846 2306 1902 mdifl-
2336 1834 2383 1895 Β
2414 1843 2517 1896 lius
2548 1840 2641 1913 (c),
2679 1850 3044 1909 precaturque
3090 1852 3147 1894 ut
3175 1855 3300 1894 eum
3334 1839 3443 1894 cito
3479 1852 3600 1891 cum
3631 1840 3983 1895 ornatissima

734 1945 904 2010 cium,
936 1943 1078 2015 quod
1110 1943 1341 1999 Basilius
1388 1950 1705 1999 construere
1752 1948 1992 2010 coeperat
2026 1955 2166 1995 anno
2206 1939 2311 1995 572

735 2034 975 2090 ineunte.

809 2124 982 2194 Supra
1004 2122 1234 2178 vidimus
1257 2120 1310 2175 in
1341 2120 1565 2191 epistola
1588 2119 1690 2176 1⁸58
1712 2120 1939 2177 clericos
1963 2118 2311 2184 Sebastenos,

738 2214 832 2284 qui
861 2214 1001 2269 idem
1029 2226 1093 2267 ac
1123 2211 1354 2266 Basilius
1405 2211 1711 2266 sentiebant
1730 2250 1747 2277 ,
1779 2213 1993 2266 detecto
2043 2208 2310 2263 Eustatbii

737 2320 918 2378 prava:
939 2306 1208 2375 opinionis
1239 2304 1439 2369 ulcere,
1461 2304 1527 2357 ad
1577 2302 1758 2358 Basilii
1799 2302 2229 2358 communionem
2260 2310 2316 2357 et

737 2404 1118 2457 auctoritatem
1154 2398 1482 2468 confugisse.
1522 2396 1653 2452 Tam
1710 2397 1920 2467 insigne
1958 2396 2156 2451 factum
2190 2410 2313 2451 cum

740 2493 883 2547 fama
918 2490 1025 2547 late
1051 2498 1329 2561 spargeret
1356 2530 1372 2557 ,
1415 2489 1732 2544 Eustathius
1756 2488 2013 2552 medicus,
2046 2487 2226 2542 Basilii
2260 2489 2315 2542 in

737 2585 927 2657 primis
958 2584 1185 2646 amicus,
1213 2581 1448 2638 dolorem
1481 2597 1635 2636 suum
1670 2582 1722 2635 in
1763 2582 1864 2636 bac
1895 2595 2071 2636 rerum
2108 2588 2295 2650 pertur

740 2674 955 2729 batione
976 2672 1026 2728 ei
1053 2671 1667 2742 significavit,adhibitis
1698 2685 1765 2725 ex
1790 2679 1907 2724 arte
1944 2670 2149 2725 medica
2179 2683 2315 2724 non-

740 2764 899 2820 nullis
930 2762 1405 2819 admonitionibus.
1457 2759 1768 2830 Respondet
1808 2758 2045 2815 Basilius
2072 2758 2312 2815 inutilem

742 2870 863 2912 esse
890 2854 1152 2926 ejusmodi
1178 2851 1606 2908 admonitionum
1632 2866 1874 2922 operam,
1910 2867 2032 2907 cum
2078 2866 2177 2906 nec
2202 2852 2315 2921 ipse

743 2962 845 3002 nec
875 2946 1036 3001 amici
1062 2945 1263 2999 ferrum
1298 2945 1664 3005 adhibuerint.
1715 2945 1811 2999 sed
1847 2945 1961 3015 ipse
2002 2945 2313 3000 Eustathius

746 3038 801 3093 in
827 3037 1031 3093 ferrum
1082 3036 1273 3092 ruerit.
1302 3036 1481 3103 Quare
1514 3038 1654 3106 quod
1690 3038 1832 3091 illius
1863 3037 2046 3092 clerici
2080 3038 2314 3091 necessi-

746 3138 853 3185 tate
882 3128 1100 3185 adducti
1139 3127 1401 3194 fecerant,
1436 3126 1536 3183 sibi
1572 3126 1625 3183 id
1667 3127 1883 3197 quidem
1921 3126 2179 3195 voluptati
2209 3140 2312 3179 non

740 3235 887 3287 esse,
905 3220 1355 3293 quemadmodum
1392 3236 1491 3276 nec
1526 3219 1717 3275 medici
1749 3218 1979 3274 libenter
2007 3227 2188 3279 urunt,
2219 3233 2317 3272 nec

740 3322 1076 3371 mercatores
1115 3313 1343 3368 libenter
1396 3326 1602 3369 merces
1640 3313 1881 3384 ejiciunt,
1921 3313 2015 3368 sed
2067 3321 2242 3369 tamen
2288 3329 2319 3368 a

743 3415 802 3457 se
824 3402 1043 3458 minime
1066 3403 1378 3473 improbari,
1408 3404 1533 3473 quia
1564 3404 1810 3459 veritatis
1848 3418 2024 3468 amor,
2050 3419 2155 3473 qua
2184 3406 2318 3460 nihil

744 3494 1020 3567 antiquius
1052 3496 1272 3562 habent,
1298 3497 1377 3551 sic
1408 3496 1599 3566 agendi
1631 3497 2006 3551 necessitatem
2035 3498 2115 3552 eis
2145 3499 2318 3566 impo-

743 3596 951 3643 suerat.
1003 3586 1119 3643 Huc
1162 3589 1299 3645 redit
1331 3597 1440 3645 tota
1478 3590 1723 3645 obscura»
1748 3598 1804 3645 et
1842 3587 2073 3645 ditIicilis
2119 3591 2322 3662 episto-

745 3678 811 3734 l'e
847 3680 1116 3734 sententia
1142 3720 1158 3744 ,
1190 3688 1249 3735 ut
1288 3696 1356 3735 ex
1405 3693 1529 3736 nota
1576 3683 1751 3738 eidem
1799 3685 2039 3754 apposita
2092 3684 2318 3755 perspici

744 3776 942 3837 potest.

820 3858 974 3915 Circa
1006 3875 1149 3917 nunc
1180 3874 1380 3916 annum
1416 3861 1545 3917 visa
1583 3870 1710 3916 sunt
1750 3862 2072 3920 collocanda:
2105 3867 2221 3919 dua:
2253 3865 2319 3921 ad

747 3950 1020 4008 Victorem
1072 3954 1316 4024 epistola:
1339 3952 1440 4025 (a).
1478 3954 1706 4010 Basilius
1735 3956 1968 4011 amicitia
1999 3957 2319 4026 conjunctus

748 4055 1015 4101 eratcum
1051 4045 1444 4116 potentissimis
1490 4046 1647 4111 viris,
1689 4047 1741 4101 in
1778 4047 1861 4103 his
1896 4062 2019 4102 cum
2064 4047 2314 4104 Victore:

751 4139 835 4193 cui
866 4142 1109 4208 querenti
1142 4140 1283 4209 quod
1304 4140 1373 4195 ad
1398 4153 1458 4195 se
1503 4154 1609 4194 non
1647 4141 1938 4207 scriberet,
1970 4140 2228 4195 metuisse
2262 4155 2321 4197 se

750 4230 1058 4299 respondet,
1090 4244 1158 4285 ne
1203 4240 1356 4286 tanto
1389 4231 1506 4286 viro
1541 4231 1843 4286 molestiam
1883 4232 2321 4300 exhiberet;sed

750 4336 892 4376 nunc
937 4321 1271 4377 confidenter
1305 4323 1545 4379 scribere
1591 4333 1647 4378 et
1691 4323 1942 4393 deinceps
1975 4326 2315 4395 scripturum.

748 4413 1017 4469 Caeterum
1072 4412 1275 4483 gratias
1297 4415 1411 4482 agit
1436 4416 1577 4483 quod
1600 4430 1729 4470 suas
1750 4428 1847 4487 pro
1869 4414 2107 4470 Ecclesia
2135 4431 2319 4485 preces

2412 1933 2579 2003 ipsius
2623 1931 2851 2001 conjuge
2904 1931 3127 1999 recipiat
3161 1948 3173 1976 :
3202 1931 3344 2000 quod
3394 1940 3709 2000 argumento
3741 1940 3830 1984 est
3861 1946 3983 1983 eum

2411 2029 2495 2080 vel
2526 2026 2608 2082 bis
2630 2026 2733 2081 iter
2757 2027 2809 2079 in
2842 2022 3121 2095 Scythiam
3149 2034 3239 2077 aut
3261 2024 3627 2079 Macedoniam
3653 2025 3985 2090 suscepisse.

2413 2130 2478 2172 ac
2508 2125 2617 2170 tttm
2646 2116 2885 2172 Ascholii
2919 2116 3182 2185 epistolae,
3237 2127 3346 2171 tum
3400 2118 3581 2173 Basilii
3618 2117 3991 2185 responsionis

2413 2208 2649 2280 bajulutn
2684 2208 2850 2264 fuisse
2876 2228 2891 2263 :
2919 2211 3000 2265 vel
3027 2211 3243 2271 saltem,
3276 2211 3400 2265 dum
3432 2210 3517 2265 his
3551 2211 3602 2264 in
3631 2210 3766 2265 locis
3798 2224 3989 2261 mora-

2414 2312 2523 2366 tur,
2550 2316 2769 2371 operam
2800 2302 3014 2356 dedisse
3044 2312 3103 2355 ut
3122 2301 3359 2357 Ascholii
3389 2302 3612 2371 epistola
3642 2304 3707 2354 ad
3720 2296 3988 2353 Basiliam

2412 2393 2737 2463 perveniret.

2484 2484 2627 2541 Satis
2667 2495 2791 2555 apte
2824 2482 3152 2540 conveniunt
3184 2484 3308 2537 huic
3337 2500 3481 2539 anno
3508 2487 3737 2554 gemitus
3771 2483 3987 2547 Basilii,

2413 2579 2556 2648 quod
2591 2578 2834 2632 charitas
2880 2575 3135 2644 majorem
3182 2574 3237 2628 itt
3284 2574 3497 2628 modum
3534 2577 3673 2629 inter
3700 2577 3992 2645 episcopos

2418 2670 2748 2734 refrixisset;
2805 2669 2898 2725 sed
2938 2670 3041 2725 hoc
3094 2668 3147 2722 in
3207 2666 3396 2737 primis
3439 2670 3606 2719 ducor
3638 2677 3989 2735 argumento,

2414 2762 2558 2830 quod
2583 2760 2912 2815 Athanasius
2944 2759 3287 2815 beatissimus
3316 2766 3554 2813 vocetur.
3583 2756 3697 2810 Non
3735 2772 3824 2811 tne
3859 2756 3992 2812 latet

2417 2855 2468 2908 id
2502 2853 2769 2908 interdum
2804 2854 2942 2922 apud
2977 2856 3224 2921 antiquos
3250 2853 3545 2917 scriptores
3567 2846 3766 2904 deferri
3802 2850 3992 2903 viven-

2417 2945 2591 3010 tibus;
2630 2946 2774 2999 velut
2808 2960 2930 2999 cum
2984 2945 3268 3015 Dionysius
3300 2942 3548 3000 Corinthi
3591 2942 3888 3013 episc0pus
3913 2943 3993 3013 (ά)

2416 3040 2469 3094 in
2503 3040 2727 3107 epistola
2772 3041 2840 3092 ad
2881 3039 3149 3093 ltomanos
3176 3035 3424 3093 Soterem
3458 3051 3643 3091 eorum
3670 3037 3991 3103 episcopum

2420 3142 2576 3185 vocat
2614 3130 2848 3183 beatum.
2875 3133 2941 3181 At
2978 3128 3207 3183 Basilius
3242 3131 3345 3185 hac
3376 3144 3507 3185 voce
3555 3136 3799 3183 mortuos
3841 3128 3992 3182 desi-

2423 3238 2590 3293 gnate
2634 3222 2788 3287 solet,
2824 3224 2975 3276 vivos
3026 3234 3204 3276 autem
3255 3238 3519 3293 nusquam
3552 3221 3818 3292 designat.
3857 3217 3997 3273 Hinc

2423 3316 2476 3369 itt
2509 3314 2751 3385 epistolis
2792 3312 2898 3367 ευι
2945 3323 2998 3368 et
3030 3312 3138 3367 258
3186 3313 3555 3368 beatissimum
3590 3314 3790 3382 pariter
3833 3322 3997 3367 vocat

2418 3408 2794 3463 Athanasium.
2822 3407 2935 3461 Huc
2954 3405 3165 3460 accedit
3184 3402 3327 3474 quod
3357 3404 3669 3473 episc0pum
3703 3405 3860 3458 illum
3888 3420 3995 3457 nou

2421 3498 2670 3567 appellat,
2703 3499 2846 3567 quod
2895 3498 3110 3567 quidem
3163 3509 3270 3550 non
3312 3492 3536 3555 omittit,
3578 3507 3700 3545 cum
3753 3492 3999 3563 loquitur

2420 3589 2489 3643 de
2514 3590 2837 3644 viventibus.
2858 3589 3037 3656 Quare
3062 3604 3182 3642 cum
3209 3585 3772 3643 sanctusAthauasius
3793 3585 3995 3640 emtum

2421 3682 2634 3750 petierit
2662 3682 2764 3737 hoc
2791 3697 2934 3738 anno
2962 3681 3091 3747 575,
3122 3696 3306 3737 mense
3327 3678 3587 3744 Maio,vis
3618 3677 3781 3733 citius
3805 3694 3997 3733 mense

2420 3776 2638 3833 Octobri
2671 3774 2912 3845 ejusdem
2963 3776 3088 3829 anni
3125 3774 3264 3829 hanc
3290 3773 3473 3829 Basilii
3506 3772 3786 3841 epistolam
3820 3772 3997 3827 collo-

2419 3885 2544 3925 care
2572 3871 2857 3939 possimus.
2888 3868 3149 3937 Tcmpore
3174 3868 3317 3920 enim
3349 3881 3481 3936 opus
3507 3865 3628 3933 fuit,
3668 3874 3727 3920 ut
3756 3874 3812 3921 et
3844 3879 3997 3920 mur-

2422 3958 2491 4013 tis
2536 3958 2814 4013 Athanasii
2866 3959 3086 4011 nuntius
3120 3957 3173 4009 in
3209 3956 3595 4022 Macedoniam,
3646 3968 3701 4013 et
3747 3960 3995 4012 Ascholii

2420 4049 2610 4106 littera:
2632 4050 2687 4104 in
2708 4049 3099 4119 Cappadociam
3124 4046 3412 4111 ferrentur,
3436 4058 3487 4103 et
3512 4047 3711 4103 Basilio
3733 4064 3992 4118 prompta

2419 4150 2565 4197 esset
2591 4156 2653 4195 ac
2684 4151 2871 4211 parata
2915 4137 3185 4194 scribendi
3217 4138 3455 4194 occasio.
3492 4137 3622 4192 Illud
3655 4140 3992 4194 verisimilit-

2420 4250 2565 4290 mum
2602 4233 2815 4289 videtur
2864 4232 3196 4298 Ascholium,
3246 4247 3369 4288 cum
3402 4232 3468 4287 de
3498 4230 3668 4287 sancti
3700 4230 3991 4287 Athanasii

2420 4334 2591 4381 morte
2632 4323 2930 4388 didicisset,
2973 4333 3260 4393 antequam
3307 4324 3572 4379 scriberet
3603 4324 3657 4378 in
3697 4324 3990 4396 Cappado-

2419 4420 2583 4485 ciam,
2615 4428 2672 4473 ut
2701 4417 2754 4473 in
2785 4418 2991 4473 recenti
3028 4425 3243 4481 eventu,
3276 4416 3599 4471 desiderium
3650 4416 3993 4485 signiﬁcasse

750 4503 1124 4565 anteverterit,
1155 4501 1455 4573 feceritque
1482 4503 1661 4556 omnia
1691 4517 2024 4573 quaecunque
2059 4502 2175 4572 ipse
2212 4500 2317 4555 Ba-
2348 4516 2394 4577 ι)
2425 4511 2557 4565 tanti
2608 4510 2733 4575 viri,
2780 4526 2843 4565 ac
2878 4521 3089 4563 summa
3134 4506 3277 4563 illius
3315 4507 3382 4563 de
3429 4508 3681 4563 omnibus
3727 4508 3992 4567 Ecclesiis

751 4595 905 4649 silius
936 4595 1206 4664 petiisset.
1233 4593 1445 4665 Scripta
1471 4606 1602 4664 ergo
1626 4592 1741 4647 haec
1783 4592 2007 4661 epistola
2044 4600 2165 4660 post
2187 4591 2317 4647 illud

756 4693 989 4755 tempus,
1016 4702 1124 4757 quo
1149 4685 1382 4741 Basilius
1414 4685 1723 4758 requirebat
1766 4685 1818 4737 in
1860 4685 2321 4756 praestantissimis

751 4764 859 4837 illis
889 4779 1022 4835 viris
1049 4782 1283 4835 studium
1320 4782 1570 4837 Ecclesia:
1592 4780 1863 4851 juvandte.
1884 4779 1991 4834 Nec
2020 4779 2159 4835 male
2196 4777 2319 4834 huic

750 4892 896 4933 anno
920 4876 1195 4939 convenit,
1228 4890 1334 4946 quo
1366 4876 1687 4929 Arianorum
1708 4874 1787 4942 (ὁ)
1816 4881 2041 4927 conatus
2081 4873 2133 4927 in
2156 4886 2313 4928 ever-

764 4970 923 5025 tenda
956 4971 1009 5025 in
1037 4970 1231 5025 exsilio
1259 4966 1441 5021 Basilii
1476 4968 1715 5023 Ecclesia
1756 4964 2073 5021 Caesariensi
2105 4966 2158 5020 in
2187 4980 2316 5021 ven—

757 5072 867 5115 tum
918 5059 1072 5117 ell‘usi
1122 5070 1266 5117 sunt.
1300 5060 1603 5117 Verisimile
1631 5069 1686 5115 et
1737 5058 1971 5114 Victoris
2008 5072 2227 5128 operam
2262 5059 2316 5113 in

754 5169 814 5208 re
850 5155 981 5208 tanti
1008 5156 1262 5209 momenti
1292 5168 1395 5208 non
1428 5150 1686 5218 defuisse,
1712 5153 1937 5221 ejusque
1960 5149 2183 5206 consilio
2221 5164 2317 5221 po-

754 5244 863 5297 tius
900 5258 1059 5313 quant
1107 5259 1201 5299 sua
1256 5254 1447 5313 sponte
1485 5241 1760 5298 Valentem
1791 5244 1858 5296 ad
1903 5241 2316 5299 rescindendum

755 5336 901 5406 quod
938 5338 1005 5391 de
1051 5337 1249 5392 Basilio
1288 5339 1641 5397 decreverat,
1686 5334 1971 5390 adductum
2028 5333 2210 5391 fuisse.
2260 5334 2317 5389 ln

757 5428 924 5483 altera
963 5428 1190 5497 epistola
1232 5431 1436 5499 gratias
1477 5429 1589 5499 agit
1615 5426 1838 5493 Victori,
1873 5428 1962 5495 qui
1998 5428 2146 5496 prior
2186 5428 2321 5483 scri-

756 5531 937 5589 pserat
968 5519 1388 5591 perhonorifice,
1411 5534 1576 5585 seque
1599 5518 1902 5587 calumniis,
1933 5520 2127 5591 quibus
2151 5530 2321 5576 atten-

826 5677 904 5812 i2;
1285 5677 1409 5733 ἐδ·

832 5754 903 5812 (b)
944 5754 1109 5815 Epist.
1143 5754 1228 5800 68.

832 5814 903 5883 (c)
927 5814 1098 5886 Epist.
1129 5816 1229 5870 120
1255 5823 1310 5869 et
1339 5813 1458 5871 ΒΘ.

2421 4602 2611 4657 merita
2639 4601 2975 4673 praedicasse.

2491 4693 2741 4764 Epistolas
2770 4694 2837 4746 ad
2868 4690 3179 4748 Ascholium
3213 4692 3465 4763 adjuncta
3500 4690 3600 4746 fuit
3623 4692 3855 4762 epistola
3896 4710 3987 4751 se-

2420 4792 2590 4849 quens
2627 4779 2731 4850 (e),
2778 4794 2939 4849 quam
2991 4780 3204 4849 quidem
3249 4781 3351 4836 etsi
3404 4780 3759 4851 inscriptione
3811 4798 3988 4847 caret,

2420 4871 2580 4929 Junio
2616 4872 2824 4929 Sorano
2854 4872 3109 4941 scriptam
3140 4887 3262 4928 esse
3287 4872 3430 4927 inter
3449 4875 3688 4931 eruditos
3708 4880 3987 4933 convenit.

2422 4964 2472 5023 ls
2504 4966 2648 5022 enim
2676 4964 2745 5019 ad
2773 4979 2929 5033 quem
2956 4966 3078 5019 data
3102 4974 3207 5026 est.
3239 4964 3293 5018 in
3315 4963 3536 5036 Scythia
3564 4982 3686 5024 eum
3724 4970 3991 5039 dignitate

2424 5053 2641 5108 militari
2685 5051 3003 5107 versabatur
3039 5074 3053 5110 :
3083 5052 3300 5108 domum
3352 5052 3586 5112 habebat
3627 5057 3899 5115 Caesarea:
3939 5078 3992 5116 et

2421 5159 2662 5201 sororem
2686 5158 2751 5199 ac
2776 5155 3056 5216 cognatos,
3080 5146 3397 5216 quibuscum
3418 5147 3645 5205 Basilius
3673 5165 3783 5206 non
3813 5154 3989 5209 solum

2423 5240 2679 5305 amicitia,
2734 5240 2828 5296 sed
2878 5242 3068 5305 etiam,
3107 5251 3167 5296 ut
3215 5242 3511 5299 verisimile
3563 5255 3667 5311 est,
3722 5255 3993 5323 sanguine

2424 5333 2893 5401 coniunctissimus
2932 5334 3051 5390 fuit.
3099 5333 3237 5390 Petit
3269 5336 3337 5393 ab
3364 5336 3552 5393 eodem
3597 5339 3839 5401 Basilius
3871 5348 3993 5403 reli-

2425 5428 2581 5495 quias
2624 5435 2944 5496 martyrum.
2990 5423 3215 5479 Mirifice
3255 5425 3369 5480 haec
3393 5429 3661 5495 quadrant
3692 5430 3861 5490 Junio
3893 5435 3993 5491 So~

2430 5533 2560 5574 rano
2582 5516 2705 5573 duci
2732 5518 2916 5573 limitis
2950 5518 3209 5589 Scythici,
3242 5519 3330 5586 qui
3374 5520 3662 5589 gratiﬁcari
3696 5527 3877 5583 relatu
3904 5546 3993 5597 ρει-

2506 5682 2584 5753 (ά)
2622 5684 2789 5754 Epist.
2821 5684 2941 5741 l53.

2508 5755 2578 5824 (ο)
2616 5754 2809 5810 Euseb.
2842 5754 2982 5808 Hist.
3014 5754 3106 5809 lib.
3139 5772 3209 5822 tv,
3236 5771 3286 5810 c.
3315 5754 3403 5810 25.
