4080 6312
1526 363 1683 418 νιτΑ
1725 361 1785 416 S.
1818 361 1904 415 BA
1914 359 2085 417 SlLlI.

3254 370 3399 417 cn‘tt

162 482 271 538 tria
307 496 446 547 sua,
478 488 537 535 ut
562 481 791 549 legimus
829 478 884 532 in
913 473 1136 549 epistola
1183 474 1438 530 Ecclesiae
1473 476 1734 538 Gothicae,
1766 479 1812 535 Α
1907 472 2197 543 Perperam
2231 474 2342 528 haec
2362 472 2589 543 epistola
2620 472 2671 527 in
2698 471 2946 527 oumibus
2961 470 3237 527 codicibus
3268 489 3396 531 mss.

159 589 356 643 corpus
389 572 450 629 S.
496 571 653 627 Saba:
687 571 943 641 martyris
972 570 1119 625 misit
1145 569 1199 622 in
1230 567 1647 637 Cappadociam.
1682 567 1733 622 Is

161 664 396 720 Ascholii
448 664 647 719 litteris
703 679 832 718 suas
883 661 1244 731 adjunxerat,
1292 669 1350 716 et
1401 660 1733 730 querebatur

159 757 297 825 quod
332 756 402 809 ad
439 770 500 810 se
528 754 760 809 Basilius
793 768 897 807 non
943 752 1226 819 scriberet,
1266 766 1432 822 seque
1468 750 1730 807 oblivioni

160 847 421 911 traderet,
457 856 621 917 atque
646 846 808 902 etiam
846 845 989 915 quod
1019 845 1087 900 ab
1112 858 1177 899 eo
1209 843 1400 899 aut.ab
1420 842 1536 912 ejus
1565 844 1732 898 chor-

157 940 413 1007 episcopo
463 938 643 993 minus
695 951 846 1007 aequa
898 938 951 989 in
988 935 1221 1004 aliquem
1268 951 1333 990 ex
1388 935 1575 989 amicis
1620 933 1734 988 suis

158 1026 259 1081 lata
312 1037 467 1085 esset
517 1028 803 1084 Sententia.
848 1026 1145 1083 Nuntiabat
1191 1026 1621 1097 persecutionem
1675 1026 1729 1080 in

156 1116 380 1173 Gotthia
414 1129 685 1190 martyres
732 1117 933 1182 facere,
980 1132 1145 1186 seque
1171 1115 1603 1186 persecutionem
1636 1131 1733 1186 pa.

159 1209 422 1264 tientibus
450 1225 608 1281 opem
643 1224 739 1278 pro
774 1210 976 1265 viribus
1023 1208 1183 1265 ferre.
1225 1209 1319 1264 llis
1351 1208 1604 1263 omnibus
1645 1224 1731 1261 re-

159 1301 395 1368 spondet
440 1300 674 1357 Basilius
706 1301 759 1355 in
790 1301 1019 1372 epistola
1047 1301 1168 1366 l55,
1197 1302 1263 1355 de
1291 1315 1397 1371 qua
1427 1299 1565 1356 alius
1594 1300 1737 1355 redi-

160 1394 239 1449 bit
262 1394 464 1463 agendi
496 1394 667 1449 locus.

230 1482 370 1537 VIII.
403 1482 703 1552 Incipiente
728 1484 811 1540 vel
833 1483 1299 1555 appropinquante
1326 1484 1503 1540 hieme
1529 1484 1739 1553 accepit

162 1576 395 1631 Basilius
443 1574 656 1630 litteras
705 1578 773 1631 ab
823 1576 1050 1643 Evagrio
1103 1576 1438 1649 presbytero,
1473 1577 1567 1647 qui
1611 1592 1735 1631 eum

163 1668 409 1737 rogabat,
443 1676 504 1722 ut
530 1668 879 1737 pacificandae
901 1667 1157 1725 Ecclesia:
1186 1669 1535 1723 Antiochena:
1561 1669 1739 1722 consi-

162 1760 288 1813 lium
323 1758 649 1828 susciperet,
686 1774 749 1814 ac
779 1760 984 1828 legatos
1013 1760 1067 1814 in
1096 1758 1444 1817 Occidentem
1476 1758 1733 1811 mitteret.

1834 574 1890 621 et
1932 566 2091 621 editis
2138 566 2457 622 inscribitur
2501 564 2789 620 Antiocho.
2826 563 2960 619 Nam
2996 565 3100 635 ipsi
3133 566 3402 626 Antiocho

1838 658 2036 728 scripta
2067 673 2299 730 sequens
2323 657 2547 728 epistola
2577 656 2645 726 (c)
2677 657 2729 711 in
2764 657 3015 712 eamdem
3043 659 3400 719 sententiam.

1834 747 2083 803 Dolorem
2113 748 2256 802 enim
2298 762 2456 803 suum
2503 748 2705 817 pariter
2736 746 3031 817 significat,
3076 749 3219 816 quod
3258 749 3403 807 illius

1834 839 2045 895 videndi
2070 839 2419 902 desiderium,
2441 853 2548 909 quo
2571 838 2767 894 dudum
2792 836 3075 909 flagrabat,
3100 842 3165 894 ad
3194 841 3399 896 exitum

1834 944 1940 984 non
1988 928 2318 999 perduxerit.
2356 927 2477 984 Ilaec
2526 943 2658 998 ergo
2708 929 2981 983 scribebat
3029 930 3220 985 eodem
3267 941 3403 986 tem-

1833 1034 1963 1092 pore
1988 1036 2051 1077 ac
2080 1021 2360 1091 epistolam
2388 1021 2818 1091 prmeedentem;
2851 1035 2915 1075 ac
2938 1021 3162 1091 proinde
3191 1032 3403 1079 utram-

1834 1128 1939 1183 que
1974 1113 2063 1168 uni
2101 1122 2156 1169 et
2196 1113 2371 1168 eidem
2428 1127 2532 1167 non
2576 1112 2813 1178 scripsit.
2868 1110 3135 1167 Praeterea
3171 1114 3405 1185 pigritia

1835 1204 2144 1260 criminatio
2181 1204 2382 1274 Optime
2439 1202 2651 1274 quidem
2702 1203 2754 1257 in
2795 1203 3083 1261 Eusebium
3123 1208 3400 1268 convenit.

1835 1308 1993 1363 quem
2022 1293 2255 1349 Basilius
2278 1293 2359 1366 (ά)
2405 1294 2567 1349 etiam
2614 1303 2775 1364 atque
2816 1296 2979 1351 etiam
3020 1309 3305 1368 rogaverat
3346 1310 3405 1355 ut

1835 1388 2140 1444 Caesaream
2187 1388 2413 1451 veniret,
2462 1396 2518 1441 at
2570 1401 2906 1457 nequaquam
2965 1388 3018 1443 in
3054 1391 3404 1456 Antiochum,

1839 1496 1997 1550 quem
2048 1494 2212 1544 penes
2260 1480 2425 1535 situm
2463 1494 2567 1533 non
2615 1488 2733 1535 erat
2774 1478 3071 1537 Caesaream
3111 1484 3403 1553 proficisci,

1839 1574 1940 1627 nisi
1967 1582 2192 1643 patruus
2216 1587 2338 1628 eum
2371 1572 2607 1629 mitteret
2630 1586 2721 1629 aut
2752 1589 2935 1630 secum
2972 1575 3212 1631 duceret.
3248 1576 3407 1632 Deni-

1838 1681 1945 1734 que
1974 1666 2073 1720 soli
2099 1667 2328 1733 quadrat
2355 1664 2611 1731 Eusebio,
2638 1666 2777 1735 quod
2794 1667 2874 1719 ‘ait
2898 1666 3153 1734 Basilius,
3178 1682 3245 1722 ne
3274 1683 3409 1737 prat-

1844 1758 2016 1811 tcritis
2058 1756 2273 1826 quidem
2316 1757 2473 1811 annis
2516 1760 2678 1813 talem
2724 1758 2891 1813 fuisse
2939 1774 3314 1829 congressum,
3351 1768 3410 1812 ut

160 1851 315 1918 Quod
352 1825 569 1921 spec—tat
597 1852 663 1905 ad
687 1825 981 1907 Eccle‘siam
1013 1853 1430 1914 Antiochenam,
1467 1865 1736 1905 summum
1770 1825 1812 1879 Β
1840 1825 2145 1903 satietatem
2191 1846 2426 1902 all‘erret.
2471 1847 2603 1903 Nam
2632 1848 2859 1905 Basilius
2896 1825 3183 1905 Eusebium
3226 1851 3409 1907 invisit

160 1959 268 2011 prae
298 1957 360 1999 se
390 1942 501 1998 fert
528 1958 768 1998 amorem
815 1945 961 2014 pacis
990 1943 1218 1998 Basilius
1251 1942 1352 2013 (a),
1392 1956 1557 2014 seque
1596 1943 1737 1996 nulla

160 2049 387 2102 prorsus
423 2035 479 2088 in
511 2050 839 2105 quemquam
889 2033 1265 2089 criminatione
1301 2043 1738 2104 praeoccupatum

160 2126 469 2195 proﬁtetur.
507 2126 614 2181 Sed
647 2134 826 2178 tamen
857 2123 1118 2192 declarat,
1151 2126 1364 2180 etiamsi
1406 2127 1599 2195 gratiae
1637 2125 1739 2179 rivi

161 2220 211 2272 in
240 2234 300 2274 se
332 2216 638 2281 aﬂuerent,
686 2231 755 2269 ne
794 2224 905 2269 tum
954 2217 1172 2285 quidem
1218 2218 1507 2271 adductum
1557 2217 1644 2281 iri,
1680 2226 1737 2269 ut

162 2311 261 2363 hoc
310 2307 595 2377 negotium
644 2305 793 2361 solus
826 2307 1109 2377 suscipiat,
1147 2322 1269 2362 cum
1302 2307 1599 2377 pra-sertim
1628 2308 1743 2375 epi-

159 2412 386 2467 scopum
418 2398 621 2453 habeat
668 2399 783 2454 hac
811 2398 1050 2453 Ecclesia
1081 2397 1374 2464 Meletium,
1410 2398 1505 2465 qui
1542 2412 1642 2452 nec
1674 2396 1740 2451 ad

158 2489 438 2545 sevenire
491 2498 686 2560 potest,
739 2506 839 2547 nec
894 2490 1007 2560 ipse
1059 2490 1126 2544 ad
1175 2505 1320 2553 eum,
1372 2500 1483 2543 tum
1522 2498 1744 2559 propter

160 2580 361 2636 hiemis
419 2582 722 2647 molestias,
782 2593 893 2637 tum
948 2592 1166 2654 propter
1211 2582 1483 2637 Armeniae
1537 2593 1746 2637 montes

160 2673 312 2727 brevi
343 2673 644 2744 impervios
677 2672 887 2730 futuros
924 2675 1084 2730 etiam
1117 2684 1263 2729 recte
1294 2674 1615 2740 valentibus,
1649 2690 1743 2729 ne-

160 2765 284 2816 dum
310 2763 416 2818 sibi
446 2763 603 2834 longa
630 2765 948 2834 aegritudine
973 2763 1241 2819 confecto.
1270 2764 1375 2819 Sed
1406 2776 1580 2819 tamen
1610 2764 1747 2817 scri-

162 2862 383 2921 pturum
410 2868 475 2909 se
508 2857 576 2909 ad
610 2869 733 2910 eum
765 2855 1070 2924 profitetur,
1103 2854 1352 2924 quamvis
1384 2868 1490 2906 non
1520 2854 1743 2907 multum

163 2955 344 3012 speret
396 2961 468 3001 ex
517 2947 620 3000 hoc
666 2945 904 2998 inanimo
958 2958 1226 3002 sermone.
1277 2942 1529 2998 Dolorem
1589 2960 1746 2998 suum

164 3036 338 3090 obiter
367 3036 663 3104 signiﬁcat,
696 3034 840 3104 quod
872 3049 905 3089 a
957 3034 1231 3091 Dorotheo
1264 3036 1493 3091 diacono
1526 3035 1747 3091 didicis-

1841 1955 1981 1994 anuo
2005 1939 2108 1994 569
2128 1951 2181 1994 et
2206 1939 2327 1994 δη.
2358 1939 2547 1995 Utrum
2575 1951 2751 1996 autem
2786 1957 2927 1999 anno
2954 1942 3056 1999 369
3088 1945 3407 2001 Antiochum

1844 2034 2144 2090 Samosatis
2191 2032 2403 2098 viderit,
2446 2032 2496 2085 id
2543 2035 2701 2101 plane
2735 2034 3018 2090 incertum.
3060 2034 3411 2093 Restituenda

1842 2141 1970 2196 ergo
1994 2129 2107 2181 haec
2132 2124 2355 2194 epistola
2384 2124 2635 2192 Eusebio,
2661 2134 2716 2179 et
2742 2141 2972 2195 sequens
3002 2127 3263 2183 Antiocho
3292 2143 3410 2182 ser-

1845 2219 2034 2275 vanda.
2074 2217 2127 2272 in
2172 2232 2276 2285 qua
2318 2216 2548 2274 Basilius
2583 2218 2632 2273 ei
2675 2218 3021 2274 commendat
3065 2219 3288 2275 fratrem
3321 2237 3412 2275 ca-

1845 2306 1998 2361 melis
2027 2306 2395 2376 przepositum.

1916 2395 2003 2451 IX.
2036 2396 2327 2451 Cousultus
2370 2397 2598 2453 Basilius
2630 2396 2698 2452 ab
2726 2396 3012 2467 Eupaterio
3038 2399 3264 2469 ejusque
3303 2399 3411 2454 lilia

1846 2487 1911 2543 de
1944 2489 2101 2543 rebus
2128 2487 2462 2559 dogmaticis,
2479 2502 2686 2558 magna
2711 2490 2969 2559 voluptati
2996 2488 3203 2545 litteras
3223 2504 3411 2545 eorum

1846 2583 1946 2638 sibi
1977 2581 2141 2637 fuisse
2173 2580 2470 2652 significat;
2501 2580 2733 2635 libenter
2775 2581 2918 2635 enim
2946 2596 3004 2635 se
3046 2578 3131 2638 his
3158 2584 3225 2639 de
3255 2582 3415 2638 rebus

1846 2676 2186 2745 interrogari.
2223 2676 2532 2745 Respondet
2580 2689 2640 2730 se
2684 2673 2954 2729 Nicatnam
2982 2674 3140 2729 fidem
3164 2674 3415 2731 omnibus

1845 2768 1965 2821 aliis
1994 2777 2177 2837 postea
2210 2766 2530 2836 excogitatis
2558 2764 2836 2834 praeferi-e.
2867 2765 2973 2822 Sed
2999 2776 3217 2837 propter
3237 2767 3411 2823 haere-

1847 2860 1971 2920 sim.
1997 2873 2116 2929 quae
2151 2874 2323 2928 nuper
2357 2858 2650 2924 prodierat,
2689 2857 2810 2912 fidei
2848 2857 3080 2913 Nio'enae
3110 2857 3415 2914 addendam

1846 2962 1966 3002 esse
1986 2956 2167 3001 censet
2188 2946 2633 3017 glorificatienem
2657 2945 2891 3016 Spiritus
2914 2946 3085 3003 sancti
3111 2961 3232 3002 cum
3256 2946 3416 3004 Patre

1847 3051 1901 3094 et
1931 3040 2094 3095 Filio.
2135 3040 2348 3110 Scripta
2393 3054 2521 3109 ergo
2554 3039 2669 3094 haec
2702 3040 2926 3109 epistola
2958 3049 3239 3110 postquam
3261 3040 3419 3095 Basi-

165 3136 267 3191 set,
302 3125 597 3195 Evagrium
630 3125 774 3179 illius
800 3136 1101 3183 conventus
1136 3129 1453 3197 participem
1490 3142 1611 3184 esse
1643 3145 1743 3184 no-
1774 3160 1817 3218 ε
1850 3130 1952 3185 lius
1984 3129 2225 3185 formulae
2252 3129 2481 3185 Nicaeum
2509 3128 2953 3199 glorificatiouem
2979 3131 3211 3200 Spiritus
3242 3134 3418 3188 sancti

168 3218 365 3282 luisse;
400 3226 598 3271 contra
632 3232 793 3287 quam
832 3219 935 3274 sibi
965 3219 1225 3276 Caesareae
1257 3221 1601 3291 promiserat.

238 3308 314 3364 De
340 3308 625 3363 mittendis
673 3310 727 3363 in
775 3308 1124 3367 Occidentem
1155 3312 1350 3383 legatis
1382 3312 1522 3367 idem
1558 3313 1745 3381 sentit,

168 3402 307 3469 quod
331 3400 453 3467 jam
486 3402 541 3456 in
572 3402 815 3472 pluribus
842 3402 1087 3474 epistolis
1114 3405 1216 3459 hoc
1243 3420 1384 3460 anno
1419 3405 1741 3461 declaravit.

170 3491 339 3563 Negat
364 3508 425 3548 se
452 3508 777 3564 quemquam
807 3495 1006 3550 habere
1028 3510 1186 3563 quem
1217 3496 1427 3564 mittat;
1467 3512 1570 3550 non
1601 3497 1745 3550 enim

171 3586 221 3641 ei
271 3601 499 3656 operam
553 3588 822 3641 navabant
870 3588 1110 3655 episcopi
1156 3602 1172 3640 :
1215 3588 1507 3642 mittendos
1566 3596 1745 3643 autem

170 3678 455 3743 episcopos
504 3674 761 3728 censebat
793 3673 1076 3745 Evagrius.
1125 3676 1285 3746 idque
1315 3676 1747 3732 Occidentalium

173 3767 353 3819 verbis
410 3766 780 3821 nuntiaverat.
829 3765 1100 3824 Pra'terea
1158 3769 1495 3825 subobscure
1545 3771 1752 3827 indicat

174 3855 406 3910 Basilius
438 3872 629 3927 parum
660 3858 763 3913 sibi
796 3859 1111 3917 satisfacere
1136 3859 1534 3929 Occidentales,
1560 3879 1661 3920 nec
1691 3880 1751 3921 se

174 3951 301 4018 quid
359 3950 443 4005 eis
490 3952 833 4007 scribendum
864 3955 959 4019 sit,
993 3964 1085 4009 aut
1119 3955 1248 4025 quid
1279 3970 1346 4011 ex
1378 3956 1640 4026 ejusmodi
1666 3956 1753 4011 Iit-

178 4045 307 4099 teris
360 4044 693 4115 sperandum
741 4046 945 4102 videre.
993 4047 1259 4104 Caterum
1316 4048 1371 4103 in
1417 4051 1519 4105 hoc
1570 4064 1750 4105 rerum

175 4144 315 4189 statu
363 4142 637 4204 precatur,
692 4145 751 4191 ut
783 4137 923 4192 inter
955 4147 1163 4207 septem
1201 4140 1347 4196 mille
1379 4141 1525 4197 viros
1559 4156 1753 4197 nume-

179 4237 353 4291 retur,
384 4228 476 4297 qui
513 4240 649 4298 genu
682 4239 807 4283 ante
836 4230 963 4283 Baal
993 4245 1097 4285 non
1130 4231 1484 4288 incurvavere
1509 4251 1523 4287 :
1546 4243 1600 4289 et
1630 4249 1752 4289 cum

179 4317 422 4372 animam
449 4333 601 4371 suam
637 4317 704 4371 ab
739 4318 1012 4377 baareticis
1045 4320 1215 4390 quzeri
1265 4322 1451 4387 sciret,
1483 4326 1548 4378 de
1574 4326 1755 4379 studio

180 4405 442 4464 Ecclesiis
471 4409 650 4465 debito
674 4409 805 4464 nihil
831 4426 889 4466 se
925 4414 1275 4469 remissurum
1302 4413 1585 4484 promittit.

1850 3237 1972 3276 cum
2010 3220 2170 3278 Patre
2196 3232 2250 3277 et
2275 3218 2414 3277 Filio
2440 3220 2739 3276 addendam
2761 3223 2989 3277 censuit.
3019 3222 3070 3275 Id
3097 3232 3274 3277 autem
3304 3234 3417 3278 tum

1849 3314 2063 3369 demum
2096 3314 2308 3369 videtur
2345 3314 2645 3379 censuisse,
2689 3329 2815 3369 cum
2858 3315 3221 3379 Eustathium,
3254 3316 3417 3373 veluti

1848 3407 2132 3473 quemdam
2167 3404 2441 3471 Proteum,
2470 3405 2843 3476 constringere
2876 3406 3064 3462 voluit.
3089 3406 3266 3474 Quare
3299 3417 3420 3477 post

1850 3494 1978 3548 illud
2003 3496 2218 3564 quidem
2252 3505 2459 3566 tempus
2483 3498 2682 3563 scripta
2712 3499 2825 3553 haec
2852 3499 3099 3567 epistola,
3121 3500 3213 3555 sed
3238 3507 3421 3558 tamen

1850 3594 2139 3656 antequam
2187 3586 2453 3642 Eustathii
2503 3596 2557 3642 et
2601 3587 2829 3643 aliorum
2876 3589 3217 3645 inimicorum
3268 3606 3420 3648 novas

1851 3677 2156 3733 molitiones
2192 3678 2447 3733 Basilium
2494 3679 2548 3734 in
2578 3680 2734 3735 triste
2757 3681 3026 3749 quoddam
3062 3681 3330 3737 silentium
3362 3694 3419 3739 et

1852 3772 2177 3841 suspiciosus
2200 3771 2477 3827 cautiones
2503 3772 2894 3841 conjecissent;
2928 3774 3001 3828 ita
3031 3785 3088 3828 ut
3115 3790 3219 3831 non
3249 3776 3423 3831 liben-

1855 3870 1937 3916 ter
1984 3864 2048 3917 de
2095 3865 2251 3919 rebus
2285 3863 2604 3934 dogmaticis
2633 3868 3006 3937 responderet,
3036 3878 3092 3923 ut
3120 3870 3422 3927 videbimus

1854 3968 1998 4007 anno
2029 3956 2295 4024 sequenti.

1922 4043 2155 4101 Basilius
2184 4046 2339 4102 initio
2381 4048 2724 4119 episcOpatus
2765 4049 2930 4105 multa
2973 4050 3040 4105 ad
3080 4052 3420 4122 disciplinam

1855 4136 2241 4192 emendandam
2287 4138 2625 4207 decreverat,
2675 4141 2728 4195 in
2775 4141 2859 4196 his
2893 4151 2954 4197 ut
2998 4157 3065 4196 ne
3114 4142 3202 4197 cui
3235 4144 3424 4198 liceret

1856 4226 2039 4281 uxoris
2090 4236 2313 4283 morture
2348 4240 2590 4283 sororem
2643 4228 2694 4282 in
2748 4228 3152 4282 matrimonium
3202 4229 3422 4285 ducere.

1858 4315 1964 4371 Sed
1994 4318 2199 4386 aliquot
2226 4318 2386 4372 annis
2412 4317 2610 4387 elapsis
2641 4317 2892 4384 prodiere
2922 4318 3020 4372 sub
3052 4319 3272 4373 nomine
3300 4318 3423 4372 Dio-

1859 4409 1975 4463 dori
2019 4408 2313 4480 presbyteri
2368 4408 2558 4462 litterae
2608 4408 2673 4463 ad
2729 4407 3095 4464 defensionem
3161 4408 3421 4477 ejusmodi

248 4497 373 4552 lam
423 4502 667 4558 luserant
703 4517 922 4573 operam
959 4506 1141 4560 Ariani
1191 4507 1347 4562 initio
1392 4505 1553 4573 hujus
1601 4506 1750 4571 anni,
1786 4506 1829 4560 Ι)
1861 4501 2323 4554 matrimoniorum
2356 4502 2688 4569 compositae,
2738 4517 2873 4571 quas
2906 4503 3123 4571 quidam
3166 4502 3421 4567 ostendit,

181 4590 309 4641 dum
362 4589 585 4647 insidias
629 4593 828 4649 Basilio
864 4604 1102 4652 struunt.
1134 4595 1239 4651 Sed
1276 4612 1618 4668 nequaquam
1658 4597 1752 4651 de-

185 4681 310 4735 fessi
362 4680 503 4735 idem
553 4700 742 4740 rursus
794 4685 1031 4757 aggressi
1061 4700 1208 4753 sunt,
1242 4687 1467 4757 ejusque
1513 4689 1747 4743 animam

184 4770 501 4841 quaerebant
532 4784 642 4829 tum
669 4792 788 4831 cum
833 4778 1061 4848 Evagrio
1086 4780 1369 4835 scriberet.
1400 4777 1535 4832 Mala
1558 4792 1749 4833 eorum

184 4862 413 4916 consilia
444 4861 644 4917 indicat
673 4865 725 4919 in
757 4867 978 4937 epistola
1005 4868 1249 4935 sequenti
1274 4867 1383 4939 (b),
1422 4868 1473 4923 in
1508 4882 1613 4937 qua
1644 4867 1754 4921 Eu-

185 4952 399 5005 sebium
440 4962 609 5022 rogat,
646 4965 705 5007 ut
750 4972 846 5025 pro
882 4972 940 5013 se
966 4956 1137 5011 Deum
1170 4970 1440 5027 precetur,
1477 4968 1535 5013 ut
1564 4973 1755 5027 quem-

187 5045 479 5100 admodum
512 5062 540 5101 a
572 5050 856 5117 praeteritis
905 5051 1314 5115 tentationibus,
1367 5054 1442 5107 ita
1477 5050 1647 5109 etiam
1687 5053 1755 5107 ab

189 5132 595 5191 imminentibus
634 5134 910 5193 liberetur.
946 5140 999 5195 In
1043 5142 1227 5195 eadem
1261 5142 1482 5211 epistola
1512 5141 1751 5197 dolorem

191 5239 347 5277 suum
395 5227 679 5298 significat,
722 5230 865 5298 quod
909 5232 1198 5288 Eusebium
1250 5235 1527 5301 praeterita
1570 5243 1759 5288 testate

192 5330 299 5370 oon
346 5316 952 5391 viderit:queriturque
992 5325 1133 5394 quod
1180 5322 1448 5379 Eusebius
1496 5326 1563 5379 ad
1595 5339 1655 5379 se
1695 5340 1759 5379 ne

193 5408 397 5462 scribat
424 5411 673 5477 quidem;
721 5415 865 5470 unde
894 5413 1011 5483 ejus
1042 5417 1283 5470 absentia
1318 5430 1422 5470 non
1464 5415 1555 5469 alii
1585 5431 1762 5471 causa:

199 5498 503 5566 tribuenda,
548 5501 651 5555 nisi
698 5504 840 5573 quod
889 5505 1037 5573 piger
1078 5506 1147 5559 sit
1184 5506 1251 5559 ad
1292 5503 1760 5575 peregrinationes

196 5587 478 5645 charitatis
509 5605 670 5646 causa
704 5596 1093 5664 suscipiendas.

264 5700 341 5771 (α)
382 5701 549 5769 Epist.
584 5704 704 5759 I56.

266 5777 339 5843 (ἐν)
380 5771 545 5841 Epist.
578 5776 701 5827 157.

520 5865 787 5927 ΡΑτιιοι..
836 5867 949 5926 Gn.
999 5870 1234 5929 XXIX.

1858 4592 1950 4645 sed
1983 4607 2168 4646 rursus
2199 4591 2441 4654 abstulit,
2469 4600 2524 4647 et
2550 4603 2737 4647 contra
2766 4592 3021 4647 Basilium
3052 4592 3217 4649 veluti
3249 4594 3424 4662 quod-

1858 4681 1980 4737 dam
2010 4691 2266 4753 tropteum
2292 4682 2641 4747 circumtulit,
2672 4684 2937 4739 licentiam
2978 4685 3226 4739 dictitans
3254 4701 3308 4739 se
3328 4684 3426 4738 Ita-

1862 4772 1977 4829 bere
1998 4778 2190 4843 scripto
2228 4778 2559 4830 mandatam.
2607 4774 2816 4844 Quibus
2838 4792 2905 4833 ex
2939 4777 3121 4832 verbis
3154 4776 3428 4848 colligitur

1862 4883 1982 4922 eum
2034 4866 2366 4923 commisisse
2401 4870 2541 4937 quod
2588 4870 2935 4939 prohibuerat
2976 4869 3224 4924 Basilius.
3248 4869 3303 4925 Si
3330 4872 3429 4926 has

1864 4960 2073 5013 litteras
2104 4960 2383 5015 habuisset
2428 4962 2682 5026 Basilius,
2719 4963 2947 5017 libenter
2977 4962 3212 5018 Diodoro
3243 4963 3427 5017 misis-

1863 5060 1979 5107 set:
2025 5051 2119 5105 sed
2150 5068 2272 5106 cum
2321 5053 2537 5106 minime
2579 5053 2867 5117 dubitaret,
2906 5054 3035 5122 quin
3070 5054 3184 5122 ejus
3224 5053 3425 5107 nomini

1862 5158 1958 5213 per
1982 5142 2223 5198 fraudem
2255 5144 2444 5199 alIicta:
2480 5147 2723 5211 fuissent,
2750 5146 2894 5215 prior
2922 5146 3035 5217 ipse
3065 5147 3179 5201 illas
3209 5146 3425 5211 refellit,

1864 5242 1923 5287 ut
1960 5234 2154 5303 duplici
2187 5251 2345 5288 manu
2379 5246 2785 5305 oppugnentur;
2818 5238 2957 5291 idem
2983 5237 3125 5291 enim
3159 5234 3426 5291 facturum

1860 5320 2149 5376 Diodorum
2197 5325 2473 5393 sperabat.
2528 5325 2815 5379 Decretum
2863 5342 3018 5379 suum
3075 5326 3313 5381 defendit
3360 5341 3427 5379 cx

1858 5415 2245 5471 consuetudine
2296 5416 2550 5472 Ecclesiae
2602 5415 2950 5473 Caesariensis
2985 5436 3000 5473 :
3033 5417 3268 5485 explicat
3324 5430 3427 5468 cur

1858 5504 2067 5575 Moyses
2092 5522 2153 5560 ea
2187 5508 2251 5561 de
2276 5523 2334 5562 re
2363 5508 2591 5571 siluerit,
2609 5511 2691 5564 vel
2719 5512 2895 5581 potius
2924 5525 3029 5564 non
3061 5509 3272 5564 siluisse
3294 5520 3429 5559 con-

1862 5597 2060 5651 tendit:
2084 5601 2385 5653 naturalem
2420 5603 2791 5672 cognatioucm
2828 5604 2911 5657 his
2940 5601 3138 5671 nuptiis
3164 5596 3429 5656 conitmdi

1947 5706 2012 5773 (c)
2055 5708 2217 5775 Epist.
2252 5711 2370 5764 158.

1939 5776 2014 5845 (ά)
2055 5778 2219 5847 Epist.
2262 5780 2375 5833 its.

3072 5873 3109 5929 Ιι
