4080 6312
689 385 751 424 εχ
763 383 851 423 νηί

2055 364 2580 422 PROLEGOMENA.

692 494 1044 549 demonstrat.
1074 487 1322 547 Clansula
1370 487 1612 559 epistole
1651 489 1846 558 probat
1894 487 2001 541 hoc
2048 486 2257 541 facinus
2290 490 2336 547 Α
2362 491 2508 557 gravi
2539 501 2703 542 causa
2745 489 2870 559 poni
2916 503 3020 543 non
3052 488 3234 544 debet.
3283 489 3485 545 Deinde
3517 503 3645 544 vero
3675 487 3929 544 Basiliam

696 587 749 639 in
780 582 1109 653 Cappadocia
1140 581 1484 635 commissum
1511 596 1617 634 non
1666 580 1833 635 fuisse
1861 599 1874 633 :
1906 577 2102 632 Precor
2159 596 2260 631 au-

695 685 815 735 tem,
849 673 1039 743 inquit,
1074 681 1128 725 ut
1168 671 1244 724 uel
1278 681 1455 725 nostra
1486 672 1779 725 admonitio
1812 669 1991 723 vitium
2025 679 2259 736 superet,

694 766 771 818 vel
817 782 920 819 non
961 773 1135 832 serpat
1177 764 1230 817 in
1279 773 1511 817 nostram
1542 764 1799 833 regionem
1841 768 1938 815 hoc
1968 762 2258 829 piaculum,

693 858 781 909 sed
808 858 861 908 in
887 858 1069 925 quibus
1116 856 1407 908 admissum
1447 866 1520 908 est
1550 856 1699 919 locis,
1732 856 1785 908 in
1819 855 1899 907 his
1930 864 2260 921 permaneat.

693 946 967 1001 Laudatur
1010 948 1122 1001 hec
1163 948 1388 1016 epistola
1436 947 1486 1001 in
1521 961 1727 1001 canone
1769 947 1861 1011 Ξῖ),
1894 962 1982 1016 ep.
2031 946 2154 1009 199,
2198 960 2262 999 ac

692 1040 916 1109 proinde
943 1040 1140 1107 scripta
1168 1050 1251 1094 est
1277 1050 1403 1094 ante
1433 1054 1630 1093 annum
1662 1040 1788 1094 575.
1817 1038 2038 1109 Aliquot
2088 1052 2261 1091 annos

691 1129 961 1185 efﬂuxisse
990 1132 1058 1186 ab
1088 1132 1237 1186 initio
1262 1134 1606 1201 episcopatus
1633 1133 1832 1186 indicat
1852 1131 2102 1193 Basilius,
2135 1146 2257 1183 cum

692 1224 769 1276 ait
799 1224 874 1293 (a)
901 1238 960 1278 se
1000 1224 1064 1277 ab
1102 1224 1257 1277 initio
1289 1223 1390 1277 has
1419 1226 1633 1293 nuptias
1680 1224 2040 1294 prohibuisse.
2084 1222 2260 1287 Quare

690 1315 965 1383 probabile
1017 1325 1101 1369 est
1159 1330 1283 1369 eum
1334 1316 1618 1385 scripsisse
1682 1317 1914 1371 Diodoro
1964 1327 2104 1369 anno
2155 1315 2259 1369 373

690 1417 782 1461 aut
814 1406 935 1463 574.

1254 1502 1479 1559 CAPUT
1528 1502 1700 1557 XXX.

687 1593 727 1647 Ι.
759 1593 993 1649 Basilius
1026 1611 1165 1648 anno
1203 1596 1305 1650 574
1329 1597 1537 1649 ineunte
1570 1598 1782 1656 interest
1805 1594 1975 1663 funeri
2012 1592 2252 1661 Gregorii

756 1667 943 1732 patris.
992 1665 1184 1719 Scribit
1232 1667 1595 1733 Amphilochio
1642 1680 1815 1717 recens
1872 1664 2133 1718 ordinato.
2188 1663 2251 1716 ll.

755 1734 921 1804 Αἴθη
952 1736 1130 1789 scribit
1161 1739 1228 1790 ad
1250 1736 1311 1793 S.
1340 1736 1643 1797 Eusebium,
1661 1743 1708 1787 et
1725 1750 1813 1801 per
1831 1734 2251 1804 Amphilochium

754 1802 1105 1859 ad‘Jooinum
1131 1808 1383 1859 comitem.
1418 1805 1495 1860 0b
1550 1808 1763 1859 missum
1793 1821 1977 1869 corpus
2009 1802 2069 1858 S.
2095 1804 2251 1861 Sabe

756 1877 954 1945 gratias
985 1877 1093 1945 agit
1136 1875 1377 1928 Ascholio
1412 1888 1459 1929 et
1505 1874 1730 1929 Sorano.
1760 1873 1844 1945 ill.
1878 1874 2138 1928 Exsilium
2187 1872 2247 1926 S.

758 1944 996 2015 Eusebii,
1021 1944 1088 1997 ad
1120 1962 1268 2015 quem
1295 1945 1527 2013 epistola:
1558 1945 1679 2009 166,
1710 1944 1832 2009 167,
1862 1961 1976 2015 que
2000 1960 2101 1997 non
2128 1952 2249 1996 sunt

754 2013 967 2069 Basilii.
1001 2015 1088 2097 [ν.
1118 2014 1193 2070 De
1222 2016 1461 2097 Glycerio
1492 2016 1712 2097 diacono
1730 2016 1823 2097 qui
1850 2013 1966 2097 cum
1991 2016 2248 2097 v‘i'qgirzurit

754 2102 905 2155 grege
934 2086 1238 2154 aufugerat.
1271 2081 1333 2138 ι’.
1370 2086 1443 2139 De
1467 2086 1697 2152 epistolis
1726 2081 1978 2139 172-175.
2008 2081 2095 2155 Vl.
2128 2081 2250 2135 Fu-

754 2151 928 2209 roi'in
954 2151 1210 2208 Basiliam
1254 2151 1617 2210 hereticorum
1649 2157 1734 2209 die
1777 2157 1910 2226 [esto
1942 2155 2001 2226 S:
2036 2151 2245 2226 Eupsy-

752 2226 881 2279 chii.
911 2226 1043 2279 lude
1077 2236 1200 2278 nata
1250 2227 1453 2279 occasio
1483 2226 1745 2278 scribendi
1785 2224 1907 2277 libri
1946 2224 2009 2277 de
2049 2224 2250 2289 Spiritu

750 2308 958 2353 sancto.
992 2294 1100 2351 VII.
1135 2294 1385 2359 Epistole
1414 2298 1483 2347 ad
1534 2294 1953 2363 conjurationem
1990 2294 2116 2347 armi
2147 2293 2250 2347 574

750 2377 1059 2433 spectantes.
1090 2365 1221 2419 Vill.
1253 2364 1540 2418 Nonnulla:
1569 2365 1690 2417 alia:
1732 2366 1801 2417 ad
1830 2363 2248 2430 Samosatenses,

756 2440 824 2488 ad
852 2438 1115 2503 episcopos
1144 2434 1371 2488 Eusebio
1399 2437 1596 2489 amicos
1628 2445 1675 2489 et
1706 2436 1776 2488 ad
1787 2434 2143 2503 Antipatrum.

754 2527 799 2582 l.
826 2526 1047 2582 Ineunte
1075 2542 1218 2582 anno
1252 2527 1355 2582 574
1384 2526 1715 2581 Nazianzum
1747 2540 1807 2580 se
1845 2525 2072 2579 contulit
2096 2522 2250 2578 Basi-

679 2620 805 2687 lius,
838 2629 897 2673 ut
942 2618 1203 2689 Gregorio
1248 2619 1389 2689 patri
1446 2627 1658 2672 mortuo
1697 2617 1841 2686 justa
1890 2616 2248 2687 persolveret,

678 2712 902 2782 ejusque
944 2710 1204 2766 familiam
1256 2710 1311 2765 in
1363 2712 1467 2766 hoc
1514 2710 1659 2764 luctu
1706 2709 1995 2765 solaretur.
2033 2708 2249 2763 Patrem

677 2802 923 2856 oratione
950 2801 1163 2858 funebri
1207 2801 1445 2857 laudavit
1488 2800 1783 2871 Gregorius
1815 2802 2065 2855 audiente
2100 2801 2254 2855 Basi-

676 2894 770 2961 lio,
803 2894 955 2964 cujus
987 2911 1016 2948 a
1047 2894 1299 2949 laudibus
1331 2894 1545 2947 initium
1579 2892 1793 2946 dicendi
1826 2891 1979 2954 facit,
2016 2907 2250 2961 eumque

677 2988 928 3041 hortatur
968 2986 1045 3056 (b)
1096 2994 1157 3038 ut
1200 3000 1357 3039 suum
1402 2997 1616 3051 quoque
1664 2981 1935 3051 eloquium
1971 2983 2253 3050 deprontat

677 3078 733 3132 in
759 3076 1027 3131 laudando
1057 3083 1231 3145 patre,
1270 3074 1355 3129 cui
1392 3072 1577 3127 multis
1605 3072 1916 3127 nominibus
1954 3072 2253 3126 obstrictus

2368 580 2549 634 invisit
2570 582 2755 636 statim
2785 590 2905 650 post
2929 580 3132 635 Pascha
3158 580 3605 649 Amphilochius;
3635 581 3782 649 quod
3810 582 3929 651 qui-

2366 675 2485 727 dem
2514 688 2618 727 non
2650 673 2860 727 videtur
2883 672 3079 727 fecisse
3110 674 3292 727 statim
3338 680 3461 743 post
3508 672 3929 736 ordinationem,

2365 780 2525 834 quam
2554 764 2791 819 diﬁlciles
2824 774 2879 819 et
2912 765 3235 819 necessarie
3263 764 3649 833 occupationes
3675 764 3929 832 subsequi

2366 856 2682 909 debuerunt.
2719 855 3054 910 Prohabilius
3089 870 3219 924 ergo
3250 864 3335 909 est
3370 855 3505 911 duos
3539 855 3659 909 illos
3686 863 3931 920 eventus,

2366 948 2453 1017 qui
2492 949 2681 1002 eodem
2711 958 2949 1017 tempore
2980 949 3346 1018 contigerunt,
3375 949 3780 1002 ordinationem
3809 950 3936 1000 Am-

2366 1040 2616 1107 philochii
2650 1050 2704 1093 et
2733 1050 2957 1094 mortem
2984 1039 3252 1111 Gregorii,
3284 1039 3370 1094 vel
3394 1055 3536 1094 anno
3560 1040 3667 1093 373
3700 1050 3931 1094 exeunte

2364 1133 2671 1200 contigisse,
2720 1148 2826 1185 non
2879 1136 3046 1185 multo
3096 1142 3217 1201 post
3269 1132 3458 1186 Basilii
3518 1131 3584 1184 ad
3641 1131 3932 1201 Evagrium

2363 1224 2666 1289 epistolam,
2718 1226 2770 1275 in
2823 1238 2925 1287 qua
2966 1222 3122 1292 longa
3156 1238 3213 1277 se
3250 1221 3575 1291 egritudine
3623 1222 3817 1274 confici
3863 1221 3938 1273 ait

2363 1314 2615 1378 Basilius,
2664 1316 2847 1368 itidem
2898 1327 2955 1368 ut
3003 1316 3052 1368 in
3108 1316 3332 1383 epistola
3387 1317 3451 1367 ad
3491 1313 3934 1380 Amphilochium

2364 1422 2550 1459 recens
2583 1407 2887 1461 ordinatum
2915 1425 2929 1473 ;
2962 1407 3044 1460 vel
3078 1407 3233 1460 initio
3266 1408 3389 1459 anni
3419 1405 3554 1470 574,
3598 1407 3645 1459 si
3681 1406 3803 1474 quis
3829 1404 3937 1458 ble-

2367 1496 2495 1550 neis
2519 1495 2827 1551 Grecorum
2872 1498 3139 1552 inhaerere
3163 1498 3335 1550 malit.

2432 1631 2691 1685 Basilium
2733 1631 2799 1701 (e)
2832 1640 3112 1701 rogaverat
3146 1639 3356 1683 mortuo
3398 1627 3669 1683 Faustino
3698 1627 3937 1682 Ecclesia

2360 1722 2675 1786 lconiensis,
2708 1733 2763 1776 ut
2790 1723 2888 1775 sibi
2918 1723 3227 1790 episcopum
3256 1722 3436 1775 daret.
3481 1720 3795 1775 Verisimile
3832 1736 3937 1773 non

2284 1850 2327 1906 Β
2360 1824 2445 1869 est
2475 1804 2732 1868 Basiliam
2762 1812 2861 1865 hoc
2905 1810 3138 1865 olIiciutn
3182 1811 3494 1865 exhibuisse
3525 1811 3935 1877 lconiensibus;

2356 1909 2551 1978 quippe
2577 1922 2699 1961 cum
2727 1903 3109 1975 Amphilochio
3132 1917 3319 1956 recens
3343 1903 3594 1958 ordinato
3619 1902 3935 1973 gratulandi

2354 1998 2436 2050 vel
2466 1998 2645 2066 potius
2670 1996 2979 2050 consolandi
3004 2003 3059 2048 et
3083 1991 3406 2047 adhortandi
3434 2008 3596 2046 causa
3623 1994 3933 2062 scripserit.

2356 2089 2553 2144 Statim
2602 2089 2745 2141 enim
2798 2096 2960 2155 atque
3009 2086 3292 2139 ordinatus
3343 2083 3447 2137 fuit
3491 2085 3938 2151 Amphilochius,

2354 2197 2491 2237 onus
2528 2180 2628 2235 sibi
2658 2179 2968 2247 impositum
3015 2179 3068 2232 in
3105 2178 3299 2233 litteris
3331 2178 3396 2232 ad
3440 2177 3699 2231 Basilium
3730 2176 3938 2241 missis,

2356 2286 2414 2328 ut
2438 2274 2610 2343 majus
2633 2272 2837 2325 viribus
2858 2271 2991 2333 suis,
3018 2269 3186 2323 luxit:
3210 2285 3475 2339 suumque
3502 2270 3746 2325 dolorem
3771 2278 3942 2323 testa-

2353 2368 2513 2422 batur
2545 2365 2714 2435 quod,
2749 2379 2871 2419 cum
2904 2364 3164 2418 hactenus
3188 2364 3447 2418 Basiliam
3482 2363 3729 2434 fugisset,
3759 2376 3831 2417 ne
3873 2362 3941 2416 ab

2354 2473 2418 2513 eo
2444 2458 2806 2521 ordinaretur,
2838 2456 2889 2509 in
2920 2452 3175 2508 Pisidiam
3211 2456 3434 2509 veniens
3459 2456 3529 2509 ibi
3556 2456 3936 2524 episcopatum

2356 2550 2600 2619 accipere
2625 2558 2847 2603 coactus
2874 2557 3036 2602 esset.
3077 2546 3147 2600 At
3192 2544 3424 2599 Basilius
3474 2545 3743 2614 ejusmodi
3776 2547 3935 2601 ordi-

2356 2642 2628 2695 nationem
2660 2640 2918 2694 ntiracnlo
2966 2654 3154 2693 carere
3204 2647 3399 2707 negat;
3443 2636 3670 2703 ideoque
3703 2638 3939 2707 Amphi-

2355 2734 2587 2788 lochium
2631 2734 2783 2803 jubet
2816 2748 2917 2787 non
2965 2733 3271 2802 impositum
3305 2745 3442 2785 onus
3474 2728 3788 2793 lamentari,
3840 2732 3938 2785 sed

2355 2826 2536 2882 divino
2573 2826 2773 2879 auxilio
2796 2824 3156 2880 confidentem
3189 2824 3419 2878 viriliter
3442 2835 3623 2889 agere,
3656 2830 3712 2874 ct
3740 2835 3936 2875 navem

2355 2934 2532 2989 prave
2569 2920 2827 2973 doctrine
2863 2916 3114 2973 fluctibus
3159 2915 3577 2971 immersabilem
3629 2914 3938 2967 custodire.

2358 3012 2529 3080 Rogat
2556 3012 2681 3064 utsi
2712 3025 2768 3065 se
2816 3012 2970 3079 longa
3022 3010 3342 3081 egritudine
3370 3009 3438 3063 ad
3480 3008 3684 3063 exitum
3734 3020 3939 3076 prapo-

2359 3113 2565 3157 rantem
2592 3102 2825 3155 invisere
2846 3102 2992 3166 velit,
3016 3116 3115 3155 nec
3142 3113 3354 3171 tempus
3380 3116 3478 3155 nec
3500 3101 3712 3169 signum
3740 3114 3942 3168 exspe-

675 3178 815 3233 εηίν
863 3177 1047 3261 υιβοίεξ
1093 3167 1237 3222 illius
1282 3179 1463 3261 Pw"
1513 3164 1565 3261 i'_‘
1615 3163 2249 3261 Sede'gucrwifnsé'P
2280 3190 2321 3246 C
2357 3205 2485 3251 ctet.
2514 3192 2693 3248 Monet
2721 3202 2778 3246 ut
2804 3163 3092 3261 diligenter
3141 3163 3329 3245 caveat
3358 3208 3425 3246 ne
3456 3208 3515 3247 se
3547 3163 3731 3261 pravis
3764 3163 3941 3247 mori-

674 3268 892 3314 evectus
918 3269 971 3313 et
997 3258 1065 3313 ab
1094 3273 1159 3313 eo
1198 3257 1504 3313 ordinatus.
1536 3255 1736 3312 Probat
1765 3256 2143 3311 Tillemontius
2174 3254 2243 3325 (ε)

674 3354 731 3407 id
760 3353 1053 3422 contigisse
1088 3351 1249 3405 initio
1282 3352 1428 3404 veris
1461 3365 1527 3403 ex
1557 3350 1783 3418 epistola
1814 3350 1904 3415 27,
1939 3351 1988 3402 in
2016 3366 2119 3420 qua
2146 3349 2251 3403 Ba-

674 3444 827 3499 silius
850 3443 1036 3513 pedem
1062 3458 1119 3498 se
1142 3442 1303 3497 domo
1325 3456 1427 3496 non
1456 3442 1719 3496 extulisse
1747 3442 1847 3495 hac
1869 3441 2048 3497 hieme
2083 3450 2251 3496 testa-

675 3545 783 3591 tur.
819 3536 975 3590 Aliud
1010 3545 1386 3605 argumentum
1434 3535 1569 3604 petit
1614 3547 1682 3586 ex
1733 3532 2078 3586 ordinatione
2119 3532 2251 3585 Am-

674 3626 953 3695 philochii,
978 3640 1097 3695 que
1136 3626 1187 3678 in
1221 3625 1359 3678 idem
1398 3637 1606 3693 tempus
1638 3624 1847 3689 incidit,
1894 3636 1957 3676 ac
1996 3622 2249 3690 Gregorii

674 3718 964 3787 exsequie,
990 3716 1182 3786 quibus
1228 3714 1474 3771 interfuit
1519 3715 1776 3771 Basilius.
1800 3713 2243 3785 Amphilochium

675 3822 852 3866 autem
885 3812 1038 3867 initio
1073 3811 1217 3865 veris
1249 3811 1554 3866 ordinatum
1586 3808 1756 3864 fuisse
1789 3810 2118 3879 suspicatur,
2148 3806 2250 3860 hac

673 3904 833 3958 nixus
877 3905 1212 3971 conjectura,
1260 3904 1401 3973 quod
1465 3918 1570 3956 non
1620 3903 1869 3973 proxime
1922 3899 2253 3956 successerit

673 3992 933 4047 Faustino
959 3994 1231 4062 preterita
1259 4002 1446 4047 estate
1478 4002 1709 4056 mortuo,
1746 3995 1838 4047 sed
1867 3994 2008 4047 inter
2035 4002 2247 4046 utrum-

674 4096 782 4151 que
815 4082 1103 4137 bereticus
1139 4081 1359 4152 quidam
1391 4081 1703 4149 interjectus
1737 4080 1917 4134 fuerit.
1953 4080 2239 4150 Conjectu-

673 4188 788 4229 ram
817 4173 958 4228 eruit
987 4188 1053 4228 ex
1082 4174 1165 4228 his
1196 4173 1376 4228 verbis
1405 4171 1587 4227 Basilii
1614 4170 1681 4224 ad
1707 4170 2136 4240 Amphilochium
2165 4168 2245 4239 (ά)

674 4277 864 4317 recens
899 4264 1204 4317 ordinatum
1252 4262 1509 4316 :lnimici
1555 4270 1795 4331 pereunt,
1842 4268 1898 4312 ut
1938 4276 2029 4312 rex
2074 4257 2244 4313 Israel

673 4353 787 4421 ﬁat.
822 4351 945 4407 Plus
992 4352 1335 4407 tribuendum
1372 4362 1526 4423 putat
1574 4352 1657 4407 his
1690 4350 2043 4423 conjecturis,
2081 4364 2241 4417 quam

672 4441 889 4497 leneis
911 4439 1112 4495 Grece
1144 4441 1418 4505 Ecclesie,
1446 4455 1567 4509 que
1596 4440 1837 4494 natalitia
1871 4436 2122 4507 Gregorii
2151 4452 2241 4492 ce-

672 4533 845 4588 lebrat
876 4532 1131 4587 Kalendis
1158 4530 1428 4587 Januarii.

745 4624 1007 4693 Equidem
1048 4624 1341 4677 doctissimi
1373 4622 1471 4676 viri
1506 4621 1837 4689 argumentis
1867 4622 1941 4675 uti
1977 4635 2081 4674 non
2110 4633 2239 4686 pos-

672 4734 811 4773 sum.
847 4718 979 4772 Nam
1010 4716 1232 4785 epistola
1258 4716 1347 4779 27,
1393 4731 1459 4769 ex
1488 4730 1592 4784 qua
1622 4714 1821 4784 colligit
1855 4715 2111 4769 Basilium
2140 4713 2242 4767 hac

674 4812 851 4864 hieme.
876 4812 1064 4879 pedem
1096 4808 1253 4862 domo
1278 4823 1378 4861 non
1410 4808 1691 4870 extulisse,
1717 4816 1841 4861 ante
1866 4807 2239 4876 episcopatum

674 4905 895 4972 scripta,
925 4912 984 4956 ut
1028 4916 1189 4971 supra
1231 4902 1679 4955 demonstratum.
1716 4896 2030 4965 lnterjectus
2060 4904 2241 4948 autem

674 4995 991 5049 Faustinum
1028 4995 1169 5049 inter
1207 5005 1260 5049 et
1307 4992 1742 5061 Amphilochium
1795 4991 2080 5044 hereticus
2118 5002 2244 5041 eva-

676 5088 847 5141 nescit
877 5088 929 5141 in
960 5087 1061 5141 hac
1087 5101 1220 5139 nova
1256 5089 1513 5140 editione.
1544 5084 1795 5154 Legimus
1823 5083 1967 5136 enim
2003 5096 2122 5133 cum
2151 5093 2244 5133 co-

675 5180 883 5233 dicibus
912 5194 1039 5232 mss.
1061 5196 1074 5231 z
1095 5177 1266 5233 Asina:
1284 5188 1520 5245 pereunt,
1553 5187 1607 5228 ut
1638 5191 1730 5228 rex
1762 5173 1932 5227 Israel
1960 5172 2077 5241 ﬁat.
2112 5172 2240 5223 Am-

674 5268 933 5339 philochii
963 5270 1230 5324 ordinatio
1256 5272 1320 5323 ad
1344 5270 1555 5324 initium
1583 5268 1723 5321 veris
1747 5265 1873 5319 anni
1905 5264 2009 5317 574
2038 5260 2239 5315 dillerri

677 5375 781 5414 non
834 5372 1025 5430 potest.
1065 5360 1196 5414 Tam
1247 5359 1463 5428 longum
1515 5357 1657 5410 enim
1707 5352 2045 5408 intervallum
2100 5349 2243 5402 inter

675 5463 901 5507 mortem
934 5452 1201 5517 Faustini,
1227 5451 1688 5506 etordiuationem
1715 5445 2095 5517 Amphilocbii,
2128 5446 2246 5497 sine

745 5612 822 5679 (a)
860 5609 926 5664 Ν.
958 5613 1008 5666 1.

746 5683 816 5747 (b)
856 5680 985 5733 Νη.
1017 5697 1096 5733 or.
1138 5682 1225 5735 19.

748 5760 814 5821 (ς)
855 5752 972 5801 Nm.
999 5751 1068 5803 ΞΟ
1103 5753 1153 5801 iu
1186 5751 1324 5803 .V'az.

750 5822 822 5881 (tl)
864 5818 1034 5885 Epist.
1079 5822 1195 5871 lb'l.

2358 3291 2455 3342 bus
2506 3288 2677 3353 abripi
2723 3287 2898 3352 sinat;
2942 3283 3032 3339 sed
3077 3283 3299 3337 missum
3357 3301 3416 3339 se
3445 3301 3566 3341 esse
3596 3287 3939 3351 meminerit,

2355 3395 2459 3433 non
2514 3390 2572 3432 ut
2612 3380 2745 3433 alios
2776 3387 3060 3447 sequatur,
3090 3376 3183 3431 sed
3215 3385 3274 3430 ut
3306 3377 3421 3446 ipsc
3449 3390 3653 3445 preeat
3697 3381 3788 3437 bis
3844 3381 3938 3453 qui

2352 3471 2645 3525 salvantur.

2423 3584 2485 3638 ll.
2527 3584 2639 3637 lloc
2682 3597 2821 3637 anno
2849 3589 2970 3651 post
3029 3579 3169 3635 diem
3219 3578 3440 3635 Pascbe
3487 3578 3721 3635 Basilius
3754 3582 3829 3651 (Ῑ)
3887 3582 3941 3635 in

2354 3689 2569 3745 gravem
2603 3674 2847 3729 morbum
2881 3672 3087 3741 incidit,
3112 3672 3373 3738 febribus,
3407 3676 3612 3728 ventris
3642 3675 3945 3729 resolutio-

2355 3766 2514 3819 nibus
2533 3777 2586 3819 ct
2605 3766 2871 3819 viscerum
2941 3766 3393 3821 commotionibus
3423 3766 3680 3836 agitatus.
3734 3767 3797 3822 lu
3838 3768 3944 3822 hoc

2353 3865 2495 3908 statu
2531 3864 2669 3917 erat,
2699 3870 2821 3907 cum
2877 3870 2975 3923 per
3034 3856 3334 3909 Baracbum
3398 3858 3619 3926 scripsit
3673 3858 3940 3923 Eusebio,

2354 3947 2438 4000 cui
2469 3946 2719 4001 morbum
2750 3959 2997 4012 excusat,
3027 3947 3168 4016 quod
3199 3962 3308 4000 non
3354 3948 3420 4001 ad
3456 3964 3579 4003 eum
3614 3952 3943 4019 proficisca-

2356 4047 2460 4090 tur.
2490 4036 2754 4090 Ceterum
2795 4051 2852 4090 se
2881 4037 3023 4091 vires
3058 4038 3124 4091 ad
3156 4036 3261 4091 hoc
3316 4036 3420 4090 iter
3479 4050 3940 4107 recuperaturum

2352 4138 2550 4197 sperat,
2575 4130 2617 4182 si
2650 4144 2745 4198 pro
2791 4143 2850 4183 se
2888 4128 3158 4185 Eusebius
3204 4140 3481 4199 precetur.
3512 4130 3748 4185 Tantum
3790 4136 3943 4189 enim

2354 4223 2499 4277 illius
2531 4223 2785 4291 precibus
2822 4224 3152 4286 conﬁdebat,
3178 4232 3237 4277 ut
3264 4238 3323 4279 se
3376 4226 3544 4280 etiam
3577 4225 3843 4295 juvenem
3878 4244 3944 4282 ex

2352 4333 2499 4381 sene,
2526 4333 2630 4371 nou
2668 4318 2824 4371 modo
2852 4327 3100 4386 vegetum
3127 4332 3195 4371 ex
3224 4317 3442 4373 infirmo
3492 4328 3549 4373 et
3599 4334 3832 4389 prorsus
3862 4330 3948 4374 at-

2354 4416 2597 4469 tenuato,
2635 4405 2749 4460 fieri
2790 4421 2948 4475 posse
2978 4407 3247 4463 crederet.

2422 4519 2597 4574 Testis
2646 4520 2743 4574 fuit
2800 4521 2958 4587 hujus
3011 4519 3183 4575 morbi
3246 4522 3663 4593 Amphilochius
3693 4524 3792 4594 (g),
3848 4528 3941 4595 qui

2358 4612 2629 4676 Basilium,
2667 4620 2726 4664 ut
2792 4623 3008 4681 rogatus
3042 4610 3239 4679 fuerat,
3284 4615 3491 4678 invisit,
3526 4629 3589 4668 ac
3644 4618 3739 4671 diu
3787 4634 3945 4673 com-

2355 4714 2593 4760 moratus
2618 4714 2697 4758 est
2720 4703 3000 4768 Cesaree,
3034 4720 3137 4760 non
3182 4707 3355 4761 solum
3383 4716 3747 4777 egrotantem
3780 4712 3943 4765 Basi-

2357 4800 2486 4853 lium
2517 4796 2753 4852 ofﬁciosa
2796 4798 3080 4853 sedulitate
3125 4798 3347 4863 fovens,
3380 4803 3475 4855 sed
3509 4802 3676 4856 etiam
3737 4804 3947 4873 populo

2354 4890 2518 4943 divini
2572 4889 2719 4942 verbi
2754 4889 2949 4957 pabula
3006 4891 3345 4945 ministrans.
3394 4890 3549 4948 Unde
3605 4892 3856 4948 Basilius
3893 4895 3945 4947 in

2353 4982 2577 5053 epistola
2627 4980 2700 5050 (h)
2733 4981 2836 5035 hoc
2867 4996 3009 5036 anno
3068 4992 3193 5035 ante
3248 4998 3487 5039 mensem
3553 4986 3947 5055 Septembrem

2352 5076 2548 5144 scripta
2600 5075 2677 5126 sic
2719 5086 2842 5127 eum
2900 5072 3196 5143 alloquitur
3240 5091 3255 5130 :
3319 5073 3461 5127 Nam
3510 5093 3831 5145 persuasum
3878 5082 3949 5133 sit

2353 5168 2470 5231 tibi,
2504 5165 2695 5234 inquit,
2725 5163 2972 5232 populum
2999 5174 3260 5233 nostrum,
3292 5184 3411 5219 cum
3452 5168 3647 5218 multos
3691 5182 3947 5235 expertus

2352 5260 2441 5323 sit,
2473 5256 2667 5308 nullius
2696 5256 3029 5323 presentiam
3058 5255 3135 5308 ita
3166 5257 3489 5324 desiderare,
3511 5267 3567 5311 ut
3607 5268 3761 5311 tuom
3791 5277 3810 5314 :
3838 5274 3953 5312 tan-

2356 5357 2464 5401 tum
2487 5348 2535 5401 ei
2580 5347 2774 5400 amoris
2805 5346 3046 5399 aculeum
3106 5349 3246 5403 brevi
3300 5349 3393 5401 illo
3427 5364 3717 5418 congressu
3775 5351 3952 5402 immi-

2356 5442 2493 5496 sisti.
2525 5438 2747 5494 Videtur
2778 5440 3188 5510 Amphilochius
3219 5440 3423 5497 Basilio
3470 5442 3723 5499 attulisse
3761 5442 3949 5499 Jovinl

2446 5608 2493 5665 e)
2535 5598 2699 5666 Epist.
2731 5596 2851 5650 158.

2446 5608 2493 5665 e)
2535 5604 2699 5666 Epist.
2731 5604 2787 5649 15

2424 5604 2489 5737 lo
2525 5668 2620 5733 Ερ-
2665 5666 2787 5737 l6?-

2427 5735 2502 5804 (ς)
2530 5738 2627 5804 Ep-
2657 5735 2777 5804 ιβὸ-

2436 5802 2512 5869 p.)
2538 5803 2631 5868 Ep.
2665 5802 2784 5853 176.
