4080 6312
1513 402 1671 459 VITA
1713 404 1769 459 S.
1812 400 2078 462 BASlLll.

3267 428 3390 472 ςιιι

187 523 369 584 amitis
398 526 637 588 litteras,
688 531 743 577 et
770 520 942 577 eidem
999 515 1179 573 Basilii
1225 530 1542 586 responsum
1582 522 1729 576 ret'u-
1756 528 1809 586 Α
1838 518 2125 575 Fructibus
2175 524 2535 591 spiritua'libus
2590 525 2855 579 nationem
2898 534 3130 579 exteram
3177 530 3394 597 repleui-

162 625 302 679 lisse.

221 712 446 771 Junium
474 710 740 766 Soranum
774 705 960 763 limitis
983 705 1221 779 Scythici
1252 704 1443 759 ducem
1505 721 1727 777 rogave-

162 818 237 861 rat
268 803 530 867 Basilius,
569 811 629 856 ut
680 813 845 867 supra
896 799 1148 862 vidimus,
1184 804 1243 849 ut
1278 805 1575 865 martyrum
1605 796 1724 851 reli-

157 898 295 968 quiis
323 899 559 966 patriam
612 893 844 956 ditarct;
897 886 1333 961 quandoquidem
1383 886 1490 942 illic
1541 903 1727 957 perse-

158 988 326 1056 cutio,
362 992 483 1058 ipso
513 992 864 1038 asseverante
893 981 1120 1040 Sorano,
1165 988 1428 1048 martyres
1473 977 1726 1033 faciebat.

156 1080 267 1136 Non
299 1079 491 1151 segnis
524 1075 765 1130 Soranus
796 1076 847 1129 in
884 1071 1152 1127 mandatis
1182 1068 1365 1124 Basilii
1401 1069 1728 1124 exhaurien-

157 1169 232 1225 dis
257 1181 466 1235 corpus
494 1164 553 1219 S.
597 1163 775 1230 Salue,
805 1163 896 1233 qui
929 1176 1070 1214 anno
1116 1159 1223 1213 572
1270 1160 1356 1214 die
1418 1160 1486 1213 12
1532 1157 1731 1227 Aprilis

156 1275 349 1334 passus
379 1257 580 1324 fuerat,
607 1257 660 1311 in
688 1252 1083 1325 Cappadociam
1120 1254 1373 1321 perviros
1403 1252 1507 1304 lide
1534 1248 1728 1318 dignos

156 1354 338 1415 misit,
392 1366 520 1405 cum
560 1363 827 1405 c0Itscnsu
886 1346 1207 1416 presbyterii
1261 1346 1402 1398 illius
1449 1341 1726 1403 Ecclesia},

153 1459 266 1516 quae
310 1445 413 1499 bas
461 1443 719 1513 reliquias
790 1438 1118 1508 possidebat.
1181 1434 1536 1508 Optatissimo
1587 1433 1729 1487 dono

153 1535 420 1604 adjuncta
483 1542 640 1590 erant
694 1530 881 1583 Iittem
938 1528 1189 1584 Ecclesia:
1250 1526 1552 1586 Gotthicae,
1616 1531 1727 1578 tum

152 1628 313 1683 etiam
370 1628 495 1682 alia:
539 1626 677 1688 duae,
709 1622 946 1677 Ascbolii
999 1632 1052 1674 et
1082 1621 1300 1675 Sorani.
1333 1617 1555 1671 Etiamsi
1583 1618 1723 1672 enim

154 1719 442 1776 Ascholius
474 1715 755 1786 epistolam
780 1714 1032 1770 Ecclesiae
1055 1711 1342 1775 Gotthicaz,
1375 1718 1435 1765 ut
1453 1711 1727 1765 existimat

154 1810 557 1874 Tillemontius,
614 1810 898 1877 scripsisse
944 1807 1191 1870 dicatur;
1237 1814 1383 1858 certe
1418 1803 1576 1857 aliam
1629 1820 1726 1857 suo

153 1910 368 1960 nomine
391 1899 597 1971 adjecit
635 1874 742 1971 (a);
776 1899 907 1952 Nam
938 1896 1223 1951 Ascholius
1260 1897 1312 1950 in
1367 1897 1478 1950 suis
1524 1897 1587 1950 ad
1620 1895 1724 1948 Ba-
1758 1874 1798 1927 Β

152 1998 326 2052 silium
365 1996 569 2050 litteris
596 1993 847 2047 laudabat
876 2000 1121 2045 sanctum
1158 1990 1435 2061 Eutychen
1485 1999 1539 2043 et
1581 1987 1725 2057 Cap-

152 2088 453 2157 padociam,
492 2098 558 2139 ex
581 2097 685 2152 qua
706 2082 908 2136 semina
938 2082 1150 2152 pietatis
1172 2084 1309 2150 apud
1342 2078 1572 2135 Cottbos
1603 2094 1725 2146 per-

150 2187 437 2234 venerant.
478 2178 549 2230 At
578 2174 711 2229 nihil
754 2174 1017 2242 ejusmodi
1076 2175 1274 2241 legitur
1318 2172 1368 2223 in
1399 2170 1593 2223 litteris
1624 2170 1727 2223 Ec-

152 2273 323 2330 clesia:
353 2271 649 2328 Gottbicze.
707 2270 1013 2338 Quinetiam
1046 2286 1151 2323 non
1207 2267 1476 2322 immerito
1517 2268 1727 2322 dubite-

152 2378 255 2432 tur,
309 2384 384 2422 an
439 2366 749 2421 litterarum
805 2362 1059 2417 Ecclesia:
1112 2359 1379 2416 Gotthicae
1434 2371 1621 2417 auctor
1658 2362 1728 2417 sit

150 2469 367 2513 sanctus
401 2455 718 2511 Ascholius.
749 2452 882 2505 Nam
933 2467 1056 2505 cum
1086 2450 1168 2506 ba:
1192 2450 1387 2506 littera:
1416 2461 1725 2507 accuratam

149 2547 379 2603 habeant
434 2545 681 2615 martyrii
740 2542 912 2597 sancti
955 2540 1114 2596 Saba:
1170 2543 1631 2612 descriptionem;
1679 2544 1723 2598 si

150 2655 237 2694 eas
265 2636 589 2705 scripsisset
642 2645 866 2690 sanctus
909 2634 1234 2698 Ascholius,
1270 2649 1376 2688 non
1436 2633 1591 2688 video
1630 2649 1727 2688 cur

151 2729 341 2785 iterum
378 2729 438 2784 in
469 2727 598 2784 aliis
626 2730 690 2781 ad
717 2736 962 2783 sanctum
998 2724 1255 2780 Basilium
1286 2723 1480 2779 litteris
1528 2725 1723 2779 iterum

152 2822 283 2878 idem
324 2822 654 2893 martyrium
702 2820 1081 2890 descripsisset
1113 2836 1125 2871 :
1185 2819 1328 2889 quod
1365 2829 1541 2872 tamen
1570 2816 1725 2871 Basi-

151 2919 250 2973 lius
298 2920 369 2975 ab
421 2933 491 2971 eo
537 2926 770 2971 testatur
818 2914 1148 2982 descriptum
1190 2911 1353 2966 fuisse
1391 2912 1443 2964 in
1488 2910 1572 2964 illa
1611 2910 1726 2978 epi-

156 3010 313 3070 stola.
344 3021 469 3077 qua
503 3014 749 3060 sanctum
780 3005 1057 3076 Eutychen
1091 3016 1145 3059 et
1171 3003 1562 3073 Cappadociam
1608 3006 1725 3057 lau—

152 3100 327 3155 dabat.

221 3188 354 3246 Cum
388 3190 571 3244 sancti
605 3186 843 3243 Ascholii
874 3185 1070 3242 littera:
1117 3182 1353 3253 Spiritus
1380 3185 1552 3240 sancti
1598 3200 1723 3254 gra-
1750 3214 1791 3272 ο

155 3285 229 3339 tia
247 3294 549 3347 scaterent,
586 3282 737 3337 visus
770 3291 854 3336 est
893 3280 995 3335 sibi
1032 3278 1282 3342 Basilius,
1336 3280 1461 3332 dum
1504 3293 1599 3333 eas
1646 3278 1723 3333 le-

157 3385 324 3441 geret,
350 3374 552 3445 priscis
610 3373 944 3439 temporibus
1002 3368 1233 3433 versari,
1289 3384 1410 3423 cum
1461 3368 1722 3427 Ecclesia:

153 3480 358 3530 omnes,
384 3464 538 3519 velut
588 3466 753 3518 nmlta
781 3466 1020 3517 membra
1069 3462 1121 3515 in
1156 3475 1264 3514 uno
1291 3475 1537 3530 corpore,
1575 3462 1723 3517 miri-

156 3555 250 3609 lice
278 3556 689 3621 consentirent;
740 3570 861 3608 cum
920 3553 1193 3610 manifesti
1248 3563 1449 3619 essent,
1511 3561 1567 3611 et
1629 3556 1719 3623 qui

156 3646 633 3715 persequebantur,
663 3654 717 3698 et
743 3644 833 3713 qui
869 3646 1300 3715 persecutionem
1353 3645 1718 3715 patiebantur.

153 3736 325 3792 Rediit
392 3738 612 3791 animus
656 3733 841 3791 Basilii
881 3737 946 3791 ad
985 3738 1219 3806 priscam
1254 3737 1398 3790 illam
1431 3738 1722 3791 beatitudi-

153 3844 290 3897 nem,
326 3830 416 3885 ubi
472 3828 665 3883 litterae
709 3843 773 3883 ex
806 3838 1011 3883 remota
1060 3830 1282 3897 regione
1316 3837 1612 3892 venerunt,
1649 3826 1725 3880 di-

153 3916 397 3975 lectionis
448 3917 848 3988 pulchritudine
900 3916 1336 3984 elﬁorescentes;
1399 3934 1463 3973 ac
1518 3928 1724 3987 martyr

154 4010 361 4067 advenit
403 4027 434 4065 a
463 4011 709 4066 barbaris
755 4011 893 4066 ultra
950 4010 1147 4067 Istrum
1202 4012 1590 4078 habitantibus,
1625 4024 1725 4083 per

153 4118 208 4158 se
257 4105 374 4172 ipse
438 4103 737 4173 praedicans
786 4101 909 4159 lidei
981 4103 1090 4159 illic
1145 4104 1378 4174 vigentis
1435 4105 1720 4175 integrita-

154 4209 274 4254 tem.

218 4292 461 4362 Epistoia
528 4306 760 4363 sequens
805 4288 909 4360 (b),
960 4304 1081 4359 qua:
1133 4288 1305 4345 eidem
1354 4288 1608 4344 Ascholio
1666 4290 1720 4343 in

161 4384 409 4438 omnibus
464 4382 745 4439 codicibus
774 4396 905 4437 mss.
962 4391 1017 4436 et
1068 4380 1226 4436 editis
1282 4380 1618 4445 inscribitur,
1668 4381 1720 4434 in

153 4492 376 4548 magnas
431 4474 771 4532 dillicultates
815 4475 1213 4530 Tillemontium
1280 4474 1522 4543 coujicit.
1586 4472 1720 4527 Nam

1831 611 1967 665 sti...
1998 611 2066 663 Et
2111 628 2229 665 cum
2270 629 2362 682 pro
2408 617 2513 680 ﬁde
2560 617 2851 671 certamina
2897 616 3200 677 sustineres.
3230 619 3393 674 Deum

1830 701 2157 771 gloriﬁcabat
2184 705 2358 773 patria
2394 716 2592 771 nostra,
2628 709 2817 761 bonam
2856 719 3067 774 patrum
3118 708 3393 765 haeredita-

1831 799 1932 843 tent
1960 792 2014 844 in
2046 802 2094 844 te
2124 793 2344 847 audiens
2374 795 2644 849 custodiri.
2677 799 2737 851 9.-
2761 797 3074 853 Certissime
3104 800 3391 869 Cappadox

1832 897 1949 937 erat
1979 883 2169 941 Junius
2220 887 2481 940 Soranus.
2512 885 2582 938 At
2617 886 2753 941 idem
2809 891 2876 944 de
2921 888 2978 943 S.
3006 888 3259 944 Ascbolio
3285 892 3389 946 dici

1832 991 1937 1030 non
2004 987 2198 1046 potest,
2251 991 2413 1046 quem
2461 991 2734 1044 nunquam
2790 981 3003 1037 viderat
3046 979 3296 1045 Basilius,
3337 992 3393 1035 ut

1833 1077 1980 1135 patet
2007 1083 2070 1121 ex
2099 1069 2253 1124 initio
2282 1068 2525 1138 epistola:
2570 1065 2692 1121 154.
2719 1067 2774 1122 ln
2817 1072 3045 1125 secunda
3068 1074 3293 1143 epistola
3326 1075 3392 1127 ad

1832 1173 1952 1211 eum
1990 1160 2216 1230 scripta,
2244 1176 2364 1231 quas
2392 1170 2473 1217 est
2525 1159 2652 1228 16L,
2677 1161 2881 1229 gratias
2927 1165 2974 1216 ei
3009 1168 3117 1233 agit
3162 1164 3394 1220 Basilius

1830 1251 1971 1319 quod
2024 1250 2416 1320 Cappadociam
2476 1252 2795 1307 laudaverit.
2831 1253 3049 1308 Etiamsi
3088 1258 3390 1328 Cappadoci

1832 1344 2117 1397 conveniat
2144 1343 2363 1400 laudare
2394 1344 2817 1415 Cappadociam,
2845 1345 3035 1399 saltem
3079 1363 3242 1403 causa
3285 1368 3401 1422 non.

1831 1442 1950 1489 erat
1980 1450 2079 1489 cur
2104 1435 2152 1489 ei
2180 1437 2361 1505 gratiae
2401 1447 2708 1506 agerentur.
2752 1435 3018 1491 Praterea
3068 1451 3189 1507 quae
3231 1441 3298 1495 de
3330 1442 3391 1496 S.

1830 1523 2086 1579 Ascbolio
2112 1535 2295 1577 narrat
2341 1526 2681 1591 Ambrosius,
2710 1541 2833 1581 eum
2880 1526 2933 1581 iu
2968 1526 3169 1581 Achaia
3199 1538 3292 1581 aut
3317 1532 3388 1582 vi-

1830 1617 1968 1671 cinis
1991 1616 2295 1685 regionibus
2326 1626 2508 1670 natunt
2536 1633 2653 1671 esse
2682 1620 2930 1686 probant.
2982 1618 3085 1672 Ille
3114 1635 3170 1673 se
3209 1635 3396 1673 mona-

1829 1711 1998 1764 steriis
2027 1724 2156 1777 puer
2184 1710 2345 1776 dedit,
2378 1710 2551 1778 inquit
2592 1710 2651 1765 S.
2678 1710 2997 1767 Ambrosius
3025 1711 3120 1784 (c),
3160 1722 3206 1766 et
3251 1714 3391 1766 intra

1829 1805 2082 1856 Achaiam
2118 1811 2343 1871 angusto
2378 1804 2588 1856 clausus
2616 1804 2828 1873 tugurio
2849 1807 3020 1873 gratia
3048 1816 3219 1860 tamen
3251 1806 3391 1859 ntul-

1830 1905 2001 1947 tarum
2056 1905 2319 1948 terrarum
2355 1895 2652 1964 peragravit
2710 1897 2956 1950 divortia.
3018 1899 3076 1951 5ο
3120 1898 3235 1953 Νυη
3274 1901 3386 1969 ipse

1829 1984 2115 2039 Ascholius
2151 2002 2345 2055 corpus
2389 1988 2558 2041 sancti
2613 1984 2771 2041 Salue
2833 1987 2981 2041 misit
3024 1989 3077 2042 itt
3117 1988 3394 2059 Cappado-

1830 2074 1992 2138 ciam,
2030 2074 2123 2127 sed
2158 2074 2209 2127 id
2261 2076 2454 2130 Sorani
2487 2076 2634 2131 curis
2661 2076 2916 2131 tribuitur
2943 2077 2997 2131 iu
3027 2079 3250 2148 epistola
3288 2078 3391 2135 Ec-

1831 2163 2008 2218 clesiae
2048 2162 2333 2219 Gotthicae.
2380 2166 2568 2222 Melius
2596 2172 2726 2239 ergo
2785 2168 2835 2222 ei
2877 2172 3123 2238 congruit
3161 2172 3385 2241 epistola

1829 2257 1951 2318 165,
1989 2268 2171 2326 utpote
2202 2260 2268 2311 ad
2296 2274 2416 2313 eum
2450 2261 2674 2329 scripta,
2710 2264 2799 2333 qui
2840 2266 3071 2334 patriam
3101 2264 3204 2319 hoc
3249 2270 3389 2321 dono

1828 2360 2138 2403 ornaverat.
2170 2353 2225 2404 4⁸
2264 2350 2419 2407 Tunc
2441 2353 2673 2423 primum
2718 2373 2814 2426 per
2844 2358 3051 2413 litteras
3077 2359 3389 2415 Ascholium

1828 2453 2052 2497 noverat
2082 2442 2331 2510 Basilius,
2357 2461 2480 2500 cum
2521 2448 2743 2519 scripsit
2774 2452 3055 2519 epistolam
3082 2454 3171 2506 54.
3207 2453 3277 2508 At
3323 2455 3392 2519 is,

1827 2538 1893 2589 ad
1934 2551 2093 2605 quem
2127 2539 2327 2606 scripta
2353 2548 2435 2593 est
2472 2539 2698 2607 epistola
2722 2541 2844 2609 165,
2881 2544 3078 2597 dudum
3106 2561 3231 2600 cum
3288 2546 3394 2600 Ba-

1828 2629 1946 2682 silio
2003 2630 2238 2685 amicitia
2266 2639 2318 2686 et
2365 2632 2764 2689 necessitudine
2812 2636 3131 2705 conjunctus
3170 2648 3307 2703 erat,
3335 2649 3393 2693 ut

1828 2730 1971 2787 patet
1998 2737 2061 2775 ex
2101 2723 2182 2777 bis
2214 2724 2394 2778 verbis
2427 2740 2441 2777 :
2491 2722 2673 2780 Votum
2713 2727 2858 2782 nobis
2911 2732 3183 2800 antiquum
3224 2733 3392 2786 odua-

1825 2812 1978 2875 plevit
2009 2811 2147 2866 Deus
2174 2826 2411 2881 sanctus,
2460 2833 2580 2870 cum
2622 2818 2774 2871 nobis
2827 2820 3074 2887 dignatus
3101 2831 3177 2875 est
3204 2838 3389 2880 conce-

1825 2906 1967 2970 dere,
2000 2914 2055 2957 ut
2084 2921 2218 2959 eam
2248 2906 2456 2975 pietatis
2486 2918 2591 2963 tua:
2626 2908 2828 2963 litteras
2871 2911 3238 2978 acciperemus.
3274 2910 3390 2968 Hoc

1824 2997 1963 3050 enim
1992 2997 2286 3050 maximum
2319 3008 2394 3051 est
2424 3007 2474 3052 et
2490 3002 2716 3055 maxime
2746 3004 3115 3072 exoptandum,
3146 3006 3318 3061 videre
3344 3018 3395 3062 ts

1825 3098 1873 3141 et
1898 3089 2064 3142 videri
2085 3106 2117 3141 a
2144 3098 2213 3156 te,
2256 3106 2320 3143 ac
2359 3087 2587 3159 Spiritus
2610 3094 2783 3160 donis,
2818 3112 2935 3164 qute
2958 3100 3009 3154 in
3045 3107 3094 3151 te
3130 3110 3270 3161 sunt,
3302 3115 3396 3167 per

1828 3180 2169 3248 nosmetipsos
2192 3182 2414 3250 perfrui.
2440 3182 2545 3237 Sed
2569 3184 2692 3253 quia
2720 3186 2775 3237 id
2822 3197 2870 3240 et
2897 3186 2996 3241 loci
3024 3189 3274 3243 distantia
3294 3208 3393 3245 au-

1827 3270 1947 3335 fert,
1980 3278 2030 3323 et
2057 3271 2263 3340 negotia
2287 3272 2478 3341 quibus
2510 3276 2758 3343 privatim
2799 3284 3014 3346 uterque
3042 3290 3275 3332 nostrum
3302 3281 3391 3334 de-

1826 3365 2085 3416 tinentur:
2111 3363 2165 3416 in
2197 3364 2441 3418 secundis
2491 3366 2622 3420 uotis
2648 3366 2832 3434 fuerit,
2859 3376 2915 3420 ut
2943 3368 3122 3421 animo
3150 3368 3393 3437 [request-

1826 3456 1961 3511 tibus
2010 3466 2115 3510 tute
2162 3455 2215 3511 in
2255 3456 2465 3511 Christo
2514 3458 2787 3511 charitatis
2831 3457 3017 3514 litteris
3064 3461 3259 3514 alatur.
3294 3459 3393 3517 Bis

1826 3550 2064 3616 proiecto
2088 3550 2267 3605 verbis
2294 3548 2629 3619 signiﬁcatur
2656 3550 2876 3619 antiqua
2906 3552 3248 3608 necessitudo
3266 3567 3390 3607 cum

1827 3640 2042 3694 homine
2074 3642 2343 3696 diversum
2370 3657 2400 3694 a
2421 3640 2621 3696 Basilio
2642 3641 2853 3695 vivendi
2880 3656 3047 3713 genus
3069 3644 3355 3713 prollteute
3370 3683 3388 3709 ,

1825 3741 1879 3783 ct
1914 3729 2114 3800 idcirco
2141 3732 2194 3797 in
2226 3733 2426 3788 exteris
2448 3732 2758 3803 regionibus
2786 3746 3178 3791 commorante.

1898 3817 2010 3875 Hoc
2052 3820 2219 3875 semel
2248 3821 2423 3892 posito
2446 3822 2728 3893 epistolam
2754 3822 2855 3878 165
2883 3825 2948 3878 ad
2975 3823 3192 3879 Junium
3223 3826 3390 3881 Sora-

1828 3928 1956 3966 num
2003 3913 2259 3980 scriptam
2307 3929 2453 3979 esse,
2492 3932 2593 3971 non
2634 3917 2742 3984 jam
2787 3919 2893 3973 duo
2932 3927 3226 3989 martyrum
3260 3935 3384 3975 cor-

1829 4017 1955 4072 pora
1999 4003 2162 4057 variis
2207 4006 2536 4073 temporibus
2577 4006 2738 4061 missa
2782 4007 2834 4060 in
2860 4006 3250 4078 Cappadociam
3280 4010 3387 4067 dici

1825 4101 2069 4161 possunt.
2104 4089 2238 4146 Nam
2268 4109 2462 4165 corpus
2499 4094 2558 4151 S.
2592 4096 2747 4152 Saliae
2779 4099 2998 4153 missum
3032 4116 3059 4153 a
3088 4098 3249 4156 Junio
3289 4102 3391 4157 So-

1824 4194 2210 4239 ranotestatur
2265 4186 2490 4255 epistola
2545 4188 2797 4245 Ecclesia:
2826 4189 3388 4259 Gottlticaa;ejusdem

1826 4288 2143 4347 martyrium
2186 4278 2527 4333 describebat
2555 4290 2771 4335 sanctus
2795 4280 3098 4349 Ascbolius,
3123 4283 3387 4352 siquidem

1824 4383 1949 4421 eum
1980 4383 2075 4436 per
2106 4369 2281 4437 ignem
2310 4379 2363 4422 et
2403 4386 2596 4439 aquam
2644 4385 3072 4426 consummatum
3123 4374 3286 4431 fuisse
3317 4377 3392 4431 di-

1827 4459 2005 4521 ccbat,
2037 4468 2094 4512 ut
2130 4460 2183 4512 in
2239 4458 2353 4529 ipsa
2416 4459 2668 4515 Ecclesia:
2704 4462 2973 4518 Gotthicte
2997 4465 3222 4534 epistola
3256 4466 3399 4537 ἱραί-ι

154 4588 268 4626 cum
304 4574 370 4635 is,
400 4570 487 4625 cui
513 4570 714 4637 scripta
738 4579 839 4636 est,
865 4569 1154 4639 Cappadox
1188 4569 1369 4634 fuerit,
1400 4567 1715 4623 Ascholium
1748 4559 1792 4614 Ι)
1823 4566 1958 4606 "m3-

156 4666 205 4715 in
238 4662 581 4734 Cappadocia
619 4673 802 4716 natum
833 4676 955 4718 esse
1000 4662 1313 4727 existimat;
1348 4672 1403 4717 et
1432 4677 1554 4717 cum
1592 4676 1719 4732 gra-

153 4758 239 4812 tia:
273 4765 533 4827 agantur,
581 4754 763 4810 itidem
803 4763 864 4809 ut
897 4756 950 4809 in
1006 4754 1350 4824 praecedenti,
1377 4756 1446 4809 ob
1492 4755 1714 4809 missum

152 4847 405 4917 martyris
464 4859 687 4915 corpus,
735 4842 861 4899 inde
917 4838 1119 4913 colligit
1170 4842 1252 4895 vir
1315 4842 1559 4898 eruditus
1611 4843 1716 4897 duo

151 4949 447 5008 martyrum
475 4950 699 5006 corpora
726 4935 893 4989 variis
918 4934 1251 5004 temporibus
1285 4949 1314 4987 a
1364 4933 1423 4988 S.
1462 4933 1714 4989 Ascholio

152 5028 204 5083 iu
239 5026 635 5096 Cappadociam
664 5025 833 5079 missa
865 5037 1006 5079 esse.
1056 5025 1160 5079 Sed
1194 5024 1513 5079 certissimis
1546 5040 1713 5094 argu-

153 5118 348 5173 mentis
396 5115 609 5185 probari
653 5124 832 5183 potest
874 5114 1013 5169 hanc
1050 5115 1333 5183 epistolam
1367 5132 1473 5170 non
1505 5117 1714 5171 Ascho-

153 5209 221 5265 lio
277 5207 534 5275 scriptam
597 5207 785 5269 luisse,
833 5205 924 5260 sed
975 5203 1136 5259 Junio
1189 5206 1423 5273 Sorano,
1458 5208 1522 5262 sd
1552 5222 1712 5277 quem

154 5298 433 5370 epistolam
465 5295 565 5351 155
591 5298 882 5366 scripserat
916 5294 1174 5349 Basilius.

221 5393 358 5447 Nam
391 5390 447 5444 1ο
475 5388 705 5443 Basilius
733 5388 785 5441 in
814 5391 973 5457 epist.
997 5384 1101 5442 155
1157 5386 1422 5441 Soranum
1464 5398 1714 5443 numerat

153 5486 295 5542 ister
325 5498 441 5544 eos,
470 5481 562 5553 qui
598 5479 661 5533 ob
689 5478 894 5533 Domini
936 5496 1126 5534 nomen
1165 5479 1319 5550 libere
1349 5478 1634 5550 loquuntur
1659 5490 1709 5535 et

147 5573 403 5645 spiritales
428 5570 633 5639 fructus
663 5569 843 5623 edunt.
867 5567 959 5625 Sic
984 5568 1145 5624 etiam
1181 5569 1233 5623 in
1274 5567 1375 5623 hac
1394 5569 1550 5639 epist.
1580 5569 1708 5635 165,

216 5757 293 5825 (ιθ
325 5757 421 5825 Ep.
453 5754 581 5812 ist.

215 5825 289 5899 (ι)
316 5829 408 5899 κει.
440 5826 562 5883 ιθε.

1893 4640 2043 4697 Hanc
2076 4653 2254 4698 autem
2290 4644 2532 4701 laetitiam
2563 4654 2752 4701 sancto
2776 4644 2975 4702 Basilio
3008 4650 3389 4709 existimamus

1818 4735 2065 4789 evenisse
2098 4736 2199 4791 hoc
2222 4751 2365 4793 anno
2390 4737 2495 4793 574
2522 4778 2536 4802 ,
2568 4739 2691 4808 quia
2739 4755 2862 4794 cum
2910 4738 3142 4798 Basilius
3184 4755 3387 4815 marty-

1819 4842 1936 4881 rum
1970 4827 2221 4898 reliquias
2250 4844 2356 4884 non
2386 4831 2601 4899 petierit
2628 4847 2656 4884 a
2687 4830 2845 4887 Junio
2875 4833 3102 4901 Sorano,
3128 4839 3386 4894 nisianno

1825 4917 1931 4971 575
1990 4916 2214 4971 multum
2270 4928 2550 4988 provecto,
2600 4917 2816 4987 aliquod
2862 4921 3197 4977 intervallum
3260 4926 3383 4993 poni

1823 5013 1983 5066 debet
2006 5011 2148 5065 inter
2170 5011 2310 5064 illius
2338 5011 2547 5067 litteras
2575 5024 2631 5068 et
2668 5013 3014 5083 reliquiarum
3070 5016 3379 5073 adventum.

1819 5102 2075 5158 Testatur
2104 5104 2318 5173 quidem
2349 5104 2585 5161 Ecclesia
2612 5106 2858 5163 Gotthiea
2908 5118 3153 5163 sanctum
3186 5111 3385 5167 Sabam

1817 5193 1993 5263 pridie
2042 5193 2167 5249 ldus
2221 5194 2423 5264 Aprilis
2480 5212 2698 5267 passum
2738 5214 2859 5253 esse
2911 5214 3052 5256 anno
3113 5201 3240 5266 373,
3290 5204 3386 5259 sed

1816 5285 1935 5354 ejus
1968 5300 2164 5355 corpus
2188 5286 2368 5341 statim
2392 5302 2421 5341 a
2444 5285 2603 5344 Junio
2631 5288 2843 5346 Sorano
2870 5292 3094 5347 missum
3133 5308 3257 5350 esse
3277 5311 3386 5353 non

1818 5378 1970 5432 dicit.

1893 5476 1978 5530 Ill.
2011 5474 2129 5531 Jam
2165 5477 2231 5532 ab
2266 5493 2405 5534 anno
2451 5481 2723 5549 praeterito
2786 5480 3068 5537 Samosata
3114 5483 3383 5553 cogitabat

1818 5570 2071 5637 Basilius,
2109 5570 2201 5624 sed
2232 5571 2356 5627 huic
2407 5572 2629 5628 consilio
2658 5573 2871 5631 obstitit
2914 5575 3159 5632 exsilium
3206 5580 3384 5635 sancti

1891 5753 1965 5823 (c)
1996 5753 2091 5825 Ep.
2124 5754 2210 5819 15,
2238 5772 2291 5810 ιι.
2325 5755 2412 5812 ιε.
