4074 6312
750 375 849 418 αἰχ

2096 387 2623 443 PROLEGOMENA.

760 486 972 543 Eusebii
1005 488 1418 557 Samosatensis,
1445 494 1533 561 qui
1562 497 1773 551 tandem
1812 497 1911 550 hoc
1964 514 2107 557 anno
2136 520 2276 559 conse

2381 550 2388 566 ι
2422 508 2711 560 vehemens
2746 507 2960 562 Eusebii
3014 524 3164 564 amor
3215 519 3267 565 et
3296 512 3602 581 admiratio,
3632 514 3784 585 cujus
3830 512 3978 564 Ιίιιυ-

752 590 912 635 cutus
938 592 1040 645 est,
1082 584 1221 652 quod
1248 584 1560 652 jamdudum
1609 592 1708 646 sub
1768 592 1930 658 impio
1976 592 2311 665 «imperatore

751 671 961 727 invicta
985 673 1125 726 illius
1148 678 1460 731 constantia:
1484 689 1537 732 et
1562 682 1788 736 summis
1822 682 1889 736 de
1920 684 2160 743 Ecclesia
2196 704 2308 741 me-

750 764 869 818 ritis
928 763 1160 818 debitmn
1217 768 1515 825 videbatur.
1566 772 1617 825 Id
1647 786 1823 829 autem
1878 780 2167 849 contigisse
2211 780 2311 833 hoc

751 858 910 918 an'no,
944 866 1018 919 et;
1048 856 1261 925 quidem
1324 864 1468 917 circa
1499 877 1763 929 mstatem,
1819 882 1940 921 cum
1974 886 2041 925 ex
2085 872 2307 941 epistola

758 946 857 1000 l6?
892 956 1011 1014 post
1044 946 1248 1003 Pascha
1275 956 1470 1021 scripta
1505 959 1840 1024 perspicitur,
1863 960 1913 1012 in
1940 978 2043 1031 qua
2084 963 2309 1017 Basilius

744 1053 892 1106 spem
959 1039 1219 1095 invisendi
1288 1045 1503 1103 Eusebii
1569 1051 1742 1101 adlmc
1819 1055 2119 1122 retinebat;
2195 1066 2305 1109 tum

743 1132 905 1187 etiam
936 1152 1001 1190 ex
1031 1136 1189 1203 epist.
1221 1135 1344 1199 198,
1378 1155 1520 1194 anno
1550 1141 1672 1204 575.
1714 1153 1829 1211 post
1862 1143 2069 1200 Pascha
2117 1147 2305 1200 simili-

745 1234 825 1304 ter
851 1226 1071 1295 scripta,
1108 1229 1157 1282 in
1188 1244 1291 1299 qua
1326 1230 1556 1286 Basilius
1590 1234 1707 1300 plus
1733 1244 1961 1302 quatuor
1990 1236 2195 1291 litteras
2240 1241 2302 1290 ad

743 1309 1027 1370 Eusebium
1060 1320 1391 1375 exsulantem
1434 1322 1641 1376 misisse
1673 1340 1730 1379 se
1776 1336 2025 1392 testatur,
2056 1332 2303 1398 quamvis

741 1421 797 1459 se
829 1408 1055 1462 fateatur
1083 1428 1186 1463 nou
1223 1428 1358 1479 saepe
1398 1413 1699 1481 scripsisse.

812 1497 943 1552 Dum
990 1502 1038 1553 iu
1081 1502 1358 1555 Thraciam
1398 1502 1456 1558 S.
1508 1516 1712 1577 martyr
1762 1520 1901 1562 recta
1959 1513 2127 1567 tendit
2157 1513 2304 1582 (illnc

737 1590 881 1643 cnim
946 1593 1209 1661 relegatus
1252 1604 1335 1648 est
1390 1612 1417 1648 a
1468 1594 1735 1669 Valente),
1764 1614 1858 1670 per
1909 1602 2299 1674 Cappadociam

737 1683 972 1746 transiit,
1000 1684 1222 1753 ejusque
1253 1689 1538 1757 complexu
1568 1693 1770 1760 potitus
1810 1694 2020 1746 videtur
2045 1695 2296 1751 Basilius.

732 1772 867 1827 Nam
898 1776 949 1827 in
976 1777 1200 1845 epistola
1242 1778 1342 1832 168
1372 1782 1438 1832 ad
1490 1784 1807 1837 Antiochum
1841 1796 1895 1839 et
1935 1787 2067 1841 alios
2127 1790 2297 1844 Sancti

2418 612 2487 648 rae
2507 611 2609 650 non
2641 600 2810 653 solum
2837 614 2933 654 sua
2988 611 3177 669 sponte
3228 604 3381 657 utiles
3410 620 3531 659 esse
3585 610 3857 667 dicuntur,
3884 613 3978 659 sed

2412 689 2576 743 etiam
2608 692 2887 760 accipienti
2932 694 3069 761 apud
3099 695 3231 749 alios
3262 697 3501 751 homines
3532 699 3975 765 perhonorifica;

2410 780 2605 850 quippe
2633 798 2754 836 cum
2790 784 2841 837 in
2873 784 3054 853 aliquo
3088 789 3225 854 apud
3275 797 3482 843 tantum
3531 789 3701 842 virum
3748 806 3978 847 numero

2411 885 2532 925 esse
2588 874 3043 941 perhonorificum
3117 880 3208 931 sit.
3267 879 3389 935 llmc
3435 880 3657 950 epistola
3710 887 3980 953 reperitur

2408 963 2567 1017 etiam
2617 968 2755 1031 apud
2791 966 3133 1038 Gregorium,
3166 981 3357 1038 estque
3413 973 3551 1027 inter
3598 971 3739 1026 illius
3768 979 3977 1044 episto-

2410 1053 2488 1109 las
2517 1057 2885 1113 ducentesima
2910 1072 3125 1129 quarta.

2479 1146 2568 1202 IV.
2599 1146 2756 1203 Circa
2816 1150 2917 1205 hoc
2964 1162 3173 1222 tempus
3227 1152 3437 1207 videtur
3496 1156 3807 1211 collocanda
3840 1158 3976 1229 Gly-

2406 1240 2535 1293 cerii
2568 1240 2811 1295 historia.
2837 1238 2885 1294 Is
2912 1245 3265 1298 mona5ticam
3292 1244 3454 1296 vitam
3478 1244 3549 1316 (c)
3592 1246 3972 1316 profitebatur,

2406 1338 2459 1382 et
2487 1327 2747 1384 Venensis
2782 1328 3037 1385 Ecclesia:
3069 1334 3328 1389 diaconus
3366 1348 3393 1387 a
3445 1332 3501 1388 S.
3522 1333 3720 1391 Basilio
3748 1338 3974 1391 ordina-

2407 1429 2511 1487 tus,
2542 1432 2597 1475 ut
2654 1421 2971 1492 presbytero
3034 1426 3387 1491 ministraret,
3417 1437 3472 1480 et
3524 1441 3657 1494 opus
3712 1428 3973 1482 Ecclesia:

2405 1527 2618 1569 curaret
2648 1516 2773 1584 (non
2810 1514 2939 1569 laeve
2979 1516 3121 1570 enim
3174 1520 3423 1573 manibus
3462 1519 3829 1589 operabatur),
3863 1534 3969 1573 non

2405 1607 2561 1659 modo
2581 1622 2733 1674 opus,
2767 1606 2908 1673 quod
2956 1607 3003 1658 ei
3037 1610 3385 1662 commissum
3424 1620 3559 1673 erat,
3597 1610 3809 1677 penitus
3875 1626 3971 1662 nc-

2404 1697 2588 1765 gtexit,
2616 1699 2707 1750 sed
2748 1698 2909 1749 etiam
2942 1697 3145 1750 coactis
3188 1701 3393 1767 privata
3432 1702 3755 1755 auctoritate
3799 1702 3967 1754 mise—

2406 1788 2479 1840 ris
2507 1787 2826 1855 virginibus,
2852 1786 3049 1855 partim
3081 1802 3176 1840 Sllti
3219 1798 3409 1856 sponte
3433 1791 3499 1841 ad
3532 1806 3650 1843 eum
3673 1805 3966 1844 accurren-

733 1866 1063 1923 confessoris
1089 1872 1313 1924 comites
1338 1873 1564 1942 scripta,
1596 1878 1736 1943 quod
1774 1877 1837 1930 de
1877 1892 2061 1930 eorum
2115 1884 2295 1934 cordi-
2329 1864 2369 1921 Β
2402 1879 2562 1942 tibus,
2605 1878 2799 1946 partim
2830 1879 3013 1933 invitis
3035 1887 3089 1931 et
3120 1880 3569 1951 repugnantibus,
3603 1885 3764 1951 coepit
3794 1882 3969 1951 impe-

734 1961 835 2015 bus
862 1975 1180 2029 persuasum
1212 1963 1442 2018 habebat
1474 1964 1715 2031 Basilius,
1758 1969 1807 2022 id
1836 1984 1895 2023 se
1931 1971 2072 2026 facto
2097 1977 2295 2043 paulis-

729 2072 825 2125 per
846 2072 1031 2110 eorum
1054 2058 1290 2125 periculo
1315 2063 1655 2130 perspexisse
1693 2062 1949 2119 declarat.

799 2146 1058 2217 Gregorio
1097 2146 1436 2207 Nazianzeno
1479 2156 1665 2207 eadem
1691 2153 1922 2211 felicitas
1955 2174 2058 2212 non
2078 2160 2289 2228 obtigit.

729 2238 802 2291 Ita
836 2241 977 2293 enim
1018 2242 1330 2309 aegrotabat,
1367 2252 1422 2296 ut
1459 2260 1523 2298 ex
1568 2245 1773 2302 aedibus
1817 2252 2125 2320 prospicere
2184 2268 2287 2305 non

728 2339 936 2399 posset;
980 2347 1077 2386 nec
1104 2342 1281 2387 tamen
1342 2336 1579 2404 morbus,
1628 2341 1730 2394 etsi
1766 2343 2149 2410 gravissimus,
2182 2352 2286 2397 tam

727 2424 983 2480 molestus
1038 2425 1108 2479 illi
1140 2436 1279 2491 erat,
1316 2442 1475 2498 quam
1534 2432 1673 2500 quod
1722 2431 1950 2487 Eusebio
1995 2435 2285 2487 carendum

725 2524 886 2570 esset.
918 2516 1208 2586 Postquam
1234 2519 1495 2575 Eusebius
1539 2524 1601 2576 ad
1647 2522 1818 2577 locum
1875 2525 2053 2579 exsilii
2100 2541 2287 2596 pervc-

726 2608 822 2672 uit,
847 2609 1065 2676 scripsit
1100 2612 1169 2661 ad
1211 2626 1333 2663 eum
1382 2612 1675 2683 Gregorius
1705 2613 1780 2685 (α)
1823 2631 1886 2669 ac
1942 2619 2183 2685 rogavit,
2230 2629 2288 2672 ut

722 2696 865 2765 quod
889 2712 954 2751 ex
977 2698 1093 2767 ejus
1119 2713 1409 2779 congressu
1434 2705 1500 2757 ad
1538 2705 1731 2758 animae
1760 2706 1990 2761 salutem
2027 2712 2282 2779 consequi

722 2803 825 2842 non
852 2799 1117 2858 potuerat,
1146 2775 1198 2847 id
1227 2792 1324 2846 sibi
1357 2794 1606 2860 precibus
1646 2796 1783 2863 apud
1826 2796 1993 2852 Deum
2023 2775 2282 2855 concilia-

722 2888 837 2933 ret:
868 2896 1041 2952 neque
1061 2884 1201 2938 enim
1239 2882 1338 2937 viri
1372 2892 1449 2937 tot
1471 2886 1934 2952 persecutionibus
1966 2903 2062 2956 pro
2102 2889 2283 2943 Evan-

721 2972 857 3043 gelio
892 2975 1098 3043 probati
1148 2976 1325 3030 minus
1364 2977 1616 3046 prodesse
1656 2979 1794 3046 apud
1854 2977 2017 3033 Deum
2071 2995 2278 3050 preces,

720 3078 878 3131 quam
940 3065 1168 3133 alicujus
1224 3082 1289 3122 ex
1366 3068 1568 3123 sanctis
1637 3069 1964 3142 martyribus
2046 3073 2283 3141 patroci-

714 3161 882 3214 nium.

792 3250 1088 3320 Rescripsit
1122 3252 1385 3307 Eusebius
1412 3253 1704 3321 Gregorio,
1743 3271 1971 3325 eumque
2009 3260 2073 3311 de
2119 3261 2276 3314 rebus

713 3342 825 3395 suis
872 3342 1159 3396 certiorem
1185 3340 1330 3395 fecit.
1370 3339 1549 3407 Quare
1595 3358 1720 3395 cum
1760 3343 2068 3411 Eupraxius
2119 3346 2275 3414 paulo

718 3440 836 3499 post
867 3446 960 3500 per
998 3431 1390 3501 Cappadociam
1439 3434 1707 3487 transiens
1727 3434 1793 3487 ad
1820 3432 2112 3489 Eusebium
2152 3450 2271 3490 sese

709 3524 1004 3591 conferret,
1030 3534 1140 3577 tum
1173 3532 1232 3578 ut
1254 3523 1393 3578 illius
1433 3523 1643 3578 videndi
1674 3524 1998 3579 desiderium
2023 3525 2266 3590 satiaret,

713 3627 824 3671 tum
860 3628 917 3671 ut
943 3616 1116 3672 debita
1150 3616 1273 3671 huic
1308 3616 1531 3685 tempori
1559 3615 1733 3671 oﬂlcia
1772 3608 2084 3683 exhiberet;
2136 3617 2269 3672 Gre-

708 3710 891 3779 gorius
920 3709 1055 3763 hanc
1100 3709 1369 3764 scribendi
1396 3718 1451 3763 et
1480 3709 1775 3779 gratiarum
1810 3710 2136 3778 agendarum
2178 3725 2267 3765 oc-

707 3801 979 3855 casionem
1025 3815 1127 3854 non
1162 3801 1521 3869 praetermisit.
1552 3799 1674 3854 Haec
1696 3801 1839 3854 enim
1861 3800 2082 3869 epistola
2104 3840 2118 3864 ,
2150 3816 2269 3870 qua:

704 3900 789 3943 est
817 3889 957 3943 inter
1001 3889 1306 3943 Basiliauas
1338 3889 1464 3954 166,
1492 3896 1630 3960 apud
1655 3890 1971 3959 Gregorium
2006 3907 2134 3947 vero
2165 3894 2264 3947 tri-

703 3981 925 4044 cesima,
979 3980 1193 4034 videtur
1246 3981 1599 4048 adjudicanda
1664 3982 1941 4052 Gregorio.
2020 3984 2263 4052 Gregorii

705 4072 899 4142 stylum
932 4072 1103 4140 magis
1145 4071 1386 4125 redolent
1426 4075 1541 4127 haec
1576 4075 1839 4127 orationis
1875 4086 2194 4128 ornamenta
2246 4095 2259 4129 :

702 4162 776 4215 Ac
803 4162 1030 4230 patrium
1064 4162 1269 4230 quidem
1295 4161 1463 4216 solum
1490 4163 1676 4215 habent
1708 4163 1828 4224 alii,
1873 4179 1964 4215 nos
2014 4180 2133 4218 vero
2180 4183 2262 4218 su-

700 4269 913 4317 pernam
962 4254 1218 4307 civitatem
1255 4270 1273 4306 :
1326 4254 1419 4307 alii
1464 4265 1696 4308 nostrum
1739 4253 1964 4322 fortasse
1989 4256 2251 4323 thronum,

700 4362 793 4398 nos
818 4344 1103 4399 Christum.
1148 4345 1191 4399 0
1229 4347 1485 4411 praeclara
1535 4348 1849 4415 negotiatio!
1896 4348 2076 4414 qualia
2134 4366 2258 4404 con—

697 4436 1017 4501 tempsimus,
1046 4437 1225 4503 qualia
1264 4436 1457 4490 lucrati
1475 4454 1652 4491 sumus
1672 4438 1692 4490 .'
1716 4437 1830 4493 Huc
1874 4440 2081 4493 accedit
2111 4442 2255 4508 quod

2398 1971 2533 2025 rium
2555 1968 2732 2039 gregis
2778 1969 2880 2024 sibi
2911 1983 3200 2039 arrogare,
3228 1986 3292 2024 ac
3321 1973 3639 2040 patriarchm
3679 1989 3883 2029 nomen
3912 1986 3966 2027 et

2394 2061 2635 2117 habitum
2688 2062 2790 2116 sibi
2852 2076 3086 2126 sumere,
3121 2062 3241 2116 inde
3276 2064 3419 2118 velut
3471 2080 3535 2119 ex
3567 2069 3798 2134 quadam
3848 2078 3965 2121 arte

2393 2154 2593 2208 victum
2620 2154 2722 2209 sibi
2758 2168 3119 2223 comparans:
3156 2168 3450 2223 parumque
3478 2155 3663 2220 abfuit,
3704 2160 3837 2226 quin
3884 2168 3962 2211 to-

2394 2253 2498 2297 tam
2542 2242 2835 2299 Ecclesiam
2862 2243 3080 2298 sedibus
3110 2243 3222 2297 suis
3245 2256 3630 2298 commoveret.
3670 2244 3805 2299 Nam
3862 2262 3962 2301 nec

2390 2339 2766 2409 presbyterum
2796 2353 2976 2401 suum.
3017 2351 3115 2392 nec
3152 2336 3617 2405 chorepiscopum,
3660 2352 3759 2390 nec
3805 2337 3959 2391 Basi-

2391 2428 2521 2482 lium
2564 2432 2933 2492 reverehatur,
2976 2428 3355 2496 perpetuisque
3398 2427 3583 2478 urbem
3635 2425 3957 2480 tumultibus

2385 2534 2452 2575 ac
2478 2520 2784 2575 universum
2816 2520 3017 2574 clerum
3044 2518 3419 2588 permiscebat.
3446 2516 3682 2571 Tandem
3720 2532 3749 2571 a
3805 2518 3956 2573 Basi-

2387 2612 2459 2669 lio
2485 2624 2539 2668 et
2579 2614 2965 2682 chorepiscopo
3016 2612 3207 2666 leviter
3259 2611 3439 2667 verbis
3491 2610 3834 2681 objurgatus,
3889 2628 3955 2667 ue

2385 2716 2722 2775 contemptor
2744 2706 2993 2758 evaderet
3014 2704 3157 2775 (nam
3174 2704 3400 2771 juvenes
3431 2705 3591 2759 etiam
3618 2706 3682 2759 ad
3703 2708 3950 2760 eamdem

2385 2796 2776 2852 contumaciam
2802 2797 3131 2861 exercebat),
3159 2795 3367 2849 facinus
3392 2796 3677 2850 admodum
3693 2796 3870 2850 audax
3899 2805 3952 2849 et

2393 2887 2743 2940 inhumanum
2804 2885 3123 2954 excogitat:
3204 2884 3478 2952 virgines,
3535 2896 3802 2953 quotquot
3857 2903 3949 2954 po—

2382 2978 2503 3041 tuit,
2537 2992 2631 3045 per
2660 2975 2994 3044 sacrilegium
3020 2974 3312 3043 praedatus,
3340 2983 3496 3029 nocte
3521 2975 3833 3037 observata,
3869 2976 3949 3027 fu-

2382 3084 2502 3139 gam
2532 3068 2783 3136 capessit.
2812 3064 2909 3119 Bei
2946 3066 3245 3119 molestiam
3280 3074 3334 3119 et
3362 3064 3618 3119 facinoris
3648 3066 3943 3135 nequitiam

2386 3170 2593 3228 tempus
2630 3158 2878 3228 augebat.
2906 3156 3056 3209 Tunc
3090 3156 3231 3209 enim
3266 3156 3344 3225 (ά)
3370 3156 3438 3207 ibi
3475 3154 3764 3207 habebatur
3820 3174 3946 3211 con-

2378 3262 2575 3314 ventus,
2608 3260 2761 3319 atque
2806 3250 2984 3318 ingens
3047 3248 3427 3316 undecunque,
3462 3256 3516 3299 ut
3561 3264 3657 3316 par
3689 3258 3795 3311 est,
3827 3266 3944 3303 con-

2373 3344 2563 3411 ﬂuebat
2598 3343 2894 3396 multitudo.
2935 3340 3035 3396 Ille
3066 3354 3238 3395 autem
3272 3343 3497 3397 vicissim
3539 3344 3757 3397 chorum
3784 3362 3938 3399 suum

2373 3434 2687 3499 introduxit,
2734 3434 2951 3502 juvenes
2996 3445 3311 3503 sequentem,
3335 3451 3396 3487 ac
3440 3436 3838 3503 tripudiantem,
3879 3454 3938 3489 ac

2369 3523 2653 3602 plurimum
2682 3526 2888 3593 quidem
2913 3526 3143 3579 tristitia:
3172 3527 3272 3595 piis
3295 3526 3617 3595 a/ferentem,
3648 3528 3937 3594 plurimum

2370 3624 2542 3666 autem
2574 3616 2714 3669 risus
2742 3616 2949 3669 lascivis
2978 3628 3024 3669 et
3067 3620 3246 3685 lingua
3272 3618 3597 3685 procacibus.
3642 3618 3828 3688 Neque
3857 3621 3935 3669 his

2368 3713 2639 3757 contentus
2674 3703 2796 3771 fuit,
2821 3706 2920 3757 etsi
2947 3715 3052 3757 tam
3100 3707 3363 3758 atrocibus
3405 3718 3450 3758 et
3499 3708 3779 3760 horrendis
3804 3724 3823 3770 ,'
3848 3710 3935 3760 sed

2367 3796 2524 3849 etiam
2570 3806 2807 3863 parentes
2867 3796 3143 3865 virginum,
3206 3797 3482 3849 orbitatem
3533 3814 3633 3851 non
3683 3802 3934 3867 lerentes,

2369 3899 2520 3953 atque
2562 3889 2851 3955 dispersam
2902 3890 3108 3940 turbam
3142 3890 3385 3943 reducere
3436 3890 3737 3959 cupientes,
3772 3901 3823 3945 et
3866 3897 3933 3945 ad

2366 3979 2599 4047 filiarum
2623 3995 2841 4033 suarum
2868 3982 3018 4047 pedes
3052 3996 3170 4033 cum
3196 3980 3502 4049 gemitibus,
3532 3990 3586 4033 ut
3652 3993 3929 4035 consenta-

2367 4085 2517 4121 neum
2547 4078 2642 4132 εει,
2679 4070 2993 4133 accidentes,
3024 4070 3366 4122 admirandus
3392 4070 3605 4138 juvenis
3650 4087 3771 4124 cum
3806 4089 3935 4140 prte-

2363 4161 2569 4212 dataria
2599 4177 2692 4213 sua
2724 4177 2879 4212 manu
2922 4161 3252 4213 contumeliis
3299 4173 3451 4228 atque
3482 4162 3771 4230 ignominia
3802 4164 3931 4231 aﬂ'e-

2361 4253 2449 4302 cit.

2430 4338 2561 4393 Cum
2593 4337 2874 4408 Glycerius
2903 4335 3233 4391 Naziansum
3261 4340 3494 4394 venisset
3534 4356 3654 4394 cum
3683 4342 3791 4398 hoc
3821 4345 3923 4395 vir-

2358 4432 2539 4502 ginum
2575 4444 2733 4500 grege
2757 4470 2773 4496 ,
2807 4429 3023 4495 collegit
3054 4430 3191 4485 hanc
3223 4430 3587 4500 captivitatem
3608 4432 3921 4503 Gregorius,

698 4529 811 4582 haec
846 4526 1065 4597 epistola
1096 4528 1147 4581 in
1185 4528 1437 4583 omnibus
1466 4530 1662 4585 nostris
1684 4530 1958 4585 codicibus
1993 4546 2118 4585 mss.
2149 4532 2247 4585 de-
2282 4542 2326 4596 ι)
2357 4540 2421 4577 ac
2468 4537 2752 4577 commune
2800 4522 3029 4577 dedecus
3082 4535 3368 4590 εοηιειςετθ
3406 4535 3634 4578 εοηειυδ
3696 4535 3803 4579 εει·
3868 4525 3920 4577 Id

695 4620 965 4673 sideratur
991 4628 1214 4688 excepto
1242 4620 1591 4675 Coisliniauo.

764 4709 1047 4763 Tribuitur
1079 4710 1241 4765 etiam
1275 4709 1532 4780 Gregorio
1581 4725 1811 4781 sequens
1843 4713 1908 4765 ad
1965 4712 2247 4767 Eusebium

700 4800 927 4869 epistola
956 4801 1051 4869 (b),
1076 4815 1195 4869 qua
1222 4801 1421 4869 pariter
1455 4804 1506 4854 in
1556 4801 1670 4855 solo
1701 4800 1896 4871 legitur
1926 4800 2252 4857 Coisliniano

692 4893 895 4947 codice.
938 4891 1225 4945 Existimat
1256 4902 1434 4947 tamen
1484 4892 1862 4947 Tillemontius
1906 4892 2104 4947 Basilio
2138 4909 2249 4949 me-

692 4982 791 5036 lius
818 4982 1110 5037 conveniro
1138 4985 1563 5047 excusationem,
1596 4999 1699 5053 qua
1724 4984 1890 5037 utitur
1920 4994 2110 5039 auctor
2131 4985 2248 5054 epi-

691 5077 863 5143 stola,
895 5091 991 5131 cur
1015 5077 1080 5129 ad
1106 5075 1391 5129 Eusebium
1428 5093 1532 5131 non
1558 5077 1955 5146 proﬁciscatur,
1995 5086 2053 5130 ut
2087 5080 2154 5133 ab
2186 5093 2250 5133 eo

688 5166 958 5236 patientia
992 5167 1044 5218 in
1083 5165 1341 5219 :erumnis
1370 5166 1673 5232 exemplum
1726 5164 1920 5234 capiat.
1950 5166 2040 5218 Ait
2103 5166 2247 5218 enim

688 5274 747 5313 se
774 5256 1034 5312 molestiis
1065 5265 1120 5310 et
1150 5257 1378 5323 negotiis
1410 5256 1658 5309 detineri.
1691 5254 1797 5310 Sed
1839 5270 1949 5308 sua:
1984 5253 2249 5325 Gregorio

687 5350 945 5403 molestiae
994 5364 1091 5401 cur
1144 5347 1410 5401 defuerint
1468 5362 1571 5399 non
1619 5348 1790 5400 video.
1836 5345 1994 5400 Certe
2036 5349 2245 5415 negotia

684 5442 875 5494 deesse
909 5455 1012 5492 non
1054 5448 1304 5509 poterant
1352 5438 1643 5492 Ecclesiam
1681 5437 2074 5491 Nazianzeuam
2126 5449 2247 5507 post

687 5541 912 5584 mortem
950 5532 1121 5599 patris
1144 5530 1479 5602 gubernanti.
1514 5529 1738 5599 Utrique
1767 5533 1970 5601 optime
1997 5532 2244 5599 congruit

758 5710 832 5777 (ιι)
857 5706 954 5776 Ep.
978 5709 1067 5763 9.8.

749 5784 821 5850 to)
850 5779 946 5848 Ep.
978 5780 1074 5832 167

2360 4614 2446 4669 ubi
2481 4613 2696 4667 rescivit
2724 4611 2976 4678 Basilius,
3008 4614 3195 4668 scribit
3227 4612 3487 4685 Gregorio
3514 4655 3529 4680 ,
3566 4630 3677 4669 rem
3708 4627 3919 4685 gestam

2358 4715 2541 4761 narrat
2588 4706 2799 4772 ordine,
2828 4720 2890 4760 ac
2920 4715 3072 4775 rogat
3126 4722 3192 4759 ne
3234 4706 3345 4760 haec
3378 4707 3673 4762 tolerabilia
3731 4708 3911 4762 existi-

2358 4810 2487 4863 met,
2520 4799 2613 4852 sed
2642 4800 2693 4851 in
2743 4798 2930 4859 primis
2964 4796 3150 4864 jubeat
3191 4795 3497 4869 Glycerium
3542 4813 3662 4852 cum
3699 4801 3919 4869 virgini-

2357 4889 2458 4944 bus
2491 4890 2704 4944 redire:
2737 4904 2857 4943 eum
2913 4889 3054 4942 enim
3096 4890 3517 4944 misericordiam
3557 4888 3825 4958 aliquam,
3875 4891 3917 4944 si

2358 4997 2480 5035 cum
2503 4978 2751 5050 Gregorii
2777 4979 2971 5034 litteris
3004 4980 3208 5047 redeat,
3234 4996 3453 5052 sperare
3476 4996 3649 5049 posse.
3689 4981 3844 5049 Quod
3872 4985 3913 5036 si

2353 5073 2399 5126 is
2440 5073 2612 5125 redire
2642 5072 2796 5137 nolit,
2826 5071 3016 5126 saltem
3044 5074 3280 5143 virgines
3323 5075 3388 5127 ad
3433 5072 3735 5129 Ecclesiam
3801 5092 3911 5130 ma-

2357 5174 2487 5217 trem
2517 5164 2878 5217 remittantur.
2904 5164 3055 5230 Quod
3084 5167 3126 5219 si
3155 5166 3253 5219 hoc
3299 5164 3413 5218 fieri
3445 5166 3650 5235 nequit,
3684 5177 3743 5222 at
3774 5179 3912 5222 certe

2353 5256 2518 5309 ineas
2545 5271 2663 5325 quae
2698 5258 2874 5311 redire
2904 5256 3105 5323 volunt,
3135 5258 3472 5328 tyrannidem
3504 5263 3749 5313 exerceri
3786 5260 3913 5315 Gre-

2350 5350 2531 5418 gorius
2557 5363 2659 5401 non
2682 5350 2938 5417 patiatur.
2968 5351 3180 5421 Alioqui
3214 5352 3377 5405 Deum
3397 5360 3451 5405 et
3471 5352 3719 5407 homines
3753 5360 3911 5405 testa-

2356 5450 2439 5491 tur
2464 5437 2691 5523 Basiiius
2719 5441 2830 5493 haec
2863 5442 3081 5495 minime
3123 5453 3268 5496 recte
3300 5443 3435 5511 fieri,
3466 5458 3640 5511 neque
3663 5458 3734 5497 ex
3780 5444 3906 5509 legi—

2352 5531 2450 5585 bus
2481 5528 2755 5585 Ecclesiaa.
2782 5530 3169 5602 Glycerioﬁcum
3193 5533 3475 5606 disciplina
3506 5544 3558 5590 et
3591 5535 3904 5603 congruenti

2431 5713 2494 5783 (ι’)
2530 5715 2625 5781 Ερ.
2659 5716 2777 5771 170.

2425 5788 2499 5854 (ti)
2533 5786 2627 5854 Ep.
2672 5787 2784 5841 tua.
