4080 6312
1511 335 1669 390 VITA
1710 333 1762 389 S.
1806 334 2069 391 BASILII.

3256 351 3382 391 CXSI

166 444 425 499 modestia
485 445 733 498 redeunti
792 444 1177 515 indulgentiam
1219 445 1533 515 pollicetur;
1570 462 1724 502 secus
1752 451 1798 506 Α
1826 448 1981 514 Stias,
2010 463 2145 517 quas
2173 447 2220 501 ei
2250 447 2507 509 exhibuit,
2538 456 2593 501 ut
2631 462 2791 515 supra
2824 446 3078 509 vidimus,
3114 445 3391 515 Cappado-

159 551 333 598 vero,
376 549 406 588 a
477 536 776 591 ministerio
836 548 1098 591 remotum
1150 552 1269 593 esse
1317 538 1613 593 denuntiat.

234 626 464 695 Scripsit
498 628 657 682 etiam
699 628 799 697 ipsi
835 628 1079 700 Glycerio
1118 627 1363 691 Basilius,
1391 642 1621 698 eumque
1660 639 1718 682 ut

158 727 430 771 amentem
462 725 518 771 et
543 718 907 782 temerarium,
956 732 1020 771 ac
1070 732 1191 771 cum
1223 732 1318 771 sua
1346 717 1480 771 stola
1511 727 1562 771 et
1596 733 1725 771 can-

161 808 340 863 tilenis
375 809 612 880 virgines
665 826 772 864 non
818 812 884 863 ad
935 809 1127 875 Deum,
1162 811 1255 865 sed
1298 810 1363 865 ad
1412 810 1724 863 barathrum

159 902 513 958 deducentem
559 904 803 965 castigat.
869 900 975 955 Sed
1035 909 1212 956 tamen
1268 912 1489 969 paterno
1543 902 1723 955 animo

159 993 367 1047 veniam
390 993 567 1060 oﬂ'ert,
596 1004 876 1062 propterea
898 994 1039 1063 quod
1069 992 1219 1047 multi
1254 994 1367 1063 ejus
1407 1008 1572 1047 causa
1597 1010 1723 1064 sup-

159 1082 451 1151 plicabant,
479 1085 533 1139 in
557 1086 743 1155 primis
768 1085 907 1140 illius
935 1086 1237 1155 presbyter.
1274 1082 1330 1137 Si
1367 1085 1567 1139 diutius
1598 1099 1720 1153 per-

158 1183 263 1227 stet
304 1174 359 1229 in
414 1176 768 1246 impudentia,
809 1179 976 1248 gradu
1017 1176 1165 1231 illum
1208 1176 1427 1230 omnino
1457 1175 1722 1229 excidisse

158 1262 415 1320 declarat.

225 1354 359 1410 Cum
394 1370 495 1411 nec
532 1356 811 1428 Glycerius
840 1376 936 1416 nec
962 1362 1201 1432 virgines
1242 1362 1500 1427 redirent,
1527 1362 1719 1416 iterum

158 1444 342 1498 scribit
375 1443 609 1501 Basilius
658 1446 937 1518 Gregorio,
971 1452 1056 1505 cui
1086 1451 1183 1507 has
1236 1468 1414 1509 moras
1450 1451 1723 1507 ascribere

157 1538 393 1597 videtur;
426 1552 733 1609 quanquam
770 1541 915 1596 illum
954 1544 1152 1598 fatetur
1179 1559 1514 1613 nequaquam
1547 1549 1597 1597 id
1639 1543 1722 1595 fa-

153 1640 292 1691 cere,
312 1630 457 1698 quod
476 1632 578 1686 sibi
602 1644 934 1701 succenseat,
956 1647 1049 1691 aut
1074 1638 1301 1707 gratiam
1331 1637 1400 1691 ab
1433 1637 1556 1690 aliis
1582 1636 1720 1689 inire

156 1716 297 1771 velit.
358 1718 603 1774 Postulat
634 1736 763 1793 ergo
816 1734 875 1777 ut
912 1728 1133 1780 redeant
1166 1727 1311 1780 omni
1361 1736 1501 1780 metu
1524 1725 1716 1794 posito,

152 1823 453 1881 eorumque
498 1830 726 1884 sponsor
761 1818 830 1872 sit
877 1817 1185 1885 Gregorius.
1220 1818 1531 1886 Augebatur
1573 1817 1718 1871 enim
1755 1794 1792 1846 Β

157 1901 383 1958 Basilius
419 1912 662 1962 membra
700 1908 967 1975 abscindi,
1008 1909 1253 1977 quamvis
1287 1910 1479 1962 merito
1512 1908 1721 1962 abscin-

154 1994 429 2049 derentur.
480 1996 751 2063 Declarat,
803 2001 850 2053 si
889 2008 1256 2067 perseverent,
1310 1999 1536 2054 aliorum
1586 2015 1721 2054 onus

155 2082 286 2149 fore,
319 2101 380 2141 se
400 2102 532 2143 vero
549 2098 700 2143 extra
729 2088 935 2158 culpam
972 2088 1239 2145 futurum.

218 2174 329 2230 Has
357 2189 539 2230 autem
568 2178 827 2246 epistolas
863 2180 929 2234 ad
962 2180 1279 2251 Gregorium
1320 2181 1718 2237 Nazianzenum

151 2264 377 2331 scriptas
401 2265 670 2332 diximus;
709 2268 835 2337 quia
864 2270 943 2326 sic
971 2272 1274 2341 reperimus
1318 2271 1371 2325 in
1400 2272 1608 2326 duobus
1631 2287 1721 2325 co-

151 2354 355 2410 dicibus
397 2372 529 2413 mss.
562 2357 628 2415 Et
655 2376 775 2417 cum
804 2363 1249 2419 verisimillimum
1291 2364 1383 2428 sit,
1411 2364 1454 2418 si
1492 2366 1558 2418 ad
1588 2366 1721 2420 Grc-

151 2449 352 2513 gorium
390 2451 608 2521 scripta
660 2464 804 2521 sunt,
853 2465 979 2511 tunc
1031 2456 1261 2524 scriptas
1298 2456 1483 2521 fuisse,
1510 2473 1631 2511 cum
1675 2456 1721 2512 is

152 2539 547 2598 Nazianzenam
575 2546 869 2602 Ecclesiam
903 2558 1114 2603 mortuo
1132 2558 1282 2617 patre
1303 2559 1535 2619 regeret,
1560 2550 1721 2605 idcir-

152 2647 211 2687 co
242 2634 385 2688 hanc
408 2636 693 2692 historiam
724 2654 867 2695 anno
890 2641 1109 2696 circiter
1128 2641 1233 2695 574
1255 2642 1527 2696 credimus
1548 2647 1722 2699 conti.

152 2726 308 2793 gisse.
346 2725 701 2785 Nazianzenze
726 2732 869 2785 enim
900 2730 1151 2789 Ecclesiae
1182 2750 1370 2791 curam
1399 2739 1561 2807 gessit
1583 2736 1719 2791 Gre-

152 2819 331 2886 gorius
385 2820 459 2873 ab
510 2835 651 2875 anno
687 2822 792 2875 574
822 2824 1037 2878 ineunte
1070 2842 1237 2895 usque
1276 2830 1341 2881 ad
1380 2844 1576 2882 annum
1616 2827 1721 2882 375

152 2918 461 2964 exeuntem.
487 2911 592 2966 Sed
627 2921 805 2968 tamen
838 2930 943 2969 non
972 2918 1126 2972 valde
1152 2920 1497 2983 contendam,
1530 2922 1573 2975 si
1602 2921 1721 2988 quis

152 3002 260 3055 hzec
302 3006 370 3056 ad
419 3002 741 3075 Gregorium
794 3006 1096 3079 Nyssenum
1141 3011 1346 3067 referre
1390 3012 1558 3066 malit.
1586 3012 1719 3067 Nam

152 3102 507 3163 praterquam
548 3100 691 3167 quod
740 3115 845 3154 non
890 3101 1187 3157 certissima
1236 3114 1317 3158 est
1349 3105 1400 3157 iu
1430 3105 1514 3159 his
1560 3106 1719 3159 rebus

153 3184 395 3240 codicum
422 3202 555 3242 mss.
588 3190 902 3253 auctoritas,
927 3206 1023 3245 nec
1039 3191 1218 3261 plures
1241 3194 1719 3262 habuimus,quam

154 3278 303 3346 duos,
356 3281 452 3349 qui
485 3281 553 3335 de
587 3281 845 3352 Gregorio
898 3281 1236 3339 Nazianzeno
1270 3286 1594 3339 mentionem
1638 3284 1718 3338 fa-

154 3371 324 3436 ciant;
379 3384 532 3430 certe
559 3374 646 3429 illa
680 3376 734 3430 in
789 3376 1098 3445 recipiendo
1150 3375 1401 3447 Glycerio
1430 3377 1621 3432 lenitas
1667 3386 1722 3429 et

157 3464 483 3533 indulgentia
509 3466 721 3520 videtur
751 3465 1014 3537 Nysseno,
1046 3466 1246 3521 homini
1290 3468 1559 3521 interdum
1590 3467 1721 3521 sim-

156 3555 381 3621 pliciori,
429 3556 604 3625 magis
645 3558 948 3621 convenire,
1000 3572 1161 3626 quam
1212 3556 1576 3624 Nazianzeno,
1623 3560 1713 3627 qui

156 3660 416 3699 summam
444 3660 655 3715 semper
684 3647 1020 3714 prudentiam
1060 3647 1112 3701 in
1144 3651 1307 3703 rebus
1345 3656 1411 3704 ad
1465 3650 1716 3707 Basilium

156 3753 304 3791 suum
363 3737 736 3806 spectantibus
780 3737 1091 3796 declaravit.
1142 3742 1211 3795 At
1260 3741 1530 3813 Nyssenus
1582 3761 1719 3813 saepe

157 3828 373 3886 fratrem
404 3833 648 3901 gravavit
662 3832 917 3890 ollicinsis
930 3834 1208 3890 conatibus
1222 3835 1317 3906 (a).
1343 3836 1472 3891 Dum
1491 3854 1612 3891 eum
1633 3854 1719 3891 re—

158 3924 448 3979 conciliare
477 3925 596 3979 vult
624 3940 744 3979 cum
774 3938 987 3994 patruo,
1028 3930 1391 3996 conquerendi
1418 3930 1593 3983 locum
1624 3930 1715 3984 de-

162 4016 253 4079 dit,
281 4017 429 4082 quod
459 4015 563 4069 sibi
590 4014 785 4069 bellum
810 4014 1087 4070 indiceret.
1120 4016 1499 4074 Vehementior
1515 4020 1723 4074 exstitit

156 4124 289 4163 anno
312 4106 422 4161 372
468 4104 659 4161 Basilii
686 4107 997 4176 conquestio
1024 4106 1121 4179 (b),
1159 4110 1300 4177 quod
1340 4110 1633 4182 Gregorius
1653 4113 1721 4167 ob

156 4200 555 4268 simplicitatem
579 4208 769 4253 contra
794 4215 854 4255 se
874 4198 1128 4255 nonnulla
1151 4200 1453 4267 moliretur,
1489 4204 1722 4274 synodos

160 4303 370 4363 cogeret
414 4292 665 4356 Ancyra,
698 4306 798 4347 nec
829 4292 995 4345 ullum
1026 4290 1129 4346 sibi
1161 4289 1449 4346 insidiandi
1507 4297 1717 4351 modum

157 4385 611 4452 pratermitteret.
644 4381 780 4437 Hinc
825 4383 975 4437 illum
1030 4382 1260 4439 Basilius
1288 4383 1359 4455 (c)
1385 4388 1717 4453 negotiorum

1827 541 1925 595 cite
1950 541 2320 610 episcoporum
2346 538 2686 610 negligentia,
2704 547 2757 592 et
2788 538 3016 591 aliorum
3036 537 3388 607 plurimorum

1825 631 2041 685 animus
2060 631 2107 685 ei
2146 646 2249 684 non
2305 630 2530 696 amicus,
2566 630 2864 697 praesertim
2905 629 2957 681 in
3004 629 3193 692 Ponto,
3229 628 3303 682 ita
3339 638 3395 683 ut

1828 720 1961 774 ttihil
1982 728 2128 774 esset
2159 730 2267 773 tam
2296 734 2504 783 rarum,
2543 734 2697 788 quam
2740 718 3039 786 spiritualis
3062 718 3244 786 fratris
3268 735 3395 773 con-

1824 826 2053 878 gressus,
2085 821 2131 863 et
2156 811 2360 864 verbum
2394 809 2671 878 paciﬁcum
2697 818 2744 862 et
2767 808 3054 877 spiritualis
3077 811 3392 863 communio.

1826 902 2097 971 Scriptam
2156 902 2336 970 itaque
2383 902 2522 957 hanc
2593 902 2874 971 epistolam
2930 911 3182 971 putamus
3245 901 3391 957 circa

1824 993 2167 1049 annuni374.

1897 1086 2228 1140 Catholicam
2259 1085 2417 1140 fidem
2453 1086 2533 1140 sic
2566 1083 2883 1139 defendebat
2912 1082 3161 1146 Basilius,
3206 1094 3264 1137 ut
3295 1097 3394 1138 nec

1826 1171 2055 1227 infirmis
2097 1172 2287 1226 durum
2318 1186 2377 1227 se
2406 1182 2462 1225 et
2514 1171 2901 1228 inexorabilem
2953 1176 3233 1241 praeberet,
3296 1188 3393 1227 nec

1826 1265 2088 1333 improbis
2143 1262 2412 1317 haereticis
2464 1262 2605 1319 latus
2663 1276 2911 1334 apertum
2976 1264 3219 1319 ohderct.
3286 1263 3391 1319 Sed

1824 1360 2003 1406 tamen
2035 1368 2155 1406 cum
2219 1352 2283 1406 de
2328 1352 2443 1421 ipso
2489 1354 2739 1423 dogmate
2792 1353 2926 1408 nihil
2956 1356 3276 1419 remitteret,
3327 1369 3390 1410 ac

1828 1446 2071 1500 veritatis
2120 1446 2428 1515 praedicatio
2467 1446 2519 1499 in
2575 1456 2682 1500 tam
2733 1446 2924 1500 illustri
2976 1448 3103 1502 sede
3140 1462 3202 1502 ac
3244 1455 3391 1501 tanta

1826 1537 2132 1592 sanctitatis
2183 1547 2238 1590 et
2265 1537 2525 1593 doctrinae
2562 1536 2702 1592 fama
2755 1539 2971 1591 maximi
3002 1546 3146 1593 esset
3193 1538 3394 1608 ponde-

1827 1626 1920 1690 ris,
1973 1627 2209 1681 furorem
2262 1629 2314 1682 in
2367 1644 2426 1683 se
2478 1630 2853 1684 haereticorum
2924 1630 3188 1683 accendit.
3250 1629 3390 1682 Nihil

1827 1719 2043 1787 propius
2082 1717 2299 1779 factum,
2356 1732 2518 1787 quam
2555 1729 2611 1773 ut
2645 1719 2785 1773 illius
2819 1718 3070 1773 exsilium
3103 1734 3133 1771 a
3169 1717 3392 1771 Valente

1825 1810 2174 1877 impetrarent
2203 1823 2346 1864 anno
2381 1809 2489 1863 373
2516 1810 2760 1864 ineunte.
2792 1808 2985 1865 Postea
3017 1808 3260 1864 insidiari
3286 1824 3389 1861 non

1823 1900 2167 1963 destiterunt,
2220 1912 2283 1953 ac
2328 1899 2669 1952 inimicitiam
2699 1912 2764 1953 eo
2796 1914 2964 1968 usque
3002 1901 3386 1969 perduxerunt.

1824 2000 1879 2042 ut
1926 1990 2139 2045 curiose
2188 1991 2544 2061 inquirerent,
2595 2006 2722 2044 num
2776 1994 2898 2061 quis
2946 1994 3012 2046 ab
3063 2007 3127 2046 eo
3181 1992 3391 2045 litteras

1824 2082 2111 2151 acciperet.
2157 2083 2301 2137 Inter
2361 2084 2458 2139 has
2511 2084 2735 2139 insidias
2788 2085 2949 2140 silere
3000 2084 3190 2139 statuit
3240 2082 3391 2137 Basi-

1822 2176 1925 2229 lius
1953 2175 2045 2245 (e),
2071 2184 2233 2245 atque
2262 2177 2363 2231 hoc
2388 2176 2669 2232 consilium
2696 2178 2833 2230 forte
2867 2177 3081 2244 longius
3106 2176 3389 2244 produxis-

1822 2277 1923 2331 set,
1960 2266 2064 2323 nisi
2099 2268 2149 2323 ei
2183 2269 2590 2335 Amphilochius
2637 2268 2935 2324 lconiensis
2973 2278 3027 2321 et
3074 2267 3389 2320 Eusmthins

1823 2358 2061 2412 medicus
2090 2373 2232 2413 anno
2258 2358 2362 2414 574
2392 2370 2623 2415 exeunte
2653 2362 3028 2415 necessitatem
3059 2359 3179 2413 lidei
3211 2359 3385 2428 palam

1822 2460 1875 2502 et
1906 2460 2088 2517 aperte
2108 2448 2456 2505 defendendae
2480 2452 2966 2507 demonstrassent.

1897 2542 2108 2613 Scripta
2131 2543 2343 2598 videtur
2374 2545 2424 2597 in
2467 2544 2566 2599 hoc
2596 2559 2831 2599 maerore
2869 2556 3029 2614 atque
3059 2544 3161 2599 hac
3197 2542 3389 2598 sollici-

1826 2636 2008 2689 tudine
2037 2635 2261 2703 epistola
2292 2637 2357 2691 ad
2387 2635 2722 2692 Theodoram
2754 2638 3068 2693 canonicam
3101 2635 3188 2707 (Ι),
3227 2650 3388 2705 quam

1824 2726 2054 2779 Basilius
2088 2728 2301 2781 eximiis
2331 2732 2615 2799 praeceptis
2645 2732 2710 2784 ad
2749 2731 2850 2785 hoc
2885 2730 3190 2784 institutum
3225 2727 3389 2796 perti-

1824 2820 2078 2873 nentibus
2117 2819 2396 2874 informat.
2429 2820 2577 2877 Hanc
2606 2839 2825 2877 causam
2861 2822 3033 2885 aﬂcert,
3064 2837 3160 2876 cur
3183 2822 3388 2875 tardius

1822 2910 2044 2975 scribat,
2068 2912 2209 2978 quod
2234 2918 2517 2965 metuatne
2540 2911 2733 2966 littera:
2756 2927 2869 2966 sua:
2895 2912 2945 2965 in
2978 2911 3178 2964 alienas
3199 2924 3391 2964 manus

1826 3006 2086 3067 incidant,
2118 3021 2233 3057 cum
2264 3005 2573 3074 praesertim,
2611 3005 2799 3074 inquit,
2832 3021 2892 3057 ea
2931 3020 3065 3057 nunc
3115 3005 3181 3056 sit
3214 3018 3389 3056 rerum

1823 3096 2145 3163 perturbatio
2188 3096 2242 3149 in
2285 3096 2404 3149 orbe
2458 3104 2740 3149 terrarum.
2800 3095 2855 3149 In
2904 3094 3147 3163 sequenti
3188 3093 3388 3164 episto-

1824 3190 1869 3243 la
1903 3190 1975 3259 (g)
2013 3190 2225 3241 viduam
2260 3189 2528 3251 hortatur,
2576 3198 2631 3241 ut
2657 3189 2896 3241 divinum
2930 3186 3192 3251 judicium
3230 3196 3388 3241 noctu

1826 3282 2022 3349 diuque
2050 3279 2268 3348 cogitet,
2314 3278 2406 3332 sed
2444 3290 2619 3333 tamen
2668 3291 2876 3345 caveat,
2907 3295 2973 3334 ne
3015 3290 3109 3335 aut
3146 3283 3387 3334 animum

1823 3374 2170 3441 despondeat,
2224 3383 2316 3425 aut
2350 3372 2417 3425 de
2472 3371 2644 3425 salute
2698 3371 2921 3427 dillidat.
2963 3373 3115 3441 Stepe
3166 3373 3231 3424 ad
3267 3386 3388 3425 eam

1824 3464 2067 3520 scribere
2114 3464 2357 3519 voluerat
2408 3464 2655 3531 Basilius,
2710 3466 2802 3520 sed
2844 3481 2964 3521 sese
3010 3465 3274 3531 cohibuit,
3323 3480 3390 3519 ne

1821 3558 1947 3624 quid
1979 3556 2029 3609 ei
2083 3567 2298 3610 crearet
2351 3556 2596 3624 periculi,
2636 3569 2915 3625 propterea
2957 3558 3098 3626 quod
3144 3556 3391 3611 inimicos

1822 3665 1947 3704 suos
1978 3648 2410 3704 sciebatcuriose
2431 3649 2719 3717 inquirere,
2754 3662 2878 3700 num
2904 3648 3025 3716 quis
3060 3648 3127 3701 ab
3150 3662 3214 3702 co
3244 3646 3384 3702 litte-

1825 3755 1909 3793 ras
1947 3740 2230 3809 acciperet.

1894 3831 2283 3903 Magnenianus
2329 3846 2508 3886 comes
2565 3832 2678 3886 sive
2736 3829 3103 3900 Magninianus
3158 3827 3255 3900 (It),
3321 3827 3389 3881 ad

1820 3940 1979 3993 quem
2025 3927 2144 3979 dum
2185 3936 2396 3978 exStant
2434 3923 2610 3979 Basilii
2645 3924 2905 3993 epistolae,
2948 3939 3069 3977 cum
3107 3923 3175 3978 ab
3198 3938 3263 3978 eo
3291 3938 3385 3991 pe-

1822 4013 2016 4077 tiisset,
2060 4022 2116 4067 ut
2152 4013 2219 4067 de
2254 4013 2357 4067 fide
2408 4012 2613 4083 aliquid
2650 4016 2714 4067 ad
2762 4029 2820 4067 se
2870 4013 3165 4078 scriberet;
3210 4013 3383 4067 laudat

1822 4104 1938 4173 ejus
1983 4108 2235 4173 pietatem
2272 4120 2334 4159 ac
2371 4103 2490 4158 fidei
2529 4104 2765 4159 studium
2796 4103 3044 4170 Basilius,
3105 4107 3196 4158 sed
3232 4116 3386 4175 negat

1822 4213 1880 4251 se
1907 4199 2095 4253 adduci
2124 4212 2299 4268 posse,
2337 4207 2394 4251 ut
2420 4196 2538 4265 ejus
2573 4198 2818 4268 petitioni
2867 4208 3091 4253 annuat.
3131 4196 3283 4253 Hunc
3305 4216 3389 4251 c0-

1824 4290 2003 4343 mitem
2053 4288 2412 4343 Neocmsarete
2463 4289 2662 4345 vixisse
2692 4291 2887 4361 colligo
2933 4306 2997 4345 ex
3030 4294 3114 4348 his
3140 4309 3260 4361 qua:
3298 4310 3385 4346 sc-

1820 4392 2058 4449 quuntur
2099 4398 2110 4433 :
2152 4376 2411 4432 Ca'terum
2466 4380 2613 4447 mihi,
2656 4380 2849 4449 inquit,
2897 4380 3139 4433 videmini
3189 4383 3385 4445 erudiri

157 4475 648 4530 ecclesiasticorum
695 4488 918 4545 prorsus
951 4475 1290 4546 inexpertum
1339 4490 1462 4529 esse
1486 4478 1711 4545 judicat.
1750 4484 1789 4538 ι)
1825 4472 1888 4525 ab
1922 4471 2215 4525 hominibus
2248 4472 2356 4523 illic
2389 4472 2517 4525 nihil
2546 4472 2835 4540 agentibus,
2862 4474 2950 4541 qui
2997 4482 3052 4525 ut
3079 4491 3159 4528 me
3188 4476 3389 4529 calum-

224 4564 287 4620 ν.
321 4565 622 4635 Episcopus
660 4565 903 4635 quidam,
942 4564 1277 4635 Sophronins
1304 4568 1541 4632 nomine,
1594 4584 1713 4623 cmn

160 4654 352 4711 Basilio
380 4656 591 4711 litteras
614 4656 938 4727 scripsisset,
966 4656 1019 4711 in
1052 4658 1249 4726 quibus
1279 4660 1519 4714 charitas
1542 4661 1717 4728 spira-

156 4750 265 4809 bat,
296 4760 513 4802 summa
569 4745 684 4815 ejus
722 4748 953 4801 animam
1003 4746 1184 4802 laetitia
1228 4749 1482 4818 perfudit.
1535 4750 1717 4819 Itaque

158 4840 356 4905 gratias
384 4838 434 4891 ei
461 4837 692 4893 Basilius
714 4837 794 4910 (Δ)
813 4840 923 4909 agit
940 4840 1353 4908 perhonoriiice,
1382 4858 1445 4896 ac
1464 4858 1714 4912 magnum

160 4931 484 4984 desiderium
514 4930 780 4999 signiﬁcat
827 4948 948 4985 cum
990 4941 1140 4987 tanto
1170 4933 1285 4985 viro
1313 4935 1715 5003 congrediendi,

158 5042 315 5091 quem
369 5028 666 5083 venerandi
722 5029 919 5087 fratres
950 5044 1005 5086 et
1044 5033 1459 5102 compreshyteri
1496 5030 1714 5085 Patrum

162 5119 278 5174 Iidei
325 5121 666 5176 defensorem
694 5137 814 5177 esse
857 5134 1246 5189 narraverant;
1294 5124 1385 5178 sed
1435 5123 1717 5191 quominus

158 5226 274 5263 eum
316 5214 515 5279 adiret,
564 5212 855 5267 obstabant
906 5216 1116 5286 negotia
1174 5230 1235 5269 ac
1286 5215 1525 5285 corporis
1570 5224 1718 5267 vetus

159 5302 434 5368 aegritudo.
458 5302 645 5360 Insunt
661 5305 785 5360 huic
806 5306 985 5362 Basilii
1006 5306 1246 5377 epistola
1263 5307 1412 5374 signa
1440 5305 1713 5371 nonnulla,

158 5405 218 5443 ex
249 5393 442 5460 quibus
476 5395 741 5457 scriptam
769 5411 887 5452 esse
940 5397 1197 5467 conjicias
1236 5397 1379 5451 inter
1424 5411 1515 5451 eas
1550 5396 1714 5449 mole-

222 5504 301 5571 (a)
333 5509 354 5538 ι
372 5524 422 5574 p.
458 5508 548 5564 58.

220 5578 295 5641 ib)
317 5576 407 5643 Ep.
434 5580 557 5633 100.

224 5654 293 5713 (c)
319 5648 408 5713 Ep.
438 5649 500 5701 2|
513 5650 567 5703 5.

223 5720 299 5783 (ά)
326 5718 417 5784 Ιιλν.
460 5718 583 5771 172.

222 5788 283 5854 (c)
314 5787 404 5853 Ep.
438 5787 565 5842 174.

1825 4567 2030 4620 nientur
2060 4563 2311 4617 nonnulla
2363 4565 2665 4632 proferunt;
2711 4566 2861 4632 quasi
2910 4568 3030 4620 inde
3070 4572 3260 4637 seipsos
3282 4570 3386 4622 sint

1824 4657 2260 4721 commendaturi,
2286 4658 2330 4711 si
2367 4660 2429 4708 de
2452 4671 2531 4708 me
2555 4657 2853 4724 turpissima
2888 4664 3222 4716 mentiuntur.
3257 4660 3387 4713 Illos

1825 4753 1961 4803 enim
1993 4750 2154 4801 nudat
2181 4752 2501 4819 praeteritum
2536 4758 2755 4818 tempus,
2789 4760 2833 4802 et
2862 4752 3193 4819 progrediens
3232 4767 3387 4819 expe-

1826 4842 2012 4896 rientia
2058 4843 2284 4895 notiores
2306 4841 2481 4909 faciet.
2518 4842 2623 4896 Otii
2660 4850 2713 4896 et
2754 4841 2961 4895 inertia:
2995 4843 3246 4909 probrum
3281 4860 3385 4897 non

1827 4949 1930 4990 tam
1968 4936 2095 4989 mihi
2119 4938 2323 4990 videtur
2348 4935 2628 4990 Eustathio
2646 4944 2698 4988 et
2726 4933 3229 4989 Pneumatomachis
3254 4952 3389 5004 qua-

1824 5029 2003 5090 drare,
2034 5027 2338 5081 hominibus
2388 5041 2602 5095 semper
2631 5026 2697 5079 ad
2734 5024 3094 5079 insidiandum
3119 5027 3389 5081 excuban-

1825 5122 1985 5181 tibus,
2016 5133 2180 5185 quam
2210 5119 2433 5172 Atarhio
2459 5117 2872 5172 Neocaasariensi
2900 5118 3149 5186 episcopo
3176 5128 3229 5172 et
3254 5134 3389 5172 non-

1825 5212 1984 5266 nullis
2008 5210 2248 5281 ejusdem
2274 5210 2525 5265 Ecclesia:
2558 5211 2906 5279 presbyteris,
2938 5211 3026 5279 qui
3053 5225 3175 5264 cum
3198 5225 3387 5263 somno

1823 5316 1876 5358 et
1911 5304 2034 5357 vino
2061 5304 2234 5359 dediti
2281 5314 2483 5370 essent,
2516 5315 2569 5357 ut
2618 5306 2695 5357 eis
2731 5307 3020 5372 exprobrat
3054 5301 3384 5370 Basilius.(i),

1826 5397 2033 5449 somnia
2064 5406 2111 5447 et
2142 5396 2375 5450 visiones
2408 5395 2771 5467 proferebant,
2810 5408 2864 5450 ut
2892 5395 3145 5449 Basilium
3186 5394 3386 5448 calum-

1904 5512 1965 5576 (ἰ)
2001 5509 2093 5574 Ep.
2130 5510 2247 5563 175.

1898 5587 1971 5647 (υ)
2000 5580 2094 5645 Ep.
2131 5579 2248 5630 tu.

1901 5652 1975 5718 (It)
2007 5650 2100 5715 Ep.
2132 5648 2249 5701 175.

1894 5724 1953 5791 (ι)
1990 5719 2221 5785 lip."2|U,
2254 5736 2304 5771 n.
2339 5720 2388 5773 6.
