4074 6312
707 329 855 374 CXXII

2051 327 2578 387 PROLEGOMENA.

709 434 811 488 uiis
858 434 1103 505 figerent.
1143 436 1238 491 His
1277 448 1453 493 autem
1504 442 1702 505 verbis,
1751 442 1882 497 Illos
1926 446 2063 499 enim
2104 446 2262 502 nudat
2292 458 2338 515 Α
2367 447 2668 503 absolutum
2691 454 2968 501 eratanno
2993 445 3095 501 575
3124 460 3242 500 cum
3263 444 3672 514 Amphilochius
3696 444 3762 503 ad
3791 444 3934 496 diem

704 526 1023 591 praeteritum
1055 538 1272 596 tempus,
1297 531 1435 584 idem
1468 532 1718 587 Atarhins
1746 534 1957 588 videtur
1980 538 2265 607 designari,

707 615 861 688 cujus
880 617 1091 673 invidiae
1114 621 1356 674 morbum
1376 623 1605 679 Basilius
1623 642 1726 679 non
1759 626 1928 679 solum
1948 642 2010 681 ex
2042 629 2124 681 his
2151 646 2269 698 qute

706 715 893 761 contra
944 722 1002 763 se
1045 720 1249 779 egerat,
1284 714 1376 767 sed
1429 715 1591 768 etiam
1643 730 1708 771 ex
1756 726 1863 772 tota
1896 720 1999 772 vita
2038 722 2266 790 perspici

706 797 942 857 declarat
974 800 1027 855 in
1052 801 1212 871 epist.
1240 803 1368 870 2l0,
1401 822 1455 858 ιι.
1486 806 1538 859 2.

775 891 908 947 Cum
939 902 1121 950 autem
1150 895 1510 968 Magneniano
1540 900 1801 965 scriptum
1833 901 2047 972 aliquod
2069 905 2133 958 de
2166 906 2269 960 fide

702 986 990 1053 postulanti
1022 988 1093 1043 ita
1130 1000 1287 1059 neget
1307 990 1561 1058 Basilius,
1580 1005 1637 1047 ut
1666 994 1874 1048 firmum
1897 1012 1999 1052 non
2029 999 2269 1052 scriben-

702 1078 757 1131 di
796 1081 1081 1134 consilium
1128 1097 1239 1150 prae
1267 1098 1326 1137 se
1349 1082 1509 1149 ferat,
1544 1085 1599 1139 in
1648 1103 1753 1152 quo
1802 1100 1978 1142 tamen
2030 1105 2137 1143 non
2176 1090 2265 1143 diu

701 1171 968 1237 perstitit;
994 1171 1119 1239 jure
1143 1172 1271 1227 mihi
1305 1175 1487 1230 videor
1519 1178 1655 1232 hanc
1689 1180 1965 1249 epistolam
1999 1195 2119 1235 cum
2137 1182 2268 1234 dua-

700 1259 804 1316 bus
840 1264 1265 1332 praecedentibus
1315 1268 1591 1337 aliquanto
1636 1282 1760 1326 aute
1794 1274 2046 1341 scriptam
2075 1273 2266 1327 existi-

702 1367 875 1416 mare,
924 1369 1083 1421 quam
1136 1356 1363 1413 Basilius
1416 1361 1751 1415 divinitatem
1795 1364 2028 1429 Spiritus
2066 1367 2262 1429 sancti,

704 1441 917 1496 hortatu
952 1443 1315 1513 Amphilochii
1343 1460 1397 1503 et
1426 1450 1716 1513 Eustatbii,
1747 1453 1965 1521 scriptis
1982 1454 2266 1509 defendere

701 1533 802 1587 hoc
831 1548 973 1588 anno
1000 1535 1101 1589 574
1121 1537 1447 1603 institueret,
1474 1551 1530 1594 ut
1556 1540 1713 1596 modo
1736 1544 2053 1599 videbimus.

774 1646 857 1699 Vl.
887 1648 1325 1718 Amphilochium
1351 1652 1576 1707 Basilius
1612 1654 1688 1726 (ο)
1719 1656 2082 1713 invitavithoc
2123 1676 2262 1714 anno

698 1737 765 1793 ad
787 1738 927 1793 diem
959 1740 1156 1795 festum
1194 1747 1365 1800 sancti
1422 1747 1731 1820 Eupsychii,
1768 1752 1859 1816 qui
1899 1753 1986 1807 die
2033 1754 2260 1821 septimo
2295 1763 2336 1821 Β

701 1830 1036 1899 Septembris
1082 1835 1344 1893 celebrari
1391 1838 1617 1896 solebat.
1668 1842 1840 1913 Rogat
1890 1854 2070 1899 autem
2103 1856 2161 1899 ut
2187 1846 2257 1899 fes

700 1930 843 1976 stum
885 1925 1059 1980 tribus
1099 1938 1403 1985 antevertat
1460 1933 1671 2000 diebus,
1725 1953 1833 2007 quo
1884 1938 2087 2005 possint
2122 1939 2264 1991 inter

698 2028 758 2067 se
804 2016 975 2071 otiose
1024 2019 1278 2090 colloqui,
1314 2038 1481 2094 seque
1516 2026 1745 2082 invicem
1799 2028 2063 2082 donorum
2107 2030 2263 2095 spiri-

701 2105 926 2160 tualium
954 2114 1445 2170 communicatione
1478 2117 1745 2170 consolari
1773 2132 1789 2182 ;
1844 2129 1953 2170 tum
1987 2120 2148 2173 etiam
2208 2130 2265 2173 ut

701 2200 1016 2254 memoriam
1066 2202 1179 2258 sive
1227 2206 1511 2261 ecclesiam
1562 2208 2265 2279 PtocbotropbiiAmphilo-

699 2289 853 2345 chius
878 2295 1165 2362 praesentia
1195 2310 1289 2351 sua
1322 2298 1582 2369 insignem
1617 2302 1825 2359 reddat.
1856 2301 2063 2358 Iudicat
2085 2305 2130 2358 ei
2161 2302 2264 2357 Ba-

697 2381 848 2438 silius
874 2387 1231 2453 praestitutum
1265 2389 1386 2443 huic
1421 2389 1559 2447 festo
1590 2393 1753 2455 diem,
1782 2396 1921 2462 quod
1945 2407 2261 2465 argumento

695 2487 777 2530 est
819 2480 1056 2534 nondum
1090 2480 1217 2537 huic
1276 2482 1573 2539 celebritati
1626 2487 1939 2542 interfuisse
1986 2489 2261 2557 Amphilo-

698 2571 903 2636 chium,
932 2589 995 2627 ac
1020 2574 1244 2642 proinde
1264 2577 1570 2645 epistolam,
1590 2594 1695 2647 qua
1725 2580 1981 2636 invitatus
2001 2597 2029 2633 a
2065 2581 2261 2635 Basilio

698 2662 820 2727 fuit,
854 2663 922 2718 ad
957 2665 1102 2719 hunc
1130 2680 1328 2720 annum
1365 2670 1654 2735 pertinere.
1686 2669 1820 2724 Nam
1852 2688 1991 2727 anno
2017 2676 2257 2743 sequenti

700 2754 840 2811 diem
872 2770 975 2810 non
1024 2757 1223 2810 iudicat
1268 2757 1519 2824 Basilius,
1546 2764 1639 2815 sed
1674 2771 1880 2817 tantum
1911 2765 2174 2833 hortatur,
2206 2776 2262 2820 ut

700 2848 976 2901 memoria:
999 2850 1169 2903 sancti
1203 2849 1488 2921 Eupsychii
1514 2853 1841 2924 meminerit,
1874 2873 2046 2925 neque
2060 2875 2258 2929 exspe-

700 2946 811 2993 ctet
838 2940 962 2994 dum
996 2942 1189 2998 iterum
1216 2955 1517 3001 moneatur.

767 3058 901 3118 Cum
954 3069 1131 3113 autem
1163 3062 1228 3115 ad
1253 3063 1357 3116 hoc
1381 3062 1577 3116 festum
1608 3072 1713 3118 tota
1737 3064 1929 3117 vicinia
1970 3062 2260 3120 conﬂueret

699 3151 1083 3217 (accurrebant
1134 3155 1277 3207 enim
1323 3155 1486 3209 etiam
1534 3156 1771 3226 episcopi
1809 3157 2066 3210 maritimi
2103 3170 2258 3215 aute-

698 3256 860 3310 quam
893 3256 920 3295 a
954 3240 1158 3299 Basilio
1185 3246 1549 3320 dissiderent),
1577 3248 1831 3317 praeclara
1850 3260 1967 3306 erat
1995 3250 2263 3304 haereticis

696 3334 914 3393 occasio
955 3336 1250 3392 insectandi
1301 3340 1509 3405 Basilii,
1532 3343 1576 3396 si
1610 3343 1734 3411 quid
1768 3343 1973 3411 insigne
2003 3353 2108 3398 tam
2155 3344 2263 3398 fre-

697 3427 882 3493 quenti
923 3437 1192 3481 conventu
1223 3431 1290 3481 ad
1343 3432 1588 3485 veritatis
1636 3434 2001 3488 defensionem
2062 3434 2263 3491 faceret

699 3524 794 3569 aut
840 3516 1154 3573 dissereret.
1203 3518 1323 3573 Jam
1367 3536 1489 3575 eum
1531 3525 1951 3579 ohservaveraut
1990 3543 2129 3581 anno
2158 3530 2254 3584 δη

698 3607 844 3662 velut
876 3609 929 3663 in
962 3610 1174 3668 insidiis
1204 3611 1471 3667 collocati.
1502 3616 1634 3671 lliuc
1665 3617 1804 3673 forte
1820 3635 1964 3673 anno
1993 3621 2119 3685 575,
2146 3630 2265 3689 post

699 3700 896 3754 festum
922 3705 1095 3758 sancti
1116 3703 1427 3776 Eupsychii,
1454 3709 1668 3763 consilia
1693 3714 1991 3769 Antiochia:
2008 3714 2263 3768 adversus

700 3788 958 3849 Basilium
1001 3793 1152 3859 inita,
1186 3804 1242 3849 ut
1274 3804 1419 3864 patet
1451 3811 1513 3850 es
1544 3799 1764 3865 epistola
1791 3803 1914 3859 2l5.
1952 3802 2095 3857 Idem
2139 3820 2265 3859 eve-

698 3881 846 3936 uisse
873 3898 1015 3939 anno
1040 3886 1142 3939 575
1172 3890 1363 3958 conjici
1412 3902 1594 3961 posset
1623 3908 1688 3946 ex
1733 3896 1892 3963 epist.
1930 3898 2055 3961 156,
2106 3914 2162 3951 n.
2206 3898 2258 3960 5,

700 3990 807 4030 uno
849 3985 940 4029 aut
972 3977 1143 4033 altero
1194 3998 1376 4037 mense
1408 3995 1524 4053 post
1565 3985 1703 4038 diem
1740 3983 1930 4039 festum
1963 3989 2180 4057 scripta,
2209 3989 2259 4041 iu

699 4081 805 4135 qua
867 4067 1095 4127 Basilius
1129 4073 1359 4127 animam
1391 4092 1540 4130 suam
1568 4076 1635 4131 ab
1670 4077 1937 4131 haereticis
1975 4080 2137 4147 quaeri
2185 4089 2261 4134 te-

697 4167 895 4211 statur.
925 4160 1029 4215 Sed
1054 4166 1320 4233 praecipue
1358 4168 1457 4223 hoc
1490 4182 1632 4224 anno
1660 4184 1846 4223 eorum
1868 4168 2017 4221 furor
2036 4171 2257 4225 exarsit.

698 4247 897 4305 Basilio
942 4254 1085 4307 enim
1131 4259 1361 4322 precanti
1408 4276 1524 4311 cum
1556 4262 1766 4329 populo,
1813 4270 1870 4315 nt
1935 4260 2157 4329 legimus
2206 4263 2258 4315 in

695 4342 835 4397 libro
855 4343 931 4397 De
962 4343 1167 4416 Spiritu
1209 4346 1296 4413 S.,
1330 4365 1379 4403 c.
1410 4350 1461 4415 l,
1486 4361 1530 4402 et
1566 4362 1784 4420 utroque
1811 4354 1964 4408 modo
1997 4350 2262 4420 glori/ica-

2370 538 2564 593 festum
2599 539 2745 592 venit
2770 539 2937 591 sancti
2971 537 3255 608 Eupsycliii
3293 555 3306 590 :
3344 537 3503 605 idque
3548 538 3694 591 clare
3726 535 3937 603 perspi-

2369 630 2540 683 cimus
2585 645 2651 683 cx
2706 629 2788 683 his
2823 629 2998 682 verbis
3050 627 3291 697 epistula:
3335 628 3435 681 251
3478 642 3596 698 qua:
3644 641 3791 679 anno
3830 624 3934 677 375

2366 730 2597 775 exeunte
2630 721 2829 789 scripta
2858 730 2939 775 est
2966 737 2980 772 ε
3030 720 3106 773 De
3134 719 3338 789 Spiritu
3368 720 3499 772 liber
3550 719 3774 785 scriptus
3810 718 3931 784 qui-

2368 816 2484 868 dem
2513 832 2544 867 a
2564 815 2710 866 nobis
2735 824 2810 865 est
2839 823 2884 865 et
2908 812 3190 874 absolutus,
3223 821 3279 865 ut
3311 813 3419 880 ipse
3448 814 3605 865 nosti.
3636 811 3933 875 Quominus

2368 916 2540 957 autem
2598 906 2855 958 mitterem
2896 905 2950 956 iu
3000 904 3183 956 charta
3224 903 3562 968 descriptum,
3618 900 3933 968 prohibuere

2368 1000 2455 1065 qui
2484 1014 2685 1050 mecum
2717 1006 2834 1050 sunt
2867 995 3091 1063 fratres;
3115 1011 3232 1047 cum
3257 1010 3311 1047 se
3332 1012 3364 1045 a
3394 1002 3441 1047 te
3465 991 3713 1045 mandata
3739 991 3931 1042 habere

2367 1086 2615 1150 dicerent,
2653 1096 2707 1139 ut
2743 1087 2795 1137 in
2821 1085 3129 1137 membranis
3168 1081 3481 1136 describant.
3509 1079 3591 1133 Ne
3611 1080 3735 1149 quid
3764 1079 3935 1147 igitur

2367 1186 2547 1229 contra
2572 1184 2882 1243 praereptum
2916 1184 3061 1227 tuum
3095 1173 3265 1241 facere
3308 1172 3594 1236 videamur,
3641 1186 3778 1221 nunc
3803 1184 3931 1234 pro-

2368 1268 2797 1332 crastinavimus;
2850 1267 2940 1320 sed
2984 1265 3142 1333 paulo
3182 1272 3299 1333 post
3346 1264 3632 1324 mittemus,
3683 1261 3729 1313 si
3772 1273 3930 1327 quem

2367 1361 2608 1413 idoneum
2652 1359 2720 1411 ad
2771 1357 3132 1427 perferendum
3181 1356 3573 1409 nanciscamur.
3601 1351 3718 1407 Non
3752 1351 3933 1418 potuit

2366 1449 2770 1517 Amphilochius
2802 1452 2903 1505 hoc
2936 1463 3069 1518 opus
3098 1448 3403 1502 absolutum
3450 1458 3800 1515 cognoscere,
3841 1450 3933 1492 aut

2366 1542 2601 1595 librariis
2651 1541 2929 1607 mandare,
2964 1549 3024 1595 ut
3061 1540 3191 1594 illud
3220 1540 3273 1592 in
3310 1538 3496 1591 charta
3528 1536 3929 1593 describerent,

2364 1636 2465 1688 nisi
2500 1649 2621 1689 cum
2674 1632 2929 1687 Basilium
2982 1633 3188 1688 invisit.
3231 1629 3345 1685 Non
3397 1629 3502 1682 alio
3532 1638 3708 1681 autem
3741 1624 3933 1680 invisit

2364 1737 2604 1796 tempore
2626 1741 2764 1781 anno
2785 1724 2911 1790 375,
2944 1740 3103 1793 quam
3135 1725 3221 1778 die
3251 1724 3388 1778 festo
3413 1720 3581 1774 sancti
3612 1716 3931 1787 Eupsychii.

2365 1820 2480 1875 Jam
2504 1835 2635 1890 ergo
2661 1820 2938 1875 absolutus
2960 1828 3078 1871 erat
3109 1816 3243 1871 liber
3273 1814 3349 1869 De
3384 1812 3586 1880 Spiritu
3616 1820 3838 1871 sancto;
3877 1816 3934 1863 et

2366 1927 2484 1966 cum
2520 1912 2661 1965 illius
2710 1910 2978 1966 scribendi
3027 1908 3366 1963 occasionem
3409 1902 3614 1959 dederit
3659 1898 3933 1953 excitatus

2367 2001 2431 2053 ab
2464 2001 2728 2054 htcreticis
2750 2008 3013 2069 prasente
3049 1995 3425 2065 Amphilochio
3465 1990 3745 2051 tumultus,
3775 2001 3930 2054 quae-

2368 2091 2588 2142 rendum
2619 2090 2771 2142 nobis
2794 2099 2877 2142 est
2914 2088 3057 2142 aliud
3092 2096 3326 2155 tempus,
3370 2099 3475 2153 quo
3506 2076 3927 2149 Amphilochius

2367 2179 2618 2233 Basilium
2643 2179 2917 2244 inviserit;
2960 2193 3060 2233 nec.
3092 2178 3236 2232 aliud
3281 2174 3519 2231 occurrit
3558 2178 3753 2241 praeter
3782 2168 3931 2219 diem

2364 2269 2559 2323 festum
2587 2268 2759 2323 sancti
2798 2268 3083 2337 Eupsychii
3115 2282 3255 2321 anno
3287 2266 3413 2328 374,
3445 2264 3513 2318 ad
3548 2276 3707 2331 quem
3739 2259 3817 2312 ita
3857 2256 3935 2310 in-

2363 2365 2561 2418 vitatus
2584 2372 2668 2417 est
2696 2359 3121 2431 Amphilochius,
3150 2367 3208 2413 ut
3233 2358 3282 2411 ei
3308 2358 3494 2410 abesse
3524 2356 3791 2422 integrum
3825 2364 3930 2402 non

2364 2457 2546 2510 fuerit.
2581 2454 2849 2509 Praeterea
2890 2452 3175 2507 haereticos
3215 2450 3316 2503 hoc
3356 2461 3496 2501 anno
3533 2445 3637 2498 57A
3676 2444 3731 2496 in
3774 2442 3930 2495 Basi-

2364 2549 2489 2601 lium
2519 2548 2605 2601 die
2632 2548 2768 2601 festo
2794 2544 2965 2600 sancti
3000 2540 3288 2612 Eupsychii
3317 2538 3569 2605 majorem
3608 2535 3661 2589 in
3694 2534 3921 2587 modum

2364 2641 2609 2693 incensos
2630 2636 2793 2691 fuisse
2827 2634 3179 2705 perspicimus
3205 2646 3270 2684 ex
3308 2630 3464 2699 epist.
3493 2624 3616 2692 190,
3654 2638 3777 2692 qua
3812 2638 3920 2675 non

2364 2729 2530 2784 multo
2571 2737 2693 2799 post
2716 2728 2861 2781 hunc
2882 2726 3022 2781 diem
3057 2739 3197 2779 anno
3226 2721 3329 2776 5η
3362 2718 3564 2787 scripta
3587 2727 3689 2770 εει.
3726 2712 3932 2765 Eorum

2362 2833 2562 2886 autem,
2578 2822 2668 2891 qui
2690 2831 2811 2874 tunc
2849 2818 3043 2872 anubis
3075 2815 3290 2870 abscissi
3311 2822 3453 2879 sunt,
3474 2808 3645 2879 inquit
3670 2804 3929 2866 Basilius,

2362 2913 2454 2965 alii
2484 2911 2690 2979 quidem
2732 2910 2800 2961 ad
2822 2907 3024 2960 rautam
3062 2924 3114 2960 se
3142 2904 3495 2968 contulerunt,
3543 2899 3637 2953 alii
3675 2913 3800 2952 vero
3843 2912 3928 2948 re-

2363 3013 2595 3066 manent,
2635 3016 2897 3053 rumorem
2949 2999 3068 3052 inde
3115 3006 3490 3068 exspectantes.
3544 2992 3667 3048 Haec
3722 2990 3931 3061 optime

2286 3111 2328 3166 ε
2363 3094 2706 3147 consentiunt
2756 3105 2876 3145 cum
2934 3090 3019 3144 his
3056 3105 3173 3158 quae
3210 3098 3498 3143 narrantur
3549 3086 3603 3141 in
3657 3082 3931 3155 prommio

2366 3187 2488 3241 libri
2537 3184 2614 3239 De
2651 3184 2855 3250 Spiritu
2888 3192 3099 3246 sancto,
3136 3194 3199 3235 ac
3242 3179 3673 3249 Amphilochium
3724 3176 3931 3244 adfuis-

2365 3292 2423 3333 se
2455 3277 2683 3348 probant
2708 3275 2822 3329 haec
2876 3272 3059 3335 verba,
3111 3270 3201 3341 qui
3260 3280 3380 3327 tunc
3427 3286 3466 3323 ιι
3505 3268 3650 3321 nobis
3709 3268 3934 3321 abscissi

2363 3382 2506 3427 sunt.

2435 3464 2543 3520 Vll.
2576 3463 2739 3520 Nemo
2780 3460 2953 3517 nescit
2982 3467 3212 3530 quantas
3250 3465 3460 3527 strages
3501 3454 3560 3511 in
3594 3451 3816 3507 Oriente
3843 3464 3934 3501 an-

2366 3575 2434 3613 no
2480 3558 2584 3612 574
2638 3555 2992 3612 concitaverit
3025 3552 3419 3625 deprehensum
3459 3561 3645 3603 eorum
3689 3542 3929 3607 facinus,

2364 3645 2453 3710 qui
2495 3645 2558 3697 de
2589 3642 2827 3697 Valentis
2858 3657 3171 3698 successore
3210 3656 3307 3710 per
3332 3649 3505 3695 sortes
3545 3635 3931 3705 inquisieraut.

2367 3730 2611 3784 Omnium
2633 3733 2738 3800 {ere
2774 3734 3017 3785 ordinum
3046 3732 3353 3795 multitudo,
3377 3744 3532 3799 quam
3559 3742 3824 3781 recensere
3857 3734 3931 3777 est

2366 3824 2613 3889 arduum,
2664 3822 2837 3891 inquit
2860 3824 3176 3876 Ammianus
3207 3822 3307 3889 (b),
3333 3822 3388 3873 in
3418 3821 3600 3888 ptagas
3628 3820 3934 3871 calumnia-

2364 3930 2481 3965 rum
2515 3916 2768 3981 conjecta,
2796 3927 3155 3981 percussorum
3200 3913 3446 3965 dexteras
3474 3910 3735 3979 fatigavit.
3794 3909 3932 3963 Cum

2362 4003 2627 4057 Eusebius
2681 4003 2921 4072 quidam,
2976 4018 3135 4073 quem
3186 4002 3415 4057 Basilius
3449 4001 3611 4054 filium
3669 4002 3931 4069 appellat,

2363 4093 2626 4162 ejusmodi
2662 4094 2945 4149 calumniis
2970 4096 3240 4164 appetitus
3274 4093 3483 4155 fuisset,
3517 4107 3547 4145 a
3599 4093 3801 4161 quibus
3840 4108 3934 4146 ne-

2363 4200 2452 4239 mo
2503 4196 2647 4243 tutus
2695 4201 2818 4242 esse
2868 4195 3098 4256 paterat,
3156 4185 3391 4240 Basilius
3453 4182 3820 4253 Sophronium
3880 4191 3933 4237 et

2362 4278 2657 4347 Aburgium
2714 4287 2889 4347 rogat,
2922 4287 2983 4331 ut
3016 4276 3158 4330 illius
3209 4277 3574 4332 innocentiam
3621 4273 3935 4343 patrocinio

2364 4384 2464 4422 suo
2500 4370 2793 4437 adjuvent:
2830 4368 2931 4421 etsi
2964 4369 3106 4421 enim
3134 4367 3185 4421 in
3211 4367 3333 4436 jure
3366 4367 3651 4436 plurimum
3686 4365 3929 4431 praesidii

692 4436 887 4490 tionem
919 4437 1200 4503 absolvenli
1228 4439 1331 4492 Deo
1360 4458 1422 4494 ac
1464 4440 1638 4506 Patri,
1672 4444 1932 4497 interdum
1962 4461 2080 4497 cum
2112 4441 2258 4495 Filio
2292 4464 2333 4516 ι)
2365 4436 2597 4527 positum
2630 4460 2845 4521 habeat,
2893 4467 3071 4515 tamen
3122 4460 3417 4530 periculum
3443 4471 3564 4513 esse
3597 4470 3663 4511 ne
3710 4466 3932 4526 tempus

692 4543 800 4585 una
822 4544 939 4587 cum
979 4543 1155 4585 sancto
1182 4531 1401 4599 Spiritu,
1431 4535 1688 4587 interdum
1726 4552 1813 4600 per
1838 4534 2032 4597 Filium
2064 4537 2119 4587 iu
2139 4552 2257 4588 san-

694 4627 777 4672 cto
799 4618 1026 4687 Spiritu,
1047 4624 1258 4689 quidam
1288 4640 1351 4677 ea;
1374 4627 1439 4679 iis
1470 4627 1560 4696 qui
1592 4626 1829 4686 aderant,
1861 4629 2053 4691 crimen
2081 4628 2256 4679 inten-

691 4712 901 4777 derunt,
939 4715 1166 4767 dicentes
1194 4731 1307 4768 eum
1337 4734 1439 4770 non
1482 4718 1638 4771 modo
1680 4719 1963 4785 peregrinis
1998 4736 2059 4775 ac
2111 4719 2255 4776 nouis

690 4801 768 4854 uti
790 4804 1018 4869 vocibus,
1046 4820 1220 4857 verum
1257 4805 1413 4860 etiam
1442 4809 1578 4861 inter
1611 4824 1665 4861 se
1705 4810 2073 4876 pugnantibus.
2119 4810 2253 4865 Tum

690 4894 1122 4962 Amphilochius,
1151 4897 1241 4965 qui
1274 4898 1500 4967 proinde
1540 4900 1819 4963 intererat,
1852 4899 2063 4954 illorum
2101 4901 2250 4959 utili-

692 4986 787 5039 tati
818 4991 1122 5054 consulens,
1157 4990 1239 5043 vel
1266 4989 1459 5045 saltem
1502 5008 1713 5059 eorum,
1753 4993 1844 5059 qui
1890 4992 1941 5045 iu
1990 4993 2249 5060 ejusmodi

693 5075 939 5131 homines
968 5078 1233 5145 incidunt,
1286 5084 1587 5150 securitati,
1642 5083 1931 5154 postulavit
1977 5102 2005 5138 ιι
2056 5085 2252 5139 Basilio

690 5166 978 5221 dilucidam
1002 5169 1068 5225 de
1095 5171 1147 5225 vi
1178 5173 1368 5227 harum
1394 5176 1717 5247 syllabarum
1760 5179 2249 5245 pertractationem.

691 5256 820 5311 lude
881 5267 1003 5311 nata
1046 5265 1259 5320 occasio
1318 5267 1437 5320 libri
1486 5268 1551 5321 de
1615 5266 1822 5338 Spiritu
1874 5278 2060 5329 sancto
2121 5270 2256 5327 scri-

692 5347 877 5405 bendi.

760 5440 875 5496 Non
903 5454 1076 5512 potest
1100 5448 1163 5499 ad
1181 5449 1321 5501 aliud
1346 5461 1548 5519 tempus
1582 5454 1769 5507 referri
1808 5454 1907 5509 hoc
1928 5469 2077 5525 opus,
2118 5454 2246 5511 Nam

765 5665 839 5731 (η)
874 5666 969 5727 Ἑρ.
995 5668 1117 5719 176.

772 5734 846 5797 (ὲ)
876 5733 991 5785 Lib.
1025 5751 1177 5799 χχιχ,
1203 5753 1248 5789 c.
1276 5741 1297 5789 l
1328 5738 1453 5790 eti.

2362 4564 2578 4603 causam
2618 4549 2763 4602 illius
2818 4547 2992 4614 lzedat,
3025 4558 3079 4602 et
3131 4551 3255 4619 quia
3317 4546 3469 4602 multi
3526 4546 3579 4599 in
3640 4550 3931 4603 atrocissi-

2362 4640 2465 4693 mis
2495 4637 2787 4692 sceleribus
2816 4637 3151 4707 deprehensi,
3176 4641 3229 4695 in
3265 4652 3388 4692 eum
3415 4636 3527 4692 haec
3569 4640 3813 4709 suspicio
3842 4656 3932 4694 re-

2357 4731 2574 4783 dundet.
3777 4735 3785 4741 ‘

2431 4824 2688 4878 Videntur
2710 4826 2776 4879 ad
2803 4826 2927 4879 illud
2946 4824 3455 4894 suspiciosissimum
3475 4842 3539 4881 ac
3560 4824 3930 4880 saevissimum

2363 4925 2570 4982 tempus
2592 4916 2859 4985 pertinere
2883 4919 3000 4972 duas
3026 4924 3313 4983 sequentes
3339 4917 3579 4986 epistolae
3599 4918 3690 4981 (c).
3725 4914 3788 4967 lu
3823 4917 3934 4982 pri-

2362 5022 2443 5059 ma
2475 5009 2815 5061 commendat
2837 5009 3109 5062 Ariuthaeo
3134 5010 3301 5061 virum
3337 5009 3492 5078 longe
3525 5005 3930 5061 nobilissimum

2360 5113 2423 5155 ac
2454 5098 2693 5152 moribus
2741 5100 2910 5168 magis
2945 5100 3296 5169 spectandum
3348 5114 3512 5168 quam
3552 5110 3777 5167 genere,
3835 5098 3930 5167 qui

2362 5190 2617 5257 judicium
2659 5191 2977 5256 sustinebat,
3011 5190 3125 5245 leve
3163 5191 3288 5245 illud
3320 5192 3535 5261 quidem
3580 5196 3635 5243 et
3672 5199 3928 5243 contem-

2366 5283 2622 5349 nendum,
2650 5284 2693 5337 si
2724 5284 2919 5337 veritas
2954 5292 3309 5352 spectaretur,
3345 5284 3437 5337 sed
3466 5280 3666 5349 alioqui
3706 5279 3932 5335 dimcile

2363 5370 2718 5428 etmolestum
2750 5375 2818 5427 ob
2869 5374 3149 5428 calumnia:
3190 5374 3602 5429 vehementiam.
3652 5370 3707 5425 lu
3757 5378 3927 5427 altera

2366 5463 2766 5515 commendatur
2787 5466 3085 5530 Supiirunio
3122 5468 3199 5519 vir
3225 5465 3416 5521 nubilis
3444 5475 3497 5519 et
3527 5464 3796 5531 eruditus,
3838 5464 3927 5533 qui

2428 5683 2495 5745 (ρ)
2522 5683 2683 5747 Epist.
2723 5684 2816 5735 179
2845 5694 2890 5734 cl
2928 5686 3041 5736 lSO.
