4080 6312
1497 337 1655 393 ἮΤΑ
1699 336 1756 392 S.
1798 334 2057 393 BASILII.

3240 349 3408 394 CXXIII

174 449 227 504 in
246 449 615 509 mlamitatem
658 448 917 506 inciderat
967 451 1364 508 intolerabilem
1420 468 1484 508 ac
1523 455 1749 526 negotiis
1776 456 2103 520 Ascribere,
2161 457 2303 526 quod
2354 473 2473 513 cum
2521 453 2772 511 Ecclesia:
2823 453 3120 525 praepositis
3166 457 3279 510 suis
3318 474 3409 513 ca-

172 556 364 613 prseter
388 542 643 596 meritum
674 544 973 613 implicatus
1003 555 1141 600 erat.

245 633 374 688 VIII.
408 631 777 689 Samosatcnsi
811 634 1062 690 Ecclesiae
1085 637 1313 692 Basilius
1338 649 1403 689 eo
1437 638 1625 706 magis,
1659 654 1741 693 re-

172 728 350 793 legata
379 725 632 791 Eusebio,
671 728 964 791 metuebat,
996 744 1103 798 quo
1132 729 1305 797 magis
1330 744 1448 783 eam
1490 733 1743 785 oumibus

173 816 328 870 bonis
354 818 734 887 spiritualibus
779 820 877 871 sub
922 818 1019 873 hoc
1044 819 1492 889 praestantissimo
1529 832 1745 889 pastore

174 906 451 963 ﬂorentem
482 909 713 962 viderat.
737 906 883 961 Piam
904 908 1044 965 illius
1072 910 1307 980 pectoris
1326 911 1743 968 sollicitudinem

175 998 356 1067 plures
386 1002 586 1055 littera:
625 1008 908 1055 testantur.
945 1001 1130 1057 Otreio
1174 1001 1497 1059 Melitinensi
1527 1006 1623 1077 (υ),
1656 1007 1742 1061 cui

174 1094 421 1149 exsilium
451 1090 674 1146 Eusebii
703 1108 807 1148 non
841 1096 1020 1148 minus
1049 1108 1209 1163 quam
1251 1096 1567 1166 sibimetipsi
1628 1113 1744 1153 mo-

177 1187 371 1243 !estum
398 1201 524 1242 esse
549 1188 779 1251 sciebat,
812 1190 910 1243 has
939 1197 1242 1245 mutuarum
1267 1191 1565 1246 litterarum
1594 1193 1741 1248 vices

176 1277 461 1348 proponit;
516 1288 573 1334 ut
629 1282 743 1350 ipse
774 1279 988 1346 quidem
1022 1278 1220 1337 Basilio
1264 1284 1470 1338 scribat
1498 1298 1617 1352 quae
1641 1285 1743 1338 Sa-

175 1370 399 1424 mosatis
426 1370 738 1433 afferentur,
773 1371 819 1423 ei
848 1382 1024 1427 autem
1058 1373 1307 1442 Basilius,
1338 1392 1462 1445 qua:
1477 1392 1539 1429 ex
1569 1376 1743 1430 Thra-

172 1461 272 1514 cia.
305 1459 439 1516 Nam
471 1479 570 1517 nec
603 1463 798 1517 Basilio
840 1467 1017 1533 pepuli
1062 1467 1458 1523 Samosateusis
1492 1479 1746 1523 constan-

176 1551 300 1606 tiam
356 1569 712 1624 cognoscere,
769 1572 867 1611 nec
900 1559 1085 1613 Otreio
1115 1560 1181 1613 de
1234 1561 1538 1615 communis
1576 1561 1745 1631 patris

174 1643 333 1699 rebus
371 1644 611 1706 edoceri,
667 1644 781 1700 leve
836 1648 1086 1701 solatium
1138 1657 1272 1702 erat.
1322 1650 1372 1702 Is
1427 1658 1604 1703 autem
1655 1652 1743 1719 qui

177 1733 314 1791 hanc
365 1735 549 1790 Basilii
607 1739 888 1806 epistolam
942 1740 1168 1806 ferebat,
1200 1742 1386 1798 Otreio
1427 1757 1745 1799 narraturus

1845 556 2025 610 reant,
2062 545 2349 614 plurimum
2392 548 2589 617 negotii
2614 547 2803 600 habeat
2834 548 2886 600 in
2923 546 3410 601 circumcnrsandis

1848 638 2051 693 Christi
2085 638 2315 692 ovilibus
2369 653 2432 691 ac
2478 641 2615 709 lupis
2656 638 2889 706 undique
2924 638 3189 693 arcendis.
3238 637 3411 708 Rogat

1850 745 2025 787 tamen
2064 732 2291 787 Basilius
2317 742 2374 785 ut
2394 733 2458 785 ad
2482 747 2537 785 se
2566 734 2787 796 scribat,
2818 734 3026 799 quoties
3059 743 3305 789 occurret
3328 748 3412 786 oe-

1845 826 2018 879 casio.
2056 824 2204 879 Satis
2237 823 2559 893 perspicitur
2590 823 2727 877 inter
2753 837 3051 893 episcopos,
3079 837 3413 892 quorumex-

1846 918 2024 972 silium
2073 917 2284 987 negotia
2338 914 2628 968 exhibebat
2674 916 2970 981 Eustathio,
3019 916 3409 970 numerandum

1847 1008 1901 1059 iu
1956 1010 2142 1077 primis
2178 1024 2297 1062 esse
2344 1016 2588 1061 sanctum
2628 1004 2910 1060 Eusebium
2953 1008 3407 1068 Samosatensem,

1846 1100 1935 1166 qui
1990 1098 2236 1151 columen
2303 1108 2421 1153 erat
2473 1094 2853 1149 Ecclesiarum.
2905 1098 3080 1161 Quare
3128 1095 3242 1150 hare
3299 1096 3412 1161 epi-

1847 1189 1981 1240 stola
2025 1202 2125 1240 non
2158 1190 2321 1241 multo
2367 1201 2483 1257 post
2525 1187 2645 1254 ejus
2695 1184 2943 1237 exsilium
2989 1186 3199 1239 videtur
3250 1182 3412 1239 collo-

1846 1278 2036 1333 cauda.

1916 1368 2033 1423 Non
2074 1369 2225 1436 longe
2263 1366 2329 1420 ab
2355 1368 2539 1421 eodem
2566 1378 2805 1438 tempore
2841 1365 3158 1419 removenda
3185 1366 3409 1433 epistola

1847 1460 1913 1514 ad
1941 1460 2277 1514 Theodotum
2309 1456 2512 1511 Bercta:
2542 1461 2844 1527 episcopum
2882 1457 2972 1530 (e).
3020 1456 3230 1511 Nullum
3266 1456 3411 1510 enim

1848 1552 2104 1607 indicium
2146 1551 2308 1605 habet
2358 1553 2766 1621 persecutionis,
2823 1568 2984 1623 quam
3052 1550 3307 1618 deinceps
3358 1549 3412 1602 iu

1852 1645 2087 1699 Ecclesia
2137 1645 2411 1699 Bermeusi
2457 1644 2745 1698 excitatam
2796 1645 3114 1697 videbimus.
3171 1641 3237 1695 Et
3291 1656 3412 1693 cum

1848 1734 2074 1808 Basilius
2135 1738 2187 1790 in
2247 1735 2524 1805 epistolis,
2594 1749 2731 1803 quas
2793 1735 3008 1802 scripsit
3066 1748 3205 1787 anno
3271 1731 3413 1794 575.

173 1836 288 1881 erat
317 1843 425 1896 quo
457 1828 511 1881 in
545 1839 686 1884 statu
716 1831 1003 1888 Eusebium
1033 1834 1340 1903 reliquisset
1361 1847 1537 1907 etquo
1564 1838 1746 1893 animo

1853 1837 1961 1879 tum
2001 1828 2166 1889 clero,
2219 1837 2328 1881 tum
2366 1826 2560 1897 populo
2598 1826 2840 1895 ejusdem
2881 1824 3161 1888 Ecclesiae,
3216 1826 3413 1879 nullam

173 1932 445 1973 erumnas
474 1918 756 1976 ferentem.

244 2013 423 2076 Supra
447 2013 743 2082 Gregorius
770 2016 1143 2078 Nazianzenus
1183 2024 1397 2079 dicebat
1423 2024 1653 2080 Eusebio
1692 2025 1745 2079 in

173 2100 397 2169 epistola
433 2102 593 2169 paulo
618 2104 864 2176 postejus
888 2113 1173 2165 adventum
1207 2114 1259 2166 in
1287 2113 1570 2167 Thraciam
1609 2116 1747 2169 scri—

174 2202 257 2260 pta
299 2211 313 2247 :
368 2192 581 2248 Habent
631 2196 730 2252 alii
776 2214 1007 2255 nostrum
1048 2202 1273 2269 fortasse
1312 2204 1605 2260 thronum:
1656 2222 1749 2259 nos

176 2282 464 2341 Christum.
506 2285 623 2342 Jam
662 2300 771 2345 tum
822 2307 954 2360 ergo
1001 2292 1238 2363 suspicio
1268 2304 1386 2349 erat
1426 2295 1658 2365 aliquem
1695 2300 1749 2352 In

177 2376 348 2433 locum
398 2382 576 2435 sancti
613 2382 826 2435 Eusebii
885 2383 1148 2440 intrusum
1206 2386 1393 2453 luisse,
1421 2391 1561 2459 quod
1590 2406 1751 2459 argu-

182 2480 359 2524 mento
398 2480 483 2524 est
516 2485 629 2523 rem
657 2471 745 2524 diu
771 2488 873 2526 non
915 2472 1082 2531 fuisse
1115 2476 1373 2545 dilatam;
1408 2495 1581 2549 neque
1605 2481 1749 2535 enim

180 2560 259 2613 his
294 2562 347 2612 in
403 2560 569 2615 rebus
615 2562 744 2616 lenti
796 2574 954 2619 erant
987 2567 1193 2622 Ariani.
1236 2568 1356 2623 Cito
1403 2585 1496 2624 eos
1541 2572 1750 2626 facinus

180 2665 467 2719 aggressos
498 2665 617 2705 esse
675 2654 875 2709 indicat
920 2656 1287 2715 Tbeodoretus
1317 2660 1414 2730 (ὁ),
1443 2663 1533 2731 qui
1565 2664 1642 2715 sic
1674 2663 1752 2715 lo-

176 2745 390 2807 quitur:
417 2741 552 2796 Cum
568 2745 753 2797 Ariani
776 2757 889 2812 post
910 2749 1206 2817 ademptum
1227 2754 1369 2822 gregi
1392 2754 1641 2805 eximium
1660 2770 1751 2819 pa-

177 2844 383 2897 storem,
422 2835 539 2901 ejus
578 2834 695 2889 loco
737 2838 899 2891 alium
935 2841 1353 2903 substituissent,
1406 2859 1553 2896 nemo
1582 2858 1647 2896 ea:
1672 2843 1753 2895 in-

178 2925 304 2979 colis
330 2927 586 2995 civitatis,
618 2945 721 2982 non
745 2947 962 3001 pauper,
992 2949 1093 2986 non
1112 2936 1273 3000 dives,
1299 2951 1399 2988 non
1435 2952 1631 2998 servus,
1648 2952 1753 2989 non

180 3017 375 3085 apifex,
418 3036 522 3073 non
564 3023 816 3089 agricola,
864 3040 967 3077 non
1008 3025 1338 3092 hortulanus,
1378 3042 1477 3077 non
1522 3028 1618 3090 vir,
1650 3044 1752 3080 non

181 3108 394 3173 femina,
426 3126 536 3162 non
567 3110 888 3176 adolescens,
930 3131 1030 3167 non
1066 3130 1244 3177 senex,
1275 3127 1550 3169 conventus
1581 3117 1742 3170 eccle-

180 3198 414 3250 siasticos
463 3213 529 3249 ea:
570 3213 711 3251 more
750 3198 1114 3269 frequentauit.
1153 3202 1309 3257 Solus
1360 3206 1469 3271 ipse
1510 3206 1747 3277 degebat,

178 3298 295 3335 cum
325 3302 476 3339 nemo
508 3302 625 3338 eum
654 3288 843 3356 videre,
874 3307 1020 3343 nemo
1049 3291 1245 3362 alloqui
1280 3294 1449 3348 vellet.

251 3377 329 3429 Ad
358 3377 505 3431 hunc
531 3393 663 3448 ergo
697 3395 891 3434 annum
926 3382 1221 3438 referendae
1250 3385 1367 3440 duae
1393 3387 1628 3454 epistola:
1652 3389 1750 3460 (ε),

180 3477 315 3531 quas
351 3463 586 3520 Basilius
619 3468 831 3521 videtur
858 3472 1162 3540 scripsisse,
1198 3487 1480 3544 postquam
1522 3478 1589 3532 ad
1629 3492 1750 3533 eum

182 3559 249 3608 tte
274 3555 497 3610 miriﬁca
526 3557 659 3613 cieri
690 3575 752 3613 ac
782 3561 958 3629 populi
985 3566 1285 3619 constantia
1316 3566 1535 3621 allatum
1558 3579 1661 3625 est.
1694 3570 1752 3626 In

183 3649 355 3715 prima
392 3650 582 3705 beatos
614 3654 866 3721 praedicat
898 3658 1263 3726 presbyteros.
1296 3662 1439 3729 quod
1479 3664 1544 3714 ad
1592 3664 1748 3721 talem

182 3741 496 3796 certaminis
553 3758 855 3797 mensuram
902 3750 1143 3815 perducti
1174 3748 1396 3816 fuerint,
1448 3767 1609 3821 quam
1634 3757 1752 3825 qui-

180 3828 300 3882 dem
343 3840 598 3899 precatur
626 3842 687 3885 ut
726 3832 818 3887 Dei
860 3836 998 3889 dono
1043 3839 1308 3904 patienter
1337 3840 1648 3899 decurrant.
1693 3844 1751 3899 ln

181 3916 355 3971 altera
379 3920 587 3973 senatui
617 3918 982 3977 Samosatensi
1006 3926 1329 3995 gratulatur,
1348 3932 1489 3998 quod
1513 3947 1633 3987 cum
1658 3951 1754 4005 per

187 4019 365 4063 totum
398 4012 584 4065 orbem
608 4014 910 4081 persecutio
931 4015 1122 4070 diﬂ‘usa
1162 4019 1255 4085 sit,
1283 4034 1346 4074 ac
1372 4024 1619 4080 maximae
1653 4026 1753 4099 Sy-

183 4106 280 4160 ria:
306 4105 469 4161 urbes
492 4106 677 4162 eadem
709 4123 774 4163 ac
800 4109 901 4179 ipsi
932 4110 1067 4165 mala
1096 4122 1331 4182 expertae
1365 4114 1585 4186 fuerint,
1636 4122 1755 4175 nul-

182 4197 274 4252 libi
309 4206 491 4253 tamen
522 4200 658 4256 adeo
677 4212 950 4269 spectatus
972 4206 1041 4259 sit
1065 4216 1303 4274 senatus,
1344 4224 1408 4266 ac
1434 4212 1591 4269 bonis
1620 4230 1750 4284 ope.

182 4289 342 4343 ribus
375 4290 571 4354 clarus,
598 4301 658 4345 ut
683 4291 1097 4353 Samosateusis.
1139 4298 1316 4363 Quare
1340 4318 1528 4369 parum
1562 4308 1751 4362 aberat

183 4382 317 4448 quin
345 4382 541 4452 gratias
559 4385 720 4439 etiam
742 4386 961 4441 haberet
993 4389 1079 4443 his
1107 4406 1224 4459 qua:
1250 4392 1388 4447 Deus
1414 4396 1525 4450 lleri
1553 4402 1753 4467 permi-

1775 3155 1824 3217 Ο

1848 1933 2069 1988 prorsus
2114 1922 2432 1974 mentionem
2489 1919 2651 1973 faciat
2691 1918 2945 1987 episcopi,
3003 1918 3057 1972 id
3101 1926 3417 1987 argumento

1848 2023 1933 2066 est
1990 2025 2112 2064 eum
2167 2012 2219 2063 in
2261 2028 2452 2081 magno
2488 2024 2714 2065 numero
2761 2009 3128 2063 confessorum
3170 2005 3416 2061 exsulum

1850 2103 2034 2156 fuisse.
2065 2102 2246 2168 Quare
2274 2114 2400 2156 ante
2424 2104 2552 2157 illud
2582 2114 2795 2171 tempus
2821 2100 3129 2155 collocanda
3165 2102 3277 2154 haec
3303 2098 3417 2167 epi-

1852 2194 2010 2247 stola.

1921 2282 2055 2338 Cum
2082 2298 2221 2338 anno
2249 2283 2355 2338 373
2378 2282 2723 2352 Antipatrum
2757 2280 3116 2352 gubernacula
3141 2280 3419 2350 Cappado-

1851 2376 1949 2431 cia:
1991 2386 2359 2447 capessentem
2410 2375 2735 2439 viderimus,
2775 2375 2997 2442 epistola
3040 2388 3270 2443 sequens
3310 2370 3415 2442 (Γ),

1851 2484 1971 2538 quas
2002 2471 2067 2523 ad
2100 2485 2220 2524 eum
2243 2469 2441 2537 scripta
2473 2476 2574 2533 est,
2608 2481 2747 2521 anuo
2777 2465 2881 2521 573
2908 2476 3000 2520 aut
3036 2467 3138 2520 574
3167 2466 3419 2521 collocari

1851 2562 2029 2616 debet.
2084 2560 2197 2616 Non
2252 2562 2366 2616 sine
2419 2560 2596 2629 lepore
2644 2557 2942 2629 gratulatur
2999 2555 3419 2625 Basilius‘quod

1852 2652 2071 2706 crambe
2131 2662 2284 2705 aceto
2352 2653 2562 2705 condita
2624 2659 2847 2704 sanatus
2909 2655 3076 2713 esset,
3138 2660 3202 2699 ac
3269 2644 3420 2699 cibo-

1854 2759 1972 2797 rum
2043 2743 2404 2813 appeteutiam
2459 2752 2777 2807 reparasset.
2839 2739 3071 2811 Epistola
3144 2737 3243 2792 187
3312 2751 3420 2790 nor.

1851 2844 1937 2889 est
1984 2834 2186 2900 Basilii,
2242 2834 2337 2889 sed
2388 2834 2548 2888 breve
2606 2843 2662 2887 et
2722 2833 2970 2888 festivum
3029 2833 3268 2902 ejusdem
3307 2832 3421 2887 Anc

1854 2928 2036 2997 tipatri
2089 2928 2155 2981 ad
2212 2925 2545 2997 superiorem
2595 2925 2873 2994 epistolam
2935 2938 3247 2994 responsum
3288 2938 3424 2978 con-

1855 3018 2007 3071 tinet.

2412 3150 2635 3209 CAPUT
2676 3149 2864 3205 XXXI.

1859 3312 1901 3367 I.
1945 3312 2137 3367 Scribit
2154 3322 2363 3367 sanctus
2392 3311 2624 3366 Basilius
2657 3314 2882 3380 primam
2905 3308 3178 3378 epistolam
3209 3309 3423 3380 canoni-

1928 3398 2064 3437 cam.
2107 3384 2166 3438 ΙΙ.
2200 3384 2350 3435 Circa
2383 3383 2519 3435 idem
2548 3378 2742 3450 tempus
2795 3384 2993 3450 scripta
3048 3379 3265 3447 cpistola
3319 3378 3429 3450 189

1929 3458 1997 3505 ad
2030 3453 2391 3516 Eustathium,
2438 3468 2591 3517 quam
2625 3447 2808 3505 Basilii
2844 3447 2953 3504 esse
2983 3452 3290 3503 ostenditur.
3335 3447 3420 3501 Ill.

1933 3522 2223 3589 Respondet
2258 3521 2616 3588 Amphilochia
2659 3524 2722 3573 de
2757 3522 3074 3573 restituendo
3122 3522 3423 3589 episcopatu

1930 3595 1987 3647 in
2018 3588 2226 3647 civitate
2260 3592 2588 3646 Isaurorum.
2649 3592 2765 3660 Agit
2813 3592 2865 3641 in
2883 3588 3331 3660 eademgepistola‘
3361 3589 3424 3641 de

1928 3666 2203 3734 cujusdam
2235 3662 2443 3734 Georgii
2473 3657 2711 3734 negotio,
2730 3660 2797 3712 ad
2824 3658 2961 3734 quod
3008 3657 3422 3734 refertunetinnt

1928 3726 2143 3803 epistola
2193 3734 2316 3787 I92.
2610 3730 2715 3803 alia
2758 3726 2976 3803 epistola
3014 3726 3129 3799 qua:
3170 3726 3426 3803 falsoin—

1942 3746 2143 3803 εριειοια
2193 3746 2316 3787 192.
2366 3746 2453 3784 tv.
2497 3746 2571 3782 ue
2610 3746 2715 3783 ana
2758 3746 2976 3853 Ἕρμαια
3014 3746 3129 3799 quia
3170 3746 3305 3797 ιαιεο
3342 3746 3426 3780 m-

1942 3806 2190 3857 scribitur
2231 3800 2611 3871 Amphilochia.
2668 3799 2733 3854 γ.
2832 3799 3043 3855 asiliutn
3099 3799 3426 3869 persequitur

1931 3873 2088 3927 Ponti
2120 3874 2363 3927 vicarius.

1932 4029 1973 4083 l.
2016 4029 2210 4083 Plenus
2254 4027 2528 4095 apostolici
2575 4026 2804 4082 fervoris
2838 4023 3261 4095 Amphilochius,
3300 4040 3419 4080 eum

1860 4122 2157 4177 Ecclesium
2203 4136 2354 4175 suam
2392 4121 2630 4175 moribus
2654 4133 2848 4173 ornare
2882 4128 2936 4173 et
2981 4118 3184 4174 sanctis
3214 4118 3423 4189 legibus

1860 4214 2149 4269 emendare
2189 4213 2518 4283 incmpisset,
2569 4211 2824 4265 Basilium
2864 4211 3129 4265 consuluit
3183 4209 3425 4279 pluribus

1861 4310 1925 4362 de
1958 4308 2115 4363 rebus
2160 4312 2227 4360 ad
2254 4306 2591 4375 disciplinam
2636 4304 3042 4374 pertinentibus.
3093 4302 3347 4356 Libenter
3373 4303 3439 4356 ei

1861 4399 2133 4467 respondit
2157 4396 2387 4451 Basilius
2421 4396 2523 4467 (g),
2543 4410 2707 4465 seque
2732 4395 2928 4449 fatetur
2952 4394 3241 4462 plurimum
3279 4394 3424 4446 utili-

183 4478 579 4569 serat,quippe
600 4480 891 4569 cumquod
911 4494 1041 4569 auro
1066 4489 1147 4534 est
1167 4485 1431 4549 caminus,
1474 4488 1524 4541 id
1563 4506 1745 4547 eorum
1784 4517 1828 4569 ι)
1863 4496 1985 4548 tatis
2011 4490 2308 4560 percipere,
2348 4489 2560 4558 qu0ties
2587 4486 2943 4559 Amphilochii
2970 4485 3178 4540 litteras
3205 4486 3419 4555 accipit,

182 4567 377 4621 virtuti
403 4568 684 4621 calamitas
718 4568 898 4623 fuerit.
926 4568 1185 4625 Hortatur
1208 4574 1319 4639 jam
1362 4580 1649 4638 exautlatis
1679 4586 1759 4640 la-

182 4660 410 4713 boribus
458 4659 593 4715 alios
642 4659 893 4730 deinceps
940 4662 1130 4732 dignos
1170 4664 1444 4733 adiiciant,
1497 4670 1577 4726 ita
1624 4685 1762 4733 utet

184 4751 504 4806 redeuntem
530 4750 815 4821 aliquando
836 4762 1106 4822 pastorem
1132 4756 1479 4816 circumstent
1503 4764 1591 4819 alii
1618 4768 1759 4825 aliud

184 4858 286 4910 pro
348 4842 581 4900 Ecclesia
628 4856 837 4915 gestum
898 4859 1181 4906 narrantes
1227 4861 1281 4905 et
1323 4852 1374 4907 in
1427 4872 1613 4927 magna
1658 4861 1761 4915 Do,

185 4933 322 4987 mini
375 4936 460 4990 die
502 4952 681 5005 parem
719 4946 864 4993 recte
892 4938 1049 4995 factis
1087 4944 1387 4998 mercedem
1412 4960 1750 5018 consequan-

186 5034 297 5076 ων.

255 5113 486 5168 Videtur
511 5114 822 5174 Eustathius
839 5120 915 5193 (ά)
934 5119 1237 5179 llimmeriaa
1264 5128 1318 5181 in
1338 5127 1613 5187 Osrltoena
1637 5131 1750 5199 epi-

182 5221 408 5274 scopus,
436 5207 556 5262 lldei
580 5225 808 5280 magnus
828 5214 1078 5268 defensor
1109 5215 1297 5284 fuisse,
1324 5229 1378 5274 et
1414 5220 1644 5276 Eusebio
1658 5238 1751 5277 ex-

183 5301 291 5354 suli
317 5299 572 5354 vicariam
595 5316 815 5371 operam
852 5321 1074 5362 navasse
1104 5310 1156 5363 itt
1179 5314 1543 5368 sustentandis
1572 5314 1755 5369 Eccle-

183 5394 303 5448 siis.
332 5393 649 5461 Suspicatur
674 5396 817 5451 enim
841 5396 1071 5457 Basilius
1093 5416 1214 5457 eum
1243 5404 1444 5462 idcirco
1467 5406 1530 5461 ad
1550 5423 1606 5462 se
1632 5422 1754 5462 raro

254 5566 647 5651 toﬁs-13L.
753 5638 783 5651 ..

252 5641 308 5707 (b
365 5637 504 5691 Hist.
540 5637 722 5694 eccles.
753 5638 844 5699 lib.
878 5657 949 5708 tv,
977 5656 1025 5696 c.
1062 5641 1147 5696 l5.

255 5639 334 5833 (ὀ
373 5707 468 5776 Ep.
513 5709 637 5771 182,
672 5710 792 5766 185.

256 5788 269 5833 t
324 5788 338 5833 l
378 5781 473 5833 En.
514 5777 638 5833 184.

256 5777 338 5853 (Α)
378 5781 473 5850 Ep.
514 5777 638 5834 184.

1858 4583 2067 4651 sibique
2120 4580 2426 4649 magistram
2478 4577 2869 4649 quodammodo
2906 4576 3021 4630 llerl
3068 4576 3420 4645 respondendi

1858 4687 2042 4726 curam
2078 4687 2093 4723 :
2125 4680 2179 4725 et
2207 4680 2355 4724 certe
2383 4686 2502 4725 cum
2529 4670 2596 4724 de
2625 4669 2785 4723 rebus
2806 4668 2873 4722 ab
2901 4666 3269 4738 Amphilochio
3302 4682 3422 4737 pm-

1857 4766 2050 4833 positis
2085 4779 2355 4833 nunquam
2384 4773 2540 4817 antea
2570 4762 2833 4818 sollicitus
2860 4762 2985 4815 data
3022 4775 3179 4831 opera
3210 4760 3419 4826 fuisset,

1856 4870 2098 4912 coactum
2130 4872 2252 4914 esse
2285 4858 2401 4913 illas
2425 4866 2679 4912 accurate
2707 4854 3072 4919 considerare,
3110 4864 3165 4909 et
3209 4854 3253 4908 si
3293 4852 3423 4922 quid

1859 4965 1888 5003 a
1924 4949 2223 5003 senioribus
2258 4948 2553 5016 didicisset,
2595 4945 2893 5008 recordari,
2921 4952 3080 5014 atque
3105 4959 3170 4997 ex
3201 4944 3267 4997 iis
3300 4956 3425 5011 qua:

1858 5044 2138 5106 didicerat,
2178 5041 2342 5093 multa
2388 5038 2755 5093 ratiocinando
2796 5036 3060 5107 colligere.
3108 5033 3243 5089 Tres
3275 5033 3421 5102 ejus-

1859 5134 2000 5188 modi
2047 5131 2301 5202 epistolas
2334 5133 2626 5186 cauonicas
2653 5131 2930 5194 habemus,
2973 5129 3135 5183 variis
3162 5126 3422 5195 tempori-

1859 5226 1961 5280 bus
1988 5226 2125 5277 iutra
2152 5223 2285 5278 anni
2304 5240 2407 5277 non
2430 5223 2571 5291 pleni
2601 5222 2829 5292 spatium
2863 5221 3205 5291 compositas.
3244 5217 3419 5271 Prima

1861 5330 2000 5367 anno
2035 5314 2141 5368 574
2170 5324 2399 5368 exeunte
2435 5314 2653 5381 scripta.
2686 5311 2819 5365 Nam
2846 5311 3100 5374 secunda,
3140 5324 3257 5379 quae
3286 5308 3419 5362 satis

1860 5407 2018 5474 longo
2078 5416 2199 5473 post
2252 5407 2476 5473 primam
2534 5404 2814 5461 intervallo
2867 5405 3029 5459 missa
3092 5410 3190 5468 est,
3261 5399 3419 5470 paulo

1927 5580 1996 5650 (e)
2039 5581 2132 5649 Ep.
2168 5582 2289 5636 l85.

1930 5649 1998 5715 (Ῑ)
2042 5650 2136 5715 Ep.
2169 5653 2287 5704 186.

1931 5653 1998 5719 (n
2042 5653 2136 5718 Ep.
2169 5653 2287 5704 iss.

1931 5722 2006 5793 (9)
2041 5723 2136 5791 Ep.
2173 5720 2292 5776 l88.
