4074 6312
687 323 849 368 CXXIV

2034 317 2562 375 PROLEGOMENA.

686 426 1023 493 posti‘ascha
1058 429 1179 483 anui
1209 430 1312 486 375
1340 432 1499 486 inissa
1533 433 1651 498 fuit,
1680 435 1913 489 utmodo
1941 438 2255 493 videbimus.
2292 444 2332 499 Α
2368 439 2507 490 nitas
2566 437 2615 491 iu
2661 436 3079 491 controversiam
3138 436 3204 491 ab
3254 435 3429 505 impiis
3472 436 3740 496 haereticis
3776 450 3934 492 voca-

760 516 821 571 ΙΙ.
857 521 1011 573 Auno
1034 518 1137 575 574
1170 533 1400 578 exeunte
1426 525 1623 593 scripta
1656 527 1870 580 videtur
1909 527 2258 597 epistola189

687 611 752 663 ad
788 610 1126 666 Eustathium
1158 615 1516 670 archiatrum.
1549 620 1595 672 Is
1620 618 1749 672 artis
1781 634 1893 675 sua;
1941 619 2257 674 beneficium

686 718 973 772 corporum
1003 706 1207 763 morbis
1244 725 1347 765 non
1374 710 1664 767 definiebat
1695 727 1709 765 :
1743 717 1883 782 quod
1916 715 2127 783 quidem
2161 714 2260 768 Ba-

686 795 840 849 silius
866 809 975 849 non
1001 795 1174 851 solum
1201 800 1571 856 consentiente
1596 800 1947 868 plurimorum
1976 803 2136 868 fama,
2166 805 2258 860 sed

688 887 849 941 etiam
878 903 973 943 sua
1008 889 1175 958 ipsius
1215 893 1543 962 experientia
1570 910 1692 948 cum
1729 912 1870 964 srepe
1902 897 2031 949 alias
2065 897 2261 952 didice-

690 984 793 1040 rat,
850 984 961 1031 tum
1008 981 1241 1035 maxime
1280 982 1331 1035 in
1372 998 1582 1038 summo
1624 986 1826 1051 dolore,
1874 1000 2031 1055 quem
2075 987 2122 1040 ei
2156 1002 2260 1043 non

688 1070 1008 1142 enarrabilis
1068 1072 1407 1129 inimicorum
1466 1079 1702 1147 nequitia
1765 1080 2032 1133 inurebat.
2098 1079 2259 1136 Gravi

688 1157 829 1213 enim
857 1160 1038 1216 cordis
1058 1161 1281 1218 vulnere
1308 1163 1692 1223 inflammatum
1717 1168 2026 1223 Eustathius
2067 1169 2260 1226 infusis

691 1249 1073 1308 consolationis
1108 1256 1285 1310 verbis
1310 1256 1583 1326 demulsit,
1626 1269 1679 1313 et
1730 1268 1909 1315 tacere
1938 1261 2155 1329 volenti,
2198 1278 2263 1316 ac

692 1340 831 1393 mala
861 1341 1078 1397 silentio
1113 1344 1372 1411 perferre,
1408 1346 1574 1401 multo
1595 1346 1763 1401 satius
1786 1362 1902 1403 esse
1924 1349 2261 1402 demonstra-

692 1433 770 1484 vit
803 1433 1082 1488 veritatem
1116 1451 1218 1488 non
1262 1437 1510 1505 prodere,
1551 1437 1644 1491 sed
1690 1439 2051 1509 sycophantas
2079 1440 2262 1494 redar-

692 1539 878 1593 guere,
918 1543 986 1581 ne
1016 1527 1196 1597 plures
1228 1529 1489 1585 la-dantur
1525 1532 1795 1601 prosperis
1839 1533 2099 1587 mendacii
2130 1550 2261 1589 con-

694 1628 773 1670 tra
804 1619 1088 1675 veritatem
1120 1624 1478 1679 successibus.
1522 1622 1593 1678 Ut
1631 1623 1786 1691 lupus
1834 1637 1952 1678 cum
2006 1640 2145 1692 agno
2190 1625 2261 1678 ita

692 1723 813 1764 cum
836 1708 1035 1767 Basilio
1060 1714 1260 1768 inimici
1293 1715 1663 1781 decertabant,
1700 1730 1841 1772 nunc
1875 1717 1977 1770 hoc
2020 1731 2162 1770 nunc
2194 1716 2257 1769 il-

2367 530 2543 583 batur.

2434 617 2549 671 Jam
2604 634 2732 673 vero
2784 619 2828 674 si
2886 618 3141 676 adversus
3168 620 3684 679 Pneumatomachos
3732 620 3933 690 scripta

2368 714 2479 768 haec
2508 712 2763 781 epistola;
2821 722 2946 768 tunc
2976 723 3124 767 certe
3154 716 3354 784 scripta
3383 722 3486 780 est,
3528 728 3649 767 cum
3700 716 3936 771 Basilius

2365 805 2645 863 consilium
2672 807 2813 875 cepit
2840 804 3109 861 scribendi
3132 806 3196 859 de
3220 805 3280 861 S.
3305 806 3528 876 Spiritu,
3554 807 3693 872 quod
3713 810 3934 876 quidem

2368 901 2509 968 cepit
2536 913 2676 951 anno
2703 898 2824 965 574,
2869 907 2989 968 post
3028 895 3223 951 festum
3256 900 3395 954 diem
3437 900 3496 956 S.
3537 898 3847 968 Eupsychii,
3878 912 3939 955 ut

2368 995 2529 1047 modo
2563 992 2816 1046 vidimus.
2848 990 3303 1058 Quemadmodum
3333 992 3474 1045 enim
3507 992 3558 1046 in
3585 992 3681 1046 hac
3706 992 3937 1058 epistola

2364 1082 2602 1136 declarat
2632 1080 2861 1136 Basilius
2885 1098 2944 1136 se
2978 1092 3154 1135 tacere
3190 1088 3246 1133 et
3282 1081 3418 1133 mala
3448 1083 3663 1137 silentio
3693 1082 3939 1150 perferre

2362 1173 2528 1228 satius
2552 1172 2916 1236 existimasse,
2942 1174 3034 1228 sed
3069 1172 3137 1227 ab
3167 1169 3448 1225 Eustathio
3474 1175 3538 1224 ad
3567 1172 3937 1228 defensionem

2362 1266 2603 1320 veritatis
2625 1272 2968 1328 revocatum;
3022 1266 3102 1320 sic
3146 1262 3307 1317 etiam
3350 1262 3402 1317 in
3442 1261 3578 1317 libro
3622 1265 3698 1318 De
3727 1262 3939 1331 Spiritu

2361 1368 2539 1411 sancto
2575 1359 2653 1427 (n.
2696 1354 2763 1409 78
2794 1354 2982 1424 et79),
3026 1363 3252 1409 testatur
3287 1369 3345 1409 se
3394 1363 3571 1408 tacere
3618 1355 3787 1409 satius
3833 1355 3938 1407 du-

2362 1448 2527 1511 xisse,
2576 1446 2668 1501 sed
2732 1445 3018 1509 charitate,
3076 1459 3193 1514 quae
3252 1460 3357 1498 non
3416 1444 3606 1515 quaerit
3651 1462 3771 1513 quae
3839 1461 3937 1498 sua

2365 1550 2491 1592 sunt
2527 1536 2577 1608 (Ι
2602 1537 2724 1591 Cor.
2756 1552 2872 1600 χιιι,
2905 1536 2982 1607 5),
3048 1546 3333 1591 retractum
3381 1537 3563 1592 fuisse.
3618 1537 3751 1591 Cum
3807 1552 3940 1604 ergo

2363 1639 2648 1695 utrumque
2665 1627 2919 1695 scriptum
2933 1667 2946 1687 .
2971 1642 3159 1696 nempe
3178 1625 3455 1695 epistolam
3481 1628 3545 1681 ad
3567 1625 3936 1689 Eustathium,

2362 1730 2416 1772 et
2439 1718 2628 1771 librum
2661 1715 2739 1771 De
2757 1714 2960 1783 Spiritu
2986 1726 3167 1770 sancto
3199 1716 3439 1773 voluntas
3472 1718 3676 1774 tacendi
3702 1731 3940 1787 preces-

695 1801 782 1855 lud
812 1803 1136 1861 incusantes.
1172 1804 1306 1861 Tres
1331 1808 1460 1863 deos
1484 1807 1806 1880 alﬁngebant
1841 1828 1854 1864 :
1882 1810 2051 1865 fracto
2069 1819 2265 1867 etcon-
2294 1804 2335 1859 Β
2364 1809 2515 1872 serit,
2566 1824 2786 1864 necesse
2824 1821 2903 1864 est
2950 1822 3004 1864 ut
3037 1812 3221 1865 eodem
3252 1819 3492 1879 tempore
3544 1823 3596 1867 et
3643 1810 3938 1881 epistolam

694 1895 835 1949 victo
890 1895 991 1950 hoc
1048 1898 1350 1968 mendacio,
1412 1902 1467 1956 in
1519 1912 1768 1973 promptu
1808 1913 1923 1957 erat
1970 1904 2257 1961 Sabellius.

692 1984 819 2039 Inde
845 1988 1047 2055 pariter
1081 1991 1271 2059 dejecti
1318 1995 1607 2051 novitatem
1646 1994 1992 2059 objiciebaut.
2022 2011 2086 2051 eo
2119 2000 2260 2069 quod

694 2093 854 2132 unam
916 2080 967 2134 in
1001 2082 1172 2138 tribus
1202 2085 1445 2153 personis
1495 2086 1829 2141 divinitatem
1889 2085 2116 2145 Basilius
2169 2092 2261 2146 do-

691 2181 857 2225 ceret.
926 2171 1255 2228 Postremam
1318 2176 1456 2229 hanc
1520 2178 1953 2233 criminationem
2010 2195 2113 2233 non
2180 2180 2263 2235 in-

692 2260 961 2316 liciatione
1021 2262 1251 2320 Basilius
1304 2265 1521 2332 refellit,
1568 2271 1661 2323 sed
1701 2270 2117 2327 demonstrando
2146 2271 2264 2341 Spi-

692 2354 854 2408 ritum
884 2364 1126 2410 sanctum
1166 2358 1217 2411 lu
1250 2358 1499 2413 omnibus
1534 2358 1679 2413 Patri
1714 2371 1769 2414 et
1802 2361 1938 2417 Filio
1969 2362 2262 2432 adiungen-

694 2448 841 2504 dum.

765 2540 913 2597 llanc
955 2544 1235 2611 epistolam
1276 2543 1650 2599 Tillemontius
1688 2545 1913 2600 collocat
1952 2546 2019 2600 ad
2068 2561 2264 2602 annum

692 2633 819 2698 376,
844 2645 895 2689 et
920 2648 1103 2689 contra
1128 2636 1472 2690 Eustathium
1495 2636 1844 2693 SebaStenum
1871 2638 2127 2709 scriptam
2155 2640 2268 2693 exi-

693 2725 898 2779 stimat.
946 2724 1050 2780 Sed
1090 2734 1267 2781 tamen
1304 2726 1485 2798 dispar
1517 2729 1736 2782 omnino
1762 2744 1826 2783 ac
1864 2730 2096 2783 discolor
2122 2730 2268 2782 vitle-

693 2823 781 2870 tur
820 2816 885 2871 iis
922 2832 1040 2885 quas
1073 2819 1331 2873 adversus
1366 2819 1701 2874 Eustathium
1742 2822 1957 2889 scripta:
1985 2831 2108 2874 sunt
2146 2840 2158 2874 :
2202 2836 2270 2875 ne

694 2910 916 2965 verbum
943 2909 1156 2980 quidem
1202 2911 1367 2965 ullum
1412 2912 1479 2965 de
1506 2910 1823 2978 Eustathin;
1858 2913 1991 2966 nihil
2033 2915 2098 2967 de
2129 2913 2269 2967 illius

697 3002 751 3055 in
782 3002 886 3057 fide
924 3002 1305 3069 inconstantia,
1350 3002 1482 3059 nihil
1522 3004 1586 3059 de
1626 3004 1834 3059 violata:
1875 3006 2122 3062 amicitia:
2155 3021 2270 3061 sce-

696 3091 811 3146 lere
840 3109 855 3147 :
885 3093 1015 3147 nihil
1044 3110 1145 3148 non
1179 3104 1597 3151 consentaneum
1628 3096 1863 3163 silentio,
1884 3098 2023 3167 quod
2042 3099 2265 3153 Basilius

693 3198 792 3254 per
820 3193 928 3239 tres
948 3200 1117 3239 annos
1140 3187 1390 3240 maximis
1421 3188 1487 3239 ab
1508 3187 1789 3243 Eustathio
1826 3200 2142 3257 provocatus
2186 3192 2265 3242 in-

693 3273 854 3344 juriis
902 3277 1154 3329 servavit.
1200 3275 1377 3342 Quare
1421 3290 1524 3329 non
1560 3276 1649 3329 alii
1692 3277 1795 3331 hoc
1838 3277 1955 3333 loco
1992 3277 2262 3346 quazrendi

697 3366 1012 3431 adversarii,
1043 3382 1205 3437 quam
1238 3369 1533 3437 generatim
1564 3369 2042 3425 Pneumatomachi
2077 3384 2092 3419 :
2130 3383 2264 3437 quos

696 3456 930 3514 Basilius
956 3458 1218 3515 Eustathii
1251 3461 1452 3516 monitu
1480 3462 1792 3530 impugnare
1832 3462 2044 3526 statuit,
2073 3476 2265 3531 quam-

695 3550 780 3603 vis
828 3549 1043 3606 interim
1093 3555 1157 3607 de
1192 3552 1416 3622 privatis
1454 3552 1722 3607 Eustathii
1753 3552 2033 3607 Sebasteni
2064 3553 2267 3606 calum-

700 3644 806 3697 niis
855 3653 1075 3699 taceret.
1142 3644 1325 3715 Neque
1384 3647 1526 3701 enim
1587 3661 1617 3700 a
1677 3645 1790 3701 solo
1849 3645 2127 3699 Eustathio
2182 3660 2266 3699 res

700 3734 935 3789 molestae
957 3736 1154 3791 Basilio
1170 3743 1479 3797 acciderunt
1499 3759 1513 3795 :
1532 3751 1764 3809 quantus
1784 3739 1835 3792 in
1861 3755 1980 3793 eum
2005 3739 2269 3793 exs‘iterit

700 3826 1312 3885 l‘rieumatomachurum
1373 3834 1544 3894 l'uror,
1594 3847 1754 3901 quam
1786 3831 2104 3898 inexpiabile
2146 3846 2266 3882 cum

702 3921 783 3975 eis
807 3920 1002 3975 bellum
1030 3922 1295 3987 habuerit,
1324 3924 1552 3992 perspici
1587 3932 1766 3991 potest
1790 3939 1855 3978 ex
1882 3924 2039 3992 epist.
2060 3923 2188 3990 215,
2216 3934 2271 3976 et

700 4026 768 4066 ex
796 4013 933 4069 libro
958 4012 1034 4069 De
1062 4014 1265 4083 Spiritu
1298 4024 1499 4079 sancto,
1534 4030 1588 4067 ιι.
1611 4015 1699 4078 l5,
1727 4013 1818 4078 25,
1847 4016 1933 4081 54,
1968 4015 2056 4080 52,
2084 4015 2175 4078 60,
2198 4017 2267 4068 69

700 4114 755 4157 et
784 4104 871 4159 75.
908 4102 1017 4159 Nec
1047 4107 1265 4169 mirum,
1294 4106 1337 4160 si
1362 4121 1482 4160 eum
1513 4105 1636 4173 lupo
1664 4105 1715 4157 in
1756 4104 1856 4157 hac
1884 4106 2103 4173 epistola
2133 4122 2270 4159 com-

701 4203 979 4264 parantur,
1013 4195 1106 4265 qui
1142 4212 1262 4249 cum
1286 4196 1408 4265 jure
1434 4196 1762 4258 vinceretur,
1802 4195 2050 4248 dentibus
2085 4197 2266 4248 vince-

702 4288 820 4342 bat.
846 4286 910 4342 Hi
937 4287 991 4341 in
1020 4285 1275 4340 Basiliam
1304 4289 1715 4343 insurrexerunt
1754 4287 1855 4342 hoc
1882 4302 2019 4340 anno
2035 4286 2159 4349 574,
2188 4288 2269 4342 die

706 4379 843 4434 festo
869 4379 1042 4434 sancti
1068 4378 1378 4447 Eupsycbii,
1412 4393 1478 4432 eo
1499 4380 1639 4448 quod
1665 4381 1715 4433 in
1740 4380 1987 4449 precibus
2009 4378 2266 4447 Spiritum

2362 1909 2633 1956 exaratam
2681 1912 2735 1955 et
2773 1903 3055 1957 consilium
3101 1904 3164 1956 de
3193 1903 3394 1973 Spiritu
3428 1915 3616 1960 sancto
3660 1904 3939 1959 scribendi

2362 2004 2669 2063 susceptum
2706 1995 2965 2050 dicamus.
2994 1993 3175 2063 Neque
3197 1996 3337 2049 enim
3365 1995 3617 2051 Basilium
3646 2013 3677 2052 a
3714 1998 3942 2053 silentio

2363 2088 2679 2143 retraxisset
2724 2087 3055 2151 Eustathius,
3107 2087 3150 2140 si
3190 2087 3303 2155 jam
3345 2089 3703 2158 Amphilochii
3741 2100 3939 2160 rogatu

2362 2178 2555 2249 Stylum
2608 2182 2673 2233 ad
2721 2179 3041 2235 refellendos
3099 2177 3617 2233 Pneumatomachos
3674 2181 3938 2253 acuisset.

2365 2272 2471 2326 Sed
2506 2280 2731 2342 uterque
2769 2274 2820 2327 in
2861 2272 3062 2327 Basilio
3090 2270 3355 2326 ﬂectendo
3378 2283 3595 2340 operam
3628 2272 3938 2340 conjunxit,

2365 2380 2463 2420 nec
2484 2364 2690 2419 videtur
2710 2364 3038 2431 Eustathius,
3065 2366 3189 2419 dum
3217 2363 3469 2418 Basiliam
3494 2361 3558 2415 ad
3583 2363 3936 2417 scribendum

2366 2456 2635 2519 hortatur,
2680 2470 2783 2508 una
2815 2454 2989 2522 aliqua
3022 2456 3245 2524 epistola
3281 2463 3568 2511 contentus
3602 2451 3792 2519 fuisse,
3840 2456 3940 2507 sed

2368 2563 2618 2618 magnum
2666 2548 2882 2617 aliquod
2920 2561 3055 2615 opus
3092 2548 3161 2600 ab
3194 2564 3259 2603 eo
3296 2548 3613 2617 postulasse.
3666 2547 3756 2602 Sic
3786 2548 3939 2599 enim

2367 2655 2486 2695 eum
2521 2640 2812 2708 alloquitur
2844 2637 3108 2693 Basilius:
3152 2636 3228 2690 Tu
3257 2654 3374 2691 vero
3404 2650 3541 2692 recte
3566 2640 3757 2708 fecisti,
3793 2641 3941 2710 quod

2366 2734 2600 2783 hortatus
2622 2746 2696 2794 es,
2745 2739 2801 2781 ut
2825 2746 2887 2783 ne
2907 2730 3173 2782 veritatem
3204 2729 3495 2795 proderem,
3534 2730 3623 2782 sed
3654 2732 3941 2799 redargue-

2366 2838 2473 2874 rem
2507 2822 2875 2891 sycophantas,
2910 2837 2971 2873 ne
3002 2820 3173 2889 plures
3195 2819 3478 2885 (edantur,
3504 2836 3773 2889 prosperos
3800 2836 3944 2873 men-

2366 2913 2517 2966 dacio
2546 2922 2727 2967 contra
2746 2913 3006 2965 veritatem
3034 2916 3306 2965 successus
3332 2910 3573 2965 habente.

2438 3001 2553 3057 Non
2600 3001 3048 3058 dissimulandum
3080 3010 3163 3055 est
3209 3000 3347 3054 hanc
3390 3001 3667 3070 epistolam
3717 3006 3941 3052 exstare

2369 3099 2508 3148 inter
2525 3107 2685 3162 opera
2710 3093 2879 3146 sancti
2914 3089 3159 3161 Gregorii
3194 3087 3445 3159 Nysseni,
3487 3091 3644 3156 eique
3684 3088 3939 3151 attribui,

2371 3195 2428 3239 ut
2446 3185 2589 3237 illius
2616 3183 2754 3253 ston
2778 3185 2943 3250 magis
2972 3192 3410 3248 consentaneam,
3442 3183 3492 3234 in
3517 3180 3746 3248 quodam
3774 3180 3943 3233 scho-

2372 3282 2460 3345 lio,
2498 3278 2637 3348 quod
2666 3295 2696 3331 e
2720 3293 2822 3335 ms.
2853 3277 3037 3331 codice
3062 3285 3272 3330 erutum
3306 3278 3355 3330 in
3385 3276 3533 3329 Notis
3560 3278 3937 3345 apposuimus.

2371 3372 2639 3441 Scriptam
2673 3368 2891 3437 coniicit
2914 3367 3269 3422 Combetlsius
3300 3382 3327 3419 a
3353 3366 3612 3436 Gregorio
3642 3376 3765 3435 post
3793 3383 3942 3421 mor-

2370 3475 2475 3518 tem
2510 3463 2711 3518 Basilii.
2763 3462 2867 3516 Sed
2911 3462 2956 3515 si
2995 3458 3237 3529 Gregorii
3268 3468 3370 3524 est,
3412 3458 3573 3515 scribi
3612 3474 3715 3513 non
3759 3460 3943 3529 potuit

2371 3567 2487 3624 post
2516 3564 2739 3608 mortem
2763 3552 2965 3605 Basilii.
2997 3551 3215 3622 Signata
3245 3551 3387 3606 enim
3428 3559 3511 3605 est
3538 3551 3781 3620 pluribus
3814 3566 3943 3619 per-

2371 3645 2661 3701 secutionis
2717 3644 2878 3705 notis,
2930 3657 3028 3697 nec
3076 3658 3309 3710 unquam
3343 3641 3479 3695 alias
3510 3642 3723 3694 videtur
3766 3643 3942 3710 major

2372 3739 2743 3795 haereticorum
2767 3736 3000 3806 potentia
3027 3735 3321 3788 exstitisse.
3358 3734 3427 3786 At
3467 3742 3681 3787 mortuo
3708 3733 3937 3796 Basilio.

2374 3833 2453 3885 vel
2485 3832 2661 3902 potius
2697 3829 2879 3885 statim
2923 3837 3087 3895 atque
3133 3825 3244 3891 ipse
3278 3825 3473 3879 Valens
3501 3825 3693 3879 divinae
3713 3825 3942 3895 justitize

2377 3942 2565 3995 pmnas
2587 3924 2703 3987 luit.
2738 3922 2949 3993 penitus
2994 3920 3226 3974 concidit
3260 3928 3497 3988 potestas
3535 3919 3940 3984 haereticorum,

2379 4036 2476 4075 nec
2494 4020 2603 4089 jam
2636 4025 2884 4086 poterant
2908 4013 2958 4066 in
2987 4011 3315 4079 Catholicos,
3347 4010 3494 4065 velut
3529 4010 3634 4079 lupi
3664 4010 3716 4064 in
3746 4026 3941 4080 agnos,

2376 4112 2651 4166 desaevire.
2704 4105 2883 4173 Quare
2922 4104 3132 4159 etiamsi
3169 4102 3445 4157 tribuenda
3498 4112 3639 4156 esset
3679 4101 3945 4170 Gregorio

2375 4207 2487 4257 haec
2514 4201 2736 4269 epistola
2756 4240 2771 4263 ,
2806 4200 2872 4252 ad
2907 4199 3006 4252 hoc
3040 4198 3214 4263 ipsum
3244 4194 3665 4265 tempus.referri
3691 4197 3941 4259 deberet,

2372 4296 2438 4347 ad
2490 4292 2628 4361 quod
2688 4288 3021 4343 referendam
3084 4288 3352 4343 duximus.
3411 4287 3528 4341 Non
3559 4288 3703 4340 enim
3750 4287 3942 4341 referri

2376 4393 2553 4455 potest
2579 4381 2645 4435 ad
2684 4379 2833 4433 initia
2866 4379 3203 4447 episcopatus
3234 4377 3513 4446 Gregorii;
3542 4378 3807 4446 siquidem
3842 4392 3943 4431 au-

705 4470 951 4525 sanclum
995 4486 1117 4525 cum
1161 4469 1319 4523 Patre
1358 4479 1413 4523 et
1450 4468 1591 4523 Filio'
1615 4470 1938 4539 gloriﬁcaret
1970 4470 2070 4542 (α),
2099 4486 2162 4524 ac
2199 4472 2268 4524 ita
2304 4500 2345 4554 υ
2376 4488 2577 4531 ctorem
2630 4470 2868 4539 epistolze
2909 4467 3020 4536 jam
3052 4468 3141 4521 diu
3175 4469 3445 4519 vexabant
3470 4468 3724 4521 haeretici.
3757 4466 3944 4534 Neque

705 4578 826 4619 sese
847 4565 915 4617 ab
946 4578 1011 4620 eo
1039 4562 1407 4628 absciderunt,
1434 4570 1491 4616 ut
1522 4578 1708 4617 eorum
1742 4564 1832 4618 alii
1862 4564 1911 4617 in
1937 4564 2113 4617 aulam
2144 4580 2266 4633 pro-

707 4661 1101 4723 ficiscerentur,
1126 4659 1214 4713 alii
1245 4666 1603 4721 remanerent,
1630 4670 1899 4709 rumorem
1937 4655 2058 4711 inde
2085 4672 2269 4725 exspe-

707 4763 939 4810 ctantes.
980 4751 1287 4817 Quinetiam
1315 4764 1411 4819 per
1434 4756 1600 4803 totam
1629 4747 1860 4801 hiemem
1888 4748 2097 4815 negotia
2125 4748 2169 4800 ei
2200 4747 2272 4800 fa-

707 4860 921 4901 cessere
951 4858 1058 4899 non
1084 4843 1381 4897 desierunt.
1417 4840 1530 4896 Non
1558 4841 1697 4895 enim
1734 4839 1868 4893 alios
1894 4841 2140 4909 designat
2171 4840 2273 4893 Ba—

712 4938 863 4991 silius
884 4936 937 4989 in
964 4936 1120 5005 epist.
1142 4934 1265 4997 £97,
1296 4948 1421 4997 cum
1445 4933 1822 5000 occupationes
1848 4930 1948 4985 sibi
1977 4944 2072 4999 per
2102 4940 2267 4985 totam

712 5006 959 5089 hiemem,
1008 5036 1118 5079 tum
1159 5039 1223 5079 ex
1266 5025 1495 5092 negotiis
1521 5022 1923 5085 ecclesiasticis,
1972 5031 2082 5075 tum
2118 5022 2274 5077 abiis

709 5117 800 5185 qui
838 5115 1089 5171 Ecclesiis
1118 5122 1330 5177 nocent,
1366 5111 1637 5167 exhibitas
1676 5110 1839 5166 fuisse
1878 5121 2120 5166 testatur.
2157 5113 2270 5167 Non

706 5223 840 5276 ergo
874 5204 1207 5260 Eustathium
1233 5206 1363 5271 petit
1404 5204 1519 5257 haec
1559 5204 1807 5272 epistola,
1860 5204 1963 5258 nisi
2015 5213 2277 5274 quatenus

710 5313 833 5351 cum
862 5295 1383 5358 Pneumatomachis,
1411 5294 1511 5347 etsi
1534 5297 1764 5359 occulte,
1794 5295 2107 5364 conjunetus
2133 5306 2267 5350 erat.

714 5388 827 5443 Huc
879 5389 1087 5443 accedit
1140 5388 1255 5453 ipsa
1301 5387 1562 5455 dogmatis
1609 5387 1970 5454 pertractandi
2018 5387 2172 5442 ratio.
2217 5386 2272 5441 ln

712 5480 987 5550 probanda
1009 5480 1152 5531 enim
1181 5478 1297 5531 Filii
1329 5477 1627 5541 divinitate,
1657 5486 1839 5545 utpote
1863 5478 1930 5531 ab
1954 5468 2277 5531 abversariis

713 5585 968 5623 concessa
993 5584 1097 5625 non
1117 5570 1430 5626 immoratur
1459 5567 1701 5623 Basilius.
1730 5567 1853 5622 Sola
1885 5568 2116 5639 Spiritus
2148 5568 2277 5623 divi-

790 5758 862 5827 (α)
906 5757 997 5826 Ep.
1035 5755 1147 5809 190.

2373 4569 2533 4622 etiam
2577 4563 2743 4618 multo
2776 4561 2949 4615 serius
2986 4561 3087 4613 hoc
3129 4572 3270 4611 anno
3310 4558 3413 4611 574
3470 4572 3588 4612 eam
3635 4559 3947 4627 scripsisset

2382 4658 2691 4727 Gregorius,
2739 4653 2829 4723 qui
2865 4666 3005 4705 anno
3029 4649 3134 4704 575
3168 4650 3287 4718 fuga
3316 4648 3416 4702 sibi
3445 4649 3733 4713 consuluit,
3771 4663 3943 4717 seque

2383 4749 2753 4803 haereticorum
2778 4745 2941 4799 furori
2974 4744 3262 4813 prudenter
3283 4740 3551 4795 subduxit.
3583 4744 3755 4809 Atque
3775 4745 3944 4795 etiam

2378 4842 2562 4895 dubito
2589 4856 2655 4893 an
2693 4838 2951 4905 ejusmodi
2986 4834 3414 4904 persecutionem
3436 4841 3689 4902 expertus
3713 4831 3785 4885 sit
3812 4848 3942 4887 san-

2381 4944 2498 4987 ctus
2536 4932 2830 5001 Gregorius
2878 4929 3168 4998 Nyssenus,
3223 4940 3342 4995 qua:
3393 4940 3513 4979 cum
3561 4924 3659 4978 hac
3711 4926 3941 4993 epistola

2383 5024 2630 5091 quadret.
2661 5022 2771 5075 Etsi
2813 5021 2953 5074 enim
2982 5020 3261 5073 veritatem
3307 5017 3361 5069 in
3407 5029 3471 5070 eo
3513 5016 3681 5069 solam
3712 5016 3945 5071 oderant

2382 5114 2644 5177 haeretici,
2685 5129 2789 5167 non
2822 5128 2942 5165 eum
2975 5121 3176 5173 tamen,
3220 5118 3277 5162 ut
3312 5106 3592 5171 Basiliam,
3644 5106 3758 5161 solo
3793 5110 3943 5161 veri-

2381 5208 2506 5261 tatis
2536 5206 2754 5259 nomine
2783 5203 3033 5258 insectati
3058 5209 3213 5264 sunt;
3254 5200 3347 5253 sed
3386 5198 3565 5253 varias
3598 5213 3791 5253 causas
3838 5200 3946 5253 [in-

2380 5305 2573 5349 xerunt
2599 5296 2697 5363 (b),
2732 5293 3121 5348 ordinationem
3154 5304 3260 5343 non
3286 5290 3620 5352 canonicam,
3652 5288 3943 5357 pecuniam

2385 5386 2633 5441 Ecclesia:
2683 5384 3017 5451 dissipatam.
3071 5382 3139 5434 At
3201 5378 3333 5433 nihil
3389 5393 3607 5446 prorsus
3674 5380 3942 5447 reperias,

2387 5481 2527 5548 quod
2557 5494 2657 5532 non
2682 5492 2803 5531 cum
2836 5474 3015 5528 Basilii
3040 5473 3198 5527 rebus
3231 5471 3455 5525 mirifice
3490 5480 3766 5540 congruat.
3812 5471 3945 5542 δι’-

2387 5571 2469 5625 lus
2498 5572 2606 5639 ipse
2634 5568 2885 5623 Basilium
2906 5566 3061 5641 plane
3097 5562 3332 5630 redolet;
3366 5579 3462 5619 nec
3493 5564 3687 5619 multos
3711 5562 3829 5619 fore
3856 5580 3947 5621 ar-

2462 5750 2533 5816 (ι)
2578 5750 2668 5817 Ep.
2705 5748 2825 5801 223.
