4080 6312
1500 366 1658 421 νιΤΑ
1699 366 1754 423 S.
1798 365 2055 423 BASILII.

3251 389 3392 432 (κη

174 487 357 553 hitror,
382 490 477 558 qui
502 487 728 549 scholio,
756 488 895 557 quod
926 486 1083 539 modo
1109 484 1416 548 citavintus,
1444 487 1738 539 assentian-
1768 488 1812 543 Α
1842 486 1958 536 dem
1992 486 2393 555 Amphilochius
2434 487 2500 541 ad
2534 490 2671 543 hunc
2700 488 2837 544 diem
2872 485 3064 543 festum
3096 503 3235 542 anno
3266 490 3391 547 375.

174 589 276 636 tur.
307 581 362 635 Si
396 594 535 647 quos
570 590 746 633 autem
781 586 994 633 moveat
1038 590 1126 631 aut
1158 576 1253 631 Dei
1285 591 1476 630 nomen
1512 577 1731 646 Spiritui

174 683 355 726 sancto
382 672 593 733 datum,
624 682 715 726 aut
758 671 973 740 opinata
1012 671 1255 738 quaedam
1285 683 1406 723 eum
1445 670 1551 723 alio
1586 687 1733 726 com—

173 760 417 814 mentarii
454 759 509 813 in
542 760 732 815 lsaiam
781 760 901 813 loco
935 758 1336 822 dissimilitudo.
1380 757 1463 813 his
1490 758 1599 829 jam
1644 777 1733 815 oe-

170 852 445 907 currimus
484 852 539 906 in
570 852 743 907 Nolis.

239 940 320 995 ιιι.
355 943 438 996 Ad
470 944 611 996 idem
644 952 855 1006 tempus
893 938 1182 994 referenda:
1210 938 1453 992 videmur
1478 939 1594 993 dna:
1615 941 1732 994 alia:

169 1034 427 1100 epistolae,
456 1047 647 1099 nempe
684 1029 785 1085 190
823 1042 877 1085 et
913 1032 1033 1086 l9l.
1064 1031 1208 1084 Inter
1244 1029 1375 1084 alias
1408 1031 1725 1099 provincias,

169 1121 246 1174 vel
285 1125 471 1191 potius
507 1130 781 1189 segmenta
812 1121 1225 1191 provinciarum,
1268 1136 1392 1191 quae
1422 1119 1604 1174 lconio
1633 1123 1728 1173 ad-

164 1214 360 1283 junctze
417 1227 611 1267 novam
662 1215 993 1284 provinciam
1047 1223 1483 1279 composuerunt,
1537 1212 1728 1268 civitas

169 1304 473 1359 Isaurorum
502 1318 621 1358 cum
654 1306 894 1374 pluribus
928 1303 1046 1357 aliis
1074 1303 1311 1372 ejusdem
1344 1303 1629 1375 provincia:
1651 1304 1729 1356 lo-

166 1399 242 1451 eis
261 1395 528 1450 attributa
562 1395 826 1452 fuit.-Sed
852 1410 971 1450 cum
1007 1398 1119 1452 haec
1147 1398 1283 1461 loca,
1317 1398 1498 1451 itidem
1529 1405 1586 1449 ut
1615 1396 1726 1464 ipsa

167 1489 375 1550 civitas,
420 1486 537 1544 sive
578 1488 645 1542 ab
689 1486 960 1552 hostibus.
995 1491 1109 1542 sive
1147 1490 1213 1543 ab
1252 1490 1467 1543 Arionis
1498 1497 1726 1553 vastata,

167 1579 437 1648 episcopis
463 1580 715 1635 destituta
738 1592 937 1642 essent,
958 1580 1243 1647 pluritnum
1269 1581 1466 1651 negotii
1500 1590 1553 1633 et
1576 1580 1726 1634 solli-

166 1672 426 1726 citudinis
465 1670 786 1727 addiderunt
812 1672 1217 1743 lAmphilochio.
1252 1672 1536 1727 Cousultus
1567 1672 1632 1727 ab
1663 1687 1727 1725 eo

166 1762 394 1817 Basilius
449 1776 555 1830 qua
599 1762 937 1830 potissimum
983 1764 1190 1816 ratione
1236 1764 1348 1817 haec
1386 1762 1622 1817 Ecclesia
1671 1764 1723 1816 in

1840 576 1943 631 Sed
1987 578 2052 630 ad
2085 579 2182 632 hoc
2216 590 2419 650 tempus
2450 579 2639 639 referri
2675 596 2777 635 non
2819 582 3013 634 debent
3045 579 3147 635 illa:
3184 580 3389 634 haereti-

1836 683 2016 722 corum
2043 668 2363 736 molitiones,
2391 673 2457 727 de
2471 672 2667 741 quibus
2695 671 2747 723 in
2775 671 2872 725 hac
2897 670 3118 739 epistola
3140 670 3388 725 Basilius.

1835 761 1961 826 Qua:
1991 763 2135 815 enim
2176 760 2261 814 hic
2300 761 2365 815 de
2408 764 2749 819 restituendis
2795 762 2847 816 in
2879 762 3081 816 lSauria
3125 762 3393 831 episcopis

1833 853 2068 917 disserit,
2099 866 2162 907 ea
2185 850 2293 918 jam
2326 867 2510 922 magna
2541 872 2603 909 ex
2632 863 2783 924 parte
2814 855 2879 907 ad
2906 865 3107 907 exitum
3134 855 3389 921 perducta

1834 945 2066 1009 fuerant,
2110 954 2236 999 ante
2272 960 2507 998 mensem
2549 947 2915 1014 Septembrem
2956 947 3081 998 anni
3112 945 3215 1000 375
3245 945 3389 999 ordi-

1831 1046 1957 1091 nato
2009 1036 2316 1091 Macedonio
2340 1037 2610 1105 episcopo,
2644 1050 2829 1107 atque,
2872 1045 2929 1092 ιιι
2960 1037 3251 1091 verisimile
3284 1044 3388 1099 est,

1832 1124 2069 1194 pluribus
2114 1127 2254 1181 aliis.
2300 1124 2419 1180 Non
2455 1128 2629 1195 potuit
2664 1144 2789 1197 ergo
2820 1133 2933 1185 haec
2964 1127 3127 1184 scribi
3168 1127 3389 1196 epistola

1832 1217 1931 1270 nisi
1957 1232 2095 1272 anno
2122 1218 2247 1273 574.

1901 1307 2051 1363 llanc
2078 1311 2357 1377 epistolam
2391 1323 2496 1362 non
2527 1309 2799 1378 pertinere
2822 1310 2887 1361 ad
2913 1326 3110 1365 annum
3134 1309 3237 1366 375
3260 1323 3391 1365 con-

1834 1399 2077 1453 firmatur
2122 1414 2188 1452 ex
2235 1402 2318 1455 his
2348 1398 2527 1455 verbis
2579 1417 2592 1452 :
2646 1398 2743 1453 Res
2780 1398 3032 1468 Nyssentr
3060 1418 3118 1453 eo
3147 1402 3201 1454 in
3246 1410 3388 1454 statu

1829 1500 1973 1552 sum,
2004 1490 2057 1542 in
2098 1506 2197 1559 quo
2223 1502 2366 1543 erant
2396 1509 2427 1544 a
2452 1502 2500 1545 te
2527 1491 2741 1552 relictae,
2768 1502 2812 1543 et
2838 1506 2929 1557 ope
2954 1500 3161 1542 tuarum
3182 1507 3387 1556 precum

1831 1581 2018 1634 cedunt
2044 1588 2098 1635 tn
2122 1581 2326 1635 melius.
2365 1582 2618 1650 Designat
2648 1580 2878 1635 Basilius
2910 1581 3148 1635 exhibita
3186 1579 3388 1649 Grego-

1830 1674 1911 1727 rio
1952 1674 2104 1725 fratri
2144 1673 2355 1741 negotia
2387 1683 2439 1726 et
2471 1674 2648 1728 illatas
2678 1673 2747 1726 ab
2784 1673 3054 1727 haereticis
3089 1671 3233 1726 lites.
3269 1668 3391 1725 Haec

1833 1773 2010 1817 autem
2045 1772 2162 1832 post
2203 1764 2394 1815 festum
2430 1764 2602 1816 sancti
2641 1762 2928 1833 Eupsycbii
2964 1776 3105 1816 anno
3135 1761 3241 1816 375
3283 1775 3388 1814 nec

163 1854 449 1917 pristinum
484 1852 711 1908 nitorem
740 1852 1070 1909 restituenda
1094 1863 1274 1919 esset,
1302 1854 1724 1917 accuratissime,
1762 1850 1799 1903 Β
1832 1855 1987 1909 modo
2024 1869 2127 1907 non
2164 1862 2442 1907 cesserunt
2489 1855 2539 1906 in
2588 1854 2812 1917 melius,
2851 1854 2944 1907 sed
2984 1852 3143 1906 etiam
3178 1851 3387 1906 lucreti-

165 1950 218 1992 ιιι
269 1942 321 1994 in
377 1956 439 1994 re
490 1943 709 1997 maximi
746 1943 1024 2008 momenti,
1083 1945 1386 2013 respomlet.
1430 1944 1507 1997 Ac
1544 1943 1725 1997 utilius

167 2032 378 2098 quidem
421 2031 621 2087 fatetur
647 2046 791 2096 esse,
825 2043 882 2087 ιιι
922 2033 974 2087 in
1016 2034 1196 2103 plures
1229 2036 1507 2105 episcopos
1540 2034 1724 2087 Eccle-

164 2122 250 2176 sia:
280 2123 687 2178 administratio
708 2124 1009 2187 dividatur;
1038 2127 1130 2180 sed
1167 2128 1291 2196 quia
1327 2143 1425 2181 nec
1456 2125 1611 2182 facile
1644 2133 1727 2180 est

164 2215 424 2281 reperire,
466 2214 555 2282 qui
609 2216 919 2285 episcopatu
955 2218 1102 2283 digni
1139 2219 1268 2283 sint,
1313 2235 1410 2272 nec
1456 2223 1725 2277 mediocre

159 2304 411 2358 damnum
446 2305 691 2360 imminet
718 2307 785 2362 ab
817 2307 1083 2376 episcopis
1125 2317 1271 2362 tanto
1300 2310 1599 2365 ministerio
1640 2314 1723 2364 in-

159 2395 362 2466 dignis,
401 2398 573 2453 satius
608 2411 729 2452 esse
760 2408 913 2466 putat
944 2412 1107 2450 unum
1154 2398 1386 2468 aliquem
1429 2403 1719 2471 probatum

164 2498 214 2540 et
250 2498 555 2557 spectatum
597 2488 872 2557 pmﬁcere
917 2489 1144 2556 civitati,
1183 2491 1340 2559 eique
1388 2496 1725 2549 committere

165 2579 368 2647 singula
408 2594 508 2632 suo
538 2580 704 2647 ipsius
728 2580 965 2648 periculo
994 2581 1351 2649 dispensanda
1380 2603 1392 2637 :
1417 2586 1557 2640 hunc
1579 2589 1721 2641 enim

161 2668 340 2732 procul
371 2666 558 2733 dubio,
591 2670 679 2723 ubi
712 2670 966 2739 imparem
1011 2687 1069 2726 se
1111 2673 1306 2729 viderit
1332 2678 1506 2742 oneri,
1538 2679 1725 2744 adjun-

160 2770 362 2814 cturum
413 2761 516 2817 sibi
562 2764 846 2833 operarios
874 2765 940 2819 ad
974 2781 1225 2824 messem.
1272 2766 1424 2834 Quod
1483 2772 1527 2823 si
1578 2787 1644 2824 ne
1680 2774 1725 2826 is

160 2853 369 2919 quidem
404 2854 566 2909 facile
598 2857 820 2924 reperiri
854 2858 1053 2926 possit,
1111 2870 1302 2914 auctor
1344 2869 1428 2916 est
1473 2859 1723 2926 Basilius,

162 2952 217 2996 ut
276 2945 359 2998 vel
428 2960 458 2998 a
511 2947 690 3013 parvis
760 2950 1067 3004 civitatibus
1128 2962 1181 3005 et
1232 2953 1537 3021 oppidulis,
1604 2970 1724 3024 qua:

160 3034 282 3087 olim
352 3037 632 3105 episcopos
685 3037 943 3105 habuere,
1008 3041 1216 3093 initiutn
1285 3043 1378 3096 fiat
1436 3047 1726 3099 restituen-

160 3125 210 3178 di
260 3128 623 3195 episcopatus,
677 3143 739 3183 ac
788 3131 978 3185 deinde
1032 3132 1236 3185 civitati
1292 3134 1449 3188 detur
1511 3140 1721 3203 episco-

162 3230 276 3283 pus,
345 3232 411 3272 ne
473 3217 540 3282 is,
598 3218 643 3273 si
702 3220 909 3289 primus
970 3223 1271 3288 ordinetur,
1339 3224 1570 3279 aliorum
1627 3227 1723 3280 ob-

162 3317 261 3360 stet
308 3309 632 3365 ordinationi
674 3328 687 3363 :
731 3312 815 3366 vel
859 3312 1050 3368 saltem
1104 3314 1409 3369 lsaurorum
1450 3317 1719 3386 episcopo,

162 3400 249 3466 qui
316 3401 599 3455 nonnullos
656 3403 865 3457 vicinos
929 3405 1235 3469 ordinabat,
1301 3422 1433 3461 suus
1495 3408 1721 3461 circum-

162 3492 425 3547 scribatur
478 3492 748 3558 circulus,
804 3494 988 3563 sicque
1052 3496 1365 3551 restituendi
1438 3499 1720 3568 episcopa-

164 3594 245 3638 tus
301 3586 355 3639 in
404 3584 526 3639 aliis
570 3584 701 3641 locis
733 3584 824 3656 jus
867 3585 1132 3657 integrum
1180 3587 1553 3659 Amphilochia
1610 3606 1722 3645 ser-

161 3687 327 3730 vetnr.

230 3768 281 3822 in
338 3770 524 3821 eadem
586 3769 810 3837 epistola
864 3771 1095 3826 Basilius
1150 3771 1392 3827 Philonis
1451 3775 1514 3826 de
1572 3789 1722 3826 man-

165 3874 226 3911 na
279 3862 638 3925 sententiam,
688 3870 743 3916 et
807 3861 1099 3933 Scriptura:
1152 3865 1219 3917 de
1271 3866 1519 3919 curribus
1581 3865 1718 3918 Pha-

161 3952 341 4006 raonis
404 3952 773 4007 testimonium
832 3956 1072 4025 exponit.
1152 3955 1243 4010 Ait
1300 3958 1462 4011 etiam
1528 3971 1586 4010 se
1655 3960 1719 4010 ad

164 4032 429 4092 Valerium
492 4037 757 4105 fratrem,
826 4050 885 4093 ut
945 4052 1228 4107 rogaverat
1282 4040 1715 4111 Amphilochius,

162 4130 472 4198 scripsisse,
536 4140 590 4184 et
661 4147 689 4184 a
760 4131 982 4202 Sympio
1040 4133 1249 4187 litteras
1325 4134 1721 4188 communionis

160 4223 449 4291 accepisse.
505 4222 612 4279 Sed
674 4224 740 4278 de
794 4224 881 4280 bis
931 4234 987 4280 et
1051 4225 1319 4279 nonnullis
1376 4226 1495 4281 aliis
1562 4227 1720 4282 modo

161 4324 397 4379 agemus.

227 4400 463 4469 Tempus
494 4401 731 4470 epistola:
754 4402 984 4474 perspici
1010 4412 1184 4473 potest
1205 4420 1271 4458 ex
1298 4406 1381 4459 his
1398 4407 1576 4461 verbis
1603 4406 1716 4477 (a):

165 4492 359 4549 Eorum
409 4504 605 4561 autem,
652 4496 741 4563 qui
789 4506 913 4549 tunc
962 4514 995 4549 a
1034 4496 1179 4551 nobis
1208 4499 1420 4552 absciui
1449 4514 1590 4563 sunt,
1625 4502 1718 4554 alii

161 4588 361 4653 quidem
387 4587 458 4639 ad
496 4588 675 4640 aulam
698 4603 752 4640 se
773 4586 1126 4652 contulerunt,
1153 4588 1248 4641 alii
1283 4606 1397 4643 vero
1428 4606 1715 4655 remanent,

162 4678 270 4729 inde
288 4688 642 4745 exspectantes
662 4694 935 4732 rumorem.
960 4675 1128 4732 Potest
1146 4692 1317 4733 autem
1337 4680 1585 4735 Dominus
1611 4696 1720 4735 tum

162 4768 335 4818 horum
356 4784 494 4835 spent
512 4769 782 4835 frustrari,
801 4778 908 4820 tum
927 4768 1135 4823 illorum
1152 4771 1371 4823 reditum
1392 4772 1597 4824 irritum
1612 4775 1724 4825 red-

162 4858 293 4911 dere.
331 4857 593 4927 Loquitur
627 4861 878 4925 Basilius,
910 4870 963 4913 ut
998 4878 1155 4929 supra
1198 4864 1623 4930 observavimus,
1662 4869 1725 4920 de

168 4951 225 5004 iis
247 4967 364 5020 quae
398 4954 731 5023 contigerant
762 4954 845 5006 die
870 4952 1005 5006 festo
1032 4957 1201 5007 sancti
1239 4954 1549 5025 Eupsychii,
1604 4975 1722 5010 cum

165 5044 369 5097 adesset
394 5044 824 5112 Amphilochius.
856 5044 1035 5112 Quare
1057 5047 1193 5100 hanc
1221 5048 1499 5116 epistolam
1534 5049 1719 5102 inunc-

166 5135 259 5185 rito
286 5133 461 5204 rcjicit
477 5132 845 5190 Tillemontius
862 5138 935 5206 (ὁ)
956 5146 1079 5207 post
1096 5136 1300 5191 Pascha
1318 5140 1442 5192 anni
1466 5138 1587 5194 375.
1608 5138 1722 5192 Non

171 5228 305 5279 enim
344 5226 621 5295 probabile
644 5235 726 5280 est
754 5238 845 5280 aut
865 5243 979 5294 eos,
1011 5230 1101 5299 qui
1131 5231 1388 5285 Caasarea:
1410 5241 1502 5284 aut
1535 5232 1722 5285 vicinis

170 5316 214 5367 in
242 5317 371 5371 locis
400 5327 797 5382 remanserant,
826 5321 1005 5373 taudiu
1052 5330 1415 5389 exspectasse,
1444 5331 1537 5390 aut
1558 5320 1626 5374 ab
1657 5322 1719 5374 iis

168 5409 246 5471 qui
275 5410 617 5464 Antiochiam
643 5409 868 5477 iverant,
886 5411 1082 5465 nullum
1110 5428 1204 5482 per
1228 5414 1331 5468 hoc
1356 5422 1563 5482 tempus
1589 5429 1722 5466 nun-

174 5500 289 5551 tium
313 5504 544 5555 venisse.
581 5498 703 5555 Uno
733 5514 859 5571 ergo
888 5501 1185 5571 autialtero
1221 5518 1403 5558 mense
1431 5511 1552 5574 post
1578 5502 1717 5557 diem

173 5587 349 5642 festum
382 5590 443 5647 S.
473 5589 773 5659 Eupsychii
803 5592 1109 5649 collocanda
1138 5593 1380 5664 epistula.
1414 5592 1572 5649 Venit
1602 5596 1719 5662 qui-

232 5772 574 5844 (njﬁp.190,
606 5787 662 5825 n.
688 5771 745 5823 2.

1830 1958 2016 1998 comm
2062 1945 2211 1998 furor
2263 1954 2389 1997 tunc
2439 1944 2672 1998 maxime
2717 1946 2768 1997 in
2799 1944 3119 2015 Gregorium
3163 1942 3385 2007 exarsit,

1826 2049 2055 2103 eumque
2084 2037 2313 2091 vicarius
2333 2036 2492 2105 jussit
2518 2035 2919 2104 comprehendi.

1897 2126 1951 2179 ln
2003 2128 2185 2180 eadem
2237 2128 2464 2196 epistola
2509 2126 2747 2194 loquitur
2790 2125 3019 2178 Basilius
3058 2126 3124 2178 de
3156 2121 3386 2191 Georgio

1827 2219 2056 2288 quodam
2088 2218 2464 2286 Atnphilochii,
2499 2228 2556 2271 ut
2586 2217 2879 2272 verisimile
2904 2224 3009 2280 est,
3044 2214 3383 2285 propinquo;

1825 2310 1978 2377 Cujus
2006 2310 2195 2363 domus
2221 2325 2343 2363 cum
2372 2311 2423 2362 in
2452 2326 2672 2376 magnas
2696 2308 3035 2363 difﬁcultates
3076 2306 3384 2369 incidisset,

1826 2410 2017 2457 auctor
2042 2412 2161 2456 erat
2193 2400 2595 2469 Amphilochius
2625 2413 2682 2455 ut
2715 2403 2758 2455 is
2783 2400 3130 2454 codicillaria:
3160 2396 3388 2465 alicujus

1825 2493 2101 2563 dignitatis
2134 2493 2393 2548 beneﬂcio
2423 2508 2486 2546 ex
2522 2493 2602 2545 his
2636 2506 2811 2545 rerum
2854 2490 3120 2557 angustiis
3151 2490 3387 2558 eripere-

1827 2594 1933 2636 tur.
1970 2584 2200 2638 Basilius
2229 2594 2407 2636 atttem
2438 2598 2622 2637 curam
2652 2582 2843 2636 domus
2870 2581 2922 2633 in
2956 2580 3236 2633 Dominum
3264 2594 3387 2649 pro-

1820 2676 2108 2741 jiciendam
2145 2683 2332 2741 putat,
2374 2690 2601 2743 eumque
2649 2677 2897 2727 daturum
2954 2670 3385 2741 intelligentiam,

1827 2774 1882 2817 ut
1914 2767 1995 2819 ha:
2026 2764 2283 2818 molestiae
2316 2764 2419 2817 alio
2442 2764 2598 2817 modo
2629 2765 2881 2817 vitentur.
2908 2762 3057 2829 Quod
3090 2763 3132 2817 si
3162 2761 3387 2830 Amphi-

1826 2858 2004 2912 lochio
2034 2872 2189 2911 secus
2217 2857 2492 2920 videatur,
2525 2867 2675 2927 rogat
2706 2872 2826 2910 eum
2858 2858 3109 2919 Basilius,
3142 2866 3199 2909 ut
3231 2870 3385 2910 com-

1828 2948 2151 3002 mentarium
2186 2946 2251 2999 ad
2286 2962 2344 3000 se
2375 2947 2572 3012 mittat,
2605 2947 2671 3000 de
2706 2962 2809 3016 qua
2845 2947 3107 3016 dignitate
3140 2951 3387 3011 oporteat

1824 3056 2008 3095 curam
2035 3039 2367 3109 impendere,
2394 3049 2451 3091 ut
2471 3054 2590 3093 eam
2615 3054 2641 3091 a
2668 3037 3063 3106 potentioribus
3085 3036 3389 3106 quibusque

1829 3133 2016 3187 amicis
2072 3132 2419 3201 aggrediatur
2470 3145 2786 3199 exposcere,
2840 3132 2954 3184 sive
3012 3128 3201 3198 gratis,
3272 3127 3389 3179 sive

1824 3220 1985 3273 etiam
2021 3219 2233 3272 modico
2268 3220 2478 3287 pretio,
2526 3228 2681 3289 prout
2717 3218 2971 3272 Dominus
3024 3216 3236 3269 faverit.
3269 3212 3383 3267 Non

1826 3311 2037 3365 videtur
2064 3312 2169 3365 alia
2201 3314 2265 3366 de
2297 3326 2353 3366 re
2386 3312 2528 3382 loqui
2562 3311 2791 3365 Basilius
2823 3312 2871 3363 in
2908 3308 3131 3376 epistola
3174 3307 3277 3360 492
3319 3304 3386 3358 ad

1824 3402 2185 3473 Sophronium
2218 3405 2533 3472 magistrum
2566 3402 2882 3465 oliiciorum,
2914 3401 3005 3469 qui
3035 3414 3156 3453 cum
3190 3396 3385 3466 duplex

1821 3494 2138 3549 beneﬁcium
2174 3496 2276 3547 sibi
2309 3496 2584 3547 videretur
2615 3492 2909 3561 accepisse,
2941 3499 2995 3546 et
3027 3493 3166 3559 quod
3198 3488 3380 3543 Basilii

1823 3584 2035 3637 litteras
2078 3584 2399 3651 accepisset,
2434 3594 2489 3638 et
2537 3585 2677 3652 quod
2722 3583 3062 3638 occasionem
3110 3580 3384 3634 habuisset

1822 3690 1933 3729 sua:
1965 3674 2038 3728 illi
2072 3690 2250 3745 opera:
2293 3678 2590 3742 navandae;
2634 3675 2712 3729 sic
2742 3676 2791 3728 ei
2844 3673 3048 3743 gratias
3090 3673 3199 3740 agit
3232 3670 3383 3724 Basi-

1824 3766 1969 3819 lius:
2018 3764 2284 3830 Quantam
2327 3783 2407 3819 me
2454 3766 2866 3820 existimandum
2914 3774 2988 3817 est
3026 3763 3215 3817 habere
3264 3778 3387 3831 gra-

1824 3859 1973 3923 tiam,
2000 3860 2088 3926 qui
2120 3870 2165 3911 et
2200 3860 2404 3913 litteras
2434 3862 2755 3913 atrocissima:
2783 3870 2887 3912 tute
2917 3858 3053 3912 cocis
3084 3859 3205 3928 legi,
3249 3865 3297 3909 et
3332 3856 3388 3909 id

1821 3950 1955 4015 quod
1984 3946 2283 4015 expetebant
2314 3961 2420 4000 tam
2449 3949 2683 4001 celeriter
2704 3948 2996 4016 confectum
3026 3948 3176 4000 vidi?
3202 3946 3389 4014 Itaque

1821 4040 1875 4090 id
1903 4042 2040 4109 quod
2071 4041 2287 4091 missum
2321 4049 2395 4092 est
2429 4056 2526 4092 sua
2569 4048 2751 4107 sponte
2787 4050 3085 4108 pergratum
3120 4038 3219 4107 fuit
3250 4054 3268 4091 :
3297 4038 3387 4092 sed

1822 4131 1971 4198 longe
2001 4130 2247 4183 libentius
2277 4130 2371 4182 hoc
2396 4131 2565 4198 ipsum
2594 4147 2653 4183 eo
2691 4131 2896 4183 nomine
2915 4132 3134 4198 suscepi,
3166 4131 3303 4194 quod
3332 4142 3387 4183 tu

1822 4220 1895 4271 rei
1930 4218 2077 4272 illius
2122 4219 2458 4287 conﬁcienda:
2500 4221 2764 4273 exstiteris
2797 4221 2906 4273 du:
2944 4231 2991 4273 et
3023 4230 3225 4273 auctor.
3266 4219 3390 4273 Haec

1824 4310 2054 4363 mirilice
2085 4310 2359 4363 cohaerent
2390 4324 2511 4363 eum
2547 4310 2805 4379 dignitate
2839 4310 3195 4373 codicillaria,
3226 4324 3387 4378 quam

1823 4417 1851 4452 a
1885 4400 2281 4468 potentioribus
2308 4401 2496 4455 amicis
2527 4413 2711 4470 petere
2746 4411 3008 4455 statuerat
3033 4400 3294 4463 Basilius,
3341 4402 3388 4453 si

1827 4493 1898 4543 ita
1946 4490 2225 4545 videretur
2264 4491 2657 4561 Amphilochio.
2706 4491 2887 4557 Quare
2936 4492 3072 4545 hanc
3106 4489 3385 4560 epistolam

1830 4582 1929 4638 199.
1959 4584 2209 4651 scriptam
2245 4594 2492 4651 putamus
2521 4599 2660 4637 anno
2686 4584 2792 4636 574
2823 4596 3071 4639 exeunte.

1904 4673 2007 4725 Sed
2049 4685 2334 4742 antequam
2368 4673 2706 4727 dimittamus
2736 4674 3018 4743 epistolam
3069 4674 3133 4726 ad
3164 4672 3389 4741 Amphi-

1830 4764 2087 4829 lochium,
2119 4763 2261 4817 aliud
2288 4774 2371 4816 est
2399 4763 2542 4831 quod
2582 4763 2633 4815 in
2668 4778 2732 4817 ea
2763 4765 3107 4817 observatum
3140 4763 3384 4816 velimus.

1834 4854 1925 4908 Ait
1949 4855 2091 4909 enim
2139 4852 2371 4907 Basilius
2396 4851 2498 4908 sibi
2525 4851 2801 4924 Sympium
2831 4852 3110 4922 epismlam
3139 4851 3297 4907 oliicii
3330 4862 3387 4907 et

1826 4948 2221 5001 communionis
2266 4962 2425 5000 causa
2462 4948 2778 5015 scripsisse;
2813 4960 2976 5013 seque
3006 4947 3053 4998 ei
3093 4944 3391 4999 rescribere

1824 5052 1878 5093 et
1914 5041 2123 5093 litteras
2158 5056 2284 5094 suas
2315 5040 2695 5105 Amphiloehio
2744 5043 2986 5101 mittere,
3018 5049 3074 5090 ut
3106 5038 3393 5104 diligenter

1830 5134 2086 5200 probatas
2150 5134 2215 5183 ad
2270 5132 2547 5202 Sympinm
2606 5131 2896 5186 transmitti
2947 5139 3135 5194 curet,
3192 5130 3391 5184 additis

1829 5226 1991 5279 etiam
2024 5225 2137 5279 suis
2171 5224 2338 5294 ipsius
2369 5226 2579 5278 litteris.

1913 5316 2000 5371 IV.
2042 5316 2275 5385 Epistola
2302 5316 2422 5383 191,
2461 5331 2577 5385 quat
2610 5329 2889 5386 perperam
2924 5308 3233 5365 inscribitur
3256 5309 3389 5363 Αιιιι-

1829 5408 2123 5478 philochio,
2154 5408 2368 5461 videtur
2389 5408 2453 5460 ad
2478 5406 2623 5460 illum
2650 5407 2847 5474 scripta
2874 5405 3203 5473 episcopum,
3228 5416 3386 5469 quem

1829 5502 2062 5555 Basilius
2115 5498 2388 5571 Sympintn
2439 5508 2616 5553 vocat.
2662 5497 2879 5552 Gratias
2912 5495 2960 5549 ei
3004 5495 3111 5563 agit
3156 5492 3387 5545 Basilius

1829 5592 1968 5661 quod
2000 5592 2142 5659 prior
2177 5591 2241 5644 ad
2269 5604 2328 5643 se
2381 5588 2678 5659 scripserit,
2721 5602 2819 5641 nec
2853 5586 3008 5642 amici
3056 5599 3149 5655 per
3183 5582 3390 5637 litteras

1901 5772 1974 5842 (ἐν)
2015 5774 2139 5839 Cap.
2183 5772 2225 5835 ι,
2260 5786 2309 5837 p.
2341 5770 2388 5822 ὖ.
