4080 6312
670 355 831 397 ειυς

2015 336 2545 395 PROLEGOMENA.

668 459 921 530 colloqui
962 470 1205 531 mceptor
1249 474 1371 515 esse
1420 458 1714 514 erubuerit.
1752 457 1927 528 Rogat
1953 466 2011 511 ut
2042 458 2235 512 unani—
2266 464 2309 520 Α
2349 455 2486 521 Quid
2528 455 2855 524 aliud,'nisi
2888 467 2942 509 ut
2987 472 3104 510 eam
3144 464 3430 518 assereret,
3459 452 3724 514 retineret,
3771 460 3882 511 omni

671 568 787 607 mes
822 564 951 606 suos
984 552 1036 605 in
1080 551 1329 606 eamdem
1376 552 1702 608 sententiam
1734 552 1985 610 adducat,
2014 558 2067 603 et
2115 564 2238 602 cum

670 654 821 700 certo
845 644 1199 710 constiterit,
1230 647 1550 715 quibuscum
1586 648 1760 698 futura
1796 644 1865 697 sit
1898 641 2238 705 communio;

670 752 786 791 tum
820 750 950 791 vero
986 735 1137 792 locus
1186 738 1431 805 utrisque
1469 736 1785 793 commodus
1819 745 1873 789 et
1904 747 2113 804 tempus
2152 734 2235 790 iti-

673 830 789 883 neri
829 829 1082 885 iaciendo
1112 830 1369 885 idoneum
1403 831 1787 898 designentur;
1826 844 1889 883 ac
1919 832 2127 881 llrmata
2160 829 2240 883 in-

672 929 755 972 ter
785 920 1069 990 episcopos
1108 922 1401 976 concordia
1446 930 1499 974 et
1536 933 1670 987 pare
1695 933 1801 972 non
1840 918 1951 988 jam
1992 919 2083 973 alii
2121 920 2242 976 aliis

671 1010 907 1080 suspecti
940 1010 1417 1080 singulismrhihus
1438 1011 1983 1077 circumscribantur;
2011 1012 2105 1066 sed
2134 1012 2244 1067 fra-

672 1111 782 1157 tres
823 1116 891 1157 ex
940 1117 1265 1175 unaquaque
1307 1102 1545 1157 Ecclesia
1584 1103 1836 1158 hrewhus
1867 1106 2087 1161 tesseris
2120 1114 2240 1160 tan-

669 1208 832 1262 quam
888 1194 1091 1251 viatico
1142 1194 1393 1251 instructi
1450 1196 1736 1249 mittantur
1785 1205 1839 1251 et
1888 1196 2238 1266 recipiantur.

668 1286 804 1339 Cum
840 1286 957 1343 haec
987 1289 1217 1358 epistola
1258 1303 1364 1343 non
1404 1299 1664 1357 congruat
1696 1290 2096 1358 Amphilochio,
2144 1306 2243 1346 cu-

665 1372 752 1441 ius
799 1379 1178 1432 communione
1225 1392 1499 1446 nunquam
1531 1378 1708 1432 caruit
1739 1377 2003 1445 Basilius;
2040 1380 2238 1449 duplici

667 1470 975 1533 conjectura
1021 1466 1249 1536 inquirit
1295 1466 1695 1536 Tillemontius,
1740 1472 1953 1527 cuinam
1994 1472 2110 1526 huic
2157 1472 2240 1525 in-

666 1557 953 1611 scribenda
984 1559 1055 1611 sit
1078 1559 1330 1629 epistola.
1363 1560 1563 1615 Harum
1597 1562 1823 1618 alteram
1865 1563 2159 1619 relellimus
2185 1564 2239 1618 in

665 1646 820 1701 Notis
869 1648 1149 1707 :alteram
1189 1664 1340 1713 vero,
1395 1666 1515 1719 quae
1574 1652 1921 1726 Symposium
1980 1654 2242 1712 Seleucia:

664 1740 978 1811 episcopum
1003 1759 1102 1813 pro
1126 1743 1345 1813 Symplo
1372 1744 1653 1812 legendum
1686 1748 1864 1811 docet,
1892 1748 2240 1804 vehementer

2348 566 2474 602 cura
2506 560 2740 604 tueretur
2771 567 2791 605 :
2828 550 2921 603 Dei
2957 549 3243 603 clementia:
3272 559 3320 602 et
3353 549 3471 615 legi,
3508 564 3623 618 qutc
3650 546 3883 601 altaribus

2342 649 2590 700 honorem
2622 649 2801 703 haberi
2821 646 3000 718 jubet,
3035 662 3247 699 manum
3276 644 3580 713 porrigeret,
3615 643 3788 697 omnia
3813 643 3885 696 de-

2346 740 2498 808 nique
2524 742 2670 807 prius
2708 741 2898 808 faceret
2943 748 2989 791 et
3025 748 3327 806 pateretur,
3375 753 3529 805 quam
3566 749 3621 791 ut
3667 738 3888 791 inhumao

2342 831 2460 881 nius
2494 829 2660 883 ullum
2688 833 2935 886 adversus
2978 846 3093 883 eam
3126 831 3402 884 consilium
3441 829 3615 891 iniret,
3663 834 3827 901 sicque
3847 838 3885 881 et

2342 936 2577 973 mensam
2626 930 3039 986 sacrosanctam,
3096 931 3143 974 et
3199 922 3350 989 fidem
3385 922 3539 974 etiam
3575 920 3745 984 illam,
3790 937 3888 974 eum

2345 1027 2447 1079 qua
2476 1011 2695 1079 supplex
2722 1023 2854 1075 erat,
2896 1010 3211 1065 contumelia
3246 1012 3507 1083 afﬁceret?
3540 1008 3888 1079 Nequaquam,

2349 1102 2517 1170 inquit
2546 1117 2706 1155 novus
2728 1104 2932 1171 judex;
2963 1102 3054 1155 sed
3090 1117 3266 1156 omnes
3310 1101 3523 1171 imperio
3562 1117 3674 1152 meo
3710 1105 3888 1168 cedere,

2344 1209 2405 1245 ac
2445 1192 2769 1247 Christianos
2802 1197 2935 1264 teges
2961 1210 3083 1247 suas
3116 1195 3334 1262 prodere
3361 1202 3582 1263 oportet.
3624 1192 3724 1245 Ille
3750 1196 3891 1263 igitur

2342 1287 2628 1357 supplicem
2653 1287 2960 1357 deposcebat
2984 1301 3003 1339 :
3026 1287 3109 1341 hi'c
3130 1288 3273 1340 omni
3297 1289 3347 1341 ui
3374 1287 3644 1342 retinebat.
3669 1286 3770 1341 Ille
3792 1306 3893 1343 rur-

2344 1392 2461 1431 sum
2496 1378 2676 1446 furore
2706 1378 3034 1441 concitatur;
3062 1392 3123 1430 ac
3153 1378 3490 1445 magistratus
3512 1380 3763 1446 quosdam
3789 1382 3893 1434 mit-

2345 1469 2431 1534 tit,
2454 1470 2543 1537 qui
2567 1469 2744 1522 sancti
2776 1468 2877 1521 viri
2924 1468 3220 1522 cubiculum
3256 1479 3727 1535 perscrutarentur,
3761 1474 3894 1541 igno-

2343 1562 2521 1614 minite
2549 1576 2710 1614 causa
2744 1560 2915 1627 potius
2949 1560 3001 1614 id
3034 1562 3253 1630 faciens,
3289 1579 3447 1628 quam
3479 1563 3616 1632 quod
3655 1564 3895 1631 ejusmodi

2342 1654 2632 1723 quidquam
2668 1668 2869 1707 necesse
2907 1664 3057 1709 esset.
3102 1654 3244 1720 Quid
3288 1656 3415 1711 ais?
3446 1655 3735 1709 Domumne
3766 1655 3895 1710 illius

2344 1747 2407 1796 ab
2438 1744 2579 1796 omni
2608 1744 2839 1798 libidinis
2878 1753 3019 1799 motu
3060 1745 3225 1808 liberi,
3256 1761 3407 1815 quem
3466 1746 3636 1815 angeli
3677 1745 3893 1812 comple-

664 1807 979 1897 prohamus.
1032 1834 1221 1901 Magna
1271 1844 1358 1888 est
1405 1836 1549 1889 enim
1601 1836 1903 1891 similitudo
1958 1840 2233 1894 nominum
2270 1807 2315 1866 Β
2350 1842 2739 1902 ctuntur,quem
2764 1836 2842 1888 oet
2867 1836 3037 1890 solum
3060 1836 3253 1890 intueri
3292 1839 3501 1907 femina:
3529 1838 3899 1905 reformidant?

668 1917 871 1990 Sympii
889 1931 942 1974 et
958 1922 1226 1990 Symposii
1250 1924 1495 1978 :vicinus
1518 1935 1635 1979 erat
1652 1927 2014 1995 Amphilochii
2042 1928 2233 1985 Seleu-

666 2016 866 2070 ciensis
890 2016 1193 2086 episcopus.
1232 2017 1500 2074 Praeterea
1534 2020 1766 2076 Basilius
1799 2022 2011 2078 Isauros
2046 2041 2234 2081 nume-

666 2115 751 2160 rat
800 2107 948 2161 inter
1002 2123 1132 2164 suos
1184 2114 1675 2166 comtnunicatores
1726 2113 1779 2167 in
1833 2116 2060 2185 epistola
2105 2117 2233 2184 904,

665 2215 794 2254 num
828 2201 881 2256 7.
924 2199 1041 2255 Non
1080 2211 1256 2256 tamen
1293 2205 1507 2258 videtur
1548 2204 1782 2261 Basilius
1813 2224 1936 2262 cum
1966 2209 2235 2279 episcopis

664 2290 812 2345 illius
847 2291 1137 2361 provincia:
1169 2294 1491 2349 convenisse
1524 2313 1539 2349 :
1573 2311 1696 2350 nam
1733 2298 1908 2352 hiems
1938 2299 2233 2367 appropin~

662 2385 901 2454 quabat,
930 2399 1053 2439 cum
1084 2400 1199 2440 ntec
1232 2389 1530 2455 scriberet,
1568 2391 1707 2444 unde
1736 2390 1869 2459 petit
1899 2400 2110 2461 tempus
2144 2392 2234 2447 iti-

664 2476 781 2531 neri
815 2476 1062 2531 laciendo
1092 2477 1346 2533 idoneum
1391 2481 1658 2549 designari
1703 2497 1716 2532 :
1748 2490 1868 2549 post
1903 2482 2137 2539 hiemem
2179 2486 2232 2541 in

662 2584 880 2639 gravem
912 2570 1159 2624 morbum
1199 2572 1408 2627 incidit.
1445 2572 1549 2627 Sed
1583 2588 1705 2626 cum
1737 2577 1804 2629 de
1840 2575 1943 2629 lide
1987 2577 2121 2632 nihil
2153 2579 2235 2633 in-

662 2670 746 2714 ter
768 2674 862 2715 eos
894 2662 1301 2732 disceptandum
1341 2673 1484 2717 esset
1506 2706 1522 2723 ,
1561 2662 1718 2720 facile
1748 2668 1921 2736 potuit
1962 2669 2103 2723 inter
2135 2670 2232 2724 ab—

660 2763 847 2808 sentes
890 2758 1181 2813 concordia
1216 2759 1462 2823 hrmari,
1500 2761 1798 2831 interprete
1838 2767 2137 2831 praesertim
2181 2776 2237 2821 et

659 2853 945 2913 sequestro
973 2846 1364 2916 paciﬁcationis
1393 2851 1789 2919 Amphilochia.

739 2932 800 2988 V.
856 2936 1082 2993 Videtur
1122 2939 1192 2995 ad
1237 2940 1469 2995 hiemem
1525 2943 1653 2995 anni
1693 2942 1796 2995 374
1846 2944 2094 2998 exeuntis
2140 2953 2233 2997 aut

2341 1924 2452 1978 Nec
2496 1943 2557 1980 eo
2590 1935 2866 1981 contentus
2892 1970 2907 1993 ,
2937 1930 3107 1997 ipsum
3137 1930 3349 2001 insuper
3387 1932 3588 1994 adesse,
3618 1938 3667 1982 et
3698 1946 3899 1984 causam

2337 2019 2511 2071 dicere
2542 2021 2715 2088 jubet,
2746 2036 2908 2090 neque
2947 2022 3002 2075 id
3041 2021 3251 2090 placide
3279 2032 3326 2076 et
3355 2024 3603 2087 humane,
3633 2024 3722 2076 sed
3760 2024 3901 2092 quasi

2337 2124 2500 2160 unum
2527 2126 2592 2162 ex
2618 2111 2686 2165 iis
2715 2111 2805 2180 qui
2829 2112 3019 2179 capitis
3051 2113 3295 2166 damnati
3317 2125 3461 2170 sunt.
3484 2114 3651 2182 Atque
3674 2116 3781 2181 ipse
3800 2115 3903 2182 qui-

2337 2201 2453 2254 dem
2483 2202 2688 2259 aderat.
2722 2203 2825 2258 Ille
2853 2212 3027 2257 autem
3061 2205 3143 2256 ira
3173 2213 3220 2257 et
3257 2207 3561 2274 arrogantia
3593 2206 3774 2273 plenus
3816 2220 3903 2271 pro

2338 2293 2591 2346 tribunali
2636 2294 2872 2349 sedebat.
2917 2293 3102 2349 Stabat
3150 2291 3425 2359 Basilius,
3468 2296 3901 2362 quemadmodum

2335 2385 2493 2439 .lesus
2544 2402 2690 2441 meus
2744 2386 2923 2441 Pilato
2962 2388 3257 2457 judicante.
3306 2387 3708 2440 Cunctabantur
3755 2400 3903 2454 porro

2337 2479 2585 2546 fulmina,
2617 2477 2816 2547 Deique
2846 2480 3057 2550 gladius
3082 2480 3255 2535 adhuc
3284 2479 3657 2543 exacuebatur,
3688 2490 3737 2531 et
3761 2476 3906 2545 diﬁc-

2338 2569 2572 2637 rebalur,
2592 2581 2861 2641 arcusque'
2876 2573 2951 2625 ita
2978 2572 3408 2635 contendebatur,
3429 2580 3482 2625 ut
3517 2581 3691 2624 tamen
3726 2569 3907 2623 retine-

2338 2674 2501 2729 retur,
2530 2667 2845 2735 pwnltentiw
2870 2664 3109 2719 videlicet
3141 2679 3339 2730 tempus
3360 2680 3421 2716 ac
3450 2664 3620 2717 locum
3650 2666 3904 2731 aperiens.

2342 2752 2457 2809 Hoc
2490 2758 2627 2809 enim
2658 2758 2799 2825 apud
2847 2756 3013 2810 Deum
3056 2757 3109 2807 in
3152 2771 3293 2807 more
3341 2763 3497 2823 atque
3542 2772 3639 2807 usu
3683 2756 3906 2819 positum

2336 2857 2431 2901 est.
2463 2849 2631 2916 Atque
2665 2849 2750 2900 hic
2797 2848 2945 2911 mihi,
2984 2865 3185 2917 quwso.
3214 2848 3437 2901 alterum
3476 2845 3825 2912 persecutoris
3866 2854 3910 2895 et

2335 2940 2549 2993 athlette
2571 2949 2841 2994 certamen
2868 2950 3063 3008 specta.
3100 2938 3333 2992 Pallium
3363 2938 3569 2992 detrahi
3606 2948 3655 2991 et
3686 2937 3910 2989 lacerari

659 3009 767 3079 575
807 3025 1044 3083 ineuntis
1077 3029 1355 3084 referenda
1393 3034 1696 3099 persecutio
1718 3074 1732 3098 ,
1758 3048 1917 3103 quam
1965 3049 1994 3089 a
2032 3037 2234 3093 vicario
2328 3032 2565 3101 jubebat.
2616 3033 2686 3087 At
2723 3033 2811 3087 ille
2841 3033 3087 3086 :E’xuam
3116 3042 3391 3100 praeterea,
3416 3031 3460 3086 si
3477 3032 3551 3083 ita
3567 3031 3731 3091 lubet,
3759 3028 3913 3082 etiam

658 3115 818 3171 Ponti
852 3119 1144 3173 excitatam
1168 3119 1460 3192 Gregorius
1496 3124 1876 3181 Nazianzenus
1904 3129 1974 3181 ita
2007 3129 2233 3200 diligen-
2262 3150 2306 3208 ο
2342 3127 2593 3180 tunicam.
2645 3125 2801 3194 Eum,
2830 3128 2917 3191 qui
2951 3126 3129 3178 carnis
3153 3139 3338 3193 expers
3364 3134 3495 3189 erat,
3520 3123 3914 3175 oerberaturum

662 3218 749 3263 ter
776 3218 831 3265 et
854 3221 1104 3266 accurate
1130 3222 1319 3268 narrat
1341 3214 1438 3286 (a),
1473 3226 1531 3271 ιιι
1557 3227 1725 3271 totum
1772 3219 1913 3271 hunc
1940 3219 2116 3272 locum
2149 3220 2237 3273 hic

663 3314 938 3371 apponere
972 3317 1151 3373 Opera:
1196 3306 1426 3374 pretium
1463 3322 1587 3361 esse
1623 3308 1837 3361 ducam.
1877 3308 1935 3362 Is
1965 3312 2054 3379 qui
2087 3312 2237 3379 nefa-

662 3392 803 3445 rium
830 3393 982 3446 illum
1014 3393 1193 3460 Adad,
1228 3398 1401 3465 inquit
1432 3396 1749 3468 Gregorius,
1775 3402 2024 3455 adrersus
2056 3401 2235 3457 Israe-

663 3481 763 3535 lem
794 3482 919 3535 olim
945 3484 1214 3549 excitavit,
1239 3486 1378 3540 idem
1408 3497 1592 3541 contra
1615 3485 1753 3543 hunc
1772 3507 1975 3561 quoque
2006 3490 2239 3548 Pontice

661 3575 946 3640 provincia:
972 3578 1277 3647 prafecturn
1299 3581 1543 3633 excitavit
1564 3598 1582 3646 ;
1606 3582 1703 3634 hoc
1725 3587 1935 3651 quidem
1956 3594 2235 3650 praetuta,

663 3666 816 3733 quasi
839 3667 1163 3720 muliercula
1183 3670 1461 3736 cujusdam
1490 3685 1652 3721 causa
1680 3670 2118 3735 stomacharetur,
2148 3675 2237 3725 sed

665 3772 841 3810 revera
901 3758 1185 3826 impietatis
1216 3760 1570 3827 defensionem
1602 3764 1919 3829 suscipiens,
1953 3781 2015 3817 ac
2063 3768 2236 3835 pieta-

665 3864 766 3903 tem
796 3865 1123 3920 oppugnaus.
1159 3850 1315 3906 Mitto
1346 3854 1484 3908 alias
1515 3871 1691 3915 omnes
1725 3858 2093 3927 contumelias,
2124 3863 2241 3930 qui~

665 3941 760 3993 bus
787 3940 1051 3997 Basiliam
1086 3946 1309 4009 vexavit,
1346 3949 1482 4014 quod
1516 3947 1733 4015 perinde
1772 3958 1870 4015 est,
1903 3966 1965 4003 ac
1998 3955 2043 4004 si
2077 3952 2240 4005 Deum

666 4034 917 4103 dicerem,
946 4038 1195 4090 adversus
1236 4052 1411 4105 quem,
1455 4048 1503 4090 et
1546 4038 1697 4107 cujus
1731 4056 1894 4093 causa
1937 4041 2125 4094 bellum
2154 4060 2242 4110 ge-

668 4127 903 4181 rebatur.
943 4126 1097 4191 Quod
1128 4143 1268 4188 vero,
1304 4136 1357 4180 et
1387 4127 1531 4192 eum,
1568 4130 1661 4198 qui
1700 4131 2069 4184 contumeliam
2104 4134 2241 4199 infe-

663 4220 837 4281 rebat,
864 4218 1100 4271 maxima
1130 4218 1419 4287 ignominia
1447 4216 1645 4287 affecit,
1669 4230 1719 4272 et
1745 4220 1975 4288 pugilem
2005 4233 2239 4276 nostrum

664 4326 989 4379 summopere
1040 4309 1224 4364 extulit
1274 4308 1352 4380 (si
1404 4313 1559 4363 modo
1602 4327 1850 4381 maguum
1897 4316 2148 4383 quiddam
2189 4323 2241 4369 et

664 4407 927 4459 excelsum
982 4404 1389 4458 existimandum
1429 4412 1505 4455 est
1557 4402 1928 4471 philosophia,
1982 4416 2031 4457 et
2079 4405 2238 4474 hujus

2337 3232 2392 3268 se
2430 3216 2749 3281 minabatur,
2789 3232 2975 3284 corpus
3016 3214 3345 3269 submittebat
3398 3216 3604 3283 ungulis
3654 3212 3917 3262 laceratu-

2339 3324 2475 3362 rum.
2500 3309 2564 3361 At
2584 3308 2672 3361 ille
2688 3324 2708 3363 :
2731 3307 3071 3377 Hujusmpdi,
3087 3309 3277 3377 inquit,
3299 3306 3584 3359 laniatione
3601 3302 3925 3355 medicinam.

2340 3399 2520 3464 hepnti
2560 3400 2775 3466 afferes,
2822 3414 3154 3464 magnopere,
3206 3408 3259 3449 ut
3304 3398 3466 3457 uides,
3510 3410 3589 3447 me
3637 3390 3917 3459 prementi.

2344 3490 2512 3557 Atque
2543 3488 2595 3541 hi
2620 3490 2827 3556 quidem
2866 3491 2922 3541 in
2960 3490 3040 3542 his
3074 3500 3247 3542 erant.
3278 3487 3473 3541 Civitas
3513 3497 3722 3550 autem,
3764 3484 3922 3539 simul

2339 3592 2492 3648 atque
2517 3579 2823 3650 hujusmodi
2856 3580 3054 3633 malum
3084 3597 3145 3633 ac
3174 3596 3448 3633 commune
3497 3580 3799 3648 periculum
3840 3593 3924 3630 re-

2340 3673 2491 3724 scivit
2525 3672 2837 3742 (periculum
2866 3672 3005 3725 enim
3040 3688 3190 3725 suum
3217 3674 3433 3741 quisque
3460 3672 3622 3740 ipsius
3649 3682 3926 3723 contume-

2340 3768 2466 3820 liam
2505 3783 2615 3821 esse
2658 3766 3040 3835 existimabat),
3073 3774 3181 3819 tota
3223 3764 3399 3834 furore
3428 3764 3736 3833 corripitur,
3771 3772 3927 3830 atque

2342 3854 2665 3918 incenditur,
2718 3871 2803 3920 ac,
2840 3854 2977 3909 velut
3013 3854 3159 3924 fumo
3193 3870 3350 3921 apum
3400 3870 3615 3907 examen
3662 3863 3923 3915 mouente,

2348 3945 2588 3997 certatim
2625 3960 2802 3999 omnes
2835 3945 3111 4014 cujuslibet
3140 3946 3341 4013 generis
3382 3953 3533 4012 atque
3563 3945 3743 3997 aetatis
3786 3942 3928 3996 exci-

2344 4044 2527 4087 tantur
2555 4044 2601 4088 et
2640 4044 2951 4105 exsurgunt,
2979 4052 3043 4088 ac
3061 4038 3351 4103 praesertim
3383 4051 3651 4088 armorum
3682 4035 3925 4102 opifices.

2342 4126 2765 4193 imperatoriique
2797 4134 3044 4178 textores.
3086 4128 3223 4178 Nam
3259 4125 3314 4178 hi
3358 4126 3411 4177 in
3458 4124 3726 4192 ejusmodi
3776 4124 3931 4176 rebus

2343 4216 2678 4283 ferventiores
2719 4228 2880 4281 sunt,
2910 4225 3066 4286 atque
3114 4218 3177 4270 ob
3209 4218 3495 4271 libertatem
3528 4232 3591 4269 ac
3625 4215 3931 4281 licentiam,

2341 4324 2448 4376 qua
2490 4308 2765 4377 fruuntur,
2813 4310 2882 4361 ad
2921 4309 3222 4361 audendum
3269 4310 3584 4377 paratiores.
3624 4299 3935 4378 Unicuique

2344 4421 2501 4476 porro
2533 4402 2624 4456 teli
2653 4401 2768 4455 loco
2796 4411 2933 4469 erat,
2966 4400 3043 4456 uel
3071 4401 3211 4471 quod
3240 4418 3328 4454 ars
3358 4401 3603 4470 offerebat
3626 4442 3641 4464 ,
3674 4402 3760 4456 uel
3794 4405 3936 4472 quod

665 4499 822 4551 laude
848 4497 1031 4567 uulgus
1058 4495 1302 4564 anteire),
1332 4495 1387 4548 id
1423 4497 1661 4549 oratione
1690 4511 1989 4565 persequar.
2024 4496 2239 4553 Mulieri
2270 4501 2314 4557 ι)
2344 4499 2398 4549 in
2430 4512 2483 4550 re
2507 4496 2751 4563 prtcsenti
2787 4494 3128 4549 tumultuarie
3168 4494 3481 4561 confecerat.
3517 4494 3697 4548 ‘Faces
3737 4497 3798 4549 in
3824 4512 3937 4548 ma-

664 4593 877 4644 cuidam
908 4589 1235 4655 amplissimo
1276 4588 1389 4642 loco
1430 4596 1605 4652 nam,
1639 4588 1793 4657 cujus
1836 4592 2059 4645 maritus
2095 4591 2238 4645 haud

663 4682 866 4750 pridem
896 4693 1127 4735 extremo
1156 4680 1272 4732 vita
1301 4677 1390 4731 die
1422 4680 1632 4747 functus
1668 4689 1805 4747 erat,
1842 4679 2043 4747 judicis
2070 4698 2241 4736 asses-

666 4791 757 4829 sor
777 4774 877 4827 vim
898 4773 1172 4843 aﬂ‘erebat,
1206 4772 1528 4839 invitumque
1550 4772 1619 4824 ad
1647 4772 1858 4840 nuptias
1884 4773 2238 4840 pertrahebat.

667 4868 778 4921 Illa
806 4877 1003 4931 autem,
1034 4881 1154 4918 cum
1181 4865 1330 4918 nulla
1360 4874 1560 4917 ratione
1586 4864 1721 4917 hanc
1750 4865 1851 4917 vim
1875 4862 2102 4932 effugere
2122 4881 2243 4929 pos-

670 4967 772 5025 set,
822 4960 1103 5012 consilium
1153 4958 1313 5025 capit,
1364 4974 1470 5011 non
1513 4956 1733 5026 majoris
1777 4956 2041 5019 audaciae,
2084 4972 2242 5025 quam

666 5051 962 5119 prudentie
992 5050 1225 5117 plenum.
1255 5049 1339 5102 Ad
1367 5065 1574 5103 sacram
1608 5050 1795 5103 etenim
1840 5063 2070 5101 mensam
2115 5063 2241 5101 con-

668 5145 827 5213 fugit,
858 5144 1126 5205 Deumque
1150 5147 1404 5197 aduersus
1436 5142 1571 5195 hanc
1598 5141 1856 5209 injuriam
1882 5150 2240 5211 propugnatov

670 5254 781 5290 rem
817 5237 917 5291 sibi
944 5236 1186 5306 adoptat.
1222 5234 1363 5300 Quid
1400 5236 1559 5305 igitur
1592 5249 1682 5303 per
1716 5231 2027 5286 Trinitatem
2072 5234 2242 5302 ipsam

669 5332 767 5395 (ut
816 5328 1018 5398 forensi
1070 5343 1273 5399 quoque
1326 5326 1538 5381 dicendi
1586 5341 1771 5395 genere
1820 5326 2059 5379 nonnihil
2108 5327 2244 5380 inter

668 5421 851 5473 laudes
878 5419 1045 5486 utar)
1073 5419 1375 5489 faciendum
1405 5419 1541 5487 fuit,
1572 5434 1676 5471 non
1702 5418 1822 5471 dico
1856 5434 2045 5487 magno
2086 5417 2245 5471 Basi—

670 5511 761 5573 lio,
792 5527 854 5562 ac
880 5510 943 5563 de
971 5510 1054 5564 his
1082 5510 1236 5564 rebus
1276 5510 1394 5564 aliis
1419 5510 1552 5579 leges
1579 5510 1860 5573 statuenti,
1891 5509 1981 5563 sed
2016 5508 2113 5561 alii
2140 5510 2245 5561 cui-

670 5602 813 5669 piam
859 5601 1009 5671 longe
1056 5601 1148 5655 illo
1204 5602 1487 5672 inferiori,
1537 5602 1661 5656 dum
1712 5613 1881 5657 tamen
1939 5601 2245 5655 sacerdoti?

748 5782 823 5851 (ιι)
863 5783 1011 5838 Orat.
1044 5785 1133 5838 20.

2348 4588 2521 4649 nibus,
2547 4602 2701 4651 saxa,
2734 4585 2898 4655 fustes
2923 4589 2977 4637 in
2995 4596 3258 4653 promptu,
3292 4600 3427 4639 unus
3450 4585 3689 4639 omnium
3716 4602 3938 4649 cursus,

2350 4697 2484 4733 unus
2524 4680 2745 4746 clamor,
2767 4679 3057 4732 communis
3095 4678 3390 4731 animorum
3420 4677 3718 4741 alacritas;
3756 4678 3945 4743 furor,

2352 4773 2501 4827 miles
2529 4776 2831 4839 vehemens,
2861 4773 2964 4826 imo
2994 4770 3116 4825 belli
3143 4770 3273 4824 duas.
3316 4768 3398 4824 Ne
3437 4770 3687 4823 mulieres
3723 4772 3943 4839 quidem

2348 4879 2472 4921 tunc
2502 4866 2745 4935 temporis
2772 4866 2993 4919 inermes
3023 4873 3170 4918 erant
3190 4904 3206 4929 ,
3238 4863 3335 4915 hac
3363 4861 3609 4914 nimirum
3650 4864 3948 4915 occasione

2349 4960 2552 5012 animos
2596 4970 2778 5011 earum
2812 4963 3097 5010 exacuente
3128 4959 3145 5021 (
3178 4954 3317 5007 radii
3360 4962 3531 5005 autem
3559 4952 3702 5019 ipsis
3751 4954 3947 5008 hasta-

2350 5066 2466 5105 rum
2512 5051 2626 5104 loco
2657 5058 2805 5103 erant
2829 5050 2882 5117 ),
2916 5050 3021 5102 imo
3060 5064 3153 5102 nec
3182 5045 3420 5099 mulieres
3451 5044 3571 5113 jam
3617 5049 3947 5110 ntanebant,

2349 5146 2535 5214 quippe
2570 5158 2701 5212 quas
2738 5142 2880 5195 zelus
2916 5142 3228 5202 roborasset,
3259 5150 3413 5203 atque
3441 5139 3509 5193 ad
3539 5137 3765 5192 virilem
3797 5138 3952 5208 forti-

2350 5236 2584 5287 tudinem
2625 5234 2889 5301 animique
2925 5230 3337 5301 magnitudinem
3385 5229 3744 5284 traduxisset.
3802 5231 3950 5295 Quid

2351 5328 2515 5380 multa
2535 5328 2562 5381 l
2584 5335 2832 5392 pietatem
2861 5342 3036 5379 omnes
3060 5326 3133 5377 ita
3155 5325 3361 5376 demum
3390 5323 3526 5375 inter
3554 5337 3612 5374 se
3633 5325 3953 5390 partituros

2350 5420 2645 5480 censebant,
2675 5419 2720 5470 si
2744 5419 2911 5485 ipsum
2944 5416 3230 5468 dividerent
3261 5431 3322 5466 ac
3348 5413 3709 5479 discerperent
3741 5431 3762 5468 :
3788 5428 3954 5485 atque

2350 5512 2393 5561 is
2427 5509 2677 5577 majorem
2707 5509 2847 5576 apud
2878 5524 2962 5561 eos
2992 5506 3200 5573 pietatis
3232 5506 3441 5557 laudem
3476 5504 3779 5560 habiturus
3814 5510 3958 5562 uide-

2349 5602 2522 5668 batur,
2554 5603 2640 5673 qui
2664 5604 2860 5670 primus
2893 5604 2944 5655 in
2972 5618 3108 5667 eum,
3135 5602 3219 5669 qui
3248 5606 3449 5653 tantum
3478 5597 3699 5667 facinus
3738 5618 3959 5671 aggres-
