4074 6312
1515 368 1671 423 VITA
1712 368 1770 426 S.
1800 368 2063 428 BASILII.

3211 398 3393 441 οιινιι

168 492 255 529 sus
288 487 409 529 esset
436 517 450 539 ,
483 493 700 531 manuni
730 479 1016 549 iniecisset.
1056 482 1195 547 Quid
1240 486 1401 554 igitur
1440 490 1619 543 audax
1645 492 1733 544 ille
1761 500 1803 553 Α
1841 494 2042 555 huisse,
2077 494 2127 547 id
2157 504 2265 559 est,
2314 495 2415 550 hoc
2454 507 2726 552 certamen
2756 514 2875 554 cum
2921 503 3123 561 vicario
3154 510 3392 565 omnium

166 584 207 622 et
242 570 465 621 insolens
494 568 667 638 judea:
687 571 711 623 .’
733 571 965 638 Supplex
994 585 1128 639 erat,
1156 577 1489 645 miserabilis,
1516 582 1729 633 calami-

166 666 329 718 tosus,
360 659 536 724 quovis
566 660 773 711 homine
799 660 1050 727 dejectiar
1072 676 1091 714 :
1120 666 1295 729 quoad
1324 667 1380 718 in
1405 681 1729 735 conspectum

163 749 407 813 prodistis
444 747 533 800 ille
562 758 790 818 martyr,
832 761 880 803 et
913 751 1023 804 sine
1050 753 1219 823 plagis
1244 756 1429 823 victor,
1476 776 1535 811 ac
1565 778 1729 826 popu-

163 840 271 890 luus
304 841 503 907 pudore
549 851 847 905 correptum
889 858 981 909 per
1023 846 1415 923 uimretinens,
1448 853 1726 918 supplicem

162 946 314 981 suum
345 939 390 982 et
430 942 728 987 vexatorem
756 949 788 985 οι
818 934 1050 999 periculo
1074 937 1369 993 vindicavit.

233 1038 424 1110 Tangit
459 1044 621 1096 etiam
659 1045 796 1098 hanc
846 1046 1129 1102 historiam
1182 1049 1473 1121 Gregorius
1528 1053 1725 1125 Nysse-

164 1147 261 1185 nus
289 1132 382 1200 (a),
416 1134 505 1201 qui
544 1132 802 1187 Basilium
840 1148 1043 1202 narrat,
1075 1154 1194 1193 cum
1242 1142 1289 1193 ei
1311 1142 1473 1210 judex
1507 1147 1723 1214 quidam

163 1225 462 1278 minaretur
486 1240 546 1279 se
577 1225 717 1279 illius
753 1227 908 1295 jecur
940 1244 1003 1283 es
1036 1232 1337 1287 visceribus
1370 1236 1677 1292 evulsurum
1702 1279 1719 1305 ,

164 1314 394 1368 insulsas
448 1315 619 1368 minas
674 1318 1001 1375 subridendo
1050 1323 1409 1392 excipientem
1464 1329 1662 1383 dixisse
1706 1348 1720 1384 :

164 1400 397 1455 Gratiam
430 1403 525 1456 tibi
556 1404 753 1459 habebo
784 1409 845 1461 ob
876 1411 1013 1463 hanc
1058 1411 1414 1477 uoluntatem;
1454 1433 1558 1471 nou
1587 1420 1722 1473 enim

162 1495 492 1547 mediocriter
547 1511 625 1549 me
668 1500 810 1567 angit
853 1501 907 1553 in
947 1503 1223 1557 visceribus
1250 1506 1423 1574 jecur.
1459 1508 1635 1574 Quare
1680 1514 1723 1565 si

166 1584 291 1636 illud
334 1583 544 1652 ejicias,
590 1593 1024 1659 quemadmodum
1078 1596 1307 1653 minatus
1360 1616 1437 1665 es,
1485 1604 1722 1657 molestia

164 1696 344 1741 corpus
378 1683 647 1739 liberabis.

226 1792 465 1850 Judicem
510 1797 695 1865 illum,
722 1799 811 1869 qui
845 1809 952 1854 tam
990 1801 1219 1871 indignis
1249 1804 1420 1858 modis
1466 1804 1716 1859 Basiliam
1752 1833 1795 1892 Β

160 1890 390 1951 vexavit,
415 1901 644 1960 uterque
668 1891 960 1961 Gregorius
984 1894 1249 1967 ὕπαρχον,
1277 1894 1597 1967 prwfectum,
1625 1913 1719 1966 ap—

160 1978 331 2043 pellat.
368 1980 475 2034 Sed
511 1984 592 2037 his
626 1984 676 2037 in
716 1984 842 2039 locis
891 1984 1165 2053 legendum
1200 1987 1413 2041 videtur
1446 1988 1715 2061 ἔπαρχον,

161 2070 393 2123 vicarius
414 2072 557 2125 enim
579 2072 676 2126 fuit
698 2073 933 2141 prtefecti
964 2073 1013 2125 in
1040 2075 1261 2130 diceccsi
1287 2076 1532 2145 Pontica,
1555 2094 1714 2150 quam

158 2162 221 2214 ab
262 2176 324 2215 eo
357 2165 708 2230 gubernatam
747 2174 974 2219 testatur
1022 2166 1394 2225 Nazianzenus
1440 2191 1455 2228 :
1502 2184 1555 2226 ct
1595 2190 1716 2227 cum

152 2252 308 2319 jndes
349 2255 419 2305 ab
446 2256 632 2307 eodem
669 2270 922 2325 vocetur,
958 2274 1141 2315 comes
1175 2262 1408 2317 Pontica:
1446 2280 1564 2319 esse
1609 2282 1716 2321 non

156 2344 342 2409 potuit,
406 2356 470 2396 ac
530 2346 751 2413 proinde
803 2351 945 2405 vices
1006 2354 1241 2418 prad'ecti
1294 2357 1503 2423 agebat.
1563 2356 1715 2425 Apud

156 2432 397 2484 eumdem
444 2431 847 2495 Nazianzenum
881 2459 976 2512 pro
1017 2445 1102 2500 his
1138 2446 1362 2500 vocibus
1393 2448 1599 2517 πέμπει
1630 2466 1714 2500 τι-

156 2524 245 2586 νὰς
270 2525 377 2577 τῶν
418 2529 509 2581 ἐπ’
538 2528 801 2599 ἐξουσίας,
852 2538 1105 2605 quosdam
1155 2540 1492 2607 magistratus
1530 2543 1710 2608 mittit,

156 2614 326 2686 legere
356 2621 539 2675 malim
590 2623 681 2676 ὑπ’
707 2624 981 2691 ἐξουσίας,
1026 2628 1183 2681 mittit
1215 2632 1417 2700 aliquos
1464 2648 1527 2685 ex
1557 2634 1712 2686 mini-

154 2712 270 2764 stris
294 2715 425 2767 suis.

226 2825 544 2892 Matronam,
582 2830 731 2897 cujus
759 2832 971 2902 nuptias
1012 2844 1117 2889 tam
1144 2838 1407 2895 violenter
1433 2845 1714 2913 appetebat

158 2919 389 2973 vicarius
425 2920 688 2987 praefecti,
719 2924 1026 2981 Vestianatn
1076 2929 1217 2983 illam
1249 2932 1412 2986 fuisse
1462 2936 1711 3001 opinatur

155 3009 411 3064 Baronius
467 3011 566 3083 (b),
622 3015 687 3068 de
728 3032 833 3088 qua
870 3019 920 3073 in
966 3018 1086 3073 Vita
1120 3018 1177 3076 S.
1217 3021 1470 3077 Macrino:
1510 3023 1710 3095 Grego-

156 3104 260 3155 rius
296 3102 577 3171 Nyssenus
626 3108 885 3179 loquitur.
939 3110 1044 3167 Sed
1100 3114 1151 3167 in
1208 3114 1310 3169 hac
1366 3118 1709 3186 expendenda

155 3194 481 3263 conjectura,
518 3214 637 3268 quae
668 3200 811 3255 nulla
856 3202 1045 3256 nititur
1095 3208 1324 3272 ratione,
1363 3224 1467 3260 non
1526 3209 1706 3264 immo-

154 3288 325 3344 rabor.
369 3287 506 3343 Illud
539 3290 605 3343 ad
634 3293 975 3346 statuendum
1026 3293 1324 3359 dichilius,
1370 3298 1590 3367 quinam
1626 3300 1715 3356 ille

153 3376 304 3434 fuerit
324 3381 581 3448 vicarius,
612 3394 663 3437 et
686 3399 790 3453 quo
816 3384 927 3440 hac
949 3396 1066 3441 acta
1100 3396 1361 3457 tempore.

214 3492 439 3548 Narrata
475 3494 718 3551 Valentis
747 3498 1011 3555 Caesareae
1042 3505 1427 3559 commorantis
1459 3520 1713 3575 persecu-

154 3582 307 3644 tione,
335 3586 415 3638 sic
446 3586 513 3637 ad
549 3586 706 3639 istam
749 3590 944 3642 transit
981 3590 1299 3659 Gregorius,
1340 3606 1397 3645 ut
1435 3608 1554 3646 eam
1607 3611 1711 3649 non

151 3677 370 3729 obscure
399 3677 739 3731 demonstret
763 3679 869 3733 alio
900 3681 1146 3734 evenisse
1168 3691 1427 3751 tempore.
1460 3685 1521 3735 At
1544 3687 1707 3751 enim,

154 3766 314 3834 inquit
354 3767 452 3836 (c),
482 3768 789 3837 ltujusmodi
819 3772 1030 3839 quidem
1074 3771 1297 3840 fortasse
1322 3790 1404 3837 ea,
1436 3791 1552 3843 qua:
1596 3793 1711 3829 cum

153 3858 249 3911 illis
276 3859 400 3929 egit,
429 3860 664 3929 fuerunt,
689 3878 907 3932 eumque
935 3864 1089 3932 ﬁnem
1120 3865 1434 3930 habuerunt,
1468 3877 1710 3920 cwterum

151 3967 257 4002 cuus
294 3953 419 4007 aliis
453 3954 560 4007 alio
601 3957 757 4008 modo
792 3972 845 4009 se
885 3958 1065 4023 gessit,
1099 3968 1189 4009 aut
1220 3958 1393 4024 paruis
1423 3961 1487 4010 de
1533 3958 1708 4022 rebus,

150 4053 228 4093 aut
261 4061 455 4110 parum
502 4047 702 4115 egregie
730 4046 1018 4111 dimicavit,
1060 4057 1149 4098 aut
1196 4062 1300 4098 non
1332 4048 1405 4098 ita
1449 4049 1710 4114 sapienter

150 4134 404 4198 disseruit,
459 4152 552 4188 nec
594 4147 647 4189 ut
691 4136 953 4189 hominum
1002 4138 1565 4206 commemorationem,
1614 4150 1705 4193 aut

152 4237 275 4279 certe
304 4226 565 4293 insignem
593 4227 800 4280 laudem
824 4237 1106 4280 mereretur
1126 4228 1151 4279 Ρ

209 4334 371 4389 Multa
418 4350 551 4389 sane
577 4350 641 4386 ex
691 4336 792 4399 iis,
840 4352 960 4406 qua:
1011 4348 1306 4390 narrantur
1347 4354 1375 4391 a
1421 4338 1701 4406 Gregorio,

150 4428 340 4491 Optime
382 4426 716 4481 conveniunt
756 4427 808 4479 in
858 4428 1080 4498 impium
1112 4429 1257 4482 illum
1287 4427 1521 4482 Ponticae
1560 4430 1705 4484 vica-

1830 595 2158 654 postrenmm
2193 586 2377 641 fuisse.

1903 678 1983 745 (ά)
2012 676 2120 731 Sed
2158 693 2279 731 cum
2320 677 2553 741 Nicetes,
2582 681 2737 751 cujus
2767 682 2870 738 hac
2917 686 2968 738 in
3005 702 3061 741 re
3091 704 3195 744 non
3241 706 3395 759 sper-

1830 768 2007 819 nenda
2035 767 2347 831 auctoritas,
2378 768 2638 821 vicarium
2667 769 2835 835 illum,
2867 773 2932 828 de
2972 790 3080 844 quo
3103 775 3393 850 Gregorius

1830 857 2098 931 loquitur,
2132 858 2423 914 Eusebium
2474 858 2763 915 Dominica:
2809 863 3171 931 imperatricis
3220 884 3390 925 avun-

1828 927 2008 1003 culum
2046 949 2210 1004 fuisse
2245 960 2495 1016 testetur,
2533 950 2689 1006 nobis
2714 953 2978 1023 integrum
3012 973 3114 1011 non
3142 971 3223 1014 cst
3253 961 3390 1017 hanc

1830 1041 2236 1096 historiam-in
2289 1042 2663 1099 Deniombeuis
2714 1059 2901 1100 nomen
2955 1050 3221 1104 conferre.
3274 1049 3388 1107 Non

1826 1134 1975 1186 cutim
2003 1133 2281 1202 probabile
2317 1144 2400 1189 est
2429 1136 2480 1189 id
2509 1136 2747 1191 Nicetam
2779 1138 2843 1192 de
2884 1154 2982 1194 suo
3009 1140 3257 1208 finxisse;
3294 1145 3389 1199 sed

1826 1227 2001 1295 potius
2027 1225 2477 1281 verisimillimum
2508 1239 2615 1294 est,
2640 1241 2698 1284 ut
2718 1232 2969 1287 observat
2997 1232 3388 1302 'l‘illemontius,

1826 1316 1967 1369 hanc
1995 1329 2123 1369 eum
2163 1318 2491 1371 notationem
2521 1333 2585 1372 ex
2630 1321 2814 1389 aliquo
2858 1324 3149 1391 exemplari
3179 1336 3389 1381 vetusto

1824 1408 2049 1471 eruisse,
2088 1406 2141 1461 in
2180 1422 2288 1477 quo
2319 1424 2512 1464 nomen
2550 1410 2768 1466 Eusebii
2799 1414 2865 1467 ad
2894 1415 3186 1485 marginem
3221 1418 3390 1472 ascri-

1826 1509 1971 1570 ptum
1994 1508 2131 1554 erat.

1894 1590 2027 1644 Cum
2052 1601 2233 1645 autem
2264 1593 2379 1648 haec
2410 1594 2715 1664 persecutio
2747 1610 2918 1664 neque
2950 1598 3015 1651 ad
3037 1614 3236 1652 annmn
3257 1596 3386 1677 572,

1823 1695 1997 1749 neque
2031 1685 2098 1736 ad
2141 1682 2248 1736 375
2302 1683 2494 1739 referri
2536 1687 2732 1753 possit,
2790 1688 2999 1740 videtur
3049 1688 3190 1741 intra
3252 1689 3380 1745 illud

1825 1782 2036 1843 tempus
2067 1774 2401 1841 collocanda,
2439 1779 2586 1845 quod
2620 1780 2761 1832 inter
2793 1790 3077 1849 utramque
3127 1796 3381 1849 persecu«

1826 1867 2024 1921 tionem
2055 1864 2279 1923 enituit.
2329 1866 2463 1922 Nam
2488 1878 2610 1937 post
2643 1869 3015 1924 Demosthenis
3052 1874 3384 1939 persecutio-

1821 1971 1965 2022 nem,
2014 1958 2145 2011 nihil
2177 1959 2333 2013 nobis
2376 1960 2678 2029 suppeditat
2730 1960 2952 2014 historia
2998 1960 3201 2025 Basilii,
3234 1964 3378 2031 quod

1819 2061 1939 2100 cum
1968 2047 2069 2102 hoc
2092 2059 2285 2102 eventu
2312 2051 2580 2118 quadrare
2597 2052 2785 2119 possit.
2805 2051 2872 2105 At
2889 2053 3059 2106 hiems
3077 2054 3232 2123 hujus
3258 2054 3386 2108 aeni

1819 2137 1923 2192 574
1953 2141 2199 2195 exeuntis
2249 2140 2475 2195 mirifice
2507 2145 2773 2211 congruit.
2826 2142 2942 2198 iam
2984 2148 3126 2198 enim
3156 2146 3385 2201 vidimus

1821 2228 2057 2284 nefarias
2079 2232 2451 2286 haereticorum
2469 2232 2792 2298 molitiones,
2809 2250 3037 2303 quorum
3064 2236 3152 2289 alii
3177 2246 3292 2305 post
3314 2236 3390 2292 fec

1817 2332 1957 2377 stum
1976 2322 2033 2377 S.
2060 2323 2343 2395 Eupsychii
2360 2327 2411 2379 in
2424 2326 2983 2388 aulamcucurreruut,
3006 2328 3096 2380 alii
3117 2343 3365 2384 remanse

1818 2425 1942 2467 runt
1981 2430 2247 2468 rumorem
2268 2427 2662 2482 exspectantes.
2701 2416 2965 2472 Praeterea
2983 2418 3384 2473 Basiliusinitio

1815 2504 2051 2573 epistola:
2083 2503 2188 2559 200
2208 2515 2438 2563 testatur
2464 2506 2563 2561 sibi
2599 2509 2809 2576 negotia
2842 2510 2905 2560 ab
2932 2510 2995 2561 iis
3018 2510 3105 2569 qui
3135 2507 3382 2563 Ecclesiis

1815 2606 1994 2650 nocent
2052 2598 2284 2651 exhibita
2315 2614 2407 2665 per
2434 2607 2597 2650 totam
2654 2597 2869 2652 hiemem
2909 2601 3085 2666 (uisse.
3120 2601 3383 2655 Similiter

1817 2689 1969 2742 initio
1991 2690 2233 2756 epistola:
2264 2689 2373 2742 9.03
2398 2702 2790 2745 commemorat
2833 2708 2930 2746 sua
2987 2710 3103 2745 cum
3154 2694 3243 2758 iis,
3288 2693 3379 2762 qui

1813 2782 2107 2834 doctrinam
2134 2783 2363 2834 veritatis
2382 2783 2626 2849 impugna
2636 2794 2706 2846 nt,
2725 2785 3032 2839 certamina.
3048 2784 3160 2838 Non
3179 2785 3382 2839 incomo

1814 2874 1968 2926 mode
2008 2886 2137 2943 ergo
2192 2873 2245 2927 in
2299 2873 2400 2928 hac
2456 2873 2634 2927 hieme
2673 2872 2926 2927 Basilium
2981 2889 3101 2928 cum
3144 2874 3377 2930 Eusebio

1812 2962 2017 3016 vicario
2072 2970 2346 3017 narratam
2400 2976 2430 3017 a
2476 2961 2736 3032 Gregorio
2790 2977 3024 3031 pugnam
3072 2973 3127 3018 et
3181 2964 3378 3019 multas

1814 3052 1949 3107 alias
1978 3053 2301 3108 sustinuisse
2336 3054 2727 3109 existimamus.

1888 3141 2002 3196 Non
2044 3143 2225 3212 magni
2267 3141 2469 3209 refert,
2513 3144 2654 3213 quod
2688 3144 2979 3212 Gregorius
3027 3145 3128 3199 hoe
3180 3143 3376 3200 bellum

1817 3234 2055 3289 omnium
2101 3245 2430 3303 postremum
2485 3236 2648 3289 fuisse
2703 3237 2853 3290 dicit.
2924 3236 3187 3305 Loquitur
3232 3238 3377 3293 enim

1817 3321 2110 3392 Gregorius
2146 3325 2214 3377 de
2232 3327 2494 3393 ejusmodi
2525 3327 2735 3395 pugnis,
2767 3327 2817 3379 in
2845 3329 3040 3395 quibus
3073 3327 3299 3383 Basilius
3322 3331 3378 3385 in

1809 3411 2069 3479 judicium
2096 3424 2339 3475 vocatus.
2363 3416 2647 3469 veritatem
2675 3434 2769 3485 pro
2794 3418 3044 3472 tribunali
3071 3422 3268 3474 acriter
3290 3420 3382 3476 de-

1815 3504 1984 3559 fendit
2010 3524 2025 3559 ;
2056 3509 2198 3575 quod
2231 3509 2446 3576 quidem
2468 3510 2515 3562 ei
2541 3510 2590 3562 itt
2618 3509 3381 3579 Demosthenispersecutione

1816 3611 1922 3651 non
1945 3597 2157 3652 videtur
2190 3598 2497 3664 contigisse.
2527 3598 2640 3653 Huc
2671 3602 2878 3654 accedit
2899 3602 3039 3670 quod
3060 3601 3378 3673 Gregorius,

1814 3688 1935 3741 dum
1961 3689 2055 3750 ait,
2085 3686 2185 3741 Hic
2212 3686 2405 3740 bellum
2439 3689 2759 3744 mundanum
2788 3690 2964 3756 desiit,
2990 3708 3093 3745 non
3123 3706 3245 3746 eum
3282 3708 3372 3749 rc-

1813 3792 1929 3831 rum
1949 3778 2189 3832 ordinem
2215 3780 2475 3847 sequitur,
2501 3796 2659 3848 quem
2685 3792 2980 3851 temporum
3002 3783 3171 3837 series
3190 3793 3376 3853 postu-

1811 3869 1993 3935 labat,
2043 3872 2137 3925 sed
2173 3885 2332 3940 quem
2371 3872 2473 3925 sibi
2515 3872 2628 3938 ipse
2679 3875 2729 3926 iu
2782 3874 3095 3928 adornanda
3129 3875 3375 3929 oratiore

1810 3963 2231 4033 praescripserat.
2287 3964 2422 4020 Hinc
2480 3967 2674 4019 bellum
2730 3967 3034 4036 episcOpale
3091 3967 3289 4023 ibidem
3337 3983 3373 4021 a

1810 4054 2144 4107 dissensione
2177 4069 2298 4107 cum
2322 4056 2577 4109 Authimo
2621 4056 2887 4127 incepisse
2926 4058 3088 4121 dicit;
3123 4057 3370 4127 quamvis

1807 4156 2018 4202 constet
2042 4146 2297 4203 Basilium
2325 4150 2376 4203 itt
2404 4149 2516 4219 ipso
2542 4151 2885 4220 episcopatus
2917 4150 3210 4219 primordio
3251 4149 3371 4219 plu-

1810 4254 1899 4293 res
1926 4238 2281 4309 Cappadociae
2305 4245 2585 4311 episcopos
2613 4242 2903 4295 schismate
2927 4256 2955 4293 a
2980 4254 3039 4294 se
3070 4238 3368 4311 disjunctss

1807 4330 2074 4385 habuisse.

2354 4420 2577 4477 CAPUT
2602 4421 2815 4483 XXXII.

150 4519 303 4579 rium,
349 4519 791 4582 Demosthenem,
820 4521 909 4587 qui
943 4520 994 4574 in
1018 4520 1349 4590 Cappadocia
1375 4530 1430 4573 et
1456 4521 1709 4577 finitimis

1818 4516 1852 4569 Ι.
1887 4513 2232 4590 Gravissimus
2260 4514 2445 4568 Basilii
2469 4518 2678 4590 morbus
2701 4532 2821 4573 ante
2856 4520 3059 4577 Pascha
3093 4524 3219 4575 anni
3242 4522 3366 4585 375.

149 4608 433 4673 provinciis
462 4620 739 4677 grassatus
780 4619 863 4663 est
910 4626 1052 4665 anno
1083 4611 1187 4665 375
1233 4620 1287 4664 et
1330 4609 1453 4663 576.
1500 4610 1548 4665 ls
1584 4629 1703 4666 cum

146 4700 221 4754 sui
256 4700 307 4752 in
348 4700 606 4754 Basilium
634 4701 741 4756 odii
773 4701 1031 4769 plurimas
1081 4703 1503 4771 signiﬁcationes
1544 4705 1704 4759 dede—

147 4796 225 4857 rit,
267 4806 433 4859 seque
466 4796 786 4847 acerrimum
822 4794 1044 4848 ltwresis
1073 4796 1407 4850 defensorem
1456 4797 1701 4865 pra'hue-

146 4889 223 4951 rit,
259 4900 364 4939 non
408 4884 679 4939 immerito
718 4886 859 4939 idem
889 4885 1057 4938 videri
1096 4899 1297 4954 posset,
1333 4904 1398 4941 ac
1440 4889 1525 4941 ille
1554 4891 1703 4944 vica-

146 4978 269 5045 rius,
297 4990 464 5046 quem
511 4986 700 5029 narrat
750 4976 1039 5047 Gregorius
1079 4977 1280 5033 Basilio
1323 4980 1521 5033 multas
1564 4982 1697 5037 alias

146 5070 497 5124 contumelias
541 5068 756 5135 fecisse,
790 5083 843 5124 et
870 5072 923 5125 in
950 5072 1184 5142 speciem
1230 5075 1443 5143 quidem
1480 5078 1700 5131 mulier-

148 5160 267 5214 cula:
290 5174 461 5215 causa
494 5162 850 5215 excanduisse
869 5201 885 5226 ,
912 5164 1003 5217 sed
1060 5176 1243 5217 revera
1274 5168 1491 5222 haeresis
1517 5168 1701 5224 defen-

150 5252 347 5306 sionem
401 5266 466 5307 ac
498 5251 714 5321 pietatis
738 5256 1184 5323 Oppugnationetu
1211 5257 1311 5311 sibi
1336 5262 1698 5330 proposuisse.

146 5340 269 5396 lluic
314 5347 465 5396 favet
505 5343 744 5413 opinioni
783 5348 924 5413 quod
968 5348 1044 5399 ait
1094 5347 1179 5401 hic
1224 5350 1420 5404 bellum
1470 5358 1695 5407 munda-

148 5448 268 5488 ttnln
300 5434 562 5500 desiisse,
610 5445 664 5489 et
708 5435 917 5492 felicem
950 5437 1059 5493 Deo
1092 5438 1301 5495 favente
1339 5444 1541 5497 exitum
1596 5446 1694 5498 ba-

201 5680 275 5736 (u)
308 5674 373 5727 In
410 5674 573 5726 Basil.
608 5691 726 5741 pag.
766 5678 886 5729 J85.

206 5748 276 5805 (t:)
309 5747 391 5792 Ad
421 5761 507 5790 ειη.
548 5743 669 5793 570.

200 5816 263 5872 (ι)
308 5809 396 5861 Or.
432 5810 519 5859 ‘20.

1893 4586 2338 4660 Quatuor‘littertc
2368 4590 2433 4639 ad
2470 4589 2605 4641 hunc
2628 4592 2863 4643 morbum
2890 4591 3163 4660 pertinent.
3186 4593 3250 4649 ΙΙ.
3279 4602 3353 4653 Ac

1891 4666 2074 4731 curata
2127 4654 2347 4731 historia
2378 4661 2759 4731 _translationis
2815 4654 2979 4714 sancti
3026 4661 3260 4731 Dionysii
3306 4686 3372 4723 ex

1891 4723 2103 4794 cpistola
2155 4727 2323 4778 sancti
2368 4727 2555 4780 Basilii
2606 4734 2675 4781 ad
2722 4742 2953 4783 sanctum
3014 4723 3366 4794 Ambr'osium.

1884 4796 1969 4848 tu.
1993 4793 2069 4871 De
2099 4796 2315 4857 epistola
2355 4799 2453 4871 tas
2475 4801 2541 4850 σα
2579 4797 2634 4852 S.
2670 4800 2968 4854 Eusebium.
3008 4802 3092 4871 Iv.
3131 4793 3369 4871 Epistula

1882 4864 2132 4945 cationica
2171 4869 2397 4945 secunda
2440 4879 2489 4921 et
2532 4871 2747 4945 epistola
2773 4873 3011 4945 Δἳυρληι
3039 4870 3096 4926 S.
3149 4864 3366 4945 Amphi-

1888 4934 2371 5007 lochium.ﬂl’qulo
2433 4934 2815 5007 post’epistolu
2866 4940 2962 4995 ‘20!
3012 4944 3081 4994 ad
3131 4934 3369 5000 eumdem

1888 5006 2098 5071 scripta.
2139 5006 2201 5060 ν.
2239 5005 2531 5060 Concilium
2562 5005 2902 5074 Amp/tilorltti
2933 5014 2996 5064 de
3036 5016 3369 5072 restituendis

1876 5077 2273 5142 episcopalibus,
2313 5079 2381 5129 ad
2408 5078 2545 5147 quod
2572 5091 2783 5131 uocatur
2800 5081 3048 5135 Basilius.

1890 5167 1933 5222 Ι.
1971 5168 2041 5241 (e)
2071 5168 2303 5238 Lengior
2334 5172 2489 5225 solito
2518 5171 2619 5224 fuit
2656 5173 2826 5227 hiems
2852 5174 2977 5226 anni
3012 5174 3116 5229 375
3148 5177 3199 5230 in
3224 5176 3364 5247 Cap-

1820 5263 2066 5330 padocia,
2101 5278 2163 5316 ac
2193 5266 2291 5317 viae
2316 5278 2500 5319 onmes
2537 5280 2707 5335 usque
2738 5270 2803 5319 ad
2828 5267 3029 5320 Pascha
3064 5268 3367 5325 interclusas

1814 5355 2056 5409 fuerunt.
2095 5356 2347 5410 Basiliam
2382 5371 2477 5425 per
2504 5368 2669 5411 totum
2702 5359 2798 5410 hoc
2824 5368 3028 5427 tempus
3054 5360 3360 5428 occupatio-

1810 5461 1916 5499 nes
1950 5448 2284 5515 negotiorum
2310 5449 2659 5509 exteriorum,
2687 5458 2759 5510 et,
2802 5460 2857 5501 ut
2880 5449 2989 5518 jam
3018 5450 3246 5503 diximus
3266 5449 3358 5518 if),

1878 5684 1957 5748 (ά)
1981 5684 2099 5753 Not.
2135 5685 2184 5732 in
2215 5684 2345 5734 Nec.
2377 5702 2492 5753 pug.
2529 5686 2646 5737 781.

1870 5753 1937 5813 (ρ)
1980 5752 2069 5812 litt.
2110 5754 2223 5801 1918.

1866 5817 1929 5881 (χ)
1976 5817 2061 5883 εν.
2092 5818 2210 5869 eos.
