4080 6312
685 378 885 424 CXXVIII

2038 365 2563 421 PROLEGOMENA.

683 484 863 551 praelia
898 496 1020 536 cum
1047 482 1291 537 veritatis
1326 482 1573 538 hostibus
1599 485 1966 540 delinuerunt.
1996 489 2075 558 (α)
2104 488 2249 543 Cou-
2283 490 2329 544 Α
2357 484 2596 555 sepultus
2621 485 2838 539 dicitur.
2873 485 3182 554 Simplicius
3216 486 3386 543 multo
3418 502 3479 542 ac
3510 488 3696 543 verius
3717 486 3903 542 Csuar-

685 573 849 627 tinua
874 572 1033 627 etiam
1060 588 1123 628 ac
1156 576 1499 631 vehementes
1526 574 1707 632 febres
1735 578 1878 632 illius
1902 593 2097 647 corpus
2119 580 2252 633 adeo

683 674 1152 733 consumpserunt,
1197 675 1255 718 ut
1285 666 1453 720 visum
1488 669 1559 723 sit
1597 668 1802 737 aliquid
1850 670 1964 738 ipso
2018 670 2249 734 tenuius,

686 753 801 819 ipse
829 768 1022 823 nempe
1050 752 1301 810 Basilius.
1330 755 1596 813 Praeterea
1625 769 2022 828 quartanarum
2058 774 2249 814 acces-

685 861 777 902 sus
812 846 951 900 ultra
984 845 1171 917 viginti
1213 848 1360 903 vices
1409 848 1778 917 perstiterunt.
1816 849 2076 905 Febribus
2128 848 2253 905 libe-

687 949 861 1002 ratus,
895 938 969 993 ita
999 939 1189 994 debilis
1214 948 1354 1004 erat,
1380 949 1438 994 ut
1482 940 1616 995 nihil
1675 940 1743 995 ab
1790 957 1987 997 aranea
2039 940 2254 997 differre

682 1032 979 1088 videretur.
1038 1032 1225 1103 itaque
1265 1049 1388 1090 cum
1435 1049 1559 1090 eum
1616 1035 1861 1092 Meletius
1910 1039 2149 1093 medicus
2198 1038 2252 1092 in

684 1138 838 1177 suam
883 1124 1232 1179 solitudinem
1284 1124 1586 1193 invitasset,
1622 1142 1728 1182 non
1775 1128 1946 1195 potuit
1993 1129 2095 1182 hoc
2150 1128 2255 1182 iter

689 1214 985 1282 suscipere,
1020 1214 1315 1284 quemlibet
1352 1232 1497 1271 aura:
1536 1218 1820 1288 impulsum
1873 1220 2250 1283 reformidans,

686 1303 779 1357 sed
809 1304 1012 1358 iturum
1053 1319 1112 1359 se
1146 1320 1317 1361 verno
1366 1315 1608 1376 tempore
1636 1308 1904 1377 promisit,
1939 1310 2098 1364 modo
2128 1326 2251 1364 eum

686 1391 828 1448 Deus
852 1409 1039 1465 magna
1070 1410 1165 1449 sua
1196 1410 1355 1449 manu
1384 1406 1618 1451 sanaret.

756 1485 949 1541 Incidit
990 1487 1042 1541 in
1077 1487 1226 1541 hunc
1265 1488 1511 1542 morbum
1560 1498 1685 1544 ante
1706 1489 1951 1557 Pascha;
1986 1492 2251 1561 siquidem

686 1578 821 1634 liber
860 1593 889 1631 a
916 1576 1156 1632 febribus
1185 1593 1410 1634 vernum
1444 1588 1653 1648 tempus
1691 1583 2064 1650 exspectabat.
2098 1583 2251 1651 Quod

686 1671 731 1723 si
762 1670 814 1724 in
847 1670 1006 1737 epist.
1040 1667 1143 1724 198
1186 1668 1415 1725 febrium
1449 1670 1805 1726 acerbitatem
1840 1686 2246 1741 commemorat,

690 1761 773 1815 vel
812 1761 878 1816 de
915 1761 1204 1829 praeteritis
1252 1761 1491 1816 febribus
1515 1760 1563 1814 id
1590 1761 1989 1833 intelligendum
2031 1777 2136 1830 est,
2172 1768 2252 1821 vel

689 1849 757 1903 de
796 1828 984 1903 morbo
1017 1850 1451 1908 recrudescente.
1482 1828 1785 1906 Recruduii
1820 1856 1964 1908 enim
1994 1828 2251 1912 morbus:
2286 1828 2328 1884 Β

687 1941 830 1995 unde
856 1942 933 1996 ait
964 1942 1018 1996 in
1041 1942 1263 2013 epistola
1298 1942 1403 1998 200
1442 1962 1454 1997 :
1488 1943 1660 1999 Morbi
1688 1963 1768 2000 me
1800 1962 1864 2000 ex
1892 1950 2082 2003 morbis
2117 1952 2258 2005 exci-

684 2033 857 2103 piunt.

764 2123 1008 2179 Morbum
1037 2139 1192 2181 suum
1223 2126 1409 2181 eodem
1442 2127 1599 2183 modo
1627 2128 1825 2183 indicat
1855 2131 1907 2184 in
1933 2130 2156 2199 epistola
2191 2132 2257 2185 ad

692 2214 924 2280 Zoilum,
981 2230 1102 2285 quae
1139 2218 1366 2286 proinde
1395 2219 1462 2273 ad
1519 2220 1658 2274 idem
1713 2230 1922 2287 tempus
1957 2220 2256 2278 referenda.

691 2307 947 2363 Eruditus
973 2307 1061 2361 ille
1094 2309 1177 2361 vir
1202 2323 1268 2362 ac
1300 2309 1533 2365 disertus
1554 2350 1569 2371 ,
1619 2326 1743 2366 cum
1772 2313 1852 2367 sic
1907 2314 1970 2366 ad
2006 2313 2256 2371 Basilium

701 2399 1029 2469 scripsisset,
1061 2410 1116 2454 ut
1143 2401 1289 2455 velut
1323 2401 1377 2457 in
1414 2403 1702 2458 audaciore
1735 2406 1963 2474 quodam
1997 2406 2139 2463 facto
2172 2424 2260 2463 ve-

693 2490 836 2543 niam
871 2498 1117 2559 peteret,
1149 2491 1395 2545 hortatur
1412 2505 1533 2544 eum
1566 2490 1815 2553 Basilius,
1846 2504 1903 2546 ut
1948 2496 2015 2548 ad
2045 2510 2256 2548 omnem

691 2582 1035 2636 occasionem
1068 2583 1312 2649 scribat;
1342 2583 1573 2639 libenter
1611 2585 1751 2637 enim
1780 2585 2042 2639 lecturum
2076 2601 2132 2639 se
2161 2587 2255 2639 viri

694 2672 998 2741 eloquentis
1051 2674 1283 2740 litteras,
1332 2685 1547 2731 etcum
1599 2690 1628 2729 a
1684 2676 1957 2745 Scriptura
2012 2677 2259 2733 didicerit

698 2775 956 2834 quantum
997 2766 1070 2819 sit
1107 2767 1391 2822 cbaritatis
1447 2767 1679 2833 bonum,
1726 2770 2103 2824 suavissimum
2156 2771 2253 2825 sibi

695 2858 812 2913 fore
845 2857 1080 2913 hominis
1132 2859 1366 2914 amantis
1421 2860 1768 2927 colloquium.
1806 2861 2053 2929 Ejusdem
2087 2864 2255 2917 morbi

696 2958 838 3004 nota
866 2953 1228 3005 observantur
1257 2956 1368 3003 tum
1406 2949 1459 3003 in
1506 2949 1728 3019 epistola
1776 2952 1843 3004 ad
1894 2951 2256 3019 Euphronium

695 3039 935 3095 Colonia:
968 3040 1303 3109 episcopum,
1344 3040 1397 3094 in
1423 3053 1526 3109 qua
1555 3039 1686 3094 dicit
1714 3040 1882 3095 videri
1911 3054 1970 3095 se
2001 3043 2174 3096 adhuc
2207 3044 2257 3095 in

2353 577 2457 631 dus
2484 585 2537 631 et
2569 577 2684 631 Ado
2735 576 2791 629 S.
2825 576 3133 645 Dionysium
3186 577 3237 630 in
3268 576 3604 646 Cappadocia
3651 587 3905 631 mortuum

2351 682 2472 721 esse
2520 666 2760 730 tradunt,
2803 667 3024 737 ejusque
3080 684 3275 737 corpus
3324 670 3611 723 Ambrosio
3665 667 3905 721 Basilium

2352 758 2669 813 reddidisse.
2720 755 2869 812 Utris
2916 759 3275 813 monumentis
3316 758 3447 813 fides
3491 756 3794 811 adhibenda
3827 760 3907 821 sit,

2352 849 2627 919 ambigere
2652 858 2801 903 vetat
2824 848 3047 915 epistola
3067 849 3249 904 Basilii
3276 850 3341 904 ad
3359 848 3909 917 Atubrosium,‘quatn

2355 940 2405 993 iu
2449 940 2569 995 aliis
2596 940 2870 995 codicibus
2908 955 3036 994 mss.
3065 951 3119 996 et
3163 942 3319 995 editis
3349 940 3543 1006 insigni
3574 948 3731 1009 parte
3768 949 3909 993 trun-

2360 1042 2559 1098 catam,
2598 1032 2650 1087 in
2701 1031 3068 1087 vetustissimo
3113 1033 3300 1089 codice
3343 1031 3624 1087 Harlzeano
3656 1032 3909 1099 integram

2359 1124 2734 1193 percommode
2762 1125 3079 1193 reperimus.

2426 1215 2819 1287 (b)Ambrosius
2839 1217 2978 1269 inter
2994 1216 3196 1285 primas
3211 1215 3547 1285 episcopatus
3563 1215 3643 1267 sui
3662 1213 3911 1269 sollicitu—

2356 1305 2507 1362 dines
2540 1304 2590 1359 id
2619 1320 2760 1360 curae
2791 1306 2995 1368 habuit,
3027 1315 3083 1359 ut
3114 1319 3308 1365 corpus
3351 1306 3493 1359 beati
3533 1304 3797 1374 Dionysii,
3830 1303 3911 1371 qui

2353 1398 2407 1450 in
2436 1394 2771 1465 Cappadocia
2803 1398 3029 1460 obierat,
3082 1396 3434 1451 Mediolanum
3484 1398 3789 1451 reduceret.
3826 1395 3914 1448 Mi-

2354 1487 2424 1542 sit
2458 1500 2588 1556 ergo
2614 1502 2646 1542 e
2691 1487 2838 1541 clero
2870 1503 2969 1542 suo
3008 1487 3238 1543 selectos
3268 1488 3414 1541 viros
3456 1502 3576 1541 cum
3624 1486 3821 1541 litteris
3854 1486 3913 1537 ad

2355 1578 2636 1642 Basilium,
2664 1593 2822 1647 quem
2870 1582 3090 1649 rogabat
3119 1589 3175 1633 ut
3213 1579 3313 1635 sibi
3352 1579 3405 1631 in
3441 1578 3541 1633 hoc
3576 1578 3804 1633 consilio
3834 1576 3916 1629 ad-

2353 1669 2501 1738 jutor
2519 1679 2683 1726 esset.
2718 1668 3147 1725 Mediolaneuses
3175 1670 3357 1724 clerici
3385 1668 3592 1722 laudem
3631 1670 3731 1722 toti
3777 1667 3915 1720 clero

2356 1758 2738 1815 Mediolanensi
2762 1760 3116 1814 conciliarunt
3141 1776 3345 1814 morum
3370 1774 3586 1814 suorum
3608 1760 3872 1828 gravitate
3901 1776 3912 1811 :

2358 1863 2555 1907 etcum
2579 1853 2754 1906 adhuc
2783 1851 2997 1905 saeviret
3021 1851 3194 1905 hiems
3218 1852 3267 1905 iu
3299 1850 3663 1921 Cappadocia,
3697 1850 3919 1903 libenter

2359 1944 2459 1998 hoc
2487 1944 2885 1998 incommodum
2916 1942 3288 2010 pertulerunt,
3319 1952 3375 1995 ut
3403 1942 3653 1995 mandata
3683 1941 3917 2008 episcOpi

2359 2035 2438 2090 sui
2486 2035 2856 2106 adimplerent.
2884 2036 2988 2089 Sed
3025 2033 3393 2089 difﬁcillimum
3434 2034 3532 2088 fuit
3574 2033 3824 2087 fidelibus
3864 2031 3921 2085 il-

2358 2123 2459 2180 lius
2486 2124 2609 2191 loci,
2634 2126 2721 2179 ubi
2752 2125 2989 2195 sepultus
3013 2134 3130 2179 erat
3152 2124 3207 2177 S.
3241 2122 3549 2194 Dionysius.
3576 2123 3921 2193 persuadere,

2361 2225 2416 2269 ut
2447 2226 2655 2285 patrem
2691 2225 2744 2270 et
2776 2228 3059 2284 patrOttqu
3094 2230 3248 2268 suum
3279 2214 3564 2279 cederent,
3600 2214 3686 2267 cui
3719 2222 3922 2283 marty-

2361 2310 2437 2363 ris
2464 2308 2694 2361 bonores
2731 2306 3065 2370 deferebant,
3114 2322 3379 2376 quemque
3430 2308 3737 2375 prazsidium
3778 2306 3922 2360 urbis

2366 2414 2477 2452 sua:
2508 2412 2630 2453 esse
2652 2398 2932 2452 ducebant.
2959 2396 3064 2452 Sed
3094 2408 3267 2450 tamen
3298 2414 3388 2451 eos
3424 2396 3569 2451 ﬂexit
3604 2397 3921 2451 clericormu

2371 2489 2845 2544 Mcdiolanensium
2870 2488 3033 2542 animi
3066 2488 3309 2542 ﬁrmitas.
3344 2489 3398 2542 in
3428 2504 3532 2557 quo
3554 2490 3775 2558 quidem
3809 2502 3923 2557 per-

2362 2583 2546 2638 tttilem
2579 2582 2657 2638 eis
2696 2596 2910 2650 operam
2944 2580 3163 2635 navavit
3188 2579 3478 2634 Therasius
3506 2582 3790 2649 presbyter
3815 2579 3923 2634 Ca2-

2360 2676 2640 2741 sariensis,
2678 2688 2836 2744 quem
2883 2673 3113 2728 Basilius
3156 2672 3234 2727 eis
3272 2672 3473 2726 socium
3505 2671 3851 2738 adjuuxerat.
3879 2671 3924 2724 ls

2363 2767 2543 2822 labore
2572 2767 2780 2820 itineris
2812 2776 3002 2834 sponte
3029 2776 3277 2833 suscepto
3303 2763 3763 2818 vehementiorem
3799 2761 3924 2815 tide-

2362 2860 2489 2913 lium
2547 2858 2648 2913 loci
2684 2858 2824 2913 illius
2865 2858 3120 2926 impetum
3157 2857 3477 2927 compressit
3521 2872 3533 2906 :
3569 2865 3624 2911 et
3680 2870 3806 2908 cum
3846 2870 3926 2908 re-

2366 2950 2631 3003 luctantes
2655 2949 2899 3002 oratione
2929 2964 3021 3002 sua
3052 2949 3285 3003 ﬂexisset
3304 2988 3319 3013 ,
3348 2962 3525 3001 coram
3574 2945 3925 3017 presbyteris,

2364 3039 2623 3102 diaconis,
2655 3039 2941 3107 multisque
2975 3042 3094 3096 aliis
3138 3041 3301 3094 Deum
3346 3040 3659 3093 timentibus
3689 3037 3928 3092 sublatas

696 3141 840 3187 terra
863 3134 1088 3196 versari,
1122 3140 1231 3187 tum
1263 3133 1317 3186 in
1340 3132 1441 3187 alia
1470 3132 1537 3187 ad
1558 3132 1878 3204 Aburgium,
1903 3147 2061 3201 quem
2086 3144 2258 3204 optat,
2289 3157 2334 3219 ο
2367 3144 2488 3182 cum
2534 3128 2711 3182 debita
2779 3131 3078 3182 reverentia
3136 3129 3389 3195 reliquias
3444 3128 3932 3182 Mediolaneusihus

696 3231 755 3276 ttt
792 3222 1082 3292 aliquando
1115 3224 1166 3277 in
1194 3222 1368 3292 patria
1399 3224 1580 3279 videre
1615 3225 1807 3293 possit,
1856 3227 1981 3280 dum
2018 3226 2069 3279 in
2096 3228 2259 3281 terris

695 3325 962 3380 versatur,
989 3325 1153 3385 atque
1198 3328 1378 3369 aerem
1412 3319 1589 3383 ducit;
1628 3318 1679 3371 in
1712 3318 1813 3373 hoc
1862 3317 2005 3373 enim
2054 3326 2259 3373 tantum

697 3408 1010 3477 participem
1044 3422 1105 3462 se
1129 3422 1248 3462 esse
1280 3408 1421 3471 vitae,
1447 3409 1587 3475 quod
1617 3410 1862 3476 respiret.

768 3490 900 3545 Cum
943 3490 1187 3554 Colonia,
1236 3496 1322 3546 cui
1385 3500 1614 3561 praeerat
1660 3491 2022 3560 Euphronius,
2083 3511 2113 3548 a
2159 3496 2262 3548 viis

699 3579 926 3649 publicis
974 3580 1238 3644 distaret,
1284 3580 1513 3637 Basilius
1548 3596 1670 3636 raro
1712 3582 1778 3636 ad
1809 3597 1930 3637 eum
1969 3584 2259 3646 scribebat,

698 3671 946 3741 quamvis
978 3685 1120 3739 sape
1147 3671 1214 3726 ad
1244 3671 1376 3725 alios
1411 3673 1680 3727 Armenia:
1723 3675 2006 3743 episcopos
2061 3677 2265 3730 scribe-

701 3772 805 3830 ret,
834 3762 963 3832 quia
1019 3762 1287 3817 neminem
1328 3761 1565 3816 futurutn
1611 3768 1881 3831 sperabat,
1927 3767 2016 3835 qui
2062 3768 2265 3822 litteras

704 3868 832 3908 suas
876 3853 1150 3909 Coloniam
1182 3854 1468 3923 perferret.
1499 3852 1605 3907 Sed
1650 3870 1774 3908 cum
1820 3864 1944 3909 tunc
1980 3856 2268 3910 haberetur

701 3945 988 4002 concilium
1018 3946 1234 4015 aliquod
1278 3948 1330 4001 in
1364 3947 1637 4012 Armenia,
1677 3950 1822 4015 quod
1852 3949 2067 4017 quidem
2110 3950 2268 4019 paulo

703 4046 824 4106 post
848 4035 1054 4092 Pascha
1092 4037 1301 4091 videtur
1328 4038 1648 4107 contigisse;
1693 4038 1923 4096 Basilius
1954 4049 2046 4095 aut
2095 4041 2266 4109 ipsum

706 4130 1071 4197 Euphronium
1112 4143 1337 4199 sperans
1360 4128 1690 4196 adfuturum,
1724 4141 1817 4186 aut
1845 4132 2034 4186 saltem
2060 4134 2269 4201 episco-

704 4235 801 4289 pos
822 4220 1015 4288 quibus
1038 4220 1328 4285 scribebat,
1360 4235 1581 4291 operam
1611 4223 1828 4277 daturos
1856 4234 1915 4278 ut
1940 4239 2035 4278 sua
2061 4222 2267 4292 perfer-

708 4323 855 4367 retur
875 4312 1120 4381 epistola,
1152 4315 1289 4370 hanc
1312 4315 1453 4371 illius
1486 4313 1752 4369 salutandi
1783 4318 2129 4370 occasiouem
2163 4330 2267 4371 non

705 4406 1071 4476 pratermisit.
1123 4405 1356 4474 Epistula
1411 4407 1499 4461 illa
1562 4408 1629 4460 ad
1673 4406 1957 4474 episc0pos
2004 4408 2272 4463 Armenia:

2364 3222 2619 3284 servavit,
2650 3235 2783 3291 quas
2802 3220 2892 3290 qui
2922 3229 3077 3275 antea
3114 3220 3493 3273 custodiebant
3514 3257 3529 3280 ,
3557 3234 3662 3271 nou
3706 3221 3825 3273 sine
3858 3218 3930 3271 la-

2362 3314 2561 3385 crymis
2590 3314 2855 3383 prosecuti
2886 3323 3039 3377 sunt,
3084 3314 3176 3367 sed
3214 3321 3390 3365 tamen
3415 3310 3641 3365 aliorum
3674 3311 3927 3379 gaudium

2366 3419 2475 3458 sua:
2505 3403 2855 3457 consolationi
2889 3404 3255 3471 prmtulerunt.

2437 3492 2528 3548 Sic
2574 3492 2732 3546 rebus
2774 3508 2839 3545 ex
2885 3495 3151 3548 sententia
3207 3494 3467 3548 confectis
3518 3491 3817 3546 Ambrosio
3857 3508 3936 3542 re-

2365 3586 2580 3655 scripsit
2608 3584 2855 3646 Basilius.
2881 3599 2940 3640 se
2972 3587 3112 3639 inter
3134 3599 3323 3653 magua
3347 3587 3435 3640 Dei
3458 3584 3595 3640 dona
3620 3597 3934 3641 numerare.

2364 3677 2507 3747 quod
2530 3692 2653 3731 eum
2673 3677 3001 3746 cognoverit,
3031 3685 3086 3731 et
3135 3677 3327 3729 interni
3364 3676 3594 3730 hominis
3636 3676 3937 3745 pulchritu-

2364 3770 2544 3823 dinem
2568 3785 2632 3823 ex
2671 3769 2865 3822 litteris
2890 3769 3238 3837 perspexerit.
3290 3767 3457 3823 Deum
3502 3770 3815 3839 glorificat,
3850 3770 3938 3838 qui

2366 3872 2487 3911 eum
2537 3872 2567 3911 e
2599 3857 2869 3923 iudicibus
2912 3866 3069 3910 terra:
3102 3860 3167 3908 ad
3206 3858 3518 3911 cathedram
3566 3861 3941 3927 apostolorum

2370 3944 2690 4000 mirabiliter
2728 3943 3023 3999 transtulit.
3067 3942 3325 3997 Hortatur
3356 3954 3411 3997 ut
3438 3946 3633 3997 bonmn
3664 3959 3939 4000 certamen

2369 4050 2569 4105 certet,
2604 4049 2658 4094 et
2700 4050 2909 4109 patrum
2964 4047 3186 4093 renovet
3219 4039 3441 4106 vestigia
3482 4048 3537 4091 et
3579 4054 3730 4108 saepe
3775 4043 3842 4095 ad
3890 4058 3945 4095 se

2369 4133 2588 4188 scribat.
2621 4131 2815 4186 Narrat
2847 4133 3115 4201 quomodo
3148 4144 3343 4199 corpus
3387 4132 3525 4183 beati
3561 4131 3808 4203 Dionysii
3842 4133 3942 4185 im-

2370 4230 2634 4290 petratum
2684 4220 2843 4274 fuerit
2881 4237 2909 4274 a
2951 4220 3198 4274 fidelibus
3247 4218 3390 4273 illius
3431 4218 3563 4284 loci,
3597 4221 3654 4274 itt
3707 4238 3820 4291 quo
3864 4238 3945 4273 re-

2370 4312 2702 4381 quiescebat.
2731 4311 2977 4368 Declarat
2999 4311 3200 4365 nullum
3226 4325 3350 4367 esse
3381 4314 3688 4382 ambigendi
3724 4315 3904 4368 luctum
3931 4332 3944 4365 :

2373 4403 2514 4457 buuc
2554 4403 2701 4456 illutn
2732 4418 2851 4459 esse
2880 4403 3137 4457 invictum
3168 4403 3430 4459 athletam
3469 4421 3483 4456 :
3516 4408 3631 4459 haec
3672 4420 3801 4459 ossa
3832 4422 3949 4473 quis

704 4500 927 4569 scripta,
973 4500 1027 4555 iu
1068 4512 1261 4568 magno
1294 4482 1516 4556 numéro
1554 4507 1636 4557 est
1675 4514 1883 4565 earum,
1936 4513 2069 4567 quas
2120 4502 2258 4555 ami-
2298 4507 2342 4562 ι)
2372 4509 2495 4547 eum
2518 4493 2671 4548 beata
2697 4494 2877 4547 anima
2899 4492 3288 4549 dimicaverunt
3321 4513 3335 4547 :
3369 4511 3528 4548 unam
3557 4509 3751 4548 arcam
3787 4494 3950 4549 fuisse

774 4680 839 4736 ll.
872 4680 948 4736 De
989 4681 1339 4737 translatione
1372 4680 1613 4748 corporis
1652 4680 1825 4735 sancti
1872 4678 2114 4747 Dionysii
2156 4678 2268 4731 Me-

707 4772 1037 4828 diolanensis
1071 4774 1234 4827 variae
1278 4772 1526 4827 feruntur
1558 4773 1817 4837 historiae,
1858 4771 1913 4825 in
1945 4772 2143 4841 quibus
2190 4769 2271 4823 di-

701 4864 1007 4931 iudicandis
1062 4863 1393 4919 recentiores
1443 4863 1737 4935 scriptores
1783 4863 2131 4918 sudaverunt.
2192 4860 2269 4914 Ex

706 4955 1027 5023 quibusdam
1058 4956 1209 5010 Actis
1242 4954 1383 5025 apud
1419 4952 1781 5008 Mombritium
1817 4962 2037 5009 sanctus
2071 4951 2271 5022 Diony-

708 5050 824 5103 sius
848 5049 1053 5105 abiisse
1098 5050 1297 5103 dicitur
1340 5050 1393 5103 in
1428 5048 1706 5112 Armenia,
1740 5048 1791 5100 in
1840 5047 2069 5116 quadam
2113 5047 2268 5109 urbe,

708 5155 869 5211 quam
909 5141 998 5195 alii
1037 5142 1337 5196 Arreicium
1358 5182 1374 5207 ,
1406 5142 1495 5197 alii
1525 5141 1870 5205 Ariaratiam,
1904 5139 1991 5193 alii
2022 5139 2143 5192 aliis
2178 5154 2271 5207 ap-

710 5232 911 5305 pellant
945 5234 1270 5289 nominibus.
1304 5233 1474 5304 Hujus
1500 5234 1648 5288 urbis
1672 5234 1958 5302 episcopus
1996 5230 2267 5294 Aurelius,

712 5336 871 5395 prout
894 5322 1177 5396 Dionysius
1202 5327 1434 5382 moriens
1459 5335 1758 5396 rogaverat,
1786 5325 1925 5377 illius
1948 5338 2144 5391 corpus
2166 5321 2275 5375 Me-

714 5417 984 5472 diolanum
1020 5416 1086 5470 sd
1114 5416 1455 5472 Ambrosium
1500 5419 1809 5486 episcopum
1852 5412 2067 5473 retulit;
2099 5411 2274 5480 ibique

715 5519 837 5577 post
891 5519 1002 5564 tres
1058 5523 1229 5563 annos
1262 5510 1377 5579 ipso
1413 5510 1587 5564 sancti
1622 5506 1855 5575 Dionysii
1904 5503 2275 5557 anniversario

716 5603 802 5656 die
848 5616 1133 5666 mortuus,
1184 5615 1348 5670 prope
1390 5600 1636 5657 eumdem
1690 5615 1719 5653 a
1769 5606 1955 5652 sancto
1993 5594 2278 5649 Ambrosio

790 5774 863 5843 (α)
906 5776 999 5842 Ep.
1031 5777 1147 5829 195.

2377 4581 2901 4652 quaveuerandum
2953 4582 3082 4636 illud
3126 4597 3321 4652 corpus
3380 4581 3618 4651 excepit;
3673 4583 3950 4636 neminem

2374 4688 2540 4742 prope
2582 4674 2753 4741 ipsum
2800 4669 3073 4740 jacuisse,
3134 4672 3340 4741 insigne
3385 4670 3701 4739 sepulcrum
3738 4671 3947 4733 fuisse;

2375 4763 2711 4818 Christianus
2738 4763 2827 4831 qui
2877 4763 3024 4817 illum
3069 4764 3303 4833 hospitio
3351 4771 3710 4829 exceperant,
3742 4772 3799 4817 et
3828 4772 3952 4816 tunc

2376 4857 2620 4911 manibus
2638 4856 2749 4909 suis
2772 4856 3084 4925 deposuisse
3111 4866 3165 4911 et
3191 4871 3334 4909 nunc
3352 4852 3611 4909 extulisse
3636 4870 3653 4920 ;
3684 4856 3950 4910 honorem

2377 4949 2633 5019 martyris
2672 4946 2718 5000 ei
2746 4946 2981 5001 delatum
3010 4949 3199 5004 fuisse.

2444 5039 2559 5093 Non
2602 5052 2703 5091 una
2732 5046 2816 5091 est
2842 5054 3026 5105 causa,
3052 5054 3149 5093 cur
3179 5041 3319 5093 hanc
3357 5036 3640 5107 epistolam
3672 5038 3787 5092 hoc
3817 5052 3957 5090 anno

2377 5132 2518 5186 circa
2548 5130 2748 5185 Pascha
2779 5131 3032 5200 scriptam
3062 5129 3381 5185 existimem.
3410 5130 3467 5183 1°
3496 5126 3555 5183 S.
3595 5130 3957 5184 Ambrosium

2379 5220 2628 5283 Basilius,
2662 5226 2717 5272 ut
2752 5233 2936 5273 recens
2966 5218 3220 5283 electum,
3247 5218 3494 5271 hortatur
3522 5217 3588 5270 ad
3621 5226 3850 5285 patrum
3878 5234 3960 5271 se-

2381 5311 2590 5379 quenda
2628 5309 2873 5380 vestigia,
2901 5324 3134 5379 eumque
3153 5308 3351 5371 laudat,
3376 5319 3432 5361 ut
3456 5323 3549 5377 spe
3572 5317 3629 5360 et
3661 5319 3956 5380 exSpecta-

2380 5404 2527 5455 tione
2560 5400 2756 5471 magis,
2803 5417 2963 5470 quam
3022 5403 3183 5455 rebus
3211 5414 3306 5469 pro
3334 5397 3573 5452 Ecclesia
3612 5395 3844 5456 fortiter
3872 5415 3961 5469 ge.

2382 5495 2476 5547 stis
2505 5495 2788 5564 insignem.
2822 5494 2880 5545 2°
2909 5492 3057 5546 illius
3100 5493 3261 5547 etiam
3304 5489 3533 5543 clericos
3560 5486 3785 5552 lauciat,
3820 5489 3960 5558 quod

2386 5586 2618 5640 hiemem
2652 5584 2965 5653 imperviam
3000 5598 3102 5638 non
3132 5580 3624 5648 rcformidaveriut,
3662 5580 3964 5635 dummodo

2460 5759 2529 5826 (ιι)
2566 5758 2659 5824 Ep.
2695 5757 2809 5811 197.
