4080 6312
1465 375 1623 432 VITA
1669 378 1725 431 S.
1771 376 2031 431 B.-\Sll.ll.

3199 390 3365 433 C‘llll

158 507 361 580 episc0pi
398 501 485 557 sui
540 500 792 555 mandata
847 499 1201 552 facesserent.
1260 496 1315 549 ld
1354 504 1532 549 autem
1570 495 1696 549 nulli
1730 501 1768 553 Α
1800 492 2023 561 epistola
2054 492 2309 546 canonica
2352 490 2585 546 secunda
2619 499 2674 542 ct
2706 503 2933 558 sequens
2981 487 3206 559 epistola
3236 488 3364 546 300.

158 619 275 658 anno
301 596 491 653 melius
531 596 801 666 congruit,
835 606 996 661 quam
1044 590 1165 645 huic
1190 590 1317 654 575,
1352 602 1458 655 nuo
1508 603 1694 642 omnes

156 686 483 762 Cappadocia:
517 685 617 740 vite
648 700 816 754 usque
859 682 923 734 ad
966 680 1172 737 Pascha
1227 678 1534 734 interclusa:
1577 680 1691 733 fue-

159 791 277 845 runt,
312 789 366 833 ut
413 778 643 850 leginms
678 779 730 831 in
782 774 1006 843 epistola
1055 772 1326 844 sequenti.
1374 770 1432 824 5ο
1466 770 1695 826 Sanctus

156 873 442 929 Ambrosius
486 887 563 926 sne
599 873 666 925 de
702 867 955 939 Dionysio
1009 868 1247 937 loquitur
1273 864 1327 918 in
1373 864 1597 934 epistola
1629 865 1695 918 ad

162 966 497 1020 Vercellenses
533 982 546 1017 :
587 962 781 1015 Beatus
816 960 1117 1031 Dionysius,
1152 957 1347 1026 inquit,
1394 960 1560 1029 exegit
1605 974 1696 1012 vo-

156 1060 207 1112 tis
228 1061 340 1112 utin
368 1057 559 1113 exsilio
603 1055 762 1107 vitam
796 1063 1026 1125 poneret,
1068 1068 1131 1105 ne
1167 1067 1429 1121 regressus
1469 1052 1694 1120 confusa

155 1152 368 1205 institutis
397 1160 443 1201 et
474 1164 572 1200 usu
598 1147 889 1215 infidelium
931 1144 1105 1197 studia
1139 1143 1298 1212 plebis
1327 1156 1417 1199 aut
1454 1144 1580 1197 Cleri
1605 1146 1691 1196 in-

153 1244 316 1294 veniret
352 1256 369 1291 :
392 1240 685 1306 meruitque
714 1239 847 1290 hunc
880 1236 1133 1304 gratiam,
1169 1246 1223 1291 ut
1264 1252 1442 1305 pacem
1481 1236 1692 1289 Domini

153 1331 413 1403 tranquillo
438 1330 631 1400 aﬁ'eetu
651 1346 821 1385 secum
848 1329 1080 1396 referret.
1105 1330 1195 1385 Sic
1216 1346 1345 1399 ergo
1369 1328 1693 1397 conjunetus

156 1422 363 1491 Dionysii
398 1424 609 1478 reditus
662 1434 785 1475 cum
831 1422 1101 1476 Ambrosii
1152 1421 1517 1483 ordinatione,
1569 1432 1692 1487 quas

154 1528 310 1580 pacem
355 1515 617 1576 restituit,
653 1521 709 1564 ut
752 1509 865 1580 ipse
896 1512 1184 1583 Dionysius
1216 1511 1403 1581 pa'cem
1442 1510 1693 1565 retulisse

153 1608 412 1664 rideretur.
437 1607 521 1662 Ex
545 1608 633 1661 his
659 1606 960 1675 colligimus
984 1607 1323 1662 Ambrosium
1350 1606 1690 1675 episcopatus

152 1701 216 1752 sui
242 1698 529 1767 primordia
564 1700 738 1752 sancti
783 1699 1017 1766 Dionysii
1050 1698 1221 1751 reditu
1250 1698 1567 1755 illustrasse.

206 1790 283 1844 lli.
320 1789 487 1843 Paulo
521 1799 645 1844 ante
676 1789 884 1844 Pascha
926 1788 1142 1858 scripsit
1177 1798 1396 1843 sanctus
1426 1789 1690 1845 Eusebius

1800 585 1932 639 Nam
1964 586 2015 638 in
2046 583 2274 654 epistola
2321 584 2581 636 canonica
2620 590 2847 636 excusat
2892 583 3136 635 morbum
3168 588 3223 635 et
3261 582 3365 634 mi-

1799 680 2087 734 nistrorum
2132 673 2435 747 penuriam,
2465 689 2562 728 cur
2614 688 2718 727 non
2751 672 3010 741 scriptum
3049 674 3174 729 illud
3204 673 3366 729 citius

1798 771 2025 836 miserit,
2055 787 2174 825 cum
2214 770 2531 840 jamdudum
2561 768 2852 838 propositis
2882 767 2949 821 ab
2983 766 3363 835 Amphilochia

1795 861 2182 931 quaestionibus
2228 859 2613 930 respondisset.
2669 860 2727 915 In
2778 858 3005 930 epistola
3056 867 3232 911 autem
3259 859 3366 913 200

1796 955 2014 1010 morbos
2057 964 2111 1010 et
2147 956 2529 1025 occupationes
2572 955 2908 1023 negotiorum
2952 951 3283 1006 exteriorum
3312 960 3365 1001 et

1795 1047 2090 1102 certamina
2139 1060 2263 1099 cum
2297 1044 2568 1099 haereticis
2609 1054 2883 1110 causatur,
2920 1044 3117 1114 quibus
3167 1057 3226 1096 se
3268 1056 3365 1111 per

1796 1143 1962 1188 totam
2005 1134 2235 1187 hiemem
2274 1147 2441 1202 usque
2497 1132 2561 1187 ad
2597 1130 2755 1199 hujus
2780 1134 3019 1201 epistola:
3051 1142 3259 1200 tempus
3290 1132 3369 1186 di-

1792 1220 1868 1275 cit
1901 1220 2175 1275 detentum
2218 1217 2409 1272 fuisse.
2445 1217 2607 1273 Missa
2640 1231 2768 1286 ergo
2798 1217 2959 1271 simul
2992 1228 3220 1285 utraque
3250 1215 3365 1282 cpi-

1793 1315 1927 1370 stola
1952 1352 1967 1378 ,
2009 1312 2273 1384 siquidem
2325 1312 2540 1381 utrique
2586 1325 2795 1366 moram
2836 1310 3034 1363 eadem
3076 1322 3255 1364 causa:
3286 1317 3367 1360 at-

1795 1409 2046 1462 tulerunt.

1863 1497 2086 1551 Frustra
2133 1495 2509 1550 Tillemontius
2560 1494 2835 1547 existimat
2879 1491 3198 1547 canonicam
3254 1508 3368 1562 prt-

1795 1603 1935 1642 mam
1976 1587 2136 1641 simul
2177 1602 2297 1640 cum
2345 1586 2579 1640 secunda
2641 1584 2859 1638 missam
2902 1584 3091 1639 fuisse.
3140 1580 3272 1636 Nam
3312 1585 3364 1637 in

1793 1679 2029 1735 secunda
2065 1693 2169 1732 non
2220 1676 2390 1731 solum
2432 1676 2613 1729 multa:
2639 1675 2964 1746 quaestiones
2989 1674 3271 1729 solvuntur
3299 1675 3367 1726 de

1791 1774 1983 1842 quibus
2012 1772 2180 1843 prima
2212 1769 2342 1824 nihil
2365 1768 2645 1832 habuerat,
2678 1767 2819 1822 velut
2840 1767 2905 1821 de
2932 1766 3233 1834 raptoribus
3267 1766 3364 1835 (ὁ),

150 1883 202 1934 ad
227 1880 501 1947 Basiliam,
561 1892 615 1937 et
648 1898 769 1936 cum
824 1854 1166 1951 eo-jurgavit,
1196 1883 1337 1951 quod
1368 1883 1435 1938 ad
1481 1900 1539 1939 se
1586 1900 1690 1937 non

1798 1866 1861 1920 de
1931 1866 2247 1934 presbytero
2304 1862 2504 1931 nuptiis
2576 1860 2777 1916 illicitis
2843 1858 3114 1928 implicato
3158 1860 3252 1927 (c),
3298 1858 3367 1911 de

151 1973 405 2039 scriberet,
450 1988 517 2029 ac
556 1975 601 2028 si
636 1974 816 2028 desint
858 1974 1211 2040 occasiones,
1248 1990 1353 2029 non
1385 1976 1617 2042 aliquem
1664 1987 1696 2028 e

151 2065 244 2117 suis
273 2063 488 2119 clericis
543 2064 808 2120 mitteret.
856 2064 975 2120 Jam
1027 2075 1184 2120 antea
1244 2067 1403 2118 aliam
1453 2064 1694 2133 ejusdem

152 2154 336 2208 Eusebii
368 2154 654 2224 epistolam
686 2154 942 2211 officiales
971 2155 1294 2210 detulerant.
1352 2153 1559 2209 Revera
1591 2170 1695 2209 non

152 2249 319 2304 multas
365 2248 603 2305 Eusebio
651 2250 949 2319 scripserat
988 2245 1252 2315 epistolas
1285 2246 1543 2309 Basilius,
1572 2250 1694 2317 quia

154 2349 313 2395 nactus
346 2355 450 2394 non
488 2349 630 2407 erat,
665 2340 757 2409 qui
804 2338 870 2390 ad
907 2352 1028 2391 eum
1062 2337 1557 2407 proficiscerentur,
1604 2340 1696 2393 sed

154 2439 303 2486 tamen
354 2433 476 2500 plus
516 2442 749 2502 quatuor
804 2428 1137 2497 scripserat,
1178 2429 1446 2499 simulque
1491 2430 1698 2485 litteras

152 2520 205 2572 ad
231 2536 281 2575 se
304 2532 422 2592 post
450 2524 686 2591 priorem
720 2519 938 2575 Eusebii
972 2521 1257 2589 epistolam
1289 2520 1588 2576 Samosatis
1616 2522 1696 2575 al—

155 2611 281 2677 latas,
317 2612 545 2666 Leontio
576 2612 935 2680 pera-quatnri
962 2610 1159 2666 Nicaeae
1185 2613 1431 2675 miserat,
1464 2624 1521 2666 ut
1554 2614 1697 2669 illius

150 2716 286 2769 opera
317 2702 580 2756 darentur
625 2700 917 2771 Sophronii
960 2704 1152 2756 domus
1182 2704 1539 2772 procuratori,
1572 2719 1696 2759 eas-

150 2806 236 2861 que
282 2794 363 2849 ille
416 2794 486 2849 ad
533 2794 825 2849 Eusebium
874 2793 1228 2864 perferendas
1260 2806 1499 2852 curaret.
1541 2796 1695 2851 Unde

150 2886 426 2954 suspicatur
465 2886 698 2941 Basilius
743 2885 818 2959 (a)
868 2886 1099 2957 alicujus
1145 2902 1351 2953 eorum,
1387 2889 1584 2959 quibus
1617 2890 1697 2943 ba;

150 2976 318 3032 litterae
352 2981 662 3041 traduntur,
695 2990 790 3033 aut
819 2980 1047 3050 negotiis
1098 2988 1191 3032 aut
1236 2980 1465 3049 segnitie
1500 2980 1615 3034 fieri
1642 2991 1699 3035 ut

150 3084 238 3121 non
263 3072 576 3122 reddantur.
612 3070 719 3122 Cur
747 3080 925 3123 autem
972 3070 1206 3139 aliquem
1237 3084 1303 3125 ex
1333 3071 1545 3127 clericis
1589 3088 1694 3127 non

1797 1957 2047 2013 absurdis
2071 1956 2206 2009 votis
2236 1954 2315 2024 (ά)
2343 1964 2397 2008 et
2417 1955 2535 2009 aliis
2556 1953 2848 2022 ejusmodi;
2876 1952 2970 2008 sed
2996 1951 3156 2007 etiam
3180 1949 3365 2009 multa.

1797 2066 1917 2121 quae
1962 2053 2013 2105 in
2054 2050 2229 2117 prima
2273 2057 2472 2103 statuta
2515 2048 2756 2111 fuerant,
2802 2048 3006 2102 clarius
3062 2056 3115 2102 et
3153 2043 3372 2100 uberius

1801 2143 2164 2214 explanantur
2189 2140 2241 2193 in
2269 2140 2526 2203 secunda,
2558 2145 2616 2191 ut
2654 2138 2719 2190 de
2760 2136 2922 2206 lapsis
2954 2136 3253 2204 virginibus
3274 2131 3368 2205 (ε).

1800 2238 1864 2291 de
1890 2236 2156 2305 baptismo
2180 2233 2553 2288 haereticorum
2598 2229 2663 2298 ff)
2695 2238 2749 2282 et
2790 2227 3031 2298 pluribus
3070 2227 3211 2280 aliis.
3290 2226 3365 2278 Ex

1799 2328 1991 2396 quibus
2033 2335 2180 2395 patet
2217 2322 2693 2393 Amphilochium,
2732 2322 2867 2374 lecta
2921 2320 3103 2391 priore
3144 2317 3368 2387 epistola

1803 2421 2086 2489 canonica,
2122 2432 2289 2470 novas
2324 2414 2653 2484 quaestiones
2687 2412 2885 2465 Basilio
2919 2410 3286 2481 proposuisse,
3316 2418 3372 2461 et

1801 2512 1867 2564 de
1894 2509 2204 2579 prmteritis,
2242 2508 2370 2575 quid
2404 2507 2621 2560 dubium
2646 2514 2738 2558 aut
2772 2504 3063 2558 obscurum
3098 2500 3197 2556 sibi
3231 2502 3371 2555 vide-

1799 2608 1951 2654 retur
1994 2595 2352 2666 significasse.
2390 2594 2445 2648 ld
2490 2594 2755 2665 prrecipue
2793 2592 3068 2648 observari
3103 2599 3277 2660 potest
3314 2591 3367 2643 in

1798 2707 2006 2747 canone
2035 2691 2103 2745 47
2152 2690 2217 2744 de
2258 2688 2529 2755 baptismo
2567 2686 2978 2749 hrereticomm,
3010 2684 3101 2736 ubi
3143 2684 3371 2736 Basilius

1800 2787 1940 2839 idem
1983 2785 2048 2839 de
2094 2782 2389 2837 Encratitis
2410 2822 2425 2847 ,
2483 2777 2842 2847 Saccophoris
2867 2785 2922 2831 et
2948 2774 3268 2845 A’potactitis
3294 2773 3371 2827 fe-

1800 2878 2023 2932 rendum
2047 2891 2165 2931 esse
2189 2876 2451 2945 judicium
2478 2882 2657 2946 negat,
2692 2886 2757 2927 ac
2787 2872 2853 2926 de
2872 2868 3187 2925 Novatianis
3212 2882 3226 2918 :
3262 2881 3366 2921 non

1799 2969 1960 3023 aliam
2018 2982 2147 3022 sane
2198 2970 2268 3022 ob
2310 2982 2555 3030 causam,
2613 2966 2713 3020 nisi
2776 2966 2900 3035 quia
2961 2962 3372 3033 Amphilochius

1799 3062 2203 3135 significaverat
2229 3062 2518 3117 discrimen
2556 3058 2694 3113 inter
2731 3057 2828 3112 has
2852 3066 3027 3111 sectas
3059 3055 3159 3110 sibi
3193 3056 3371 3108 minus

152 3157 352 3224 miserit,
376 3167 609 3214 excusat
638 3158 1042 3214 acerbissimam
1070 3160 1324 3225 hiemem,
1360 3178 1480 3233 quae
1507 3178 1695 3218 omnes
1721 3206 1764 3263 ϐ
1802 3155 2038 3225 probari.
2080 3152 2235 3209 Unde
2264 3151 2498 3205 Βειδὶιίυε
2541 3166 2554 3202 ³
2602 3148 2754 3215 ρυοά
2790 3149 2836 3203 εί
2869 3148 3009 3217 apud
3038 3163 3150 3211 υυεν
3173 3145 3371 3215 inquit.

152 3246 243 3263 _.,_
526 3250 538 3263 .
574 3248 611 3263 ..
712 3250 722 3263 ,
802 3250 813 3261 .
864 3259 874 3263 _
981 3250 992 3263 .
1164 3260 1174 3263 Α
1253 3261 1260 3263 Α
1436 3253 1464 3263 ν.
1624 3254 1634 3263 .
2139 3256 2174 3263 κ.
2567 3243 2694 3263 -,-_.
2733 3241 2864 3263 ,ηηλ
2890 3239 3146 3263 omn“
3187 3247 3368 3263 ,μω

147 3246 247 3301 vias
271 3264 439 3315 usque
468 3250 539 3303 ad
570 3248 775 3303 Pascha
801 3250 1212 3315 intercluserat;
1248 3261 1358 3306 tum
1394 3253 1556 3307 etiam
1588 3254 1695 3307 cle-

151 3338 359 3394 ricorum
388 3356 619 3395 suorum
654 3343 893 3395 alienum
938 3356 967 3395 a
1020 3344 1545 3413 peregrinationibus
1574 3347 1694 3400 ani-

153 3442 297 3493 mum,
337 3444 402 3483 eo
429 3432 579 3498 quod
608 3444 675 3484 ex
716 3432 1039 3488 sedentariis
1064 3433 1272 3488 artibus
1302 3436 1501 3489 victum
1544 3450 1696 3489 com-

152 3531 332 3584 parent.
373 3519 536 3577 Unde
570 3523 733 3577 etiam
780 3538 907 3578 rure
952 3535 1171 3579 coactus
1201 3523 1376 3581 fuerat
1396 3542 1694 3595 accersere,

150 3611 226 3679 qui
271 3613 408 3669 hanc
453 3615 738 3684 epistolam
778 3616 1064 3686 perferret.
1113 3618 1405 3675 Eusebium
1440 3620 1694 3675 lectorem

148 3701 222 3754 diu
244 3704 376 3772 apud
404 3720 467 3759 se
507 3706 805 3761 retinuerat
834 3707 1095 3776 Basilius,
1125 3724 1304 3765 aerem
1343 3721 1694 3781 temperatum

148 3806 498 3863 exspectans:
542 3798 757 3851 tandem
799 3798 1029 3865 dimisit,
1079 3814 1186 3853 non
1238 3801 1356 3855 sine
1411 3810 1579 3866 metu,
1630 3816 1697 3855 ne

149 3884 233 3938 iter
253 3887 481 3943 infirma:
511 3889 802 3943 valetudini
840 3899 1079 3944 noceret.
1113 3888 1377 3945 Nonnulla
1402 3892 1453 3945 in
1479 3891 1698 3948 Oriente

149 3986 315 4031 novata
349 3977 599 4040 fuerant,
637 3979 731 4031 sed
767 3993 888 4032 cum
915 3994 975 4032 ea
1010 3979 1208 4034 fratres
1242 3979 1472 4034 Eusebio
1513 3997 1700 4034 narra-

149 4075 272 4121 turos
300 4068 492 4133 sciret,
534 4068 837 4123 scribendis
879 4071 1197 4139 supersedit.
1228 4071 1303 4125 lta
1333 4074 1519 4126 morbo
1541 4073 1697 4127 debi-

145 4156 325 4215 litatum
385 4176 447 4216 se
477 4176 606 4216 esse
651 4160 803 4225 dicit,
853 4172 910 4216 ut
941 4178 1000 4217 se
1033 4179 1355 4219 aerumnosa:
1393 4165 1549 4233 hujus
1580 4166 1700 4219 vita:

148 4259 328 4320 temps
360 4255 623 4323 exegisse
650 4255 918 4308 crederet.
958 4254 1097 4320 Quid
1152 4265 1329 4310 autem
1382 4256 1433 4311 in
1480 4255 1700 4311 Oriente

146 4343 242 4395 novi
296 4347 569 4411 evenerit,
604 4360 708 4400 non
762 4345 920 4400 facile
945 4356 1028 4401 est
1068 4348 1304 4417 assequi.
1334 4347 1496 4405 Forte
1523 4348 1698 4419 loqui-

145 4444 213 4487 tur
238 4436 466 4494 Basilius
512 4441 582 4493 de
605 4439 862 4494 Ecclesia:
893 4440 1242 4495 Antiochena‘.
1269 4445 1699 4511 perturbatione,

147 4538 243 4593 quae
272 4530 428 4599 paulo
471 4540 606 4583 ante
644 4530 805 4600 hujus
840 4530 1080 4601 epistolae
1114 4542 1321 4602 tempus
1353 4544 1501 4588 tanta
1529 4535 1699 4589 exsti-

146 4620 210 4683 tit,
238 4635 287 4675 ut
332 4624 646 4693 presbyteri
705 4626 943 4680 nonnulli
983 4625 1169 4694 jurare
1212 4629 1383 4682 coacti
1414 4629 1519 4683 sint
1555 4645 1697 4683 nun-

144 4723 275 4777 quam
316 4730 376 4769 se
429 4716 661 4785 publice
706 4718 1004 4773 Antiochia:
1050 4720 1358 4775 sacerdotio
1394 4719 1693 4779 iuncturos.

146 4797 240 4855 Yid.
267 4807 423 4873 epist.
460 4807 600 4871 199,
633 4822 753 4861 can.
804 4808 889 4863 17.
928 4808 1088 4864 Forte
1117 4809 1278 4864 etiam
1322 4809 1498 4864 Basilii
1534 4811 1696 4865 verba

144 4892 194 4945 de
220 4898 368 4952 rebus
401 4900 885 4954 Samosateusibus
914 4902 1082 4970 accipi
1119 4900 1333 4955 debent.
1356 4900 1489 4955 Nam
1520 4902 1697 4957 Eunoo

144 4987 277 5050 mitts,
304 4993 392 5055 qui
428 4992 482 5043 in
524 4990 703 5045 locum
738 4991 908 5044 sancti
950 4990 1166 5044 Eusebii
1219 4993 1456 5045 intrusus
1501 4990 1694 5057 fuerat,

147 5090 227 5129 non
252 5081 334 5133 diu
362 5085 598 5138 videtur
643 5086 742 5139 hac
788 5086 843 5139 in
878 5088 1009 5141 urbe
1054 5084 1335 5139 mansisse.
1381 5082 1514 5138 Cum
1549 5083 1695 5137 enim

144 5168 340 5226 invisum
384 5192 443 5229 se
472 5178 734 5231 omnibus
783 5191 905 5231 esse
947 5174 1697 5239 animadvertisset,libenter

143 5258 372 5320 abscessit
427 5286 440 5318 :
478 5276 538 5319 at
591 5266 705 5332 ejus
746 5267 863 5321 loco
899 5266 1127 5321 Lucium
1174 5265 1356 5318 A-riani
1421 5263 1694 5319 hominem

144 5350 269 5424 longe
294 5359 630 5414 deteriorem
663 5360 1068 5413 ordinaverunt.

195 5446 269 5501 iV.
294 5450 480 5505 Missa:
524 5451 696 5505 etiam
737 5449 1114 5521 Amphilochia
1146 5448 1302 5519 paulo
1337 5458 1454 5518 post
1481 5446 1692 5503 Pascha

198 5668 257 5739 (a)
295 5670 389 5739 Ep.
431 5668 563 5724 198.

197 5742 257 5807 (δ)
293 5740 550 5795 (1:01.30.

199 5816 256 5878 (τι
291 5811 419 5865 Cati.
456 5809 561 5863 27.

1797 3247 2059 3319 prohibita
2098 3256 2174 3302 est
2193 3244 2533 3312 rebaptizatio
2560 3243 2694 3296 sicut
2726 3241 2864 3308 apud
2884 3239 3370 3302 Romanos,nostra

1796 3354 1971 3397 tamen
2023 3342 2160 3395 ratio
2224 3339 2327 3392 vim
2381 3337 2629 3391 obtineat.
2700 3332 2917 3400 Decepit
2966 3330 3369 3384 Tillemontiutn

1798 3438 1901 3491 hoc
1934 3433 2173 3505 epistola:
2217 3430 2468 3485 secundae
2509 3428 2785 3483 canonica:
2832 3421 3155 3493 prooemium
3192 3417 3370 3474 :Cum

1796 3529 1997 3600 pridem
2024 3527 2091 3580 ad
2111 3526 2404 3595 propositas
2440 3521 2584 3574 nobis
2621 3536 2653 3571 a
2689 3529 2782 3571 tua
2828 3517 3019 3583 pietate
3055 3513 3369 3581 quastione:

1798 3621 2206 3691 respondissem,
2258 3631 2360 3668 non
2410 3614 2529 3667 misi
2577 3612 2868 3674 scriptum,
2915 3605 3107 3675 partim
3162 3604 3370 3675 quidem

1799 3717 1952 3783 longo
2005 3722 2053 3766 et
2102 3709 2398 3777 periculoso
2459 3704 2638 3757 morbo
2689 3703 2947 3765 detentus,
3010 3698 3203 3768 partim
3251 3713 3371 3753 vero

1799 3816 2006 3877 prapter
2045 3802 2317 3873 penuriam
2366 3798 2751 3852 ministrorum.
2810 3794 2934 3848 llaec
2980 3790 3067 3863 vjr
3090 3792 3277 3846 doctus
3304 3789 3373 3842 de

1802 3897 1990 3969 primis
2016 3894 2312 3951 canonibus
2338 3892 2482 3947 dicta
2517 3886 2882 3949 existimavit,
2908 3881 3158 3953 quamvis
3193 3879 3260 3933 de
3283 3892 3373 3932 se-

1801 3968 1973 4047 cunda
1997 3986 2223 4059 epistola
2247 3982 2505 4039 canonica
2528 3980 2671 4033 dicta
2698 3978 2829 4041 sint,
2866 3975 2952 4029 cui
2972 3973 3082 4042 jam
3113 3968 3372 4023 absolutae

1801 4057 2052 4144 Basilius,
2079 4086 2135 4131 ut
2164 4072 2522 4141 scriptoribus
2571 4081 2679 4122 non
2709 4062 2982 4120 insolitum
3025 4070 3109 4115 est
3131 4099 3147 4125 ,
3173 4057 3361 4127 praefa-

1806 4176 2003 4228 tionem
2044 4167 2368 4239 apponebat.
2394 4162 2520 4216 Haec
2561 4159 2706 4215 enim
2753 4153 2988 4211 secunda
3013 4150 3239 4221 epistola
3281 4165 3371 4201 ca-

1805 4264 2000 4320 nonica
2053 4258 2214 4315 simul
2252 4270 2374 4311 cum
2420 4254 2787 4308 ducentesima
2829 4245 3053 4319 epistola
3088 4245 3254 4297 missa
3287 4252 3371 4294 est

1801 4372 1896 4428 per
1924 4353 2232 4412 Meletium,
2269 4348 2361 4417 qui
2391 4344 2744 4415 proficiscens
2790 4344 3077 4395 monuerat
3116 4333 3369 4389 Basilium

1802 4426 2013 4516 copiam
2071 4455 2191 4499 esse
2248 4438 2514 4493 salutandi
2573 4430 2962 4516 Amphilochii.
3026 4427 3083 4483 ln
3148 4426 3371 4481 exordio

1733 4565 1776 4621 Β
1806 4514 2085 4598 utriusque
2116 4524 2355 4597 epistola:
2384 4522 2603 4577 easdem
2635 4518 2795 4573 affert
2829 4514 3085 4578 rationes,
3120 4526 3217 4566 cur
3253 4519 3373 4561 tau-

1810 4622 1898 4677 diu
1922 4617 2150 4675 siluerit.
2195 4619 2266 4670 At
2303 4613 2423 4668 dum
2457 4610 2563 4665 illa:
2605 4605 2849 4677 epistola:
2891 4603 3048 4659 simul
3092 4602 3229 4656 mitti
3265 4615 3370 4653 non

1808 4720 2117 4783 potuerunt,
2144 4710 2271 4778 quin
2307 4704 2567 4760 canonica
2603 4699 2770 4754 multo
2810 4705 2932 4751 ante
2970 4695 3213 4749 absoluta
3259 4690 3375 4743 fue-

1809 4808 1896 4861 rit.
1925 4806 2057 4860 Cum
2091 4805 2234 4857 enim
2290 4798 2480 4853 inutile
2526 4795 2716 4849 fuisset
2745 4793 2878 4845 duas
2926 4786 3086 4843 simul
3131 4784 3197 4837 ad
3225 4798 3373 4845 eum-

1806 4897 1925 4949 dem
1971 4890 2228 4963 epistolas
2258 4890 2533 4951 scribere,
2582 4894 2693 4939 tutn
2730 4896 2857 4934 vero
2897 4874 3251 4948 improbabile
3292 4884 3375 4928 est

1805 4985 2057 5040 Basilium
2118 4983 2277 5036 unius
2330 4990 2423 5032 aut
2477 4977 2700 5031 alterius
2727 4973 2834 5027 diei
2866 4970 3041 5040 spatio
3070 4968 3289 5038 triginta
3318 4976 3374 5019 et

1808 5078 2037 5147 amplius
2063 5088 2299 5129 canones
2321 5070 2649 5132 condidisse,
2682 5080 2803 5121 cum
2852 5061 3147 5133 praesertim
3193 5057 3375 5111 decla-

1806 5172 1964 5226 retin
1996 5164 2258 5237 prooemio
2288 5162 2559 5216 canonica:
2586 5159 2792 5227 primae,
2826 5164 3067 5237 coactum
3116 5166 3174 5206 se
3209 5149 3376 5202 fuisw

1804 5261 2090 5331 diligenter
2119 5256 2422 5317 attendere,
2462 5263 2520 5306 et
2546 5252 2589 5305 si
2616 5250 2741 5319 quid
2778 5264 2809 5303 a
2846 5230 3150 5303 senioribus
3174 5242 3378 5295 audtis-

1805 5360 1909 5415 set,
1936 5346 2229 5412 recordari,
2266 5354 2320 5399 et
2363 5350 2590 5413 cognata
2631 5341 2696 5395 iis
2730 5354 2849 5409 quae
2874 5337 3160 5398 didicerat,
3194 5347 3288 5404 per
3313 5347 3374 5384 se

1805 5444 1917 5512 ipse
1942 5438 2268 5493 ratiocinari.
2307 5435 2421 5491 Non
2466 5432 2762 5491 verisimile
2793 5441 2877 5486 est
2904 5426 3160 5483 Basilium
3202 5425 3253 5479 in
3284 5438 3376 5477 sc-

1877 5652 1953 5720 (d)
1983 5652 2113 5705 Can.
2146 5650 2199 5705 8.

1874 5730 1943 5791 (ε)
1980 5723 2111 5776 Call.
2142 5721 2210 5773 18

1872 5795 1935 5864 (Γ)
1975 5792 2106 5847 Cati.
2138 5792 2205 5845 97
