4074 6312
712 368 857 412 cxx:

2068 346 2599 408 PROLEGOMENA.

703 471 877 527 cunda
898 467 1152 524 canonica
1173 465 1396 536 epistola
1419 466 1727 522 adornanda
1753 464 2057 537 segniorem
2088 466 2273 523 fuisse.
2304 473 2349 530 Α
2377 468 2719 524 consuluerat
2768 481 2909 523 anno
2973 464 3217 538 proxime
3266 464 3449 535 elapso
3507 461 3941 533 Amphilochius,

704 558 1030 615 Iamdudum
1073 572 1203 628 ergo
1237 556 1439 613 conditi
1485 570 1721 613 canones
1771 563 1899 611 ante
1927 556 2163 613 oblatam
2198 557 2278 609 I'a-

704 650 960 708 cultatem
1012 650 1229 713 lleletii,
1278 664 1341 703 ac
1375 646 1619 718 praefatio
1649 660 1771 719 post
1812 646 2115 704 absolutum
2143 661 2279 717 opus

705 743 910 800 addita.
960 742 1221 799 Similiter
1268 741 1478 797 duabus
1526 742 1647 798 aliis
1705 739 1949 811 epistolis
1998 740 2278 798 canonicis

703 835 969 901 praefatio,
999 843 1275 903 postquam
1308 830 1566 888 absolutae
1595 831 1842 893 fuerunt,
1873 832 2112 902 apposita
2153 828 2275 886 fuit.

703 925 836 979 Nam
868 940 990 979 cum
1025 927 1101 979 ait
1128 924 1363 979 Basilius
1394 923 1449 979 in
1492 925 1678 994 primae
1720 924 2014 992 prommio,
2048 921 2277 993 pruden-

704 1017 894 1071 tiorem
926 1017 1123 1071 factum
1154 1032 1213 1073 se
1238 1030 1379 1083 esse,
1410 1026 1467 1073 et
1495 1017 1659 1071 multa
1683 1029 1801 1083 qua:
1828 1015 2112 1085 ignorabat
2134 1013 2274 1068 didi-

699 1107 862 1169 cisse,
893 1120 957 1159 ac
982 1115 1228 1161 coactum
1260 1104 1428 1162 fuisse
1460 1106 1745 1177 diligenter
1775 1106 2085 1167 attendere,
2131 1112 2187 1159 et
2229 1102 2274 1157 si

697 1197 825 1268 quid
859 1197 1105 1252 audierat
1152 1213 1182 1252 a
1236 1199 1571 1254 senioribus.
1618 1200 1878 1254 recorder
1908 1215 1938 1267 t,
1964 1208 2018 1255 et
2047 1204 2273 1266 cognata

699 1288 764 1345 iis
790 1305 910 1360 quae
951 1290 1228 1357 audierat,
1261 1306 1357 1361 per
1390 1305 1447 1345 se
1481 1290 1596 1357 ipse
1627 1290 1977 1354 ratiocinari;
2008 1302 2153 1351 cum,
2193 1287 2273 1340 iii-

697 1396 883 1450 quam,
912 1382 1030 1437 huic
1059 1383 1211 1449 dicit,
1240 1381 1524 1437 manifeste
1555 1382 1794 1437 declarat
1826 1396 1885 1435 se
1908 1379 2066 1447 hujus
2091 1379 2273 1447 operis

696 1472 882 1529 labore
905 1473 1213 1529 defunctum
1245 1488 1385 1529 esse.
1415 1473 1611 1531 Tertiae
1637 1471 1877 1542 epistola:
1901 1472 2270 1540 prmfalionem

697 1564 1189 1635 scripsitBasiIius,
1239 1581 1361 1621 cum
1414 1565 1656 1622 redeunti
1702 1578 1768 1617 ex
1813 1562 2037 1619 Pontico
2077 1564 2271 1619 itinere

697 1661 877 1717 allata:
905 1670 1028 1716 sunt
1057 1661 1249 1716 litterae
1272 1658 1655 1729 Amphilocliil,
1692 1656 1888 1725 quibus
1926 1656 2068 1711 nulla
2104 1657 2271 1710 inter-

695 1753 868 1821 posita
898 1768 1049 1808 mora
1080 1754 1383 1824 respondit;
1426 1766 1490 1804 ac
1516 1748 1741 1818 proinde
1772 1749 2002 1818 spatium
2032 1764 2140 1801 non
2172 1747 2268 1802 ha-

2378 578 2487 631 qna
2557 560 2893 631 potissimum
2944 563 3031 614 via
3070 557 3364 615 remedium
3419 559 3545 616 huic
3575 556 3715 613 malo
3757 555 3943 611 feren-

2378 655 2506 710 dum
2537 662 2713 720 esset;
2748 654 2840 709 sed
2868 654 2972 708 hoc
3022 667 3164 708 anno
3210 665 3324 706 rem
3372 652 3591 708 minime
3620 646 3947 722 protrahen-

2381 744 2505 797 dam
2567 756 2718 800 ratus
2752 759 2874 798 cum
2930 744 3201 815 episcopis
3251 740 3553 798 deliberare
3610 746 3824 802 statuit,
3880 752 3945 791 ac

2376 832 2633 889 Basiliam
2688 836 2756 890 ad
2808 834 3099 890 concilium
3156 849 3311 889 suum
3375 832 3679 890 advocavit.
3739 833 3945 887 Prater

2377 928 2703 982 desiderium
2737 926 2954 984 videndi
2991 926 3372 995 Amphilochii,
3428 934 3535 979 tam
3576 928 3776 980 eximia
3809 938 3940 979 con-

2376 1018 2625 1073 veniendi
2676 1033 2839 1074 causa
2884 1017 3144 1073 Basiliam
3199 1017 3272 1087 (c)
3320 1013 3641 1071 esacuebat.
3674 1019 3781 1072 Sed
3813 1027 3939 1071 eum

2376 1110 2579 1167 moveri
2610 1125 2718 1165 non
2777 1112 3031 1167 sinebant
3058 1108 3232 1165 morbi
3267 1108 3530 1178 reliquiae.
3581 1104 3763 1175 Nuper
3794 1108 3940 1163 enim

2376 1218 2534 1258 curru
2570 1205 2637 1258 ad
2676 1212 2946 1272 martyres
2985 1217 3156 1271 usque
3178 1208 3387 1263 vectus,
3437 1213 3573 1267 pene
3607 1196 3659 1249 in
3690 1201 3945 1254 eumdem

2375 1304 2571 1350 statum
2606 1294 2849 1363 relapsus
2876 1294 3077 1350 fuerat.
3106 1295 3280 1365 Rogat
3306 1291 3485 1358 itaque
3510 1298 3568 1343 ut
3596 1302 3703 1351 res,
3735 1290 3784 1343 si
3823 1288 3944 1344 ﬁeri

2373 1389 2565 1455 possit,
2598 1386 2650 1441 in
2679 1400 2878 1454 paucos
2912 1386 3028 1442 dies
3063 1386 3365 1453 dill‘eratur,
3412 1396 3583 1453 seque
3614 1380 3938 1436 adfuturum

2372 1480 2654 1546 promittit.
2690 1477 2784 1533 Sin
2819 1487 2996 1533 autem
3048 1489 3241 1550 urgent
3288 1478 3500 1550 negotia
3528 1516 3543 1541 ,
3587 1475 3836 1529 hortatur
3888 1485 3947 1529 ut

2372 1578 2629 1639 peragant
2651 1584 2770 1639 qua:
2797 1568 2849 1623 in
2878 1568 3127 1624 manibus
3156 1578 3303 1637 sunt,
3331 1584 3496 1641 seque
3522 1579 3777 1634 tanquam
3804 1581 3946 1633 pra:-

2371 1672 2576 1719 sentem
2606 1677 2818 1728 eorum,
2861 1675 2981 1732 quae
3012 1660 3272 1731 praeclare
3306 1670 3586 1731 gerentur,
3616 1656 3941 1730 participem

2372 1765 2674 1811 numerent.

696 1846 901 1902 buissct
947 1822 1346 1902 condendorum
1393 1856 1683 1907 canonum,
1716 1840 1816 1896 nisi
1853 1850 2008 1893 antea
2040 1840 2268 1895 absoluti
2305 1822 2345 1876 Β
2442 1848 2556 1903 Νοη
2613 1851 2833 1904 dubium
2864 1858 2949 1907 est
2977 1849 3108 1921 quin
3153 1857 3498 1919 exspectatus
3550 1848 3712 1902 fuerit
3748 1839 3943 1900 Basilii

697 1936 946 1994 fuissent.

767 2030 960 2084 Narrat
990 2030 1221 2085 Basilius
1256 2029 1333 2100 (a)
1360 2030 1411 2084 in
1445 2030 1670 2099 epistola
1698 2027 1963 2083 canonica
1994 2028 2229 2083 secunda
2249 2069 2263 2092 ,

702 2119 1011 2176 consultum
1048 2134 1106 2175 se
1140 2118 1308 2175 fuisse
1334 2135 1362 2172 a
1408 2118 1738 2189 presbyteris
1767 2117 2147 2182 Antiochenis,
2176 2120 2267 2189 qui

710 2226 894 2266 coram
938 2211 1135 2265 inlldeli
1178 2211 1294 2265 viro
1326 2210 1502 2266 coacti
1538 2208 1755 2264 fuerant
1775 2209 1963 2279 jurare
1997 2226 2267 2277 nunquam

706 2317 766 2358 se
790 2301 1090 2357 Antiochia:
1117 2300 1420 2358 sacerdotio
1459 2300 1836 2370 perfunctums
1857 2319 1871 2365 ;
1894 2316 2059 2370 seque
2079 2311 2265 2353 aucto-

695 2410 810 2451 rem
837 2395 919 2451 eis
951 2393 1140 2459 fuisse,
1192 2402 1253 2448 ut
1296 2408 1327 2447 a
1364 2393 1590 2463 publicis
1639 2393 1857 2460 quidem
1912 2392 2268 2463 conventibus

697 2486 1059 2551 abstinerent,
1091 2484 1343 2556 privatim
1382 2492 1561 2538 utem
1622 2484 1810 2537 munia
1868 2484 2085 2538 obirent
2146 2499 2267 2553 pre-

694 2580 1060 2651 sbyterorum.
1094 2578 1228 2633 Cum
1266 2586 1449 2631 autem
1488 2590 1628 2631 unus
1666 2591 1735 2631 ex
1768 2576 1895 2644 illis,
1946 2578 2145 2633 Bianor
2173 2593 2268 2632 no-

696 2686 867 2739 mine,
919 2669 1116 2737 Iconii,
1169 2669 1457 2725 Antiochia
1491 2668 1707 2735 relicta,
1736 2669 2066 2724 domicilium
2110 2684 2265 2725 suum

693 2764 1104 2828 constituisset,
1165 2771 1352 2818 censet
1408 2760 1641 2816 Basilius
1686 2774 1809 2815 cum
1864 2762 1964 2814 hac
2014 2760 2129 2826 lege
2159 2776 2264 2813 non

694 2855 891 2922 teneri,
920 2865 975 2910 et
1002 2854 1221 2924 publice
1253 2851 1560 2910 sacerdotio
1594 2850 1845 2923 perfungi
1880 2866 2075 2921 posse:
2105 2850 2265 2904 modo

694 2958 876 3004 tamen
920 2946 1304 3019 paenitentiam
1363 2956 1491 3018 agat
1517 2946 1587 3001 ob
1616 2943 1829 3001 facilem
1863 2952 1918 3000 et
1957 2953 2264 3011 promptum

694 3043 761 3099 ad
782 3041 1157 3112 jusjurandum
1196 3039 1434 3095 animum

778 3133 1045 3199 Meletius,
1085 3133 1175 3202 qui
1201 3133 1297 3187 bas
1348 3131 1557 3186 litteras
1590 3128 1802 3195 detulit,
1838 3130 2041 3186 milites
2076 3144 2265 3186 recens

692 3222 951 3278 collectos
968 3222 1628 3291 deducebat.,Gratissima
1659 3222 1758 3275 fuit
1776 3221 1972 3276 Basilio
1992 3221 2259 3277 scribendi

694 3315 761 3370 ad
789 3312 1227 3383 Amphilochium
1267 3312 1483 3368 occasio
1525 3330 1538 3367 :
1591 3312 1734 3366 hunc
1763 3322 1936 3381 rogat,
1986 3321 2043 3365 ut
2068 3312 2263 3367 invisat

693 3404 993 3460 Ecclesiam
1050 3404 1465 3467 Caesariensem,
1514 3411 1801 3473 postquam
1841 3416 1929 3455 res
1976 3400 2262 3473 Lycaonia:

694 3496 1080 3568 composuerit,
1123 3511 1388 3564 eamque,
1445 3496 1560 3550 sive
1592 3509 1652 3550 se
1688 3496 1829 3559 vivo,
1865 3494 1981 3551 sive
2012 3505 2257 3559 mortuo,

693 3592 754 3640 ut
782 3586 1054 3656 propriam
1088 3594 1260 3640 curet.
1299 3583 1655 3639 Commendat
1699 3584 1753 3639 ei
1806 3583 2105 3648 Meletium,
2143 3600 2260 3640 mo-

693 3684 895 3745 netque
942 3686 1004 3731 ut
1056 3676 1163 3730 diei
1210 3674 1357 3730 festo
1404 3675 1575 3731 sancti
1603 3674 1897 3747 Eupsycbii
1950 3693 2055 3731 non
2097 3677 2258 3741 desit,

694 3782 870 3838 neque
900 3778 1193 3839 exspectet,
1220 3770 1343 3822 dum
1375 3770 1571 3825 iterum
1607 3778 1914 3835 moneatur,
1943 3769 2053 3823 imo
2079 3768 2255 3838 ipsum

692 3858 835 3915 diem
866 3868 1203 3924 antevertat,
1233 3870 1292 3913 ut
1324 3875 1385 3914 se
1412 3860 1697 3915 esbilaret.

763 3953 898 4008 Cum
930 3950 1044 4007 haec
1081 3954 1347 4007 scriberet
1376 3953 1632 4017 Basilius,
1664 3951 2097 4022 Amphilochium
2145 3966 2248 4021 pu-

691 4045 841 4101 tabat
871 4044 1073 4113 optima
1105 4044 1181 4098 uti
1207 4044 1538 4100 valetudine.
1574 4044 1679 4099 Sed
1702 4042 1858 4113 paulo
1884 4054 2005 4113 post
2039 4043 2261 4111 scripsit

690 4135 1174 4207 Amphilochiusse
1203 4135 1257 4189 in
1277 4137 1523 4190 morbum
1558 4136 1833 4190 incidisse.
1863 4134 2257 4190 Permolestuni

694 4230 747 4285 id
784 4227 883 4283 fuit
904 4226 1129 4295 Basilio,
1182 4226 1272 4296 qui
1303 4225 1669 4297 Amphilocbii
1707 4224 1925 4279 videndi
1955 4239 2150 4293 magno
2177 4234 2259 4277 te-

695 4321 926 4375 nebatur
974 4319 1262 4383 desiderio,
1313 4318 1541 4387 ejusque
1592 4315 1821 4373 consilio
1859 4315 1925 4370 ad
1976 4314 2141 4368 multa
2178 4316 2252 4368 uti

690 4412 929 4467 volebat.
954 4411 1060 4468 Sed
1088 4412 1161 4483 (ὁ)
1180 4412 1229 4468 ei
1258 4413 1471 4467 veniam
1509 4411 1667 4464 datet
1688 4406 2102 4477 petitvicissim,
2129 4420 2249 4460 cum

2370 1943 2650 1997 adventus.
2676 1941 2807 1995 Nam
2856 1958 2915 1998 se
2940 1943 2993 1996 iu
3022 1941 3273 1997 Pisidiam
3308 1941 3523 1997 venisse
3558 1949 3787 1995 testatur
3833 1936 3939 2008 (ά).

2372 2045 2571 2089 utcum
2594 2035 2868 2104 episcopis
2906 2036 3051 2091 illius
3092 2036 3332 2105 regionis
3355 2050 3440 2101 ea,
3474 2048 3593 2104 quae
3622 2034 3688 2087 ad
3733 2032 3943 2086 fratres

2370 2125 2589 2181 Isauria:
2620 2135 2895 2194 spectant,
2921 2135 3289 2195 componeret.
3322 2124 3455 2179 Cum
3497 2134 3677 2180 autem
3711 2123 3843 2179 huic
3869 2121 3941 2175 de

2371 2219 2722 2274 restituendis
2752 2218 3152 2289 episcopatibus
3179 2215 3552 2271 deliberationi
3583 2215 3765 2269 multae
3796 2213 3944 2266 ines-

2368 2322 2489 2365 sent
2538 2310 2908 2373 dillicultates,
2959 2311 3171 2364 videtur
3227 2324 3290 2365 ea
3352 2308 3548 2362 vicisse
3612 2305 3885 2360 sententia
3916 2339 3935 2365 ,

2370 2418 2530 2473 quam
2559 2417 2703 2458 anno
2732 2404 3017 2473 superiore
3061 2412 3417 2475 proposuerat
3444 2398 3697 2462 Basilius,
3732 2406 3793 2449 ut
3823 2411 3943 2448 ma-

2370 2514 2489 2569 gnte
2518 2497 2726 2553 civitati
2784 2497 3023 2566 primum
3081 2496 3365 2566 episcopus
3410 2494 3663 2554 daretur;
3725 2499 3942 2556 suoque

2371 2588 2447 2642 illi
2486 2587 2691 2642 circulo
2719 2586 3161 2656 circumscripto,
3209 2585 3331 2653 quia
3382 2582 3592 2636 vicinos
3645 2574 3944 2634 nonnullos

2367 2681 2674 2744 ordinabat,
2697 2677 2957 2746 deinceps
2982 2691 3147 2744 penes
3178 2674 3616 2744 Amphilochium
3644 2671 3735 2741 jus
3791 2676 3943 2724 esset

2366 2781 2419 2825 et
2446 2770 2730 2827 arbitrium
2770 2769 3150 2840 episcoporum
3201 2768 3256 2823 in
3298 2766 3421 2821 aliis
3444 2765 3757 2821 civitatibus
3805 2775 3941 2817 con-

2366 2862 2784 2919 stituendorum.
2808 2861 2866 2916 Id
2895 2861 3199 2933 colligimus
3233 2873 3301 2914 ex
3332 2857 3487 2913 initio
3521 2854 3763 2927 epistola:
3800 2851 3936 2919 217,

2366 2973 2485 3021 qua:
2512 2966 2596 3013 est
2620 2957 2880 3014 canonica
2920 2956 3107 3019 tertia,
3130 2954 3229 3010 ubi
3251 2951 3483 3009 Basilius
3518 2957 3707 3004 auctor
3728 2954 3839 3009 est,
3869 2954 3935 2998 ut

2367 3051 2560 3121 aliquis
2591 3065 2655 3105 es
2685 3051 2970 3121 neophytis
3002 3048 3285 3105 ordinetur
3318 3045 3627 3116 episcopus,
3671 3039 3787 3095 sive
3816 3038 3937 3094 Ha-

2292 3164 2335 3220 c
2370 3144 2600 3201 ccdnnio
2634 3144 2705 3197 ita
2742 3144 3013 3209 videatur,
3039 3141 3155 3197 sive
3189 3154 3317 3195 non.
3367 3135 3495 3191 Erat
3521 3147 3653 3204 ergo
3678 3130 3937 3186 Hacedo-

2367 3237 2489 3291 nius
2517 3249 2724 3305 magna:
2757 3235 2992 3291 civitatis
3038 3233 3351 3304 episcopus,
3388 3244 3453 3283 ac
3484 3223 3757 3280 metuebat
3787 3222 3943 3278 Basi-

2364 3329 2470 3383 lius
2498 3342 2564 3383 ne
2606 3328 2652 3383 is
2671 3327 3099 3395 iurisdictionem
3134 3338 3286 3379 suam
3316 3323 3691 3393 episcoporum
3727 3318 3783 3373 in
3814 3316 3939 3372 aliis

2363 3419 2670 3474 civitatibus
2693 3419 3043 3473 ordinatione
3072 3417 3308 3473 coerceri
3337 3415 3557 3471 moleste
3598 3413 3785 3470 ferret.
3825 3410 3935 3467 Sed

2363 3510 2521 3577 huius
2548 3512 2621 3565 rei
2651 3510 3051 3581 interpellandis
3077 3510 3310 3564 ablatum
3342 3509 3391 3564 ei
3422 3508 3512 3577 jus
3542 3508 3718 3561 fuerat
3750 3502 3937 3558 consi-

2363 3602 2433 3658 lio
2458 3602 2661 3667 Basilii,
2694 3602 2784 3671 qui
2823 3616 2979 3656 suum
3014 3600 3088 3655 illi
3120 3600 3380 3655 circulum
3412 3598 3654 3653 voluerat
3700 3595 3938 3651 cireum-

2362 3695 2549 3751 scribi.
2588 3693 2929 3749 Macedonius
2978 3707 3081 3747 non
3142 3692 3231 3747 diu
3288 3689 3527 3745 lsaurum
3573 3687 3757 3742 rexit:
3808 3701 3937 3741 nam

2365 3784 2520 3853 hujus
2559 3783 2795 3839 civitatis
2841 3783 3124 3853 episcopus
3174 3780 3409 3835 Hilarius
3442 3778 3497 3833 in
3530 3776 3759 3833 concilio
3792 3776 3940 3832 Con-

2362 3875 2844 3947 stantinopolitano
2890 3884 2944 3931 et
2976 3874 3029 3930 in
3067 3872 3416 3929 Testamento
3460 3870 3632 3927 sancti
3677 3868 3931 3943 Gregorii

2362 3968 2685 4023 Nazianzeni
2715 3977 2959 4024 vocatur.

2900 4058 3127 4117 CAPUT
3163 4056 3401 4114 XXXIII.

2360 4154 2400 4209 I.
2438 4156 2773 4209 Daaimonent
2794 4154 3061 4223 perturbat
3091 4150 3402 4212 Eustathius
3424 4161 3472 4223 et
3498 4156 3690 4202 inultos
3714 4148 3933 4223 abstra-

2430 4227 2509 4277 hit
2551 4242 2583 4277 a
2622 4218 2986 4277 communione
3022 4223 3233 4285 Basilii,
3274 4222 3363 4290 qui
3391 4220 3463 4290 ad
3497 4235 3584 4290 sos
3621 4219 3842 4290 scribit.
3867 4218 3933 4273 Il.

2434 4293 2623 4347 Scribit
2642 4295 2799 4348 etiam
2819 4294 2887 4345 ad
2928 4287 3401 4347 Neoctesarienses.
3422 4287 3507 4343 III.
3540 4287 3740 4342 lterum
3767 4289 3934 4341 mittit

2426 4364 2480 4417 in
2513 4361 2738 4416 Pontum
2764 4371 2811 4416 et
2845 4362 2951 4431 agit
2985 4365 3048 4415 de
3070 4376 3346 4431 congressu
3386 4373 3502 4412 cunt
3530 4359 3803 4428 episcOpis.
3839 4356 3929 4431 ΙΥ.

2430 4427 2944 4506 Ννεοεῳανίωςξὺῐη
2970 4432 3099 4506 nihil
3123 4427 3549 4506 respondentibus
3570 4427 3759 4506 iterant
3782 4427 3924 4506 scri-

695 4512 986 4571 utrumque
1020 4504 1225 4559 eadem
1253 4517 1431 4558 causa:
1471 4501 1825 4563 detinuerint,
1861 4500 2082 4554 morbus
2123 4499 2250 4551 Am-
2283 4498 2329 4555 Ι)
2440 4504 2534 4557 bit.
2571 4502 2703 4556 Date
2746 4502 2868 4556 alia
2897 4505 3078 4571 eadem
3110 4502 3174 4553 de
3205 4494 3265 4571 re
3284 4499 3574 4571 adpensicos
3604 4494 3917 4571 litterc._V_.

692 4594 1049 4665 pbilochium,
1090 4594 1349 4651 Basiliam
1382 4603 1536 4653 vetus
1566 4592 1830 4665 aegritudo
1857 4607 1977 4662 quae
2016 4591 2252 4647 nonduin

692 4690 1050 4745 abscesserat.

766 4781 830 4835 V.
876 4780 1168 4851 Postquam
1200 4798 1231 4837 e
1283 4786 1471 4839 morbo
1502 4779 1772 4837 convaluit
1828 4778 2255 4851 Amphilochius,

692 4886 878 4927 curam
915 4882 968 4927 et
1003 4872 1423 4927 sollicitudinem
1451 4872 1507 4927 in
1537 4887 1595 4928 re
1622 4870 1801 4942 magni
1836 4868 2093 4924 momenti
2121 4883 2255 4924 coa-

692 4963 963 5020 stituenda
1020 4964 1330 5030 insumpsit.
1389 4962 1534 5017 Inter
1570 4962 1675 5017 alia
1724 4961 2124 5030 provinciarum
2178 4974 2266 5015 se-

692 5061 934 5125 gmenta,
957 5068 1076 5123 quae
1109 5055 1363 5108 attributa
1394 5054 1575 5107 Iconio
1620 5051 1856 5117 fuerant,
1887 5052 2115 5121 insignis
2144 5059 2264 5105 erat

692 5148 885 5205 civitas
912 5146 1149 5212 Isaurus,
1176 5160 1296 5216 quas
1336 5145 1632 5215 provinciae
1663 5145 1882 5201 Isauria
1929 5158 2123 5198 nomen
2155 5143 2253 5198 de-

692 5240 869 5302 derat,
909 5246 963 5291 et
1010 5234 1132 5291 inde
1187 5250 1312 5291 cum
1364 5235 1547 5291 multis
1604 5233 1729 5289 aliis
1781 5234 1996 5303 oppidis
2041 5235 2251 5297 avulsa,

2437 4575 2559 4629 Post
2603 4573 2793 4643 festum
2831 4573 2999 4627 sancti
3034 4568 3319 4643 Eupﬁsychii
3358 4569 3412 4643 in
3450 4567 3678 4643 Pontum
3703 4565 3926 4643 pro/lci-

2431 4634 2615 4699 δίκην.
2675 4638 2752 4697 Eo
2808 4646 3037 4697 veniente
3088 4634 3158 4693 ad
3183 4634 3395 4705 'fratris
3447 4638 3624 4699 a'des,
3676 4634 3929 4688 turbatur

2436 4714 2805 4771 Neocasarea.
2839 4713 3029 4767 Scribit
3069 4711 3138 4763 ad
3160 4725 3247 4764 eos
3288 4717 3337 4763 et
3367 4710 3434 4763 ad
3482 4707 3800 4777 Olympiam.
3839 4706 3926 4760 Vl.

2433 4785 2633 4840 Basilio
2650 4785 2888 4838 redeunti
2911 4782 3189 4835 nuntiatur
3208 4779 3334 4849 quid
3359 4787 3538 4849 contra
3554 4776 3734 4841 ipsum
3756 4776 3929 4828 luere-

2432 4860 2546 4918 tici,
2578 4854 2704 4924 quid
2727 4865 2929 4924 contra
2950 4846 3785 4924 Meletium’Paulinisectatorcs
3812 4861 3926 4924 iuo-

2435 4913 2654 4981 liantu'r.
2680 4924 2861 4977 Plures
2878 4922 2956 4990 Itis
2984 4920 3219 4990 de‘rcbus
3238 4918 3443 4990 littera.
3467 4913 3571 4967 VII.
3600 4914 3674 4990 ρο
3702 4915 3929 4990 epistola

2432 4996 2686 5051 canonica
2716 4989 2992 5052 tertia,'et
3023 4985 3244 5058 cpistola
3280 4987 3384 5042 2I8
3423 5000 3543 5053 qua:
3579 4985 3735 5058 simul
3757 4986 3925 5037 missa

2432 5074 2530 5121 est.
2566 5062 2698 5119 VIII.
2729 5064 2943 5117 Litterae
2968 5053 3495 5119 att-Samosatam“,
3527 5057 3594 5108 ad
3624 5053 3926 5108 Bercensss

2431 5148 2476 5191 ct
2502 5134 2867 5189 Chalcidenses
2895 5148 2987 5199 per
3006 5131 3255 5184 Acacium
3280 5128 3471 5179 inissa.

2423 5228 2463 5284 I.
2488 5228 2688 5283 Praeter
2717 5224 2954 5279 famosos
2986 5222 3211 5285 libellos,
3238 5219 3435 5290 quibus
3477 5215 3665 5272 Basilii
3711 5215 3919 5270 famam

686 5329 977 5403 Lycaonia:
1008 5328 1255 5398 adiuncta
1303 5337 1410 5383 est.
1442 5326 1710 5382 Destituta
1748 5336 1929 5380 autem
1978 5325 2250 5395 episcopis
2356 5320 2671 5376 Eustathius
2700 5318 3057 5379 laceraverat,
3086 5313 3316 5369 occultis
3340 5310 3503 5366 etiam
3534 5308 3680 5363 illum
3712 5308 3922 5363 maelii-

686 5431 849 5478 erant
878 5432 988 5477 tum
1020 5437 1209 5490 magna
1245 5420 1329 5475 illa
1359 5421 1572 5485 civitas,
1599 5429 1711 5475 tum
1745 5419 1849 5473 alia
1878 5417 2095 5488 oppida,
2138 5419 2252 5471 sive

2358 5413 2668 5467 nationibus
2711 5411 2904 5465 laedere
2930 5409 3244 5465 conabatur.
3274 5403 3408 5459 Nam
3441 5402 3511 5473 (ι)
3543 5402 3919 5465 Dazimonem,

687 5511 759 5567 ab
790 5514 1076 5576 hmrelicis,
1114 5513 1227 5567 sive
1283 5515 1350 5567 ab
1398 5513 1641 5567 hostibus
1685 5519 1931 5577 vastata;
1984 5508 2242 5564 Basiliuin
2355 5518 2475 5575 qua:
2499 5503 2644 5573 regio
2673 5513 2757 5558 est
2789 5500 2942 5556 Ponti
2966 5514 3120 5555 secus
3153 5499 3349 5556 lridem
3395 5498 3524 5561 sita,
3561 5492 3918 5566 perturbave-

782 5654 837 5707 al
861 5652 993 5706 (ἱππ.
1030 5654 1116 5707 I7.

785 5723 838 5791 ὁ)
878 5724 1045 5791 Epist.
1066 5723 1161 5777 QOI
1176 5760 1192 5777 .

782 5670 815 5707 a
861 5654 993 5706 (Ian.
1030 5654 1113 5707 I7.

785 5725 815 5777 b
878 5723 1113 5791 Epistﬂl

759 5654 838 5865 3c;
868 5795 964 5865 Ep.
988 5794 1113 5849 202.

2425 5647 2507 5779 ἔτι)
2538 5646 2633 5731 ξὶρ.
2658 5643 2787 5731 Ἡβ.

2448 5718 2495 5779 e)
2527 5717 2625 5779 ιιι).
2648 5717 2773 5771 210.

2448 5718 2495 5785 e)
2527 5717 2625 5786 Ep.
2648 5717 2773 5771 216.
