4074 6312
1490 359 1645 415 VITA
1688 359 1746 415 S.
1783 359 2049 417 BASILII.

3231 378 3394 420 CXXXI

160 492 261 545 rat,
302 497 363 535 ac
392 481 591 536 multos
631 483 684 535 in
721 482 890 537 Ponto
933 481 1217 551 episcopos
1271 494 1297 532 a
1339 481 1721 534 communione
1750 485 1795 541 Α
1824 480 2001 537 fronte
2032 479 2355 551 prodeat(n.
2386 477 2464 549 ι),
2496 476 2721 542 necjam
2756 478 3113 535 calumniator
3140 481 3243 545 sit,
3301 485 3397 538 sed

162 576 338 628 Basilii
370 577 734 628 abstraxerat.
772 574 895 627 Haec
921 584 1099 627 autem
1148 573 1296 626 illum
1323 586 1441 625 astu
1474 573 1715 626 molitum

159 680 297 726 esse,
322 672 432 718 non
463 664 645 731 palam
682 674 737 717 et
781 674 962 731 aperte
1016 672 1073 715 nt
1122 663 1176 715 in
1241 661 1466 717 famosis
1503 662 1715 725 libellis,

159 756 280 809 inde
323 756 663 824 perspicitur,
714 757 876 825 quod,
938 769 1056 807 cum
1105 754 1152 806 ei
1208 752 1433 809 Basilius
1482 764 1717 808 motuum

158 845 309 899 Ponti
339 847 618 915 conceptis
655 845 837 899 verbis
865 858 1081 897 causam
1116 843 1166 895 in
1195 844 1355 911 epist.
1394 844 1499 897 216
1542 845 1715 898 ascri-

158 938 271 999 bat,
329 939 379 991 in
416 938 641 1007 epistola
668 936 774 992 203
810 936 1042 1006 postulet
1100 946 1157 989 ut
1197 947 1385 991 auctor
1424 935 1713 989 calumnia-

158 1045 273 1082 rum
313 1045 342 1085 e
376 1031 599 1084 latebris
651 1032 702 1083 in
752 1040 995 1098 apertam
1046 1030 1217 1083 lucem
1267 1030 1514 1097 prodeat.
1567 1027 1720 1082 Basi-

156 1121 256 1174 lius
298 1121 370 1190 (a)
420 1122 622 1175 dudum
671 1122 862 1174 avebat
889 1137 1011 1174 cum
1056 1121 1318 1190 episcopis
1373 1120 1527 1175 Ponti
1583 1136 1718 1176 con-

156 1214 348 1281 gredi:
393 1224 595 1266 ateum
647 1213 997 1265 detinuerunt
1053 1227 1232 1267 causae
1286 1213 1527 1277 eaedem,
1583 1227 1720 1281 quas

156 1318 315 1371 supra
369 1305 757 1367 recensuimus,
805 1304 1001 1368 morbi,
1036 1304 1425 1359 sollicitudines
1450 1304 1721 1359 Ecclesia-

162 1407 302 1456 rum,
344 1402 400 1446 et
449 1407 637 1460 pugnae
662 1408 782 1446 cum
816 1394 1102 1448 haereticis.
1154 1394 1259 1449 Sed
1296 1394 1456 1463 paulo
1486 1403 1609 1465 post
1637 1410 1721 1449 re-

159 1484 327 1537 ditum
346 1499 413 1537 ex
447 1483 648 1537 Pisidia
679 1484 961 1553 epistolam
992 1483 1067 1554 (ὁ)
1099 1485 1319 1552 scripsit
1344 1485 1411 1539 ad
1435 1488 1717 1555 episcopos

163 1577 481 1638 maritimos,
536 1590 630 1630 eos
656 1579 949 1645 praesertim
988 1578 1079 1647 qui
1116 1578 1463 1633 Dazimonem
1514 1578 1718 1632 incole-

157 1668 301 1721 bant.
340 1666 729 1724 Permolestum
783 1676 892 1723 erat
934 1668 1127 1723 Basilio
1174 1668 1266 1740 (c),
1325 1670 1467 1739 quod
1531 1684 1717 1725 eorum

157 1760 390 1813 cbaritas
445 1760 760 1830 jamdudum
808 1760 908 1814 sibi
949 1762 1183 1825 deesset,
1232 1776 1330 1816 nec
1384 1762 1488 1815 ulla
1540 1762 1605 1816 ab
1640 1762 1718 1816 eis

1824 584 2133 637 accusator,
2164 574 2271 625 imo
2298 587 2398 626 nec
2423 582 2731 636 accusator,
2766 573 2858 641 sed
2890 573 3057 627 frater
3096 574 3397 630 admonens

1825 666 1877 720 in
1910 665 2201 719 charitate.
2236 663 2356 718 Non
2391 674 2518 733 puto
2549 679 2672 717 eum
2712 664 2777 718 de
2806 663 3092 719 Enstatbio
3123 666 3200 720 sic
3245 665 3398 721 locu-

1824 766 2001 811 turum
2033 756 2222 819 fuisse,
2250 757 2293 810 si
2343 758 2411 809 ab
2435 769 2500 809 eo
2540 756 2654 810 haec
2689 754 2869 808 omnia
2902 764 3020 808 orta
3053 770 3175 810 esse
3204 755 3398 826 depre-

1823 850 2117 903 bendisset.
2163 847 2328 902 Forte
2380 862 2509 918 ergo
2542 846 2591 901 id
2619 861 2724 899 non
2771 845 3153 916 deprehendit,
3187 847 3289 901 nisi
3328 863 3393 901 ex

1822 955 2118 1009 congressu
2159 955 2282 995 cum
2318 939 2591 1007 episcopis
2646 937 2827 992 Ponti.
2860 938 3023 994 Certe
3072 948 3193 1008 post
3244 940 3390 993 hunc

1820 1043 2167 1099 congressum
2220 1043 2335 1083 rem
2364 1038 2701 1099 perspectam
2733 1037 2785 1083 et
2812 1027 3151 1096 exploratam
3181 1028 3391 1083 habuit.

1823 1122 1915 1176 Sic
1959 1122 2104 1175 enim
2141 1122 2383 1190 loquitur
2416 1122 2467 1176 in
2501 1121 2727 1190 epistola
2764 1120 2870 1175 ἓιὸ
2902 1139 2915 1175 :
2949 1120 3117 1190 Atque
3145 1122 3262 1173 inde
3301 1137 3392 1175 nos

1818 1217 1875 1270 in
1933 1212 2158 1269 Pontum
2198 1215 2402 1284 excepit
2446 1215 2795 1284 peregrinatio
2821 1258 2835 1280 ,
2888 1230 3005 1268 cum
3047 1212 3393 1266 Dazimonem

1820 1309 1948 1362 satis
1995 1307 2351 1375 perturbasset
2378 1303 2717 1371 Eustathius,
2742 1304 3040 1374 multosque
3070 1304 3180 1356 illic
3221 1304 3393 1356 addu-

1820 1399 2001 1462 xisset,
2026 1406 2081 1449 ut
2103 1414 2156 1450 se
2185 1396 2248 1449 ab
2284 1393 2521 1449 Ecclesia
2569 1406 2750 1449 nostra
2802 1394 3186 1449 abscindercnt.
3217 1393 3392 1446 Mani-

1821 1488 1956 1543 festa
1991 1496 2074 1543 est
2104 1488 2262 1557 hujus
2308 1487 2605 1542 testimonii
2639 1487 2986 1541 necessitudo
3012 1501 3132 1541 cum
3163 1485 3392 1553 epistola

1822 1581 1922 1634 hac
1950 1580 2317 1635 ducentesima
2343 1579 2524 1634 tertia.
2558 1578 2713 1645 Quod
2742 1579 2885 1633 enim
2930 1577 3033 1631 iter
3093 1577 3395 1645 suscepisse

1820 1686 1878 1725 se
1909 1670 2041 1725 dicit
2077 1671 2130 1725 in
2182 1669 2409 1739 epistola
2454 1668 2584 1730 216.
2622 1669 2673 1723 id
2712 1668 2764 1722 in
2798 1666 3023 1737 epistola
3059 1665 3166 1720 205
3211 1681 3393 1721 susce-

1818 1770 2035 1828 pturum
2082 1776 2140 1814 se
2190 1761 2486 1829 promittit,
2543 1761 2588 1815 si
2646 1760 2826 1814 locum
2880 1759 3166 1829 designare
3231 1757 3396 1812 velint

156 1850 374 1918 epistola
396 1891 414 1917 ,
474 1852 607 1905 nulli
654 1851 836 1908 clerici
905 1854 1169 1914 venirent,
1238 1854 1487 1920 quamvis
1537 1868 1716 1907 rerum
1749 1846 1794 1903 Β
1819 1846 1973 1902 Ponti
2007 1847 2269 1917 episcopi.
2317 1846 2495 1901 Locus
2526 1862 2592 1900 ex
2623 1856 2857 1917 utraque
2892 1856 3048 1917 parte
3077 1845 3394 1912 designatus

158 1943 502 2014 Cappaddciae
531 1954 703 2001 status
745 1946 810 1999 ad
845 1946 959 2001 haec
985 1946 1159 2001 oflicia
1208 1945 1521 2015 frequenter
1566 1947 1722 2000 exhi-

160 2032 325 2089 benda
379 2050 473 2089 eos
532 2034 739 2090 hortari
791 2036 1081 2091 debuisset.
1142 2034 1277 2089 Nam
1332 2037 1599 2092 excitatos
1652 2038 1721 2092 ab

161 2126 424 2181 haereticis
476 2125 670 2182 ﬂuctus
718 2127 1065 2197 Cappadoces
1100 2128 1469 2197 excipiebant,
1522 2130 1589 2185 iis
1628 2130 1719 2199 qui

162 2228 307 2273 retro
326 2228 486 2274 erant
510 2220 561 2273 in
598 2218 885 2287 tranquillo
907 2218 1244 2288 degentibus.
1275 2218 1440 2276 Forte
1463 2222 1576 2277 hac
1606 2221 1719 2290 ipsa

158 2324 315 2365 causa
342 2325 531 2366 eorum
565 2310 741 2363 studia
768 2309 1101 2364 retardabat.
1132 2310 1404 2366 Metuebat
1436 2313 1581 2368 enim
1611 2311 1721 2366 Ba-

158 2405 305 2460 silius
331 2418 418 2467 ne,
448 2402 573 2473 quia
599 2416 694 2457 eos
719 2403 967 2459 tuebatur
998 2402 1241 2459 locorum
1288 2404 1447 2467 situs,
1490 2404 1718 2459 aliorum

156 2494 347 2547 auxilio
380 2503 438 2548 et
483 2495 864 2550 communione
915 2495 1226 2550 viderentur
1260 2496 1361 2551 sibi
1421 2511 1525 2554 non
1576 2497 1717 2553 indi-

156 2600 294 2655 gere,
330 2596 385 2640 et
412 2587 616 2642 idcirco
645 2586 889 2653 vulnera,
928 2602 1047 2657 qua:
1070 2602 1256 2641 eorum
1283 2588 1478 2643 animis
1509 2588 1719 2644 calum-

157 2677 254 2731 nia
284 2675 547 2742 iecerant,
583 2677 847 2733 dillicilius
882 2686 1226 2732 sanarentur.
1268 2676 1516 2733 Dolorem
1563 2694 1718 2733 suum

154 2771 311 2825 corde
330 2769 647 2839 jamdudum
672 2770 989 2838 premebat;
1028 2771 1257 2838 pudebat
1289 2770 1441 2825 enim
1473 2770 1721 2839 querelas

156 2874 277 2915 suas
303 2862 444 2929 apud
474 2871 714 2917 remotos
769 2864 1262 2917 communicatores
1314 2859 1547 2914 deferre.
1607 2859 1714 2916 Sed

156 2960 334 3006 tamen
362 2966 428 3006 ea
458 2951 525 3007 de
549 2968 607 3006 re
639 2953 719 3023 (ά)
766 2968 886 3009 cum
924 2952 1173 3008 omnibus
1224 2949 1580 3018 Cappadocia:
1608 2951 1720 3023 epi-

156 3044 329 3113 scopis
357 3046 804 3109 communicavit,
852 3044 943 3113 qui
971 3042 1019 3097 ei
1049 3051 1300 3096 auctores
1356 3041 1508 3097 fuere
1555 3051 1614 3096 ut
1656 3042 1720 3097 ad

156 3138 461 3193 maritimos
484 3139 765 3205 episcopos
796 3136 1084 3199 scriberet,
1136 3150 1200 3190 ac
1233 3134 1516 3205 epistolam
1556 3134 1718 3191 Petro

154 3229 493 3299 presbytero,
519 3200 715 3295 ipsius,
743 3233 801 3279 ut
828 3224 1120 3282 verisimile
1142 3200 1461 3290 est,.fratri,
1502 3225 1618 3277 viro
1650 3227 1716 3277 ad
1744 3200 1786 3259 ο

155 3335 239 3387 ea,
271 3332 393 3390 quae
417 3318 639 3373 deerant
664 3317 929 3389 epistolae,
958 3316 1218 3387 explenda
1246 3315 1450 3371 idoneo
1470 3317 1717 3371 commit-

154 3419 311 3467 teret.

221 3501 457 3573 Scripsit
507 3500 689 3571 itaque
718 3501 785 3555 ad
819 3514 913 3556 eos
964 3500 1249 3570 epistolam
1300 3499 1719 3554 ducentesimam

161 3596 398 3660 tertiam,
422 3608 544 3664 quae
576 3592 826 3647 omnibus
856 3592 1137 3646 cbaritatis
1155 3600 1209 3647 et
1240 3590 1557 3645 humilitatis
1579 3590 1721 3646 notis

158 3686 386 3755 insignis
424 3692 529 3740 est.
570 3682 829 3750 Pr0ponit
884 3683 1024 3735 viam
1058 3681 1368 3750 perfacilem
1407 3692 1459 3737 et
1502 3681 1722 3751 expedi-

158 3783 265 3829 tam
285 3773 382 3828 (ad
427 3771 853 3841 cognoscendam
900 3770 1206 3825 veritatem.
1247 3770 1540 3827 Proﬁtetur
1566 3788 1723 3842 para-

156 3876 267 3922 tum
290 3880 349 3923 se
384 3880 505 3921 esse
540 3879 722 3921 coram
744 3865 824 3919 eis
856 3863 1002 3919 illata
1038 3864 1141 3919 sibi
1196 3866 1426 3921 crimina
1485 3865 1719 3934 diluere,

156 3956 311 4010 modo
329 3956 558 4011 adversa
597 3954 771 4009 fronte
798 3954 1063 4023 prodeant
1086 3955 1175 4022 qui
1214 3954 1469 4026 iniuriam
1488 3954 1716 4020 faciunt,

154 4056 209 4102 nt
236 4048 283 4103 is
308 4049 397 4117 qui
432 4046 792 4110 conviciatur,
830 4059 933 4099 non
966 4044 1077 4112 jam
1121 4046 1190 4101 sit
1218 4045 1465 4102 diabolus
1503 4062 1597 4101 seu
1630 4061 1721 4101 ca-

155 4137 464 4205 lumniator,
504 4138 596 4193 sed
627 4146 930 4201 accusator,
961 4137 1068 4191 imo
1097 4152 1269 4208 neque
1298 4146 1601 4203 accusator,
1626 4138 1720 4192 sed

156 4230 321 4285 frater
347 4231 653 4283 admonens
684 4229 734 4283 in
787 4229 1052 4285 charitate
1079 4238 1135 4282 et
1173 4229 1239 4283 ad
1282 4228 1718 4285 emendationem

157 4336 419 4392 arguens;
456 4320 559 4389 ipsi
589 4334 718 4377 vero
747 4338 853 4378 non
883 4322 1249 4379 conviciorum
1280 4322 1554 4379 auditores
1583 4323 1716 4389 sint,

158 4416 244 4469 sed
274 4421 715 4483 argumentorum
765 4415 1017 4484 iudices:
1052 4431 1212 4484 neque
1246 4430 1361 4479 nos,
1401 4415 1594 4484 inquit.
1639 4417 1721 4470 in.

1821 1953 1934 1993 rem
1964 1937 2273 1995 confirmat.
2306 1937 2439 1992 Nam
2488 1947 2549 1991 ut
2583 1938 2766 1992 Basilii
2812 1939 3099 1994 commodo
3145 1939 3397 1994 consule-

1823 2040 1948 2084 rent
1992 2030 2149 2084 Ponti
2187 2030 2452 2100 episcopi,
2488 2038 2547 2083 ut
2595 2030 2755 2085 modo
2785 2030 3090 2084 videbimus
3117 2070 3132 2094 ,
3193 2031 3396 2085 consti-

1822 2129 2041 2174 tuerunt
2075 2136 2197 2176 cum
2233 2136 2301 2176 eo
2350 2120 2631 2190 congredi,
2664 2121 2754 2175 ubi
2802 2121 2849 2176 is
2895 2121 3190 2190 parmciam
3239 2136 3393 2176 suam

1820 2210 2053 2265 visitans
2083 2212 2150 2266 ad
2184 2212 2319 2267 ﬁnes
2349 2212 2678 2269 Comanicos
2728 2213 2990 2269 venisset.
3049 2213 3180 2269 Erat
3210 2224 3391 2269 autem

1819 2300 2074 2357 Dazimon
2108 2302 2245 2356 infra
2275 2302 2591 2359 Comanam.

1890 2389 2103 2461 Scripta
2154 2392 2364 2448 videtur
2434 2394 2662 2465 epistola
2718 2394 2823 2451 205
2873 2406 2994 2465 post
3049 2398 3281 2452 reditum
3326 2413 3394 2453 ex

1821 2482 2047 2539 Pisidia.
2100 2483 2237 2539 Nam
2270 2501 2392 2542 cum
2424 2487 2618 2544 Petrus
2667 2499 2851 2560 optata
2880 2506 3139 2560 responsa
3172 2494 3382 2547 retulis-

1820 2585 1924 2643 set,
1960 2577 2191 2633 Basilins
2238 2580 2430 2634 iterum
2477 2580 2748 2637 Meletium
2795 2583 3169 2653 presbyterum
3217 2586 3389 2645 misit.

1821 2684 1885 2724 ac
1915 2670 2198 2742 episcopos
2243 2674 2311 2727 ob
2350 2674 2599 2740 corporis
2654 2675 3025 2729 inﬁrmitatem
3054 2676 3283 2747 rogavit,
3336 2686 3399 2735 ut

1824 2768 1952 2814 tunc
1975 2776 2298 2832 congressus
2327 2762 2502 2833 fieret,
2537 2780 2660 2819 cum
2708 2766 2823 2835 ipse
2870 2768 2923 2821 in
2974 2767 3107 2823 lines
3137 2770 3395 2824 Comani-

1824 2866 1937 2915 cos,
1978 2856 2274 2921 parteciam
2320 2873 2473 2911 suam
2528 2858 2818 2920 visitando,
2873 2861 3234 2929 pervenisset.
3271 2859 3386 2914 Non

1822 2959 1950 3017 ergo
1984 2946 2126 3001 aliud
2159 2948 2262 3003 iter
2291 2950 2678 3015 meditabatur,
2702 2966 2825 3005 cum
2856 2953 2969 3007 haec
2999 2950 3289 3018 scriberet,
3330 2969 3396 3008 ac

1824 3041 2008 3097 itineri
2041 3041 2289 3106 Pontico,
2357 3043 2512 3112 cujus
2548 3043 2879 3114 suscipiendi
2911 3044 3244 3115 gravissima
3276 3046 3399 3101 sub-

1829 3142 1985 3188 erant
2014 3148 2213 3199 causae,
2254 3149 2435 3189 moras
2464 3133 2682 3189 afferret
2706 3135 2918 3189 infirma
2944 3135 3218 3192 valetudo.

1894 3224 1960 3279 ll.
1993 3224 2164 3279 Multo
2197 3227 2480 3294 graviores
2508 3224 2709 3280 Basilio
2744 3225 3007 3280 molestiae
3027 3227 3342 3281 acciderunt
3364 3242 3394 3282 a

1822 3313 2373 3380 Neoczesariensibus,
2408 3331 2572 3385 quam
2612 3316 2681 3370 ab
2721 3317 2843 3372 aliis
2872 3317 3028 3373 Ponti
3055 3319 3391 3376 civitatibus.

1822 3406 1985 3461 Erant
2024 3406 2225 3464 Basilio
2255 3424 2377 3463 cum
2414 3410 2515 3465 bac
2544 3410 2678 3465 urbe
2709 3427 2919 3481 magnae
2948 3413 3392 3470 necessitudines.

1821 3496 2059 3553 Patriam
2095 3516 2271 3566 suam,
2311 3512 2369 3555 ut
2409 3518 2570 3573 supra
2626 3504 2695 3574 (ε)
2748 3504 3003 3569 vidimus,
3037 3505 3265 3561 Pontum
3300 3521 3396 3579 ap-

1821 3589 2004 3657 pellat,
2034 3592 2158 3657 quia
2192 3593 2454 3659 puerilem
2516 3593 2913 3649 institutionem
2961 3611 3126 3667 prope
3175 3597 3392 3654 Neocae-

1822 3694 2033 3735 saream
2060 3692 2357 3750 acceperat
2388 3684 2456 3740 ab
2487 3686 2609 3739 avia
2645 3685 2905 3752 Macrina,
2943 3704 3063 3759 quite
3088 3691 3156 3760 (Γ)
3193 3690 3395 3762 Grego-

1829 3772 1966 3825 rium
2045 3774 2271 3845 ejusque
2333 3790 2678 3833 successores
2744 3780 3034 3850 magistros
3082 3797 3146 3837 ac
3212 3795 3395 3851 patres

1826 3863 2107 3922 habuerat.
2143 3865 2403 3922 Basilium
2434 3867 2666 3923 Athenis
2695 3870 2946 3925 reducem
2977 3887 3098 3925 cum
3144 3874 3294 3928 missi
3325 3890 3393 3930 ex

1825 3958 2230 4029 magistratibus
2279 3959 2439 4030 legati
2488 3960 2586 4031 (g),
2624 3967 2738 4015 tum
2795 3972 2983 4031 postea
3041 3972 3151 4018 tota
3199 3967 3395 4024 civitas

1821 4049 2150 4104 circumfusa
2223 4051 2475 4109 maximis
2550 4054 2845 4112 honoribus
2930 4056 3151 4112 allicere
3201 4072 3392 4115 conata

1822 4138 2021 4205 fuerat,
2044 4150 2104 4195 ut
2120 4141 2421 4209 iuventutis
2444 4146 2754 4201 erudienda:
2782 4147 3119 4215 provlnciam
3146 4151 3389 4219 suscipe-

1822 4238 1925 4285 ret.
1975 4230 2245 4289 Praeterea
2273 4233 2349 4306 (It)
2386 4249 2596 4289 summa
2655 4249 2872 4305 setnper
2923 4238 3214 4292 exstiterat
3253 4239 3393 4294 inter

1821 4330 2107 4393 utramque
2131 4324 2455 4389 Ecclesiam,
2480 4324 2870 4383 Cazsariensem
2900 4334 2957 4382 et
2988 4328 3391 4386 Neocaesarien-

1822 4428 1959 4479 sem,
2010 4416 2314 4471 animorum
2369 4416 2683 4482 coniunctio
2727 4436 2742 4473 :
2796 4419 3082 4492 utriusque
3112 4421 3290 4477 clerus
3326 4437 3391 4479 ac

158 4508 323 4559 atrati
362 4506 740 4577 relinquantur,
788 4514 965 4561 nostro
1018 4508 1166 4560 nobis
1199 4523 1302 4561 non
1345 4505 1579 4559 indicato
1628 4507 1717 4561 dc-
1750 4540 1793 4595 υ
1821 4504 2050 4574 populus
2074 4520 2214 4575 saepe
2234 4506 2426 4561 diebus
2455 4505 2608 4561 festis
2629 4508 2892 4566 obeundis
2922 4512 3387 4582 permiscebatur:

157 4600 293 4652 licio.
347 4597 479 4655 Sive
508 4601 670 4669 igitur
702 4597 754 4651 in
788 4596 1180 4667 Cappadociam
1232 4598 1415 4653 venire
1441 4597 1629 4663 velint,
1666 4610 1721 4655 et

159 4695 321 4765 ipsius
349 4704 577 4763 peccata
627 4693 877 4757 scrutari,
909 4703 1090 4749 utrum
1123 4693 1248 4748 talia
1278 4695 1385 4749 sint
1411 4694 1595 4764 qualia
1628 4710 1723 4748 au-

156 4788 369 4844 dierunt
397 4800 414 4851 ;
444 4786 727 4856 pollicetur
748 4799 807 4840 se
835 4797 928 4838 eos
956 4785 1163 4855 supinis
1198 4786 1452 4852 manibus
1474 4796 1723 4853 exceptu-

158 4898 295 4937 rum.
325 4879 454 4936 Sive
498 4878 675 4932 locum
724 4877 956 4948 aliquem
988 4876 1040 4929 in
1070 4874 1239 4931 Ponto
1265 4877 1549 4948 designare
1592 4894 1707 4933 ma-

158 4975 373 5040 luerint,
401 4971 638 5026 libenter
666 4984 724 5024 se
758 4984 823 5025 eo
849 4976 1133 5023 venturum
1156 5007 1171 5033 ,
1214 4976 1272 5023 ut
1299 4969 1633 5039 probandum
1661 4985 1721 5027 se

158 5077 209 5119 et
238 5060 658 5119 examinandum
688 5060 963 5114 exhibeat.

223 5154 302 5211 De
357 5162 583 5208 auctore
630 5149 1020 5205 calumniarum
1054 5151 1134 5206 sic
1183 5150 1418 5221 loquitur
1446 5150 1675 5207 Basilius
1701 5192 1719 5217 ,

159 5247 311 5316 quasi
341 5259 463 5300 eum
494 5258 602 5298 non
632 5248 838 5304 nosset,
868 5251 961 5295 aut
986 5257 1148 5295 unum
1192 5241 1423 5312 aliquem
1465 5258 1531 5298 ex
1560 5241 1720 5298 Ponti

158 5341 420 5409 episcopis
435 5352 557 5393 esse
588 5338 982 5409 suspicaretur.
1013 5335 1253 5392 Postulat
1274 5334 1419 5392 enim
1444 5344 1502 5391 ut
1524 5343 1714 5404 aperta

225 5523 302 5593 (a)
332 5520 655 5593 [ζωδιηὲΟᾷ
688 5539 742 5578 n.
775 5523 826 5577 l.

228 5591 301 5663 (δ)
340 5591 437 5663 ξιμ-
460 5591 588 5663 s05.

224 5660 295 5730 (ί)
321 5661 431 5728 Ἐρ.
458 5660 582 5730 2ης.

229 5732 305 5795 ια)
331 5730 424 5793 Ep.
449 5729 574 5787 205,
602 5746 657 5784 η.
688 5730 739 5780 4.

225 5804 295 5865 (c)
326 5798 456 5863 Cap.
487 5796 533 5845 1.

1820 4596 1923 4665 ipsi
1954 4608 2195 4667 pastores
2216 4597 2288 4651 ita
2317 4597 2460 4653 inter
2485 4614 2543 4654 se
2571 4599 2960 4671 diligebant,ut
2985 4605 3214 4660 alterum
3237 4616 3388 4661 uter-

1818 4703 1923 4758 que
1974 4689 2147 4743 instar
2208 4691 2448 4760 magistri
2503 4705 2567 4746 ac
2625 4694 2781 4749 ducis
2838 4695 3069 4751 haberet
3161 4697 3389 4755 Videtur

1818 4793 2033 4833 summa
2068 4778 2160 4833 illa
2183 4781 2423 4837 cbaritas
2460 4781 2795 4852 aliquantum
2826 4785 3109 4843 refrixisse
3134 4790 3236 4843 sub
3266 4788 3384 4842 Mu-

1820 4871 1995 4925 sonio.
2034 4871 2354 4944 Quanquam
2410 4876 2476 4941 is,
2530 4876 2630 4931 etsi
2694 4893 2847 4933 suam
2914 4880 3115 4936 Basilio
3166 4894 3385 4950 operam

1819 4965 1873 5021 in
1900 4966 2240 5023 concilianda
2273 4967 2642 5025 Ecclesiarum
2678 4988 2809 5041 pace
2833 4988 2937 5027 non
2970 4973 3227 5039 navabat,
3260 4992 3389 5029 nun-

1816 5073 1975 5127 quam
2008 5068 2189 5114 tamen
2240 5075 2359 5115 eam
2415 5062 2480 5115 ad
2514 5061 2863 5117 debellandos
2910 5064 3193 5120 haereticos
3226 5064 3388 5119 dene-

1816 5160 2081 5220 gaverat:
2134 5151 2360 5222 ejusque
2416 5162 2590 5209 morte
2646 5154 2877 5210 alllictos
2921 5154 3389 5212 Neoctesarienses

1817 5243 2177 5299 disertissima
2224 5246 2451 5316 epistola
2508 5247 2819 5304 consolatus
2861 5260 2946 5305 est
3012 5246 3246 5302 Basilius
3297 5245 3385 5315 (ὁ).

1820 5336 1925 5391 Sed
1948 5336 2059 5406 jam
2096 5348 2207 5392 tum
2238 5341 2511 5395 metuebat
2564 5355 2633 5396 ne
2678 5342 2799 5411 quis
2838 5356 2903 5396 ex
2939 5339 3249 5395 hominibus
3281 5338 3385 5393 sibi

1899 5519 1965 5587 (ι)
2000 5518 2097 5584 Ep.
2138 5518 2261 5579 eos,
2292 5535 2343 5571 ιι.
2380 5518 2431 5571 ο.

1918 5590 1968 5654 g)
1998 5589 2163 5652 Epist.
2189 5590 2310 5648 2ft),
2345 5604 2395 5637 ιι.
2421 5587 2474 5637 ‘2.

1915 5658 1967 5717 Ιι)
2004 5657 2163 5717 ιςριςι.
2189 5657 2313 5718 aut,
2345 5671 2396 5704 ιι.
2434 5654 2482 5705 7.

1889 5721 1947 5786 li)
1983 5723 2072 5785 Ep.
2102 5721 2188 5774 28,
