4080 6312
700 383 883 426 εςιιιι

2041 354 2571 413 PROLEGOMENA.

703 499 811 541 non
843 479 1035 536 amicis
1076 478 1131 533 in
1181 477 1325 531 hanc
1374 474 1554 531 sedem
1586 471 1951 529 eveheretur:
1986 472 2269 529 denuntiat
2302 477 2343 533 Α
2372 473 2473 527 mis
2496 469 2776 528 lacessitus
2802 468 3035 539 injuriis,
3066 469 3287 537 supplex
3313 468 3452 523 ultro
3474 466 3703 533 veniret,
3731 476 3916 523 etcum

703 576 847 631 enim
876 568 1410 627 Neocaeariensibus
1432 582 1583 623 suam
1617 580 1743 622 cum
1776 564 1886 621 illis
1930 562 2269 633 conjunctio-

706 683 851 733 nem,
884 671 1042 735 prout
1066 662 1165 718 sibi
1191 661 1502 731 episcopum
1521 659 1744 729 eligent,
1781 666 1878 712 aut
1902 657 2104 713 arctius
2133 670 2267 712 con-

706 760 955 812 strictum
979 753 1066 818 iri,
1100 760 1195 806 aut
1225 750 1442 820 penitus
1473 748 1796 802 relaxatum.

780 848 887 904 Usu
949 846 1123 903 evenit
1171 842 1315 913 quod
1368 841 1606 896 Basilius
1655 841 1929 895 metuebat
1971 857 1985 893 :
2030 852 2205 908 neque
2240 854 2270 893 a

704 937 1255 1000 Neocaesariensibus,
1286 950 1354 990 ex
1395 949 1503 1003 quo
1560 949 1757 987 novum
1809 933 2121 1002 episcopum
2172 932 2271 985 ha-

704 1036 891 1098 buere,
919 1032 1061 1087 ullas
1082 1028 1285 1085 amoris
1313 1036 1369 1082 et
1395 1023 1795 1079 communionis
1845 1023 2273 1096 significationes

704 1126 931 1196 accepit.
966 1123 1118 1180 Unde
1164 1119 1414 1191 queritur
1440 1116 1548 1190 (α),
1587 1115 1730 1185 quod
1779 1130 1967 1171 eorum
1996 1114 2272 1169 iracundia

706 1229 871 1274 totam
911 1215 1150 1271 hominis
1202 1220 1415 1267 atatem
1464 1210 1721 1281 perduret
1765 1226 1779 1263 :
1813 1223 2034 1263 causam
2074 1208 2275 1275 ubique

705 1312 758 1365 in
783 1310 1095 1378 episcopum
1131 1304 1350 1374 rejicit:
1380 1301 1681 1372 expostulat
1705 1299 1782 1369 (b)
1826 1315 1947 1355 cum
1970 1298 2259 1354 Neocaesa-

705 1400 1003 1460 riensibus,
1033 1396 1177 1466 quod
1235 1392 1359 1448 belli
1419 1392 1523 1447 sibi
1573 1390 1707 1446 illati
1769 1391 1959 1446 ducem
1991 1404 2181 1445 omnes
2206 1388 2272 1441 ad

702 1506 869 1545 unum
898 1496 1219 1557 sequantur.
1252 1484 1648 1552 'l‘empestatem
1681 1482 1833 1537 abiis
1855 1481 1947 1551 qui
1976 1482 2041 1534 ad
2058 1481 2270 1536 clavum

702 1580 894 1634 sedent
922 1576 1145 1633 excitari
1195 1576 1271 1629 ait
1299 1574 1395 1645 (c).
1426 1573 1600 1643 Supra
1630 1573 1939 1642 episcopum
1991 1570 2271 1625 Neocaesa-

705 1668 941 1722 riensem
974 1663 1323 1737 probavimus
1348 1676 1467 1717 esse
1497 1660 1780 1715 Atarbium
1824 1660 1997 1723 illum,
2028 1660 2119 1729 qui
2148 1674 2271 1713 cum

703 1758 962 1815 Basilium
996 1755 1340 1828 gravissimis
1388 1750 1690 1807 maledictis
1721 1753 1773 1805 in
1810 1750 1985 1805 media
2044 1750 2270 1804 ecclesia

2372 563 2674 620 hominibus
2702 562 3078 633 arrogantibus
3104 562 3333 617 demisse
3354 575 3414 617 se
3450 568 3681 630 gereret,
3716 559 3920 629 scripsit

2371 653 2439 709 ad
2464 655 2803 726 presbyteros
2829 652 3332 717 Neocaesarienses.
3368 666 3434 707 ac
3473 666 3568 722 per
3609 666 3707 707 eos
3749 650 3813 706 ad
3842 660 3918 708 to-

2374 757 2483 801 tam
2510 747 2783 802 civitatem
2812 747 2970 815 epist.
3003 746 3130 800 205.
3162 745 3419 813 Queritur
3440 745 3584 813 quod
3615 760 3739 800 cum
3769 754 3921 799 totae

2377 850 2556 895 tantas
2596 854 2717 893 cum
2750 838 2831 893 eis
2860 838 3058 893 habeat
3103 838 3523 892 necessitudinis
3552 851 3781 901 causas,
3811 847 3921 889 tan-

2372 932 2462 986 diu
2499 932 2705 986 invisus
2727 930 2809 986 eis
2829 930 2922 995 sit,
2953 945 3017 985 ac
3040 939 3325 999 utramque
3355 943 3538 984 aurem
3580 927 3921 982 calumniato-

2375 1021 2521 1077 ribus
2555 1022 2852 1091 praabeant.
2876 1019 3157 1075 Humiliter
3182 1018 3454 1075 fateturse
3473 1018 3636 1073 multa
3663 1032 3914 1088 peccare;

2375 1115 2465 1168 sed
2500 1123 2674 1184 rogat,
2698 1123 2757 1168 ut
2784 1112 2827 1168 si
2856 1112 2968 1167 vita
3001 1127 3098 1168 sua
3139 1113 3191 1168 in
3221 1112 3428 1168 crimen
3462 1119 3685 1166 vocetur
3707 1149 3723 1174 ,
3753 1124 3925 1164 coram

2375 1206 2659 1273 episcopis,
2682 1216 2775 1261 aut
2799 1220 2984 1261 coram
3008 1203 3421 1274 spectatissimis
3439 1217 3503 1255 ex
3534 1201 3801 1270 cujusque
3832 1199 3925 1255 Ec-

2374 1297 2549 1352 clesia:
2576 1297 2719 1352 clero
2748 1312 2836 1352 res
2884 1295 3224 1363 diiudicatur.
3276 1294 3427 1362 Quod
3458 1295 3502 1349 si
3532 1294 3665 1348 fides
3693 1307 3790 1347 sua
3818 1307 3928 1345 sus-

2376 1399 2525 1459 cepta
2571 1392 2660 1452 sit,
2700 1388 2933 1459 postulat
2959 1398 3016 1441 ut
3046 1386 3300 1455 scriptum
3326 1387 3649 1455 proferatur,
3674 1396 3731 1439 et
3762 1392 3819 1436 ut
3842 1398 3930 1442 nar

2376 1492 2459 1537 est
2486 1480 2841 1535 examinetur.
2900 1479 2975 1535 Ac
3002 1494 3069 1534 ne
3098 1478 3366 1532 videretur
3393 1492 3619 1532 examen
3649 1477 3922 1533 subterfu-

2376 1586 2523 1641 gere,
2555 1587 2651 1627 sua
2685 1572 2881 1641 scripta
2924 1586 3109 1625 eorum
3140 1569 3339 1637 judicio
3392 1569 3671 1637 permittit.
3724 1566 3928 1635 Scripta

2377 1662 2585 1717 videtur
2613 1662 2728 1716 haec
2760 1661 2983 1729 epistola
3010 1663 3152 1715 circa
3179 1660 3317 1714 idem
3351 1668 3561 1727 tempus
3588 1675 3651 1713 ac
3682 1661 3932 1714 ducente-

2376 1752 2512 1805 sima
2550 1751 2728 1805 tertia.
2786 1749 3091 1804 Verisimile
3147 1759 3230 1805 est
3284 1749 3426 1803 enim
3481 1746 3776 1811 Basilium,
3814 1761 3930 1802 cum

706 1817 1085 1911 lacerasseret
1110 1844 1289 1902 errori
1333 1840 1644 1898 Sabelliano
1670 1840 1829 1897 amne
1857 1841 2057 1910 aliquid
2078 1841 2273 1909 praeili—
2306 1817 2346 1871 Β
2377 1842 2531 1899 Ponti
2558 1844 2933 1914 episcoporum
2976 1841 3402 1897 benevolentiam
3434 1838 3747 1910 recolligere
3773 1853 3928 1894 conao

704 1958 862 1999 casse
892 1942 1191 2002 diceretur,
1218 1935 1515 1992 accersitus
1549 1950 1579 1989 a
1605 1932 1827 1998 Basilio,
1858 1947 1961 1986 non
1984 1931 2144 1987 modo
2169 1946 2272 1984 non

702 2034 907 2105 paruit,
947 2031 1043 2088 sed
1074 2029 1239 2086 etiam
1288 2025 1473 2082 Basilii
1526 2025 1693 2079 vitam
1741 2033 1794 2078 et
1843 2024 2143 2077 doctrinam
2194 2023 2277 2074 in-

708 2124 931 2190 sectari,
950 2122 1110 2177 fanda
1133 2130 1187 2175 et
1209 2115 1435 2173 infanda
1462 2116 1515 2171 in
1533 2131 1653 2170 eum
1676 2114 1985 2169 concionari
2014 2112 2272 2182 perrexit,

700 2228 865 2285 atque
892 2212 971 2286 (Δ)
1002 2214 1163 2268 etiam
1198 2210 1445 2265 mercede
1492 2206 1769 2269 conduxit,
1790 2207 1878 2275 qui
1901 2206 2108 2259 somnia
2136 2204 2277 2259 illius

703 2307 751 2359 fa
761 2320 860 2361 mae
888 2303 1168 2372 iniuriosa,
1189 2301 1401 2363 cmiitus
1415 2298 1517 2355 sibi
1538 2296 1714 2353 oblata
1740 2312 1864 2353 esse
1884 2299 2148 2367 fingerent
2174 2294 2270 2368 (ι).

700 2396 917 2466 Scripta
944 2394 1157 2459 Basilii,
1187 2403 1249 2447 ut
1281 2391 1564 2463 profanam
1594 2390 1914 2456 sapientiam
1950 2388 2272 2454 redolentia,

698 2486 1055 2559 exagitabat:
1103 2500 1167 2539 ae
1225 2482 1551 2540 criminandi
1606 2496 1791 2537 ansam
1837 2495 1905 2535 ex
1961 2479 2104 2535 illius
2150 2494 2273 2535 cum

702 2577 990 2634 Eustatliio
1037 2575 1420 2632 communione
1476 2572 1693 2628 videtur
1764 2571 2083 2640 arripuisse.
2136 2569 2275 2625 Cau-

703 2687 820 2726 sam
856 2668 933 2742 (ι’)
982 2667 1328 2738 inexpiabilis
1372 2666 1482 2721 odii
1510 2665 1837 2736 praetexebat
1871 2661 2127 2716 nonnulla
2153 2660 2273 2715 Cae-

702 2764 965 2819 sariensis
988 2762 1248 2817 Ecclesia!
1284 2759 1557 2827 instituta,
1599 2758 1743 2815 velut
1779 2757 2037 2828 psallendi
2087 2757 2269 2822 ritum,

702 2865 761 2910 et
786 2856 1024 2909 virorum
1065 2866 1130 2906 ac
1158 2850 1428 2919 virginum
1457 2850 1806 2913 monasteria,
1859 2863 1980 2918 quat
2031 2863 2132 2903 nec
2172 2847 2276 2904 Ec-

700 2946 881 3002 clesiae
934 2941 1361 2999 Neocaesariensi
1418 2949 1543 2995 nota
1597 2951 1753 2995 erant
1786 2976 1803 3005 ,
1862 2954 1962 2995 nec
2027 2938 2271 3010 Gregorii

704 3050 950 3109 tempore
1002 3035 1223 3091 fuerant
1273 3031 1494 3089 usitata.
1525 3030 1833 3097 Quinetiam
1866 3030 1942 3101 (g)
1985 3031 2272 3100 impudens

2376 1945 2544 2000 retur,
2578 1950 2684 1989 non
2722 1932 3027 2005 neglexisse
3057 1933 3251 1988 similia
3297 1932 3378 1987 vel
3423 1931 3604 2001 potius
3633 1929 3791 1999 longe
3820 1947 3936 2001 gra-

2374 2027 2523 2080 viora
2552 2027 2605 2081 in
2633 2025 3148 2081 Neocatsariensium
3179 2025 3371 2080 animis
3404 2023 3648 2079 vulnera.
3680 2020 3790 2077 Sed
3816 2037 3934 2077 cum

2374 2117 2600 2173 diversae
2626 2127 2811 2173 essent
2837 2118 2890 2172 in
2923 2118 3168 2188 utrisque
3190 2114 3504 2172 odcnsionis
3532 2129 3738 2180 causae,
3774 2112 3937 2169 diver-

2375 2209 2453 2263 sis
2479 2224 2613 2278 opus
2646 2208 2745 2263 luit
2768 2209 2991 2264 litteris.

2446 2299 2531 2354 ΙΙΙ.
2556 2299 2737 2354 Basilii
2774 2300 3003 2368 epistola
3048 2299 3113 2353 ad
3156 2298 3309 2355 Ponti
3347 2301 3651 2371 episcopos,
3692 2299 3785 2355 cui
3835 2313 3936 2353 non

2376 2407 2563 2463 parum
2597 2390 2829 2445 addebat
2856 2389 3111 2459 ponderis
3129 2390 3272 2445 Petri
3303 2394 3598 2464 presbyteri
3626 2391 3936 2463 prudentia,

2374 2486 2456 2540 sic
2485 2483 2693 2538 animos
2724 2482 3009 2552 permovit,
3053 2493 3110 2537 ut
3138 2485 3312 2551 parati
3358 2486 3424 2538 ad
3456 2486 3834 2554 deponendam
3863 2484 3940 2539 of-

2374 2577 2669 2634 fensionem
2721 2574 3050 2631 viderentur.
3083 2575 3263 2643 Quare
3309 2575 3539 2630 Basilius
3575 2578 3771 2632 iterum
3800 2577 3941 2631 misit

2374 2656 2497 2725 cum
2538 2669 2732 2726 litteris
2780 2667 3061 2724 Meletium
3125 2667 3499 2738 presbyterum
3532 2668 3600 2721 ad
3624 2668 3894 2735 Elpidium
3923 2706 3938 2733 ,

2374 2774 2540 2816 unum
2586 2776 2653 2817 ex
2702 2761 2971 2831 episcopis
3015 2758 3193 2824 Ponti,
3230 2760 3326 2815 sed
3360 2758 3503 2813 forte
3531 2773 3639 2814 non
3662 2772 3731 2813 ex
3758 2772 3940 2813 eorum

2375 2868 2623 2920 numero,
2646 2854 2736 2923 qui
2770 2852 2838 2908 ab
2873 2852 3129 2909 Ecclesiae
3174 2851 3526 2907 Caesariensis
3564 2848 3945 2905 communione

2374 2947 2755 3003 discesserant.
2786 2945 2987 3001 Basilio
3012 2946 3158 3001 enim
3189 2948 3421 3002 amicum
3454 2947 3509 3002 in
3560 2946 3756 3015 primis
3786 2944 3946 3001 fuisse

2374 3050 2522 3109 patet
2553 3055 2621 3093 ex
2647 3041 2749 3095 hac
2776 3050 2830 3096 et
2852 3040 3101 3110 sequenti
3138 3039 3386 3109 epistola.
3422 3039 3594 3110 Rogat
3634 3054 3766 3095 eum
3798 3038 3945 3094 Basi-

705 3131 836 3186 illud
872 3145 937 3185 os
982 3130 1050 3185 de
1066 3125 1365 3197 virginibus
1404 3122 1587 3225 Basilii
1616 3122 1867 3178 nonnulla
1892 3122 2117 3177 licenter
2142 3119 2271 3225 εξσυῖ
2302 3160 2346 3219 C
2378 3135 2481 3189 ιίυε
2503 3144 2579 3197 ιιι,
2621 3137 2665 3189 εί
2715 3137 3053 3190 necessarius
3097 3135 3145 3189 ei
3181 3136 3391 3191 videtur
3419 3151 3771 3207 congressus,
3808 3136 3946 3192 τιθεῖ.

707 3222 895 3287 tiebat,
946 3236 1065 3289 qua:
1117 3232 1275 3274 antea
1331 3233 1399 3274 ne
1444 3216 1678 3273 Satanas
1725 3216 1945 3287 quidem
2005 3213 2275 3269 mendacii

706 3324 859 3383 pater
891 3311 1135 3382 proferre
1158 3325 1320 3365 ausus
1335 3309 1533 3364 fuerat.

779 3403 949 3463 Veras
976 3403 1085 3460 odii
1122 3416 1315 3458 causas
1344 3400 1579 3458 Basilius
1631 3400 1711 3473 (It)
1757 3402 1893 3457 duas
1940 3399 2279 3470 potissimum

709 3503 904 3569 refert,
930 3499 1191 3556 invidiam
1215 3513 1361 3553 cmco
1384 3497 1507 3568 igne
1538 3507 1875 3566 carpentem,
1896 3506 1953 3550 et
1985 3504 2185 3549 metum
2214 3507 2281 3547 ne

712 3614 743 3651 a
764 3595 966 3650 Basilio
988 3592 1279 3647 Sabelliani
1312 3592 1518 3647 erroris
1551 3599 1892 3660 argueretur.
1937 3587 2140 3643 Invidia
2173 3601 2279 3640 non

713 3686 765 3740 in
798 3682 969 3739 solum
1017 3680 1275 3736 Basilium
1314 3691 1567 3749 eruperat
1599 3698 1615 3732 :
1666 3682 1763 3735 sed
1799 3681 1900 3736 hoc
1942 3681 2133 3735 morbo
2168 3686 2278 3732 tota

714 3778 949 3832 hominis
978 3775 1083 3829 vita
1120 3773 1425 3828 laborabat.
1474 3770 1778 3841 lmpietatis
1811 3780 1988 3823 autem
2021 3771 2123 3823 sibi
2151 3784 2282 3823 con-

709 3870 857 3924 scius
896 3867 1077 3922 Basilii
1107 3880 1462 3934 congressum
1525 3874 1682 3918 caute
1717 3861 1975 3931 fugiebat.
2004 3858 2107 3915 Vix
2139 3860 2281 3914 enim

711 3976 912 4032 negare
954 3964 1257 4033 potuisset,
1286 3976 1409 4013 eum
1467 3969 1633 4014 testes
1674 3958 1820 4013 illius
1863 3970 2171 4010 sermonum
2198 3969 2283 4008 es-

708 4066 830 4113 sent
863 4070 969 4109 non
1002 4052 1178 4123 pauci.
1225 4051 1483 4106 Auditum
1520 4060 1640 4104 erat
1692 4066 1759 4103 ex
1793 4064 1878 4113 eo,
1928 4063 2048 4103 cum
2078 4048 2283 4102 diceret

711 4143 789 4212 (η.
824 4142 879 4212 5)
908 4157 1100 4197 nomen
1148 4138 1448 4195 adversarii
1492 4138 1747 4193 traditum
1796 4153 1949 4200 esse,
2002 4136 2279 4207 Unigeniti

710 4249 839 4288 vero
864 4249 1219 4303 nequaquam.
1251 4232 1373 4287 llmc
1400 4230 1603 4285 Basilio
1640 4231 1896 4300 pudorem
1922 4229 2276 4291 incutiebant,

712 4324 841 4394 quia
873 4325 1311 4393 consanguineus
1356 4324 1502 4377 illius
1553 4332 1672 4377 erat
1719 4320 2014 4390 impietatis
2066 4327 2280 4371 auctor.

708 4415 845 4470 Cum
878 4420 1058 4468 autem
1091 4420 1233 4467 esset
1259 4412 1349 4466 ille
1376 4410 1459 4465 vir
1488 4411 1887 4466 indoctissiuius
1908 4448 1924 4474 ,
1957 4418 2013 4462 ut
2047 4406 2280 4461 Basilius

2382 3234 2508 3296 gnet
2536 3226 2709 3281 locum
2743 3234 2798 3281 et
2830 3234 3059 3294 tempus,
3098 3242 3266 3296 seque
3291 3236 3345 3283 et
3384 3226 3543 3283 Ponti
3567 3228 3860 3299 episcopos
3888 3242 3948 3283 ea

2381 3319 2447 3372 de
2478 3333 2535 3372 re
2556 3320 2838 3373 certiorem
2873 3315 3055 3371 faciat.
3088 3316 3315 3382 Quidam
3337 3331 3404 3371 ex
3435 3319 3538 3373 hoc
3562 3318 3946 3374 convocando-

2383 3426 2499 3466 rum
2522 3410 2900 3481 episcoporum
2944 3423 3203 3475 munere,
3247 3424 3356 3477 quo
3387 3408 3703 3477 perfunctus
3737 3420 3823 3465 est
3853 3412 3951 3467 hoc

2380 3502 2433 3557 in
2468 3500 2689 3571 negotio
2711 3500 2972 3570 Elpidius,
3000 3500 3379 3554 concluseruut
3411 3513 3535 3554 eum
3578 3501 3951 3568 metropolita-

2382 3606 2510 3644 num
2540 3589 2705 3644 fuisse
2744 3588 2923 3654 Ponti,
2956 3600 3119 3659 atque
3147 3595 3282 3643 adeo
3311 3590 3624 3659 episcopum
3679 3587 3953 3645 Neocms»

2384 3681 2616 3735 riensem
2646 3689 2701 3733 et
2744 3678 2977 3733 Musonii
3035 3693 3430 3734 successorem.
3462 3678 3571 3733 Sed
3605 3676 3728 3733 haec
3774 3679 3952 3748 opinio

2380 3770 2682 3825 consistere
2707 3785 2813 3825 non
2852 3779 3029 3840 potest
3053 3785 3175 3824 cum
3208 3770 3273 3824 iis
3306 3786 3426 3841 qua:
3454 3772 3520 3826 de
3538 3772 3799 3843 episcopo
3820 3769 3953 3825 Neo-

2389 3859 2696 3913 casariensi
2726 3858 2983 3911 diximus.
3011 3857 3190 3911 Potuit
3208 3861 3424 3927 quidem
3451 3859 3719 3929 Elpidius,
3750 3870 3810 3915 ut
3841 3869 3954 3915 erat

2382 3958 2542 4003 aetate
2576 3955 2882 4016 provectus,
2920 3944 2997 4016 (It)
3028 3948 3425 4015 metropolitani
3454 3951 3778 4019 dignitatem
3817 3951 3953 4007 obti-

2383 4056 2533 4109 nere,
2575 4055 2695 4111 quat
2737 4039 2790 4094 in
2850 4037 3024 4093 Ponto
3073 4041 3217 4094 atati
3272 4038 3635 4109 deferebatur,
3687 4044 3955 4099 interdum

2381 4134 2545 4190 etiam
2575 4133 2761 4189 virtuti
2794 4131 2910 4203 (1);
2960 4140 3018 4187 ut
3053 4130 3299 4187 Musonio
3335 4131 3565 4186 delatam
3624 4149 3792 4202 supra
3826 4136 3957 4189 vidi-

2385 4242 2522 4281 mus.
2575 4227 2682 4281 Sed
2708 4264 2724 4291 ,
2760 4227 3093 4281 utobservat
3134 4223 3533 4289 'l‘illemontius,
3585 4240 3712 4280 cum
3743 4238 3957 4297 rogetur

2386 4317 2623 4386 Etpidius
2667 4327 2725 4371 ut
2744 4325 2801 4372 et
2818 4318 3014 4372 Basilio
3033 4327 3089 4372 et
3112 4316 3374 4385 episcopis
3386 4314 3538 4371 Ponti
3556 4317 3811 4387 designet
3829 4329 3958 4372 tem-

2384 4422 2483 4477 pus
2514 4416 2569 4460 et
2601 4408 2773 4463 locum
2802 4422 3160 4478 congressus;
3204 4409 3665 4478 quemadmodum
3692 4411 3821 4466 inde
3842 4412 3953 4465 col-

709 4505 773 4576 (i)
809 4519 917 4559 non
951 4504 1184 4559 obscure
1208 4501 1433 4564 indicat,
1465 4514 1529 4555 ac
1558 4499 1737 4567 impiis
1769 4501 1880 4554 suis
1911 4496 2277 4553 cavillationl-
2319 4514 2360 4569 ο
2388 4500 2473 4570 ligi
2501 4517 2606 4557 non
2639 4512 2815 4575 potest
2846 4517 2969 4557 eum
2994 4503 3046 4557 in
3080 4503 3333 4559 Basilium
3370 4505 3491 4575 jura
3532 4507 3953 4573 metropolitana

710 4596 813 4651 bus
833 4611 903 4651 ne
934 4594 1417 4650 verisimilitudinis
1438 4591 1654 4663 quidem
1686 4590 1921 4645 colorem
1947 4590 2155 4645 illinere
2187 4603 2281 4642 va-

714 4684 850 4738 leret
876 4682 963 4752 ω,
999 4698 1213 4737 errores
1242 4697 1368 4737 suos
1419 4684 1600 4751 inepto
1648 4680 1859 4736 cuidam
1895 4680 2097 4748 scripto
2130 4694 2283 4733 man-

712 4776 953 4840 daverat,
986 4774 1129 4843 quod
1161 4773 1227 4826 ad
1257 4773 1526 4829 Meletium
1559 4773 1808 4836 missum,
1877 4779 1933 4825 et
1983 4782 2280 4826 retrorsum

713 4881 745 4919 a
776 4876 963 4921 sancto
985 4866 1124 4929 viro,
1149 4874 1206 4918 ut
1234 4878 1328 4934 par
1351 4874 1489 4929 erat,
1516 4865 1792 4933 reiectum,
1819 4863 1932 4932 ipse
1953 4861 2003 4916 in
2025 4863 2279 4927 tenebris,

717 4955 856 5010 velut
888 4968 1088 5010 matres
1121 4969 1241 5023 qua:
1266 4964 1501 5007 monstra
1555 4961 1919 5024 pepererunt,
1951 4953 2147 5011 alebat.
2184 4952 2286 5007 Pe-

717 5047 980 5101 riclitatus
1031 5046 1191 5099 etiam
1224 5044 1399 5100 fuerat
1449 5044 1501 5097 in
1543 5045 1779 5115 quadam
1822 5044 2051 5114 epistola
2089 5042 2283 5097 Anthi-

718 5154 862 5192 mum
891 5139 1244 5209 Tyanensem,
1296 5136 1574 5209 proposito
1610 5137 1843 5207 quodam
1868 5136 2114 5207 Gregorii
2145 5135 2281 5190 Neo-

717 5232 1054 5286 caesariensis
1082 5232 1416 5287 testimonio.

788 5320 1040 5387 Basilius,
1064 5322 1234 5391 quise
1265 5320 1580 5379 dedecorari
1614 5335 1716 5376 non
1758 5324 1998 5390 putabat,
2030 5324 2072 5378 si
2110 5322 2279 5375 maxi-

812 5438 865 5507 a)
896 5437 993 5506 Ep.
1020 5439 1144 5502 904,
1178 5456 1231 5493 η.
1262 5440 1314 5495 1.

814 5509 863 5578 b)
904 5509 1002 5577 Ep.
1026 5510 1154 5575 207,
1188 5527 1241 5564 ιι.
1282 5512 1333 5563 ι.

813 5584 858 5644 ε)
889 5579 987 5647 Ep.
1017 5579 1140 5640 2ft).
1169 5598 1223 5633 ιι.
1252 5582 1305 5633 2.

791 5650 867 5719 (ά)
908 5652 1001 5717 Ep.
1032 5650 1157 5713 207,
1194 5667 1245 5701 ιι.
1278 5654 1302 5701 ι

794 5718 861 5785 (es)
894 5720 986 5785 Ep.
1011 5719 1138 5780 294,
1172 5735 1224 5769 n.
1252 5718 1304 5771 5.

794 5788 860 5852 (fl
898 5785 993 5853 Ep.
1021 5788 1147 5850 207,
1176 5804 1227 5839 Il.
1257 5787 1313 5841 2.

2391 4593 2665 4661 habuisse,
2698 4595 2772 4648 ita
2797 4592 3129 4663 probabilius
3166 4606 3250 4652 est
3297 4612 3403 4651 non
3443 4596 3577 4651 alias
3603 4610 3732 4651 eum
3768 4599 3872 4654 bac
3910 4601 3959 4653 in

2390 4702 2447 4741 re
2476 4703 2635 4757 quam
2661 4685 2820 4742 amici
2853 4695 2906 4741 et
2936 4688 3251 4760 interpretis
3277 4690 3422 4744 vices
3450 4687 3787 4746 defendisse.

2457 4777 2680 4833 Difﬁcile
2703 4777 2771 4833 ad
2794 4778 3169 4849 explicandum
3200 4779 3371 4849 prima
3396 4779 3578 4847 specie
3605 4781 3845 4845 videtur,
3867 4796 3961 4835 cur

2386 4862 2616 4917 Basilius
2633 4861 2987 4919 dicatiterum
3013 4879 3041 4917 a
3064 4879 3122 4919 se
3152 4862 3424 4917 Meletium
3450 4867 3959 4936 compresbyterum

2388 4955 2546 5009 mitti.
2581 4952 2697 5009 Non
2742 4954 2886 5009 enim
2938 4955 3084 5010 illum
3126 4963 3287 5009 antea
3328 4956 3568 5023 miserat,
3611 4957 3713 5013 sed
3745 4957 3958 5011 Petrum

2386 5048 2777 5117 presbyterum.
2803 5046 2909 5101 Sed
2939 5046 3230 5100 verisimile
3266 5056 3349 5102 est
3374 5063 3496 5102 eum
3525 5048 3693 5103 simul
3717 5062 3840 5101 cum
3865 5047 3961 5103 Pe-

2386 5148 2470 5192 tro
2500 5139 2719 5192 missqu
2746 5138 2911 5193 fuisse
2934 5182 2947 5199 .
2984 5137 3084 5193 etsi
3116 5136 3288 5191 solum
3328 5137 3546 5192 Petrum
3578 5137 3830 5193 nominat
3856 5138 3956 5194 Ba-

2388 5231 2542 5285 silius
2572 5230 2625 5284 in
2652 5230 2810 5299 epist.
2833 5230 2958 5284 205.
2990 5228 3103 5284 Mos
3132 5231 3277 5283 enim
3309 5239 3426 5283 erat
3452 5243 3620 5283 unum
3652 5230 3959 5295 nominare,

2391 5321 2639 5392 quamvis
2669 5323 2773 5376 duo
2797 5323 3156 5387 mitterentur,
3187 5334 3242 5377 ut
3262 5322 3679 5379 observavimus
3704 5321 3774 5380 ad
3808 5326 3961 5397 epist.

2459 5438 2537 5504 (9)
2572 5436 2666 5505 Ep.
2690 5436 2817 5500 207,
2843 5452 2898 5490 n.
2933 5438 2989 5490 2.

2460 5508 2535 5577 (h)
2572 5506 2668 5577 Ep.
2706 5509 2828 5567 2l8,
2864 5526 2916 5559 ιι.
2941 5508 2997 5561 2.

2460 5578 2522 5642 ti)
2561 5578 2653 5643 Ep.
2686 5577 2815 5640 205,
2852 5596 2902 5631 Il.
2935 5581 2988 5639 5.
3017 5588 3069 5632 et
3089 5578 3215 5647 207,
3253 5596 3304 5634 tt.
3332 5580 3377 5632 ι.

2461 5648 2528 5715 (j)
2564 5647 2659 5714 Ep.
2688 5648 2791 5701 2l0
2814 5690 2825 5710 ,
2860 5666 2913 5702 ιι.
2943 5650 2999 5705 5.

2462 5718 2535 5785 (lt)
2569 5718 2664 5785 Ep.
2699 5716 2825 5772 206.

2467 5790 2525 5854 (ι)
2557 5788 2650 5854 Ep.
2676 5788 2765 5841 25.
