4080 6312
1464 388 1623 448 VITA
1664 390 1721 445 S.
1758 387 2023 447 BASILII.

3158 400 3364 445 ειιχιιι

136 517 255 575 ω.
292 518 427 573 Eum
455 513 619 586 paulo
643 526 769 573 ante
790 515 1028 587 ejusdem
1055 516 1266 572 itineris
1292 514 1504 575 labores
1530 521 1699 572 susti-
1734 525 1773 580 Α
1807 516 2014 585 ptione.
2047 516 2141 568 sed
2173 513 2338 578 liquet
2363 514 2624 584 scriptam
2656 529 2777 571 esse
2817 512 3017 570 homini
3062 513 3241 584 praelia
3272 527 3372 585 pro

142 613 339 671 nuisse,
373 607 502 662 inde
524 609 688 664 etiam
716 608 1025 664 conllrmari
1061 619 1258 677 potest,
1294 608 1439 675 quod
1474 607 1706 662 Basilius

142 702 186 752 ei
215 710 442 763 parcere
479 706 747 752 statuerat
776 696 847 749 ob
875 698 1059 753 carnis
1098 696 1468 749 infirmitatem
1494 736 1509 760 ,
1543 710 1705 765 quam

143 788 239 839 sibi
272 800 467 855 sponte
495 789 821 849 adsciverat,
864 801 1083 843 carnem
1132 786 1183 838 in
1217 786 1530 839 servitutem
1568 787 1707 842 redi-

144 890 272 945 gens
297 879 368 933 ob
393 876 739 947 Evangelium
768 878 1007 944 Christi;
1045 878 1138 932 sed
1172 892 1293 930 cum
1313 876 1416 931 sibi
1445 876 1706 932 decorum

145 984 261 1025 esse
303 971 624 1038 intelligeret
668 968 929 1036 Elpidium
974 984 1068 1036 per
1118 966 1385 1035 ejusmodi
1435 968 1708 1024 hominem

147 1061 400 1119 salutare,
434 1073 498 1111 ac
526 1057 640 1126 ipse
668 1057 933 1124 Mcletius,
954 1074 1018 1112 ex
1036 1073 1141 1126 quo
1164 1069 1387 1114 noverat
1415 1058 1708 1128 Elpidium,

148 1164 341 1218 magno
379 1147 524 1201 illius
555 1149 767 1202 videndi
810 1147 1076 1202 desiderio
1122 1158 1430 1213 teneretur;
1473 1149 1714 1203 exoravit

147 1253 265 1293 eum
307 1236 558 1299 Basilius,
588 1246 645 1291 ut
668 1238 864 1291 iterum
892 1238 943 1293 in
986 1237 1215 1294 Pontum
1255 1241 1709 1310 proﬁcisceretur.

214 1328 478 1394 Quamvis
514 1328 740 1384 Basilius
764 1346 861 1399 pro
896 1346 1106 1385 summa
1148 1349 1241 1387 sua
1295 1334 1599 1389 urbanitate
1636 1334 1716 1389 io~

150 1435 267 1474 cum
296 1429 351 1473 et
398 1428 608 1490 tempus
657 1436 978 1493 congressus
1018 1423 1226 1491 Elpidio
1276 1425 1712 1480 constituendum

154 1515 459 1582 relinquat,
499 1517 641 1571 dedit
667 1528 840 1570 tamen
874 1518 926 1569 iu
958 1517 1222 1572 mandatis
1253 1517 1488 1582 Meletio,
1524 1526 1582 1570 ut
1605 1519 1717 1586 epi-

152 1608 327 1677 sc0pis
377 1610 715 1662 demonstret
778 1608 1216 1675 percommodum
1281 1609 1386 1664 sibi
1431 1606 1609 1661 locutu
1665 1618 1719 1663 et

156 1710 363 1768 tempus
394 1699 534 1760 fore,
565 1700 610 1751 si
646 1708 773 1751 tunc
808 1713 1128 1771 congressus
1174 1701 1349 1764 ﬁeret,
1380 1714 1501 1754 cum
1538 1713 1717 1769 parce-

154 1792 245 1842 ciae
283 1806 399 1841 suae
427 1802 594 1858 pagos
640 1789 862 1843 visitans
900 1792 965 1843 ad
992 1789 1317 1844 Comanicos
1362 1790 1497 1847 lines
1524 1806 1717 1862 perve-

1807 606 2010 662 Basiiio
2038 603 2357 668 sustinenti,
2379 617 2434 661 et
2467 606 2606 661 inter
2627 604 2902 660 hominum
2923 618 3091 675 genus
3114 604 3370 665 versanti,

1806 701 1896 768 qui
1922 696 2124 753 Basilio
2153 695 2307 749 valde
2347 698 2756 754 succensebant.
2809 697 2964 752 Unde
2994 703 3242 765 precatur
3266 692 3370 747 Ba-

1809 788 1977 853 silius,
2011 796 2153 843 utet
2190 784 2279 840 ille
2322 784 2464 839 idem
2503 795 2838 853 permaneat,
2871 796 2925 840 et
2974 785 3062 841 isti
3120 785 3372 840 meliores

1812 878 1961 932 ﬁanL

1885 966 1949 1022 V.
1979 970 2278 1039 Antequam
2297 966 2528 1022 Basilius
2556 968 2607 1021 in
2646 962 2871 1025 Pontum
2915 967 3370 1039 proficisceretur,

1813 1060 2110 1116 celebravit
2130 1063 2271 1116 diem
2313 1058 2509 1115 festum
2538 1057 2599 1114 S.
2629 1058 2936 1129 Eupsychii,
2989 1061 3076 1115 cui
3130 1060 3374 1115 interfuit

1812 1151 2246 1221 Amphilochius,
2295 1160 2355 1206 ut
2377 1149 2692 1219 jamdudum
2720 1164 2932 1219 rogatus
2964 1169 2992 1207 a
3028 1151 3229 1206 Basilio
3256 1152 3375 1207 fueo

1815 1251 1917 1297 rat.
1942 1242 2060 1298 iam
2084 1244 2388 1299 absolutum
2402 1251 2669 1309 eratopus
2686 1242 2749 1295 de
2771 1239 2972 1311 Spiritu
2998 1255 3203 1305 sancto.
3234 1244 3377 1312 quod

1816 1333 2047 1389 Basilius
2082 1336 2247 1405 ipsius
2270 1335 2487 1389 hortatu
2516 1344 2830 1402 susceperat
2850 1340 2889 1398 ς*
2911 1337 3003 1388 sed
3038 1339 3248 1391 videtur
3280 1331 3379 1389 Ba-

1818 1426 1972 1482 silius
2002 1426 2130 1481 illud
2170 1426 2410 1497 relegere
2442 1434 2494 1479 et
2521 1435 2821 1480 extremam
2857 1440 3069 1478 manum
3097 1427 3375 1497 imponere

1820 1517 2081 1580 voluisse,
2113 1531 2177 1571 ac
2226 1517 2430 1572 idcirco
2462 1514 2810 1571 auferendum
2847 1516 3223 1585 Amphilochio
3269 1535 3377 1575 non

1817 1609 2048 1665 dedisse.
2085 1606 2223 1673 Quin
2263 1606 2425 1661 etiam
2454 1624 2574 1661 cum
2614 1616 2799 1676 postea
2834 1607 2989 1662 vellet
3022 1610 3385 1671 tuitlerc,mo-

1820 1714 1935 1753 ram
1973 1697 2273 1751 attulerunt
2304 1697 2423 1749 data
2454 1696 2692 1750 librariis
2720 1695 2789 1750 ab
2821 1694 3196 1765 Amphilochia
3225 1712 3380 1749 mana

1822 1794 1968 1857 data,
2025 1801 2082 1844 ut
2114 1788 2261 1843 hunc
2309 1788 2503 1842 librum
2540 1789 2591 1841 in
2627 1788 2958 1843 membranis
2992 1788 3381 1845 describerent.

157 1881 336 1931 uisset.
364 1877 423 1933 id
449 1881 593 1932 enim
626 1880 693 1933 ab
726 1881 992 1947 episcopis
1023 1879 1254 1937 Basilius
1296 1885 1517 1952 petiisse
1550 1899 1607 1939 se
1636 1884 1717 1937 di-
1751 1872 1791 1925 Β
1825 1880 1943 1935 Haec
1973 1882 2330 1952 perspicimus
2357 1894 2423 1933 ex
2463 1878 2639 1932 verbis
2662 1880 2898 1947 epistola:
2925 1881 3049 1945 25!,
3078 1896 3197 1949 quae
3220 1895 3381 1948 supra

156 1970 220 2023 cit
253 1972 305 2023 in
346 1972 577 2041 epistola
624 1973 894 2039 sequenti,
930 1989 1133 2043 eosque
1166 1977 1421 2031 annuisse
1470 1984 1619 2046 patet
1650 1991 1716 2030 ex

156 2068 335 2117 cadent
371 2065 631 2134 epistola,
662 2061 714 2115 in
742 2079 845 2134 qua
879 2066 1145 2134 Elpidium
1185 2071 1395 2137 nepotis
1423 2079 1598 2125 morte
1638 2069 1721 2124 af-

158 2154 355 2210 ﬂictum
400 2158 727 2223 consolatur,
764 2176 827 2215 ac
872 2172 1022 2231 rogat
1060 2173 1118 2215 ut
1165 2178 1230 2217 ne
1258 2164 1401 2218 illius
1425 2166 1575 2219 dolor
1604 2182 1719 2237 spe-

161 2258 328 2299 ratum
349 2250 416 2300 ad
439 2248 761 2306 Comanicos
788 2252 920 2305 lines
947 2266 1293 2320 congressum
1320 2253 1646 2323 interpellet.

223 2340 308 2397 tv.
336 2340 559 2397 Litteris
591 2343 773 2397 Basilii
825 2344 956 2396 nihil
997 2322 1391 2412 responderunt
1421 2322 1720 2416 presbyteri

162 2430 640 2497 Neocaesarienses,
684 2447 748 2488 ac
785 2432 1000 2487 silentio
1044 2448 1142 2489 suo
1190 2436 1419 2504 gratiam
1471 2452 1529 2490 se
1584 2439 1723 2492 inire

163 2526 312 2579 malle
340 2525 413 2578 ab
440 2524 696 2593 episcopo
729 2539 849 2592 suo,
875 2540 1037 2597 quam
1077 2543 1264 2598 aequos
1282 2543 1339 2582 se
1358 2526 1555 2584 Basilio
1586 2545 1725 2600 prie-

164 2616 283 2668 bere
310 2616 706 2684 signilicaruut.
734 2615 856 2671 Haec
883 2618 1078 2688 agendi
1122 2620 1262 2675 ratio
1303 2621 1585 2677 videbatur
1618 2622 1721 2677 Ba-

166 2707 334 2759 siliuni
369 2710 665 2774 adhortari,
695 2720 752 2764 ut
778 2712 1015 2764 vicissim
1040 2713 1154 2781 ipse
1182 2716 1591 2769 conticesceret.
1617 2717 1722 2771 Sed

166 2810 279 2851 cum
309 2798 599 2853 calumniis
622 2814 682 2853 se
713 2802 888 2869 appeti
915 2802 1147 2868 videret,
1184 2818 1245 2857 ac
1268 2814 1528 2873 prater-ea
1566 2806 1723 2862 Iidem

165 2886 229 2938 ab
278 2886 535 2956 episcopo
590 2886 1010 2945 Neoczesariensi
1059 2894 1328 2959 perverti,
1388 2895 1558 2948 satius
1606 2912 1727 2952 esse

168 2978 309 3031 duxit
336 2979 644 3034 animarum
663 2980 820 3038 saluti
848 2981 1153 3039 consulere.
1181 2981 1382 3039 Scribit
1414 2987 1598 3056 itaque
1619 2987 1727 3043 cle-

170 3072 289 3124 ricis
316 3068 872 3139 Neocmsarieusibus,
914 3089 1116 3145 eosque
1150 3078 1401 3131 hortatur
1428 3089 1486 3133 ut
1520 3096 1585 3134 ne
1607 3080 1723 3147 ple-

169 3161 281 3212 bem
347 3164 531 3228 pravis
600 3164 880 3217 erroribus
934 3166 1154 3219 Sabellii
1207 3169 1373 3221 imbui
1433 3171 1723 3238 patiantur.

170 3250 507 3306 Demonstrat
541 3267 890 3322 congressum
928 3272 1082 3309 suum
1120 3272 1223 3311 nou
1263 3258 1369 3313 alio
1407 3262 1632 3315 consilio
1664 3265 1731 3316 ab

167 3356 344 3399 eorum
375 3346 637 3415 episcopo
661 3345 938 3409 declinari,
967 3348 1065 3401 nisi
1104 3350 1246 3418 quod
1278 3361 1502 3415 metuat,
1525 3367 1732 3421 nepra-

168 3447 349 3488 vorum
379 3438 695 3506 dogmatum
724 3436 940 3492 nomine
964 3450 1244 3508 arguatur.
1265 3440 1411 3494 Illius
1440 3442 1730 3510 impuden-

173 3526 293 3577 tiam
324 3530 592 3595 exagitat,
628 3531 771 3599 quod
803 3531 1009 3585 somnia
1049 3542 1102 3586 et
1133 3534 1244 3587 visa
1277 3532 1479 3603 lingere
1507 3536 1728 3603 audeat,

174 3627 223 3668 ut
246 3613 432 3669 Basilii
464 3619 744 3686 doctrinm,
772 3630 1022 3691 tanquam
1055 3624 1393 3693 perniciosm,
1422 3626 1600 3681 odium
1626 3627 1731 3681 im-

172 3716 361 3776 portet.
394 3708 532 3763 Cum
567 3709 691 3763 belli
724 3711 1079 3779 implacabilis
1107 3729 1286 3768 causa:
1321 3716 1507 3770 inanes
1532 3718 1733 3786 prol'er—

174 3809 370 3862 rentur,
409 3798 673 3865 psallendi
707 3800 844 3854 ritns
878 3812 931 3852 et
959 3803 1279 3856 monasteria
1303 3842 1319 3867 ,
1359 3806 1596 3858 declarat
1630 3805 1735 3859 Ba-

174 3888 315 3941 silius
340 3903 402 3943 se
434 3890 547 3943 hac
575 3889 819 3942 instituta
844 3904 1050 3958 magna:
1086 3890 1229 3946 laudi
1255 3893 1455 3946 ducere
1482 3907 1498 3947 :
1534 3904 1731 3949 etcum

175 3981 462 4047 objicerent
485 3982 600 4035 haec
628 3980 875 4052 Gregorii
912 3993 1155 4053 tempore
1196 3999 1300 4037 non
1335 3984 1528 4052 fuisse,
1555 3985 1734 4041 oblata

174 4074 452 4128 occasione
471 4076 823 4138 demonstrat,
846 4060 1110 4143 qu'antuiu
1138 4091 1325 4130 eorum
1347 4090 1523 4132 mores
1545 4090 1575 4129 a
1605 4076 1737 4132 Grec

177 4163 303 4232 gorii
333 4167 515 4234 magni
550 4166 791 4219 moribus
815 4165 1148 4221 deﬂexerint.
1192 4168 1457 4222 Craterum
1488 4178 1735 4238 paratum

178 4270 228 4307 se
260 4270 380 4310 esse
419 4257 664 4312 declarat
703 4258 945 4327 privatas
998 4258 1229 4327 injurias
1262 4260 1563 4313 voluntaria
1596 4261 1736 4314 obii‘

179 4349 324 4401 vione
352 4358 658 4416 conterere,
696 4351 853 4402 modo
898 4348 1027 4403 fides
1056 4351 1119 4409 in
1148 4360 1260 4404 tuto
1287 4352 1378 4415 sit,
1414 4352 1735 4421 hypostases

180 4452 275 4490 non
308 4449 644 4505 evertantur,
684 4441 885 4497 Christi
918 4456 1110 4495 nomen
1140 4457 1244 4495 non
1278 4442 1589 4510 abuegetur,
1638 4457 1735 4497 nec

1829 1972 2131 2025 retulimus.
2160 1972 2415 2026 Basilium
2453 1969 2833 2025 Tillemontius
2862 1982 2985 2025 ante
3014 1973 3151 2027 diem
3184 1972 3381 2027 festum

1827 2061 1885 2117 S.
1918 2063 2205 2133 Eupsychii
2237 2064 2287 2117 in
2318 2063 2545 2117 Pontunt
2580 2062 2857 2116 existimat
2894 2063 3188 2132 profectum
3237 2076 3379 2120 esse.

1828 2154 1934 2209 Sed
1972 2154 2086 2208 hac
2130 2154 2396 2207 sententia
2434 2154 2710 2209 conciliari
2758 2167 2861 2208 non
2901 2164 3072 2223 potest
3109 2170 3228 2208 cum
3270 2172 3385 2225 ept-

1826 2245 1961 2300 stola
1990 2244 2116 2310 215,
2149 2245 2328 2298 statim
2354 2255 2472 2314 post
2496 2247 2720 2299 reditum
2750 2246 2977 2315 scripta,
3023 2247 3073 2300 iu
3104 2263 3205 2317 qua
3234 2245 3388 2303 Basi-

1830 2336 1932 2391 lius
1971 2336 2248 2391 denuutiat
2274 2334 2541 2390 DorOIbeo
2577 2336 2801 2390 Romam
2834 2338 3114 2406 cogitanti,
3142 2340 3242 2392 hoc
3286 2340 3387 2393 iter

1837 2427 2013 2479 hieme
2039 2426 2227 2480 confici
2256 2443 2358 2481 non
2389 2441 2548 2497 posse
2575 2444 2589 2493 ;
2622 2428 2762 2497 quod
2791 2430 3007 2498 quidem
3037 2430 3268 2485 absurde
3301 2431 3385 2485 di-

1830 2528 1972 2571 ctum
2003 2518 2193 2573 fuisset
2226 2531 2349 2574 ante
2386 2537 2621 2577 mensem
2656 2521 3048 2592 Septembrem.
3086 2522 3177 2579 Sic
3220 2526 3382 2578 etiam

1832 2611 1884 2666 in
1923 2611 2144 2681 epistola
2165 2611 2291 2670 2l5.
2316 2627 2477 2681 quam
2512 2615 2682 2668 reditu
2718 2631 2815 2669 suo
2868 2618 3111 2683 protinus
3150 2617 3387 2686 scripsit,

1830 2716 1949 2755 cum
2006 2711 2224 2770 rogatus
2281 2701 2473 2757 luisset
2517 2712 2573 2756 ut
2620 2703 2672 2756 in
2710 2702 3142 2773 Mesopotamiam
3176 2719 3235 2760 se
3260 2721 3389 2760 con-

1832 2794 1997 2848 ferret
2027 2836 2041 2860 ,
2072 2811 2267 2864 corpus
2288 2814 2442 2851 suum
2471 2797 2594 2851 huic
2617 2795 2795 2852 itineri
2824 2796 3265 2853 hieme‘faciendo
3296 2800 3393 2853 lm-

1832 2899 1930 2953 par
1954 2900 2075 2939 esse
2106 2886 2256 2939 dicit.
2284 2885 2549 2940 Praeterea
2587 2888 2639 2941 in
2672 2890 2933 2955 prooemio
2962 2888 3201 2957 epistola:
3219 2890 3393 2942 tertiae

1832 2976 2129 3039 canonice,
2180 2976 2321 3045 quod
2373 2974 2604 3029 Basilius
2652 2976 2844 3030 itinere
2893 2974 3115 3031 Pontico
3145 2976 3394 3034 defessus

1835 3066 2125 3128 scribebat,
2158 3081 2410 3134 magnum
2445 3066 2657 3120 videndi
2685 3065 3043 3138 Amphilochii
3069 3068 3391 3125 desiderium

1834 3158 2129 3230 signilicat,
2180 3172 2348 3228 Seque
2383 3159 2613 3212 libenter
2661 3160 3075 3228 Euphemiadcm
3103 3167 3389 3227 venturum

1759 3233 1801 3289 (ἶ
1839 3251 2129 3321 promittit,
2160 3248 2207 3305 si
2234 3265 2299 3303 eo
2336 3248 2746 3319 Amphilochius
2785 3250 3039 3303 accedere
3059 3264 3163 3303 non
3204 3264 3394 3318 graved-

1834 3352 1938 3395 tur.
1976 3343 2082 3398 Sed
2129 3342 2173 3397 si
2226 3340 2461 3396 instabat
2499 3341 2615 3395 dies
2662 3340 2829 3395 festus
2873 3339 2931 3393 S.
2963 3340 3268 3414 Eupsgcbii,
3294 3351 3395 3397 cur

1834 3446 1937 3484 non
1971 3431 2165 3483 iterum
2208 3431 2638 3500 Amphilochium
2690 3430 2921 3483 invitat?
2973 3429 3088 3484 Jam
3116 3432 3256 3485 enim
3305 3434 3394 3485 in-

1833 3524 2094 3577 vitaverat
2123 3521 2281 3590 paulo
2307 3531 2427 3590 post
2455 3521 2681 3577 Pascha.
2708 3521 2839 3575 Nam
2861 3523 3025 3576 etiam
3059 3524 3101 3577 si
3132 3527 3234 3578 iter
3256 3521 3395 3578 Pon-

1835 3614 1995 3669 ticum
2024 3623 2148 3668 ante
2171 3612 2544 3682 Septembrem
2573 3614 2822 3668 collocari
2871 3625 3075 3684 posset,
3115 3625 3260 3670 certe
3289 3631 3394 3672 non

1834 3707 2001 3761 multo
2030 3718 2155 3763 ante
2187 3725 2200 3763 :
2242 3708 2513 3778 siquidem
2546 3709 2778 3761 maxima
2811 3721 2937 3776 pars
2964 3708 3222 3773 temporis
3256 3725 3284 3762 a
3309 3710 3394 3763 die

1832 3794 2053 3851 Pascha.
2096 3814 2267 3869 usque
2301 3799 2366 3852 ad
2399 3800 2499 3852 hoc
2535 3807 2745 3868 tempus
2774 3798 2826 3852 in
2872 3798 3085 3862 itinere,
3124 3800 3265 3869 quod
3296 3800 3395 3853 ba-

1832 3892 1945 3943 buit
1986 3888 2216 3945 Basilius
2250 3892 2301 3944 in
2348 3890 2629 3954 Pisidiam,
2658 3882 2869 3944 deinde
2914 3889 2965 3943 in
3001 3889 3283 3946 visitandis
3307 3904 3399 3961 pa-

1834 3984 2016 4038 rmcize
2053 3983 2326 4048 ecclesiis,
2371 3984 2423 4038 in
2464 3981 2803 4038 conticiendo
2837 3982 3029 4036 itinere
3061 3980 3286 4037 Pontico
3316 3984 3397 4037 inc

1833 4072 1970 4125 sumi
2003 4073 2295 4128 debuisset.

1906 4162 2128 4216 Videtur
2156 4162 2386 4219 Basilius
2418 4180 2481 4220 ex
2526 4164 2627 4219 hoc
2671 4165 2862 4219 itinere
2906 4173 3119 4235 optatos
3152 4163 3301 4234 pacis
3338 4172 3396 4220 et

1833 4254 2135 4310 concordia:
2162 4256 2370 4310 fructus
2400 4257 2729 4327 percepisse.
2772 4258 2929 4310 Anno
2973 4257 3117 4311 enim
3150 4257 3395 4325 sequenti

1835 4348 2028 4401 invitat
2070 4346 2225 4402 Ponti
2266 4350 2548 4419 episcopos
2593 4349 2693 4419 (ὁ),
2726 4359 2783 4403 ut
2813 4350 3090 4419 antiquam
3125 4352 3396 4405 memoria:

1834 4436 1893 4494 S.
1940 4438 2232 4510 Eupsychii
2283 4441 2547 4495 obeunda!
2593 4440 3038 4494 consuetudinem
3076 4440 3142 4495 de
3187 4442 3397 4509 integro

178 4524 411 4597 Gregorii
448 4531 608 4581 verba
638 4531 821 4598 pravis
844 4531 1383 4601 interpretationibus
1415 4543 1729 4601 pervertan-
1762 4570 1806 4626 Ι)
1836 4542 2101 4599 repetant.
2119 4531 2289 4584 Aliam
2310 4548 2530 4585 causam
2567 4531 2716 4585 addit
2747 4529 3141 4595 Tillemontius,
3171 4531 3314 4600 quod
3337 4546 3397 4587 se

180 4623 258 4669 tur
293 4634 308 4671 :
339 4617 539 4686 quibus
562 4620 738 4673 verbis
768 4620 1320 4676 subindicatBasilius
1346 4636 1464 4690 qua:
1492 4623 1731 4691 apertius

180 4712 386 4774 exponit
420 4709 475 4763 in
511 4709 738 4778 epistola
764 4710 889 4778 ill),
919 4728 974 4767 n.
1001 4713 1056 4777 ὅ,
1080 4714 1146 4767 de
1170 4713 1427 4782 episcopo
1451 4710 1734 4767 Neoczesa-

182 4798 355 4867 ficosi,
381 4816 452 4856 ex
478 4816 586 4871 quo
614 4803 853 4856 auditqu
891 4804 1088 4867 fuerat.
1128 4820 1250 4859 cum
1278 4806 1506 4870 diceret,
1537 4820 1731 4861 nomen

186 4888 449 4960 Cnigeniti
482 4893 740 4948 traditum
775 4908 879 4947 non
901 4910 1043 4961 esse,
1066 4897 1160 4952 sed
1195 4910 1388 4950 nomen
1412 4896 1728 4951 adversarii.

245 4984 369 5037 Dua:
394 4994 681 5054 sequentes
711 4986 950 5054 epistolae
979 4989 1228 5042 videntur
1257 4990 1322 5043 ad
1357 4989 1486 5043 illud
1512 4999 1730 5060 tempus

184 5079 464 5143 pertinere,
490 5093 596 5147 quo
621 5077 967 5134 Neocaesarea
986 5080 1178 5135 bellum
1210 5081 1474 5137 inferebat
1501 5081 1729 5135 Basilio.

184 5168 353 5221 Prima
381 5170 584 5238 scripta
608 5182 692 5224 est
720 5168 980 5225 Eulaucio
1009 5173 1084 5243 (a)
1106 5210 1123 5237 ,
1162 5175 1412 5241 scpliista:
1447 5174 1727 5227 Neocaesa-

185 5260 359 5323 rieusi,
381 5260 473 5329 qui
504 5274 624 5314 cum
657 5261 858 5330 jamdiu
887 5262 1021 5316 nihil
1058 5264 1319 5318 scriberet
1352 5265 1571 5329 Basilio,
1612 5279 1724 5318 me-

187 5353 352 5407 tuendi
376 5356 557 5409 locum
599 5353 880 5421 afferebat,
926 5372 993 5411 ne
1029 5355 1287 5410 Basilium
1322 5354 1728 5410 Neoczesarien-

185 5450 312 5500 tium
350 5464 513 5504 causa
544 5451 723 5506 odisse
746 5454 1020 5521 cepisset,
1045 5453 1136 5522 qui
1164 5461 1317 5507 antea
1349 5451 1528 5505 Basilii
1563 5466 1726 5507 causa

186 5537 691 5596 Neocaasariensibus
721 5542 925 5596 invisus
954 5557 1091 5599 erat.
1128 5543 1311 5599 Altera
1351 5554 1507 5600 caret
1532 5540 1727 5599 inscrio'

247 5714 318 5855 ὃ)
343 5715 435 5796 Ep.
460 5714 582 5770 208.

300 5794 316 5853 )
348 5787 443 5855 [ψ.
474 5785 582 5839 252

300 5794 316 5853 )
348 5787 443 5857 Ep.
474 5785 598 5841 252.

484 5883 754 5943 Panos.
786 5881 903 5940 tia.
947 5878 1176 5943 XXIX.

1839 4625 2166 4675 medocriter
2180 4623 2422 4692 amictum
2440 4639 2470 4678 e
2490 4623 2659 4677 Ponto
2684 4624 2909 4677 rediisse
2921 4622 3063 4675 dicat
3086 4622 3180 4692 (r):
3205 4638 3268 4677 ex
3291 4639 3398 4693 quo

1838 4713 2041 4783 colligit
2068 4715 2413 4769 doctissimus
2446 4714 2681 4783 scriptor
2722 4712 3185 4768 Neocmsarieuses
3227 4716 3395 4771 mole-

1838 4806 1972 4861 stias
2001 4806 2183 4877 aliquo
2211 4823 2240 4861 a
2285 4808 2571 4863 maritimis
2610 4807 2877 4876 episcopis
2912 4807 3104 4863 solatio
3144 4825 3397 4880 compen-

1839 4909 1985 4953 satas
2019 4902 2227 4963 fuisse;
2273 4900 2470 4970 alioqui
2512 4914 2616 4953 non
2663 4900 2985 4953 mediocrem
3034 4900 3215 4955 Basilii
3253 4901 3397 4957 futuo

1841 5005 1957 5043 rum
1994 4991 2181 5055 fuisse,
2205 4993 2299 5045 sed
2327 4993 2620 5046 maximum
2663 5006 2970 5047 mmrorem.
3011 4992 3210 5047 Verum
3268 4996 3397 5050 illud

1841 5082 2095 5154 μετρίως,
2122 5084 2262 5151 quod
2296 5083 2472 5137 fucum
2504 5082 2631 5138 fecit
2662 5082 3027 5150 Tillemontio,
3066 5100 3169 5139 non
3195 5087 3400 5140 medio-

1838 5188 2009 5235 crem,
2040 5175 2133 5226 sed
2160 5188 2381 5243 gravem
2417 5174 2656 5228 dolorem
2682 5175 2977 5245 significat,
3008 5176 3140 5230 utin
3170 5184 3295 5231 nota
3331 5179 3396 5232 ad

1838 5261 1981 5316 hunc
2008 5262 2181 5317 locum
2205 5264 2633 5321 observavimus.

1908 5352 2022 5408 Non
2052 5354 2193 5408 enim
2236 5356 2557 5410 mediocrem
2604 5356 2842 5412 dolorem
2891 5358 3109 5413 inurere
3148 5364 3399 5428 poterant

1835 5456 1955 5513 qua:
1983 5444 2345 5502 Neoctesarea:
2380 5448 2432 5501 in
2455 5445 2713 5502 Basilium
2745 5450 3203 5517 commissajsunt.
3237 5448 3399 5506 Post-

1837 5554 1997 5609 quam
2027 5542 2136 5610 egit
2169 5556 2290 5595 cum
2314 5542 2583 5611 episcopis
2610 5542 2901 5599 maritimis
2924 5558 3043 5612 qua:
3065 5544 3165 5601 sibi
3200 5556 3401 5613 propo~

1913 5717 1981 5787 (a)
2016 5720 2107 5789 Ep.
2137 5718 2262 5774 an.
