4080 6312
676 366 872 404 (ῖλ-γκιν

2015 318 2540 379 PROLEGOMENA.

677 469 851 516 suerat
877 494 895 520 ,
925 450 1332 521 respirationem
1357 446 1588 512 aliquam
1610 457 1638 494 a
1664 442 1894 511 negotiis
1918 448 2105 493 nactus
2132 435 2227 503 (τι),
2261 440 2307 491 Α
2338 446 2451 482 [ηπ
2502 420 2980 480 exercitationibus
3021 421 3208 480 cbaro,
3259 424 3310 466 et
3341 414 3392 466 in
3421 428 3646 486 corpore
3678 411 3880 468 infirme

675 550 902 606 contulit
941 560 997 599 se
1027 545 1092 597 ad
1132 542 1273 596 a-des
1304 538 1487 594 fratris
1521 535 1691 597 Petri,
1724 550 1843 603 quae
1876 546 2039 599 prope
2077 529 2229 581 Neo-

677 653 966 697 ctesaream
993 636 1109 690 sita:
1138 644 1314 687 erant.
1340 631 1493 685 Hunc
1521 630 1663 683 enim
1694 628 1867 680 locum
1886 628 1938 679 in
1962 620 2236 676 amoribus

680 730 1089 792 habebat,'tum
1124 724 1251 792 quia
1288 720 1355 772 ibi
1393 720 1533 785 apud
1578 718 1753 771 aviam
1784 712 2007 769 matrem
2040 710 2237 762 educa-

684 834 769 874 tus
799 816 976 877 infans
1028 816 1226 873 fuerat.
1275 825 1340 864 ac
1386 822 1570 879 postea
1618 806 1801 874 plures
1841 818 2010 859 annos
2042 801 2236 853 ibidem

684 910 866 981 procul
898 924 925 961 a
955 908 1201 961 civilibus
1228 903 1386 958 undis
1415 900 1842 971 philosophando
1880 895 2189 948 traduxerat
2220 933 2235 956 ,

688 978 795 1053 inm
845 998 968 1066 quia
1020 995 1085 1048 ibi
1139 993 1371 1045 instituti
1422 990 1487 1041 ab
1524 1002 1591 1041 eo
1639 983 1885 1041 monachi
1915 983 2012 1035 sub
2058 978 2241 1031 fratris

686 1092 828 1146 Petri
859 1088 1139 1156 disciplina
1157 1084 1445 1151 degebant.
1471 1082 1540 1134 At
1558 1082 1644 1135 ubi
1672 1077 1923 1131 Basilium
1948 1089 2012 1127 eo
2035 1071 2244 1124 venisse

690 1176 1211 1235 Neocaesariensibus
1236 1172 1537 1227 nuntiatum
1567 1179 1671 1231 est,
1717 1176 1827 1218 tum
1862 1179 1987 1217 vero
2027 1161 2241 1230 quidam

689 1272 954 1329 mendacii
995 1269 1232 1324 artifices
1264 1265 1613 1319 clamitarunt
1648 1259 1903 1312 Basilium
1953 1256 2006 1309 in
2058 1253 2241 1307 urbem

688 1374 998 1427 venturum,
1030 1356 1307 1414 uterroris
1338 1362 1587 1424 argueret
1630 1365 1766 1418 quos
1804 1363 1868 1402 eo
1914 1344 2131 1400 nomine
2157 1356 2246 1395 su-

691 1456 992 1526 perioribus
1028 1450 1219 1504 litteris
1249 1452 1617 1506 accusaverat,
1650 1455 1811 1505 seque
1837 1437 2031 1505 populo
2061 1432 2250 1489 vendi-

694 1522 851 1598 taret.
887 1544 1069 1607 Itaque
1098 1538 1329 1590 tumultu
1360 1535 1553 1589 civitas
1591 1530 1818 1598 repleta,
1850 1528 1969 1581 aliis
1993 1522 2249 1594 fugienti-

694 1643 815 1702 bus,
852 1634 971 1687 aliis
1021 1630 1325 1686 clanculum
1364 1625 1808 1697 egredientibus:
1857 1629 1911 1675 et
1957 1617 2145 1673 harioli
2188 1630 2252 1668 ac

696 1726 1029 1782 somniorum
1061 1724 1383 1789 interpretes
1416 1726 1677 1769 terrorem
1701 1717 2039 1781 sparserunt,
2070 1720 2131 1759 ac
2152 1703 2253 1758 Ba-

2338 523 2573 576 animum
2602 524 2932 570 constantem
2974 526 3037 563 ac
3076 511 3125 563 in
3163 520 3344 563 amore
3369 508 3612 561 veritatis
3640 504 3879 561 stabilem

2337 612 2561 686 gerenti.
2602 612 2705 665 Sed
2740 608 2923 678 paucis
2956 605 3144 658 diebus
3169 616 3448 673 posuqnam
3485 603 3707 656 advenit
3736 600 3875 655 Basi—

2345 710 2469 769 lius,
2503 704 2765 758 llilarium
2822 699 3017 753 abiisse
3047 696 3249 750 didicit.
3294 698 3348 751 ld
3394 710 3457 748 eo
3511 695 3683 760 magis
3732 694 3887 749 doluit

2343 796 2562 851 Basilio.
2592 793 2735 861 quod
2774 790 2999 843 libenter
3033 784 3336 851 aperuisset
3368 782 3570 837 Hilario
3600 781 3888 843 molestias,

2342 902 2460 957 quze
2489 884 2587 938 sibi
2622 882 2939 935 accidebant
2994 877 3062 930 ab
3100 876 3383 928 Enstatbio
3417 885 3473 929 et
3522 877 3589 927 ab
3618 874 3890 926 Anomceis

2343 990 2396 1033 et
2429 972 2973 1031 Prteumatmnacltis:
3012 984 3076 1021 ex
3109 964 3301 1035 quibus
3334 966 3646 1019 Eustathius
3667 1003 3682 1028 ,
3738 977 3887 1029 quem

2344 1071 2571 1125 Basilius
2600 1065 2773 1133 majus
2801 1064 3076 1131 quidpiam
3102 1073 3219 1114 esse
3260 1057 3597 1121 crediderat,
3626 1071 3788 1127 quam
3818 1054 3892 1105 fe.

2349 1172 2430 1215 rat
2469 1162 2702 1213 humana
2736 1164 2951 1215 natura,
2985 1153 3062 1203 sic
3094 1164 3215 1202 eum
3273 1148 3470 1212 ubique
3532 1156 3795 1199 terrarum
3842 1156 3899 1195 ac

2351 1250 2578 1304 marium
2622 1247 3005 1299 decantaverat
3030 1279 3043 1300 ,
3077 1249 3132 1290 ut
3163 1237 3292 1289 nihil
3338 1234 3517 1288 Basilii
3560 1238 3778 1290 nomine
3818 1234 3904 1287 de-

2351 1342 2649 1397 testabilius
2705 1345 2847 1389 esset
2884 1332 3022 1402 apud
3056 1332 3190 1397 pios.
3218 1328 3465 1381 Auommi
3508 1326 3670 1379 etiam
3714 1326 3901 1379 Basilio

2352 1436 2543 1489 bellum
2564 1428 2881 1486 inferebant,
2905 1425 2993 1477 sed
3012 1422 3275 1490 prtecipue
3294 1417 3765 1472 l’neumatmnachi
3791 1432 3901 1468 cum

2352 1525 2613 1579 conviciis
2662 1518 2983 1591 perfundere
3038 1525 3093 1566 et
3146 1510 3385 1565 insidiari
3418 1524 3521 1563 non
3552 1508 3902 1567 desinebant,

2355 1634 2663 1688 quanquam
2715 1617 2980 1669 hactenus
3006 1622 3188 1661 eorum
3224 1614 3448 1659 conatus
3475 1601 3694 1656 inutiles
3734 1597 3907 1651 Domi-

2359 1725 2456 1763 nus
2484 1708 2812 1760 reddiderat.
2867 1700 3139 1761 Hilarius,
3174 1706 3231 1750 ut
3279 1695 3533 1750 Ecclesia:
3559 1705 3721 1747 causa
3754 1688 3906 1741 vehe-

695 1814 875 1868 silium
906 1808 1187 1863 acerrimis
1237 1803 1536 1860 maledictis
1579 1803 1833 1866 fixerunt,
1878 1800 1951 1852 ita
1994 1797 2125 1850 utin
2152 1810 2254 1864 pu-

2378 1808 2565 1855 nenter
2609 1797 2905 1865 cupiebat,
2958 1792 3156 1845 Basilio
3216 1789 3280 1844 de
3335 1790 3494 1841 rebus
3535 1779 3911 1839 ecclesiasticis

698 1907 855 1960 blicis
882 1901 1140 1957 conviviis
1164 1898 1342 1953 fabula
1368 1898 1542 1951 fieret.

769 1992 914 2048 Nihil
947 2008 1075 2046 sane
1107 1991 1329 2060 cogebat
1359 1987 1610 2039 Basilium
1651 1979 1913 2052 ejusmodi
1953 1979 2258 2035 hominibus

701 2085 913 2142 consilii
948 2083 1029 2138 sui
1066 2082 1326 2135 rationem
1357 2089 1627 2145 exponere
1660 2090 1674 2125 :
1714 2073 1807 2126 sed
1839 2082 2019 2126 tamen
2051 2083 2258 2124 summa

704 2176 850 2230 illum
884 2173 1122 2228 cbaritas
1156 2168 1389 2237 impulit,
1416 2176 1471 2218 ut
1495 2168 1634 2219 hanc
1664 2165 1879 2235 qnoq'ne
1901 2164 2038 2215 viam
2071 2160 2135 2212 ad
2168 2172 2262 2212 eos

704 2267 973 2324 sanandos
1012 2270 1265 2318 tentaret.
1302 2258 1534 2328 Scripsit
1556 2259 1735 2325 itaque
1768 2253 2093 2324 primoribus
2126 2251 2262 2304 civi-

707 2361 836 2413 tatis
856 2355 1134 2425 epistolam
1156 2353 1282 2419 210,
1308 2352 1360 2405 in
1384 2365 1487 2418 qua
1507 2348 1746 2402 declarat
1768 2360 1870 2399 non
1891 2358 2013 2398 eum
2040 2357 2099 2398 se
2121 2354 2264 2407 esse,

705 2450 945 2520 quicum
975 2447 1102 2500 olim
1137 2445 1204 2497 ab
1234 2445 1311 2497 eis
1348 2438 1742 2510 perhonorifice
1788 2446 2010 2492 vocatus
2066 2435 2253 2489 venire

708 2537 962 2599 noluerit,
1003 2547 1147 2588 nunc
1178 2532 1459 2586 invocatus
1489 2544 1548 2583 se
1577 2528 1858 2590 obtruuat,
1895 2535 1949 2578 et
1993 2524 2265 2591 navigium

710 2631 1071 2697 gubernatore
1099 2625 1412 2679 destitutum
1440 2621 1644 2690 ingredi
1674 2618 1819 2671 velit.
1852 2615 2030 2669 Factae
2066 2614 2166 2667 sibi
2195 2611 2271 2663 in-

705 2723 865 2790 juriae
898 2733 1114 2773 causam
1153 2716 1348 2783 repetit
1382 2729 1447 2765 ex
1482 2712 1633 2763 ducis
1674 2723 1861 2762 eorum
1916 2705 2113 2760 invidia
2136 2743 2154 2768 ,
2210 2717 2274 2758 ac

712 2808 1024 2866 inducenda:
1050 2804 1266 2860 haeresis
1285 2802 1597 2857 Sabellianae
1620 2799 1893 2871 proposito
1924 2817 1937 2853 :
1964 2807 2016 2853 et
2035 2790 2277 2867 quamvis

715 2920 841 2960 eum
883 2900 1254 2955 vehementius
1281 2911 1440 2965 quam
1491 2894 1543 2947 in
1588 2893 1859 2961 prioribus
1895 2891 2089 2945 litteris
2121 2903 2279 2941 accu-

718 3006 825 3059 set,
853 2994 1123 3045 leuitatem
1154 3000 1329 3042 tamen
1354 3002 1417 3041 eo
1446 2985 1709 3055 perducit,
1745 2994 1801 3038 ut
1828 2998 1948 3037 eum
1983 2982 2085 3036 sibi
2121 2979 2280 3033 satis-

719 3086 992 3141 facturum
1032 3082 1195 3141 dicat,
1244 3079 1287 3131 si
1322 3092 1562 3130 errorem
1617 3090 1771 3129 suum
1837 3084 1892 3127 et
1927 3072 2086 3140 impie
2111 3070 2275 3130 dicta,

718 3194 837 3248 quae
861 3191 926 3229 ex
950 3188 1014 3227 eo
1036 3171 1215 3224 audita
1242 3169 1472 3232 fuerant,
1505 3177 1663 3236 neget
1697 3183 1712 3217 :
1764 3164 1906 3233 quod
1936 3165 1980 3215 si
2024 3174 2274 3229 perseve-

722 3281 828 3332 ret,
875 3265 1201 3331 scripturum
1256 3274 1313 3313 se
1358 3257 1425 3311 ad
1478 3256 1613 3309 alias
1672 3252 1965 3308 Ecclesias.
2012 3248 2279 3303 Caaterum

721 3358 929 3412 sotttuia
961 3354 1044 3406 illa
1082 3367 1185 3405 non
1228 3365 1259 3403 a
1301 3351 1406 3401 Deo
1431 3363 1555 3402 esse
1585 3347 1765 3405 docet,
1797 3346 1889 3399 sed
1937 3359 1965 3395 a
2017 3344 2141 3396 vino
2184 3355 2281 3393 ex-

725 3456 985 3505 aestuante
1008 3461 1023 3509 ;
1050 3454 1207 3513 atque
1229 3441 1442 3495 etiamsi
1475 3448 1660 3493 essent
1686 3435 1973 3506 Evangelia
1996 3442 2283 3488 consenta-

730 3556 857 3603 nea,
890 3539 1014 3605 quia
1043 3547 1219 3589 tameu
1248 3532 1567 3588 charitatem
1597 3530 1815 3593 laedunt,
1847 3529 1911 3581 iis
1946 3541 2165 3595 prorsus
2195 3540 2288 3578 su-

730 3630 1121 3702 persedeudum
1145 3643 1281 3682 esse.
1311 3626 1555 3681 Nondum
1579 3640 1609 3679 e
1641 3624 1824 3677 fratris
1851 3622 2054 3676 aedibus
2084 3620 2287 3673 disces—

728 3732 875 3777 serat
908 3719 1168 3782 Basilius,
1214 3733 1337 3770 cum
1401 3719 1539 3771 hanc
1584 3717 1806 3784 scripsit
1857 3714 2178 3784 epistolam,
2235 3720 2293 3764 ut

732 3821 880 3882 patet
904 3826 969 3865 ex
1004 3810 1296 3877 primordio
1330 3824 1344 3861 :
1383 3805 1552 3859 Plane
1587 3807 1721 3859 nihil
1756 3823 1881 3873 opus
1907 3816 2044 3867 erat,
2092 3803 2285 3872 inquit,

734 3916 788 3958 ut
815 3918 982 3957 meum
1007 3900 1147 3954 vobis
1170 3901 1494 3976 enuntiarem
1512 3898 1810 3959 consilium,
1834 3907 1923 3948 aut
1946 3897 2136 3963 quibus
2157 3910 2293 3947 nunc

735 4004 799 4048 de
827 3978 1081 4047 causisin
1109 3994 1187 4043 his
1217 3993 1312 4044 sim
1346 3991 1472 4043 locis
1497 4004 1824 4054 exponerem.

805 4085 942 4139 Cum
972 4084 1026 4137 in
1054 4082 1137 4136 his
1160 4080 1424 4150 angustiis
1450 4088 1759 4132 versaretur
1780 4075 2029 4137 Basilius,
2051 4088 2296 4142 percom-

740 4180 897 4234 mode
947 4175 1225 4247 Olympius
1267 4172 1340 4243 (b)
1390 4174 1615 4242 insignis
1657 4172 1795 4224 inter
1835 4167 2297 4222 Neocaasarienses

739 4271 896 4333 civis,
924 4284 1053 4322 suos
1077 4270 1143 4320 ad
1175 4282 1298 4320 eum
1324 4264 1459 4318 filios
1489 4279 1608 4318 cum
1639 4262 1834 4316 litteris
1861 4262 2025 4313 misit.
2044 4258 2296 4327 Magnum

742 4364 793 4416 id
818 4358 1071 4413 solatium
1106 4357 1203 4410 fuit
1226 4356 1445 4419 Basilio,
1480 4355 1570 4422 qui
1594 4362 1873 4422 postquam
1896 4352 2104 4404 litteras
2124 4350 2302 4419 Olym-

2362 1893 2687 1960 scripserat;
2714 1900 2943 1954 cumque
2971 1883 3103 1936 nihil
3134 1880 3374 1950 responsi
3416 1877 3709 1945 acciperet,
3739 1874 3913 1926 admo-

2360 1986 2475 2040 nuit
2532 1980 2824 2043 Basiliam;
2864 1976 2957 2029 sed
2989 1976 3125 2028 hanc
3157 1970 3437 2038 epistolam
3494 1966 3595 2021 sibi
3653 1964 3912 2019 redditam

2362 2092 2466 2130 nou
2501 2074 2664 2129 fuisse
2699 2070 2928 2124 Basilius
2971 2074 3220 2120 testatur.

2436 2165 2518 2221 γι.
2546 2163 2809 2220 Redeunti
2863 2175 2892 2214 e
2937 2158 3111 2211 Ponto
3142 2141 3341 2208 Basilio
3369 2163 3471 2201 non
3500 2149 3614 2201 sine
3647 2146 3810 2198 multa
3840 2144 3916 2195 in-

2368 2261 2625 2315 ﬁrmitate
2647 2273 2712 2311 ex
2738 2255 3002 2309 imbribus
3026 2261 3079 2304 et
3107 2246 3369 2303 molestiis
3392 2243 3615 2297 collecta
3647 2240 3839 2292 littera:
3860 2251 3919 2289 ex

2367 2352 2592 2407 Oriente
2618 2347 2790 2400 allata:
2811 2352 2935 2398 sunt
2957 2357 3019 2393 ac
3046 2340 3190 2391 varia
3228 2336 3440 2406 negotia
3477 2335 3918 2401 supervenerunt.

2368 2443 2502 2495 Tum
2530 2451 2650 2491 cum
2680 2434 2823 2487 enim
2856 2431 3243 2486 constituendae
3278 2430 3329 2479 in
3354 2426 3526 2478 Ponto
3568 2420 3684 2489 paci
3711 2432 3920 2487 operam

2370 2533 2559 2592 daret,
2592 2526 2828 2581 haretici
2866 2524 2917 2577 in
2960 2522 3077 2575 aula
3109 2520 3281 2575 solitis
3324 2515 3549 2571 nocendi
3574 2512 3786 2567 artibus
3810 2522 3923 2564 meo

2371 2623 2588 2677 bantur.
2627 2621 2809 2688 Itaque
2855 2616 3095 2673 redeunti
3136 2613 3439 2668 nuntiatum
3488 2618 3608 2669 est,
3640 2607 3789 2661 brevi
3812 2618 3924 2658 eum

2375 2716 2426 2769 in
2469 2714 2642 2768 aulam
2671 2712 2749 2782 (cl)
2799 2710 2944 2779 pacis
2975 2712 3196 2761 obtentu
3230 2713 3477 2758 vocatum
3513 2699 3599 2753 iri.
3632 2698 3788 2764 Quod
3818 2694 3925 2763 qui-

2378 2812 2498 2863 dem
2525 2807 2612 2860 ubi
2647 2804 2834 2857 didicit
2862 2802 3147 2869 episcopus
3178 2798 3414 2864 quidam,
3444 2807 3601 2862 quem
3658 2789 3922 2842 Mcletium

2381 2912 2501 2953 esse
2558 2894 2877 2961 conjicimus
2926 2905 2992 2942 ex
3024 2888 3175 2938 initio
3227 2882 3466 2951 epistola:
3517 2878 3648 2942 2l6,
3683 2876 3927 2930 Basilium

2387 3004 2484 3058 per
2522 2988 2733 3040 litteras
2765 2986 3011 3037 hortatus
3038 2987 3141 3040 est,
3179 2984 3236 3028 ut
3262 2972 3580 3027 festinanter
3616 2970 3670 3023 in
3696 2965 3931 3034 Mesopo-

2384 3078 2602 3131 tantiam
2632 3075 2854 3129 tendens
2882 3113 2897 3137 ,
2953 3070 3023 3125 ibi
3052 3065 3297 3123 veritatis
3324 3062 3634 3122 defensores
3675 3060 3732 3118 in
3776 3071 3931 3116 unum

2382 3182 2622 3242 cogeret,
2664 3186 2725 3224 ac
2762 3167 2920 3223 simul
2961 3181 3084 3220 cum
3111 3164 3241 3233 ipsis
3269 3164 3334 3217 ad
3360 3162 3743 3231 imperatorem
3780 3154 3934 3225 proli-

2383 3261 2701 3313 cisceretur.
2738 3256 2869 3310 Rem
2920 3254 3282 3307 necessariam
3314 3250 3547 3304 Basilius
3570 3264 3675 3304 non
3732 3248 3935 3316 judica-

2387 3352 2500 3415 bat,
2537 3365 2599 3403 ac
2634 3360 2890 3418 praeterea
2921 3345 3112 3399 itinere
3139 3342 3362 3397 Pontico
3390 3342 3592 3395 fractus
3620 3350 3678 3394 et
3703 3338 3938 3393 debilita-

2398 3452 2501 3504 tus,
2534 3442 2703 3509 impar
2732 3439 2835 3493 sihi
2870 3438 2935 3489 ad
2984 3450 3177 3490 novum
3211 3436 3387 3488 hieme
3424 3432 3818 3487 conficiendum
3861 3428 3937 3479 vi-

2392 3534 2634 3588 debatur.
2690 3530 2792 3584 Sed
2833 3538 3009 3581 tamen
3056 3526 3182 3593 quid
3226 3525 3371 3578 facto
3408 3539 3542 3592 opus
3579 3524 3694 3586 sit,
3725 3535 3790 3576 et
3841 3519 3939 3573 alio

2393 3626 2625 3694 quodam
2669 3620 2919 3691 episcOpo
2962 3619 3291 3678 sciscitatur.
3326 3615 3477 3680 cujus
3504 3616 3698 3669 litterae
3732 3615 3940 3667 Neocae-

2392 3736 2447 3773 sa
2458 3714 2621 3771 riensi
2666 3714 2891 3767 tumultu
2914 3709 3165 3765 afﬂictum
3195 3716 3589 3763 recreaverant.
3609 3704 3795 3774 Neque
3810 3705 3941 3758 enim

2394 3812 2549 3864 aliam
2575 3807 2775 3863 doloris
2802 3820 3023 3860 causam
3050 3804 3284 3857 indicant
3316 3801 3432 3855 haec
3453 3800 3612 3854 verba
3644 3798 3718 3871 (ε)
3751 3818 3765 3853 :
3791 3797 3943 3851 Erant

2392 3902 2530 3954 enim
2568 3897 2951 3966 quodammodo
3004 3893 3141 3946 male
3193 3893 3413 3961 aﬂ‘ectus
3448 3892 3622 3943 animo
3660 3929 3679 3955 ,
3736 3905 3851 3941 cum
3898 3886 3947 3939 in

2394 4004 2582 4055 magna
2612 3985 2880 4037 hominum
2908 3982 3244 4033 multitudine
3288 3980 3518 4045 ferinam
3558 3978 3847 4047 quamdam
3891 3990 3947 4025 ac

2396 4077 2615 4130 rationis
2641 4075 2849 4126 omnino
2883 4081 3141 4137 expertem
3170 4071 3411 4123 vidissent
3442 4070 3765 4130 socordiam,
3788 4076 3835 4120 et
3859 4068 3948 4117 du-

2396 4179 2597 4222 ctorum
2626 4166 2961 4218 inveteratam
2990 4165 3172 4230 vimque
3199 4161 3569 4214 emendabilem
3596 4160 3727 4211 mali
3746 4173 3950 4212 consue-

2399 4260 2647 4312 tudinem.
2687 4255 2840 4310 Uude
2896 4255 3060 4306 miror
3105 4253 3247 4305 hunc
3308 4261 3556 4305 eventum
3604 4262 3773 4319 atque
3825 4249 3949 4301 hanc

2398 4348 2721 4417 epistolam,
2756 4359 2875 4410 quae
2931 4354 3037 4395 tam
3094 4339 3391 4394 manifestis
3451 4337 3611 4404 hujus
3647 4338 3778 4391 anni
3820 4334 3950 4387 notis

743 4453 814 4519 pii
842 4450 987 4519 legit,
1014 4458 1213 4500 etcum
1246 4446 1363 4515 ejus
1396 4446 1519 4497 liliis
1552 4444 1847 4497 collocutus
1879 4451 1984 4506 est,
2018 4440 2172 4494 facile
2205 4439 2298 4492 ob-
2330 4451 2373 4505 ι)
2403 4442 2609 4509 signata
2645 4449 2771 4493 sunt
2799 4476 2815 4501 ,
2870 4436 2934 4489 ad
2987 4449 3184 4488 annum
3226 4432 3329 4485 375
3384 4446 3413 4485 a
3465 4428 3811 4483 Tillemontio
3876 4439 3953 4476 re-

745 4542 869 4594 litus
898 4551 983 4597 est
1024 4538 1238 4602 veneni,
1266 4538 1405 4606 quod
1455 4536 1785 4588 somniorum
1834 4547 2107 4600 caupones
2157 4530 2295 4598 apud

743 4632 1143 4686 Neocaesaream
1169 4628 1642 4690 circumferebant,
1677 4635 1733 4679 ut
1755 4627 1821 4680 ab
1852 4626 1915 4679 iis
1942 4626 2032 4694 qui
2062 4640 2156 4678 eos
2179 4639 2301 4677 con-

744 4727 1032 4787 duxerant,
1073 4725 1301 4792 gratiam
1354 4722 1594 4777 inirent..
1618 4718 1813 4772 Narrat
1849 4733 1911 4774 se
1936 4717 2143 4771 litteras
2176 4717 2298 4784 qui-

746 4817 865 4870 dem
901 4814 1033 4868 alias
1071 4814 1373 4882 scripsisse.
1428 4812 1562 4866 alias
1601 4826 1729 4865 vero
1772 4811 2120 4881 scripturum,
2153 4810 2197 4862 si
2229 4809 2301 4862 ita

745 4912 990 4965 videatur
1020 4908 1289 4977 Olympio.
1326 4905 1558 4957 Tantum
1588 4914 1838 4973 precatur
1885 4912 1942 4956 ut
1968 4903 2174 4973 prosint
2212 4916 2306 4955 ac-

748 5000 1091 5070 cipientibus.
1126 4996 1351 5051 Videtur
1394 4997 1536 5048 inter
1581 4996 1678 5048 has
1717 4994 1921 5048 litteras
1973 4993 2303 5046 numeranda

748 5090 972 5161 epistola
1000 5089 1127 5144 2l0.
1160 5085 1463 5141 Verisimile
1488 5086 1631 5139 enim
1663 5094 1744 5137 est
1773 5083 2004 5152 Olympii
2033 5082 2189 5145 filios,
2210 5082 2300 5149 qui

748 5180 933 5235 Basilii
969 5180 1202 5233 animam
1234 5176 1367 5230 adeo
1394 5173 1645 5227 alllictam
1679 5173 2037 5233 invenerunt,
2086 5181 2210 5223 tunc
2239 5170 2304 5223 ad

749 5289 871 5327 emn
903 5270 1115 5325 venisse
1142 5284 1259 5322 cum
1292 5266 1466 5319 adhuc
1492 5276 1795 5317 moraretur
1828 5264 1965 5328 apud
1994 5261 2237 5315 fratrem.

823 5361 1147 5428 Speraverat
1197 5356 1425 5410 Basilius
1461 5370 1518 5408 se
1558 5354 1631 5422 (c)
1685 5351 1975 5405 Dazimone
2033 5352 2084 5404 in
2141 5351 2306 5404 collo-

753 5450 937 5521 quium
980 5447 1188 5502 Hilario
1222 5456 1505 5502 venturum
1537 5485 1553 5514 ,
1592 5443 1796 5499 homini
1822 5443 1888 5497 ab
1928 5442 2061 5512 ipsis
2094 5442 2311 5497 schola-

820 5609 902 5675 (η)
932 5603 1028 5671 Ep.
1058 5603 1159 5675 207
1196 5612 1251 5658 et
1280 5602 1405 5658 sta.

826 5674 900 5743 (b)
939 5676 1032 5743 E-p.
1054 5674 1179 5743 stt.

825 5742 898 5815 (c)
923 5742 1019 5814 Ep.
1043 5742 1165 5797 212.

2405 4533 2557 4585 ferri.

2477 4621 2867 4689 Significabant
2891 4618 3075 4671 eadem
3109 4614 3391 4668 Antiochia
3428 4612 3599 4666 allatae
3644 4610 3838 4663 littera
3872 4607 3952 4677 (Γ),

2406 4715 2628 4770 Paulino
2648 4714 2857 4767 venisse
2887 4703 3059 4764 Roma
3088 4708 3368 4776 epistolam
3396 4705 3711 4773 quamdam,
3751 4715 3867 4770 qua
3911 4700 3955 4753 ei

2406 4808 2770 4873 episcopatum
2822 4800 3214 4855 Antiochenam
3248 4798 3559 4860 deferebat,
3604 4805 3667 4847 et
3694 4792 3953 4846 Meletium

2408 4894 2789 4957 frnstrabatur,
2833 4890 3091 4961 valdeque
3138 4888 3315 4944 efferri
3370 4886 3525 4951 hujus
3576 4885 3755 4953 partis
3801 4885 3952 4936 duces

2410 4998 2466 5042 et
2489 4986 2708 5056 gloriari
2737 4986 2800 5037 de
2824 4984 2920 5035 hac
2948 4981 3173 5050 epistola
3209 4998 3223 5033 :
3254 4980 3442 5033 deinde
3489 4979 3657 5030 etiam
3690 4978 3846 5030 fidem
3871 4985 3956 5026 eos

2411 5090 2708 5147 proponere
2734 5115 2750 5139 ,
2777 5084 2827 5126 et
2848 5078 3077 5140 paratos
3100 5088 3218 5127 esse
3241 5086 3302 5125 ea
3333 5071 3671 5136 conditione,
3700 5071 3751 5123 id
3779 5077 3879 5130 est,
3915 5064 3956 5117 si

2412 5168 2543 5224 nihil
2578 5167 2806 5234 amplius
2828 5167 2894 5219 ab
2932 5167 3011 5219 eis
3034 5174 3325 5233 peteretur,
3345 5179 3465 5217 cum
3494 5162 3695 5217 Meletii
3733 5158 3958 5214 Ecclesia

2412 5256 2681 5325 coniungi.
2738 5255 2875 5322 Quin
2908 5257 3092 5321 etiam,
3121 5257 3261 5323 quod
3304 5252 3501 5308 Basilio
3534 5255 3780 5308 acriores
3807 5264 3961 5304 cura-

2414 5366 2532 5404 rum
2567 5348 2815 5403 stimulos
2841 5348 3096 5411 admovit,
3130 5346 3440 5401 Terentium
3470 5346 3733 5399 comitem
3761 5344 3812 5397 in
3845 5355 3961 5397 suas

2415 5449 2596 5511 partes
2618 5441 2836 5494 trahere
2868 5439 3224 5506 conabantur,
3251 5449 3306 5495 et
3336 5454 3459 5493 cum
3489 5453 3557 5495 eo
3591 5440 3829 5508 agebant
3853 5474 3871 5503 ,
3913 5443 3962 5487 ut

2490 5599 2565 5668 (ά)
2599 5598 2696 5667 Ep.
2724 5597 2852 5651 213.

2486 5672 2557 5808 ξε)
2595 5668 2725 5749 Ibid.

2512 5739 2554 5809 ι’)
2595 5739 2686 5807 ΕΡ.
2717 5738 2822 5793 2M
2845 5737 3039 5807 et_2l6.

2636 5755 2686 5807 p.
2717 5753 2822 5793 zu
2845 5753 2913 5807 et.
