4080 6312
1484 388 1643 445 VITA
1685 389 1740 444 S.
1783 386 2043 444 BASILII.

3191 396 3370 437 ειιιν

148 502 279 556 hanc
310 517 437 555 cum
466 500 661 555 Meletii
698 498 935 556 Ecclesia
979 500 1418 569 conjunctionem
1471 508 1705 561 auctori-
1735 513 1779 568 Α
1807 507 1926 561 oleo
1955 520 2010 561 et
2038 520 2200 575 opera
2229 504 2445 574 scripsit
2468 518 2531 558 ac
2581 503 2861 559 Terentio.
2909 502 3040 556 Cum
3073 511 3252 556 autem
3300 504 3366 556 si~

147 603 247 647 tate
281 610 379 648 sua
412 595 540 663 juva
550 604 650 646 ret.

207 684 478 737 Audierat
510 682 743 737 Basilius
770 684 847 753 (a)
881 683 1191 738 Terentium
1217 701 1281 740 ex
1320 686 1452 750 otio,
1488 688 1537 741 in
1560 690 1702 757 quod

145 788 198 828 se
236 775 302 827 ad
334 775 572 826 animam
602 776 893 827 curandam
922 786 1245 838 removerat.
1275 778 1466 831 iterum
1501 782 1566 833 ad
1594 781 1707 834 belo-

146 864 271 918 lices
325 864 591 919 tumultus
648 866 823 921 redire
886 875 1131 921 coactum
1191 867 1376 923 fuisse.
1414 871 1518 923 Sed
1552 880 1700 939 tunc,

146 956 225 1009 ubi
256 958 513 1021 cognovit
562 973 682 1011 eum
736 957 1031 1011 Antiochiae
1081 960 1323 1023 versari,
1375 970 1430 1014 et
1488 964 1700 1032 negotia

144 1060 257 1098 cum
294 1048 509 1115 magnis
562 1049 914 1115 potestatibus
950 1049 1371 1117 administrare;
1410 1061 1519 1105 tum
1572 1069 1702 1108 vero

145 1137 357 1190 minime
389 1139 705 1193 cessandum
753 1149 903 1194 ratus
940 1141 991 1193 in
1033 1156 1088 1194 re
1126 1142 1252 1194 tanti
1288 1145 1567 1209 momenti,
1608 1160 1702 1199 ex-

145 1240 383 1295 spectare
434 1229 627 1292 noluit,
674 1230 797 1283 dum
843 1232 1086 1293 Aeacius,
1115 1232 1203 1300 qui
1234 1242 1343 1285 tum
1378 1244 1490 1287 erat
1524 1234 1700 1288 Caesa-

145 1335 241 1373 rea!
266 1320 367 1390 (ιι),
401 1322 453 1373 in
473 1322 699 1389 patriam
727 1324 960 1388 rediret;
987 1323 1077 1377 sed
1110 1334 1365 1392 praeterea
1395 1327 1578 1380 minus
1610 1342 1699 1380 su-

144 1422 374 1479 spectum
407 1426 531 1465 esse
558 1415 758 1468 ducens
791 1430 885 1479 per
913 1415 1121 1484 ignotos
1152 1413 1405 1471 Terentio
1436 1418 1693 1483 scribere,

142 1500 417 1567 epistolam
450 1504 596 1556 dedit
630 1504 937 1557 numerario
964 1503 1122 1558 cilicii
1153 1509 1420 1575 praesidis.
1444 1510 1526 1561 cui
1563 1526 1697 1576 prae-

142 1592 272 1659 cepit
300 1602 359 1644 ut
393 1608 515 1646 eam
570 1594 835 1648 Dorotbeo
874 1597 1187 1665 presbytero
1235 1597 1456 1669 ejusque
1509 1603 1694 1657 amicis

142 1686 279 1750 prius
303 1685 640 1739 ostenderet.

204 1771 422 1829 Veritus
484 1778 663 1845 itaque
726 1776 955 1833 Basilius
1013 1795 1080 1833 ne
1134 1781 1232 1834 sibi
1288 1798 1533 1851 magnum
1587 1784 1690 1838 hoc

1809 599 2116 670 gnificasset
2148 599 2446 653 Dorotbeus
2481 596 2583 650 sibi
2631 597 2687 650 in
2735 597 2918 649 animo
2968 610 3088 650 esse
3133 593 3362 647 Romam

1808 691 2098 759 proficisci,
2154 690 2364 745 scilicet
2404 700 2461 743 ut
2487 704 2703 744 causam
2739 688 2937 741 Meletii
2964 696 3242 754 tueretur;
3297 700 3361 741 ac

1808 774 2058 828 Basiiium
2092 784 2335 843 rogasset
2375 783 2430 826 ut
2460 773 2770 838 Gregorium
2829 772 3129 842 Nyssenum
3160 773 3228 826 ad
3264 772 3366 827 hoc

1806 866 1907 920 iter
1930 866 2323 934 suscipiendum
2366 866 2697 936 impelleret,
2731 876 2890 935 negat
2922 866 3153 920 Basilius
3189 862 3359 919 Doro-

1807 956 1985 1011 theum
2031 958 2207 1010 hieme
2238 957 2465 1010 Romam
2512 955 2778 1025 proficisci
2819 968 3015 1024 posse;
3077 966 3360 1024 prepterea

1803 1046 1944 1115 quod
1971 1063 2000 1099 a
2029 1046 2494 1114 Constantinopoli
2524 1060 2694 1115 usque
2727 1046 2794 1099 ad
2842 1043 2973 1099 ﬁnes
3006 1045 3362 1115 Cappadociae

1803 1137 1981 1191 omnia
2018 1137 2260 1191 hostibus
2300 1137 2497 1190 referta
2529 1155 2543 1189 ε
2579 1138 2625 1191 si
2659 1146 2839 1190 tamen
2885 1136 3183 1190 Dorotbeus
3223 1136 3361 1189 mari

1802 1220 2019 1294 utatur,‘
2058 1239 2267 1297 tempus
2303 1228 2541 1281 futurum
2578 1245 2590 1281 :
2623 1229 2780 1283 modo
2806 1229 2907 1281 hoc
2952 1227 3109 1295 legati
3166 1236 3361 1280 munus

1800 1334 1905 1372 non
1940 1317 2475 1388 recuserGregorius
2510 1317 2809 1385 Nyssenus.
2853 1317 2958 1372 Sed
2989 1317 3224 1371 Basilius
3253 1324 3358 1371 non

1798 1410 2010 1464 videbat
2050 1410 2267 1478 quinam
2302 1424 2421 1462 cum
2446 1424 2509 1462 eo
2537 1409 3043 1478 proficiscerentur;
3071 1409 3211 1479 quod
3236 1411 3356 1478 qui-

1799 1503 1918 1555 dem
1974 1503 2039 1556 de
2093 1502 2359 1572 episcOpis
2394 1500 2826 1570 intelligendum;
2878 1515 2999 1553 nam
3058 1495 3355 1572 presbyteri

1797 1608 1903 1646 non
1930 1593 2144 1647 difﬁcile
2171 1594 2374 1647 inventi
2432 1593 2697 1647 fuissent:
2730 1592 2822 1646 sed
2851 1594 2996 1647 viros
3030 1594 3357 1648 auctoritate

1794 1685 2050 1753 praeditos
2090 1686 2355 1752 Evagrius
2403 1684 2574 1739 Roma
2620 1686 2833 1740 rediens
2886 1687 3176 1740 mittendos
3234 1698 3357 1739 esse

1796 1776 2163 1832 nuntiaverat.
2218 1775 2487 1829 Praeterea
2551 1759 2770 1829 fratrem
2836 1791 2993 1829 suum
3052 1776 3249 1830 fatetur
3288 1775 3357 1829 ad

146 1864 200 1919 S.
239 1865 433 1921 Meletii
477 1884 652 1923 causae
687 1873 985 1938 przesidium
1018 1872 1332 1941 eriperetur,
1363 1876 1685 1933 demonstrat

1796 1867 2056 1935 ejusmodi
2094 1866 2303 1937 negotia
2356 1868 2532 1921 minus
2576 1869 2825 1922 idoneum
2866 1882 2987 1921 esse
3016 1884 3029 1919 ι
3058 1868 3175 1937 ejus
3206 1869 3353 1921 enim

138 1955 384 2013 Terentio
412 1961 544 2029 quid
575 1962 642 2016 de
676 1962 870 2017 litteris
919 1961 1089 2017 Roma
1126 1962 1301 2019 allatis
1350 1970 1685 2025 sentiendum

138 2052 241 2117 sit,
278 2053 405 2120 quid
449 2055 516 2109 de
566 2056 684 2109 aliis
724 2055 917 2108 litteris
949 2054 1229 2111 Athanasii
1270 2060 1334 2113 ad
1367 2058 1687 2128 Paulinum,

137 2157 265 2210 quas
292 2144 439 2199 illius
468 2154 762 2201 sectatores
796 2145 1094 2213 iactabant.
1126 2148 1379 2215 Quamvis
1409 2152 1686 2209 Paulinum

138 2234 519 2301 perhonoriﬁce
546 2235 796 2303 appellet,
820 2248 982 2309 negat
1012 2250 1191 2295 tamen
1225 2256 1282 2296 se
1306 2257 1427 2296 cum
1454 2259 1516 2299 eo
1545 2261 1685 2300 com-

138 2325 552 2390 municaturum,
580 2328 792 2382 etiamsi
836 2328 1045 2385 litteras
1073 2331 1214 2386 cmlo
1264 2333 1456 2389 allatas
1505 2336 1689 2404 profe-

138 2428 235 2469 rat.
267 2418 452 2489 Neque
479 2420 628 2475 enim
664 2422 1012 2490 quaestionem
1040 2422 1107 2477 de
1134 2425 1512 2495 hypostasibus
1553 2428 1687 2483 levis

138 2514 380 2567 momenti
413 2514 581 2569 videri
634 2514 829 2568 debere
857 2555 871 2578 ,
904 2516 995 2569 sed
1049 2516 1365 2571 latissimum
1416 2519 1687 2575 hmreticis

137 2618 368 2673 campum
400 2607 467 2660 ad
502 2607 889 2662 detrahendum
925 2609 991 2663 de
1036 2607 1274 2663 Ecclesia
1309 2622 1552 2679 apertum
1598 2613 1685 2677 iri,

138 2695 180 2748 si
226 2698 309 2763 qui
348 2713 511 2752 unam
564 2714 684 2753 cum
740 2698 973 2755 Sabellio
1020 2701 1347 2772 liypostasim
1382 2703 1685 2771 profitetur,

138 2786 378 2844 Ecclesia:
408 2790 757 2847 Antiochense
789 2793 1148 2861 principatum
1177 2834 1191 2857 ,
1232 2805 1541 2866 contempto
1575 2797 1687 2851 Me-

138 2878 273 2943 letio,
303 2883 569 2938 obtineat.
604 2882 755 2937 Hanc
786 2884 840 2936 in
864 2886 1188 2941 sententiam
1229 2888 1541 2959 accipienda
1568 2904 1685 2943 esse

136 2970 308 3027 Basilii
343 2977 506 3030 verba
543 2977 890 3045 probavimus
918 2977 969 3031 in
998 2977 1335 3035 Prmfationis
1365 2982 1539 3049 capite
1580 2993 1686 3035 ter-

137 3064 218 3117 tio.
274 3064 554 3119 Postremo
602 3065 911 3122 Terentium
963 3080 1116 3139 rogat
1164 3071 1428 3136 Basilius,
1458 3082 1514 3125 ut
1543 3072 1683 3127 inte-

134 3166 271 3219 grum
302 3166 362 3205 se
386 3161 569 3207 servet
593 3169 762 3223 usque
785 3155 849 3209 ad
875 3156 1107 3209 reditum
1140 3158 1530 3224 confessorum,
1551 3173 1685 3227 quos

136 3241 349 3297 Basilius
384 3220 743 3302 columnas—et
772 3248 1172 3303 firmamentum
1202 3249 1447 3306 veritatis
1486 3220 1541 3305 et
1567 3220 1677 3307 Bc-
1709 3220 1752 3277 δ

132 3335 298 3391 slesia:
326 3352 455 3394 esse
487 3339 744 3394 declarat.

193 3426 538 3500 Perspicuum
593 3438 649 3485 et
706 3430 1037 3499 exploratum
1084 3440 1165 3484 est
1214 3432 1351 3485 hanc
1395 3433 1677 3500 epistolam

134 3524 300 3577 statim
328 3532 454 3593 post
492 3523 719 3575 reditum
749 3537 815 3575 ex
851 3521 1020 3574 Ponto
1050 3522 1308 3589 scriptam
1338 3537 1482 3578 esse.
1541 3522 1675 3578 Nam

134 3613 179 3665 in
207 3614 365 3679 epist.
399 3610 529 3673 216,
553 3624 714 3679 quam
750 3624 939 3665 recens
976 3612 1045 3664 ab
1076 3610 1181 3667 hoc
1224 3614 1414 3670 itinere
1461 3617 1681 3684 scripsit

137 3704 375 3765 Basilius,
408 3706 699 3757 certiorem
732 3702 860 3759 facit
889 3704 947 3761 Β.
982 3706 1249 3764 Meletium
1290 3725 1367 3776 se,
1392 3723 1676 3780 postquam

134 3796 284 3849 audiit
330 3793 544 3849 Paulini
582 3805 883 3853 sectatores
926 3815 1143 3870 cperam
1178 3802 1307 3856 dare
1370 3811 1428 3855 ut
1485 3802 1678 3857 Tereu-

136 3889 246 3941 tium
278 3887 329 3942 in
352 3902 478 3943 suas
496 3898 676 3958 partes
700 3892 1031 3959 pertrahant,
1055 3892 1301 3948 celeriter
1334 3895 1399 3947 ad
1422 3894 1561 3947 hunc
1588 3910 1677 3947 co-

136 3982 302 4036 mitem
336 3981 725 4048 scripsisse,ut
750 3995 937 4034 eorum
966 3981 1184 4039 fraudes
1220 3984 1365 4039 illum
1399 3988 1672 4040 edoceret.

134 4073 391 4126 Immerito
416 4086 548 4140 ergo
569 4072 798 4139 epistola
834 4070 1049 4127 Damasi
1089 4076 1154 4129 ad
1196 4076 1480 4132 Paulinum
1507 4077 1675 4133 refer-

134 4174 205 4215 tur
249 4162 315 4215 ad
363 4177 568 4214 annum
596 4163 721 4227 578,
753 4163 821 4219 ab
845 4164 1060 4219 erudito
1087 4165 1296 4223 editore
1322 4168 1672 4238 epistularum

132 4268 452 4309 sntinnorum
487 4253 818 4322 pontiﬁcum.
860 4255 1086 4311 Exstant
1124 4257 1268 4310 enim
1331 4260 1411 4313 hac
1462 4262 1673 4316 Damasi

134 4349 333 4413 litterae,
378 4362 500 4417 quae
544 4361 665 4399 cum
700 4345 985 4403 Paulinum
1026 4351 1329 4405 Antiochia:
1363 4352 1673 4423 episcopmn

132 4440 368 4503 salutent,
402 4440 528 4494 visat
553 4448 678 4493 sunt
718 4439 766 4491 ei
812 4441 1179 4509 episcopatum
1226 4444 1553 4513 adjudicare.
1617 4445 1673 4500 lu

132 4542 224 4595 quo
253 4532 473 4597 quidem
501 4529 752 4584 discessit
782 4529 1044 4585 Damasus
1071 4549 1099 4586 a
1142 4532 1341 4589 Liberii
1375 4536 1673 4591 decessoris

132 4623 200 4676 sui
226 4623 488 4690 vestigiis,
517 4624 607 4693 qui
659 4626 711 4678 in
756 4623 950 4677 litteris
1000 4639 1092 4693 per
1129 4626 1405 4681 Silvanum
1442 4626 1674 4682 Tarsen-

134 4728 233 4768 sem
290 4713 343 4767 in
394 4713 671 4770 Orientem
722 4714 900 4771 allatis
944 4712 1004 4767 S.
1050 4714 1320 4772 Meletium
1375 4719 1677 4775 Antiochia:

135 4808 429 4877 episcOpnm
484 4818 810 4876 agnoverat,
847 4817 904 4863 ut
932 4816 1161 4863 testatur
1206 4809 1435 4867 Basilius
1471 4812 1522 4864 in
1563 4816 1679 4880 epi-

136 4901 253 4953 stola
280 4900 368 4953 67.
407 4898 539 4954 Eum
564 4910 744 4956 autem
798 4902 1058 4957 Damasus
1107 4918 1211 4957 non
1262 4904 1431 4959 solum
1466 4904 1679 4974 episco-

135 5000 244 5056 patu
266 4992 582 5056 frustratur,
616 4994 709 5045 sed
742 4995 903 5048 etiam
928 5010 1045 5049 cum
1072 4996 1385 5063 gravissima
1412 5006 1559 5050 notat
1592 4997 1675 5050 iu-

132 5084 275 5150 juria,
298 5100 423 5140 eum
458 5087 534 5139 ait
560 5099 646 5137 eos
677 5088 765 5153 qui
792 5089 854 5139 de
880 5086 1124 5141 Ecciesiis
1152 5086 1219 5137 ad
1242 5088 1379 5142 alias
1408 5086 1672 5142 Ecclesias

137 5180 490 5245 migrauerunt,
521 5178 710 5233 tandiu
739 5195 771 5231 a
795 5180 1153 5233 communione
1176 5194 1273 5231 sua
1308 5180 1507 5233 alienos
1534 5178 1667 5247 fore,

138 5273 280 5323 donec
308 5273 377 5324 ad
410 5288 497 5325 eas
526 5272 775 5327 redierint
824 5273 1057 5327 civitates
1084 5314 1099 5339 ,
1129 5272 1183 5325 in
1227 5272 1414 5341 quibus
1446 5272 1671 5341 priurum

139 5373 239 5416 sunt
264 5365 554 5418 constituti.

197 5456 405 5511 Littera
429 5457 719 5513 Antiochia
751 5457 925 5514 allatae
954 5458 1153 5514 Basilio
1173 5499 1188 5525 ,
1214 5456 1429 5527 scripta
1460 5456 1679 5512 fuerunt

141 5561 165 5601 ε
190 5548 446 5607 Dorotheo
479 5550 822 5624 presbytero,
871 5553 959 5610 cui
1000 5551 1232 5608 Basilius
1278 5548 1349 5622 (c)
1388 5550 1455 5606 de
1485 5550 1671 5605 eodem

196 5685 265 5752 (a)
293 5686 383 5755 sp.
408 5689 535 5745 2M.

195 5756 261 5821 (⁸)
292 5757 379 5825 Ep.
407 5760 532 5813 215.

197 5838 255 5890 (ε)
292 5829 416 5883 Ibid.

1794 1977 2141 2032 congressum
2166 1962 2399 2032 benigno
2426 1978 2488 2016 ac
2512 1962 2624 2015 miti
2662 1962 2781 2015 viro
2811 1960 3174 2014 venerabilem
3202 1962 3351 2017 fore:

1792 2068 1992 2112 atcnm
2039 2054 2182 2109 elato
2213 2063 2267 2107 et
2295 2053 2509 2108 sublimi
2551 2063 2604 2107 et
2639 2054 2800 2108 altius
2848 2053 3056 2108 sedenti
3083 2094 3098 2117 ,
3154 2056 3353 2124 quique

1792 2158 2076 2227 propterea
2108 2146 2392 2200 veritatem
2419 2145 2564 2199 bumi
2625 2147 2981 2213 prmdicantes
3008 2148 3193 2201 audire
3245 2162 3351 2201 non

1791 2238 1983 2307 possit,
2016 2253 2205 2307 parum
2236 2238 2611 2291 communibus
2646 2236 2808 2297 rebus
2856 2238 3200 2306 profuturum
3251 2239 3351 2293 ho-

1790 2330 1987 2382 minem
2020 2330 2087 2382 ab
2118 2321 2368 2382 illiberali
2415 2327 2779 2382 assentatione
2825 2328 3081 2382 alienum.
3130 2330 3212 2383 Ad
3252 2331 3351 2385 has

1790 2419 1856 2473 de
1931 2419 2175 2484 Romano
2255 2418 2508 2488 pontifice
2585 2419 2838 2488 querelas
2911 2420 3123 2491 impulit
3196 2420 3350 2477 Basia

1790 2510 1919 2564 lium
1987 2510 2311 2564 commotior
2376 2509 2578 2579 iniquis
2635 2510 2855 2577 judiciis
2914 2511 3169 2578 animus,
3227 2528 3349 2582 quae

1790 2602 1973 2657 Nonne
2002 2605 2067 2655 de
2116 2601 2175 2655 S.
2223 2600 2432 2655 Meletio
2473 2602 2590 2672 (ά),
2640 2618 2699 2656 re
2728 2616 2830 2655 non
2860 2604 3202 2671 examinata,
3256 2606 3352 2661 sed

1789 2708 1852 2746 ex
1887 2694 2194 2747 hominibus
2238 2694 2473 2761 partium
2527 2693 2783 2750 studiosis
2810 2695 2992 2749 audita
3026 2732 3041 2761 ,
3091 2695 3347 2750 fereban-

1794 2774 1894 2840 tim

1863 2878 2039 2948 Magni
2075 2877 2329 2933 momenti
2354 2887 2437 2932 est
2456 2878 2745 2932 observare
2768 2879 3050 2947 epistolam
3089 2881 3211 2943 215,
3245 2878 3348 2937 hoc

1789 2984 1930 3025 anno
1961 2971 2068 3027 5'75
2100 2980 2221 3041 post
2258 2971 2491 3025 reditum
2541 2984 2606 3023 ex
2651 2969 2824 3024 Ponto
2856 2974 3109 3041 scriptam
3154 2971 3344 3028 fuisse.

1787 3062 2065 3118 Manifesta
2097 3077 2184 3116 res
2217 3073 2393 3115 estex
2434 3061 2621 3129 primis
2662 3062 2903 3131 epistolze
2954 3062 3135 3118 verbis
3170 3081 3184 3117 :
3220 3063 3346 3118 Sta£

1790 3158 1880 3211 tim
1903 3156 2222 3210 occasionem
2258 3168 2460 3219 nactus,
2498 3155 2691 3223 inquit,
2721 3156 2908 3224 scripsi
2944 3158 3052 3210 uiro
3076 3158 3129 3211 in
3156 3159 3341 3225 primis

1786 3252 2094 3304 admirando
2140 3249 2319 3303 comiti
2365 3246 2643 3315 Terentio,
2689 3250 2861 3302 minus
2887 3260 3186 3317 suspectum
3232 3266 3344 3305 esse

1784 3344 2085 3395 existimans
2133 3358 2221 3409 per
2258 3343 2458 3410 ignotos
2507 3343 2575 3394 ad
2610 3358 2726 3395 eum
2775 3341 2839 3393 de
2868 3342 3155 3407 prepositis
3190 3343 3343 3397 rebus

1784 3433 2043 3498 scribere;
2074 3434 2331 3503 simulque
2360 3433 2431 3485 rei
2474 3450 2675 3487 moram
2713 3434 2902 3503 ajferre
2932 3433 3109 3487 nolens
3153 3450 3184 3487 a
3215 3434 3345 3488 cha-

1784 3528 1989 3581 rissimo
2017 3527 2183 3595 fratre
2206 3527 2419 3581 Acacio.
2439 3525 2654 3595 Scripta
2681 3540 2809 3595 ergo
2839 3526 2951 3580 haec
2975 3526 3199 3595 epistola
3220 3540 3341 3581 cum

1785 3620 1923 3689 apud
1950 3618 2206 3673 Basilium
2237 3628 2380 3673 esset
2419 3618 2667 3672 Aeacius.
2702 3619 2770 3672 At
2808 3618 2909 3672 hoc
2946 3619 3059 3684 ipso
3095 3628 3344 3687 tempore

1782 3712 2035 3766 Acacium
2064 3711 2367 3767 Caesaream
2420 3710 2635 3763 venisse
2680 3710 3052 3762 demonstrant
3108 3720 3346 3779 quatuor

1783 3803 1995 3869 litterae,
2026 3817 2161 3873 quas
2217 3803 2264 3857 ei
2302 3801 2532 3856 Basilius
2573 3801 2627 3853 in
2670 3799 2947 3855 Orientem
2994 3800 3341 3870 perferendas

1783 3897 2093 3958 Commisit,
2136 3902 2193 3948 ut
2221 3893 2379 3947 modo
2430 3892 2752 3947 videbimus.
2814 3892 3081 3947 Prteterea
3113 3893 3341 3961 epistola

1783 3990 1892 4052 illa,
1922 4003 2080 4058 quam
2105 3999 2163 4040 se
2192 3984 2448 4039 Terentio
2481 3985 2764 4053 scripsisse
2815 3994 3002 4039 narrat
3034 3994 3181 4038 tanta
3217 4001 3339 4041 cum

1782 4082 2081 4145 celeritate,
2113 4088 2170 4134 ut
2194 4079 2374 4133 Acacii
2402 4078 2630 4133 reditum
2679 4087 2995 4147 exspectare
3027 4078 3234 4145 nollet,
3288 4089 3346 4134 et

1784 4184 1927 4228 tanta
1974 4187 2093 4228 cum
2128 4172 2373 4227 cautione
2402 4178 2458 4222 ut
2493 4183 2585 4227 per
2620 4170 2827 4237 ignotos
2884 4168 3122 4222 scribere
3177 4170 3343 4226 tutius

1782 4268 2041 4332 crederet,
2074 4268 2175 4321 alia
2202 4265 2442 4336 profecto
2470 4278 2589 4318 esse
2626 4278 2729 4316 non
2780 4270 2977 4330 potest,
3010 4276 3172 4330 quam
3201 4280 3337 4333 ιιι-εει

1781 4363 1975 4417 Cedens
2010 4361 2078 4415 ad
2128 4360 2436 4415 Terentium
2484 4357 2708 4425 cpistola
2740 4399 2755 4422 ,
2793 4372 2910 4427 qua:
2960 4366 3014 4409 et
3056 4357 3339 4409 celerrime

1780 4450 1978 4516 scripta
2021 4458 2125 4513 est,
2153 4456 2461 4502 uttestatur
2496 4446 2727 4503 Basilius
2757 4448 2808 4500 in
2863 4445 3090 4514 epistola
3128 4444 3255 4509 2l6,
3284 4456 3340 4501 et

1779 4557 1899 4595 cum
1925 4551 2116 4611 ageret
2146 4543 2210 4596 de
2241 4541 2399 4596 rebus
2426 4540 2619 4593 Meletit
2650 4579 2665 4603 ,
2707 4540 2884 4593 minus
2924 4536 3063 4591 forte
3096 4538 3335 4591 animum

1779 4633 2016 4687 Terentii
2049 4632 2471 4698 commovisset,
2525 4630 2567 4685 si
2614 4645 2733 4684 eam
2764 4629 2995 4683 Aeacius
3025 4628 3235 4683 Melctio
3286 4640 3342 4685 st

1776 4724 1972 4779 Basilio
1998 4724 2359 4778 amicissimus
2387 4722 2727 4777 reddidisset.

1849 4817 2168 4887 EpiscOpum
2200 4814 2371 4879 illum,
2401 4830 2558 4883 quem
2597 4830 2756 4885 supra
2787 4815 3016 4869 Basilius
3044 4813 3116 4885 (e)
3151 4822 3337 4867 aucto-

1778 4921 1890 4963 rem
1920 4907 2019 4960 sibi
2058 4920 2178 4960 esse
2209 4907 2442 4972 dicebat,
2471 4918 2529 4961 ut
2569 4907 2623 4960 in
2660 4906 3097 4975 Mesopotamiam
3127 4920 3191 4959 ac
3213 4906 3341 4960 inde

1778 4995 2119 5051 Antiochiam
2178 5010 2235 5051 se
2264 4995 2573 5061 conferret,
2608 4995 2881 5048 Meletium
2922 4990 3090 5047 fuisse
3136 5007 3339 5061 cogno-

1779 5088 1978 5143 scimus
2012 5103 2077 5143 ex
2103 5089 2293 5158 primis
2329 5088 2509 5142 verbis
2535 5086 2772 5156 epistolae
2807 5085 2937 5149 2l6,
2982 5100 3101 5155 quae
3126 5093 3212 5138 est
3270 5087 3337 5137 ad

1780 5180 2050 5235 Meletium
2082 5198 2095 5235 :
2132 5179 2316 5231 Multa:
2342 5194 2455 5245 nos,
2494 5178 2699 5247 inquit,
2729 5188 2775 5230 et
2808 5178 2931 5231 alite
2964 5178 3340 5247 peregrinatio-

1777 5288 1864 5325 nes
1890 5288 1922 5325 a
1962 5270 2132 5339 patria
2162 5278 2469 5323 avocaruut.
2503 5267 2635 5322 Tum
2683 5284 2778 5322 sua
2812 5271 2864 5322 in
2903 5266 3158 5321 Pisidiam
3194 5277 3250 5321 et
3284 5268 3335 5320 in

1775 5363 2002 5419 Pontum
2040 5372 2225 5417 narrat
2269 5361 2485 5426 itinera,
2534 5377 2595 5414 ac
2624 5362 2857 5430 scriptas
2892 5360 3065 5414 reditu
3124 5373 3224 5414 suo
3270 5358 3337 5412 ad

1783 5455 2091 5511 Terentium
2126 5455 2349 5508 litteras.
2384 5453 2462 5506 Ex
2498 5452 2696 5517 verbis,
2726 5464 2845 5521 qua
2878 5450 3178 5515 attulimus,
3210 5462 3333 5519 per-

1780 5548 2005 5617 spieitur
2057 5545 2288 5614 aliquam
2320 5542 2807 5613 peregrinationem
2840 5558 2870 5599 a
2898 5540 3117 5597 Meletio
3138 5553 3337 5611 prope.

1872 5686 1927 5748 ά)
1960 5683 2056 5751 Ep.
2086 5682 2212 5747 ett,
2242 5698 2294 5737 η.
2321 5682 2376 5735 s.

1870 5757 1918 5821 e)
1944 5754 2036 5823 Ep.
2060 5755 2185 5807 διδ.
