4074 6312
723 399 919 442 CXXXVI

2071 382 2600 439 PROLECOMENA.

729 501 889 557 sitam
938 496 985 551 ei
1021 493 1187 549 fuisse
1213 533 1227 555 ,
1284 492 1352 547 de
1408 506 1509 560 qua
1565 492 1693 560 quid
1741 492 1941 548 sentiat
1990 509 2095 548 nou
2142 496 2283 550 edis—
2316 503 2362 559 Α
2389 497 2514 548 dum
2553 489 2925 559 Amphilochio
2948 486 3286 556 perscribere
3309 484 3551 539 voluerat
3578 524 3592 547 ,
3640 485 3734 539 sed
3768 484 3951 539 nescio

732 594 900 657 serit,
949 590 1073 660 quia
1124 587 1294 641 satius
1350 586 1631 641 videbatur
1683 600 1796 638 rem
1859 585 1988 639 tanti
2040 587 2288 640 momenti

732 685 941 742 arcanis
1008 681 1274 737 mandatis
1340 678 1603 744 nuntiari,
1667 692 1827 747 quam
1879 678 2078 733 charta:
2144 693 2290 733 com-

737 776 901 832 mitti.

813 864 918 920 VII.
944 862 1077 918 Cum
1114 861 1360 916 rediisset
1389 858 1638 921 Basilius,
1662 867 1720 911 ut
1752 858 2003 920 vidimus,
2036 866 2087 911 et
2111 856 2291 909 animo

733 958 961 1015 amictus
1011 965 1065 1009 et
1119 966 1344 1023 corpore
1398 951 1762 1017 confractus;
1822 950 2001 1005 subito
2047 949 2288 1001 omnium

735 1048 936 1102 oblitus
962 1056 1063 1108 est,
1090 1045 1177 1098 ubi
1202 1043 1335 1096 vidit
1359 1042 1567 1095 litteras
1590 1041 1946 1108 Amphilochii
1974 1041 2039 1093 ab
2072 1038 2290 1093 IEIiano

735 1140 962 1209 quodam
994 1136 1178 1191 allatas
1206 1134 1301 1205 (a),
1333 1149 1490 1202 quem
1518 1132 1714 1188 Basilio
1732 1134 2137 1187 commendabat
2164 1130 2293 1183 Am-

735 1231 1061 1300 philochius,
1086 1242 1149 1282 ac
1178 1225 1399 1296 rogabat
1430 1232 1487 1276 ut
1519 1223 1583 1276 ad
1628 1223 1860 1291 negotia,
1894 1237 2011 1290 quze
2032 1220 2292 1275 Caesarea:

738 1324 990 1385 habebat,
1014 1318 1369 1390 patrocinium
1410 1331 1560 1368 suum
1615 1314 1971 1382 impenderet.
2017 1312 2063 1365 Is
2110 1309 2289 1363 Basilii

736 1414 1037 1487 patrocinio
1067 1426 1199 1480 opus
1224 1425 1325 1463 non
1354 1407 1577 1471 habuit,
1631 1406 1723 1458 sed
1759 1403 2017 1458 confectis
2064 1401 2293 1468 negotiis

738 1512 872 1565 duas
908 1507 974 1561 ab
999 1521 1063 1561 eo
1084 1503 1336 1573 epistolas
1358 1502 1422 1555 ad
1448 1496 1878 1566 Amphilochium
1906 1494 2133 1562 accepit,
2160 1508 2292 1561 qua-

743 1618 861 1655 rum
889 1600 1052 1654 altera
1086 1608 1166 1651 est
1188 1593 1479 1649 centesima
1508 1590 1711 1643 decima
1744 1589 1968 1656 septima
1996 1627 2011 1652 ,
2038 1587 2149 1641 sive
2201 1600 2292 1639 ca-

740 1689 934 1744 nonica
984 1686 1140 1741 tertia
1171 1726 1185 1750 ,
1240 1682 1407 1734 altera
1479 1678 1769 1732 centesima
1822 1678 2026 1731 decima
2073 1685 2288 1731 octava.

738 1780 1036 1845 Utramque
1078 1774 1219 1826 enim
1246 1768 1523 1839 epistolam
1555 1768 1709 1822 simul
1755 1768 1972 1821 missam
2011 1766 2176 1820 fuisse
2201 1781 2291 1834 pa-

2393 601 2496 654 quo
2546 595 2712 653 paeto
2744 581 2938 634 oblitus
2989 587 3091 633 est.
3117 577 3341 642 Quidam
3370 593 3435 631 ex
3482 577 3564 629 Itis
3590 578 3679 645 qui
3724 591 3755 629 e
3786 575 3948 645 Lycia

2389 677 2684 733 Caesaream
2709 673 3010 735 veniebant,
3040 668 3596 724 nuntiaveratBasilio
3628 669 3811 737 plures
3827 684 3952 723 esse

2391 768 2442 821 in
2468 766 2567 819 hac
2592 763 2889 834 provincia,
2927 760 3016 828 qui
3049 760 3115 813 ab
3135 760 3454 813 Asianorum
3486 757 3754 811 sententia
3784 757 3950 810 alieni

2391 866 2607 919 essent,
2653 865 2705 907 et
2746 852 3176 909 communionem
3207 850 3389 904 Basilii
3426 857 3686 917 cuperent
3746 846 3953 914 amplc-

2394 947 2487 1002 cti.
2523 947 2693 1017 Rogat
2720 960 2848 1014 ergo
2877 943 3306 1012 Amphilochium
3328 984 3343 1008 ,
3372 951 3437 999 ut,
3461 947 3682 1009 probum
3712 939 3952 1006 aliquem

2392 1040 2566 1091 virum
2596 1040 2774 1091 mittat
2804 1038 2855 1090 in
2893 1035 3137 1103 Lyciam.
3166 1033 3344 1087 Primo
3371 1032 3516 1086 enim
3538 1044 3631 1084 eos
3660 1031 3783 1083 sine
3808 1028 3955 1079 litte—

2395 1131 2468 1184 ris
2500 1129 2880 1197 explorandos,
2916 1128 3131 1187 deinde.
3168 1140 3223 1179 re
3253 1134 3552 1194 perspecta,
3597 1121 3950 1176 scribendum

2394 1231 2446 1275 et
2468 1224 2533 1274 de
2568 1234 2865 1289 congressu
2902 1220 3181 1290 agendum.
3214 1216 3266 1269 Si
3291 1219 3410 1285 quis
3438 1225 3615 1269 autem
3643 1213 3819 1267 iturus
3852 1212 3950 1274 sit,

2393 1313 2440 1367 ei
2463 1326 2647 1366 austor
2672 1320 2755 1365 est
2791 1310 3020 1365 Basilius
3041 1348 3056 1374 ,
3088 1319 3143 1362 ut
3174 1307 3449 1377 perquirat
3500 1303 3789 1376 Corydalis
3821 1303 3953 1356 Ale-

2392 1405 2654 1457 xandrum
2698 1418 2759 1455 ex
2792 1404 3050 1455 monacho
3082 1402 3421 1469 episcopum;
3472 1397 3699 1468 Limyrze
3761 1394 3951 1448 Diali-

2394 1508 2560 1555 mum,
2591 1492 2745 1562 Cyris
2792 1490 3070 1543 Talianum
3121 1500 3175 1543 et
3234 1489 3514 1542 Polemona
3551 1498 3603 1539 et
3648 1485 3951 1539 Macarium

2393 1586 2765 1653 presbyteros;
2793 1581 2999 1635 Pataris
3028 1582 3316 1636 Eudemum
3341 1579 3644 1646 cpiscOpum
3670 1617 3685 1641 ,
3708 1574 3951 1631 Telmesi

2396 1676 2655 1728 Hilarium
2691 1675 2997 1743 episcOpum
3028 1713 3042 1736 ,
3080 1672 3226 1724 Pheli
3272 1671 3563 1724 Lollianum
3610 1670 3949 1737 episcopum.

2395 1765 2500 1820 Hos
2521 1774 2574 1820 et
2607 1764 2785 1831 plures
2828 1764 2961 1817 alios
2995 1763 3185 1830 aliquis
3213 1764 3546 1816 nuntiaverat
3572 1760 3636 1815 de
3666 1761 3770 1815 ﬁde
3801 1773 3954 1818 recte

740 1880 837 1933 tet,
863 1843 966 1923 non
998 1865 1167 1920 solum
1199 1861 1318 1929 quia
1355 1861 1406 1911 in
1447 1865 1672 1924 utraque
1713 1856 1993 1908 collectum
2042 1868 2105 1907 ex
2155 1852 2293 1906 Pon-
2327 1843 2365 1895 Β
2395 1857 2611 1909 sentire.
2649 1856 2796 1911 Unde
2835 1855 3061 1909 Basilius
3097 1854 3353 1924 plurimas
3409 1853 3515 1908 Deo
3541 1854 3740 1922 gratias
3784 1868 3955 1920 agen-

737 1964 847 2018 tico
892 1960 1081 2013 itinere
1133 1954 1375 2009 morbum
1420 1956 1823 2010 commemorat,
1863 1944 1953 1998 sed
1986 1945 2144 1997 etiam
2171 1942 2293 2010 quia

741 2052 898 2123 paulo
931 2059 1049 2119 post
1076 2045 1257 2099 Basilii
1304 2042 1532 2096 reditum
1585 2038 1747 2091 multa
1786 2045 2121 2099 evenerunt,
2177 2047 2295 2100 qua:

742 2143 971 2200 Basilius
1025 2140 1135 2207 ipse
1182 2137 1234 2188 in
1284 2134 1441 2201 epist.
1485 2129 1585 2183 251
1636 2130 1961 2195 scripturum
2020 2140 2077 2179 se
2131 2124 2295 2177 fuisse

740 2233 1111 2305 Amphilochio
1137 2228 1395 2288 declarat,
1426 2224 1471 2277 si
1526 2237 1628 2289 qua
1664 2219 1852 2273 fuisset
1890 2217 2111 2273 Occasio
2155 2216 2293 2269 scri-

737 2328 916 2383 bendi.
942 2325 1178 2390 Utraque
1208 2335 1335 2388 ergo
1366 2314 1588 2387 epistola
1615 2313 1865 2383 praecedit
1899 2310 2017 2365 illos
2044 2319 2292 2374 eventus,

737 2434 874 2490 quos
915 2416 1071 2470 modo
1102 2412 1466 2465 narrabimus.

811 2509 866 2563 In
901 2507 1119 2562 exordio
1146 2504 1384 2573 epistolae
1420 2500 1686 2556 canonica!
1716 2497 1885 2550 tertim
1940 2507 2189 2562 magnum
2219 2490 2294 2542 vi-

740 2600 901 2657 dendi
950 2596 1307 2667 Amphilochii
1345 2592 1665 2649 desiderium
1699 2588 1970 2656 signiﬁcat
2019 2581 2252 2637 Basilius
2277 2621 2291 2646 ,

742 2689 1159 2758 sequeJibenter
1183 2686 1246 2739 ad
1302 2684 1442 2736 illius
1468 2684 1607 2735 aedes
1638 2719 1651 2741 ,
1688 2695 1803 2745 qum
1847 2678 1897 2729 in
1933 2672 2296 2743 Euphemiade

742 2783 856 2837 sitae
879 2788 1050 2840 erant,
1085 2791 1446 2838 accessurum,
1473 2775 1515 2829 si
1546 2787 1609 2827 eo
1652 2768 2056 2839 Amphilochius
2108 2764 2293 2817 venire

742 2892 848 2929 non
880 2882 1150 2943 gravetur.
1190 2869 1550 2938 Praeterquam
1586 2863 1725 2933 quod
1758 2859 2016 2913 molestiis
2048 2895 2063 2919 ,
2100 2855 2297 2925 quibus

741 2966 1000 3020 Cursarem
1053 2961 1415 3030 premebatur,
1462 2957 1685 3010 libenter
1726 2967 1784 3006 se
1819 2947 2106 3019 eripuisset
2152 2954 2207 2999 et
2232 2944 2297 2997 ad

743 3050 1177 3119 Amphilochium
1233 3046 1589 3108 festinasset;
1642 3037 2019 3107 suSpicabatur
2075 3046 2299 3087 necesse

744 3141 845 3196 sibi
875 3140 1107 3192 futurmu
1146 3134 1469 3191 Nazianzmn
1503 3130 1772 3201 proficisci
1798 3169 1812 3191 ,
1849 3128 1971 3195 quia
2006 3126 2297 3195 Gregorius

744 3249 809 3287 ex
842 3234 940 3286 hac
972 3230 1103 3283 urbe
1138 3227 1315 3281 subito
1344 3226 1688 3281 discesserat,
1722 3234 1787 3271 ne
1815 3219 1928 3287 ipso
1956 3217 2169 3285 quidem
2204 3212 2296 3267 ad-
2327 3186 2369 3242 Ο

750 3324 954 3378 mczzito
988 3320 1205 3383 Basilio,
1238 3315 1329 3385 qui
1370 3314 1562 3383 quibus
1590 3312 1652 3366 de
1678 3310 1853 3363 causis
1885 3309 1933 3361 id
1965 3305 2169 3359 consilii
2195 3318 2297 3359 cae-

744 3413 909 3482 pissct
946 3409 1260 3478 Gregorius,
1281 3406 1482 3459 fatetur
1514 3417 1572 3457 se
1610 3401 1836 3454 nescire.
1873 3397 2068 3450 Narrat
2102 3392 2294 3448 ibidem

746 3500 972 3556 Basilius
998 3537 1013 3560 ,
1046 3511 1204 3564 quem
1239 3510 1295 3549 se
1343 3496 1627 3548 missurum
1667 3486 2040 3557 Amphilochia
2098 3483 2297 3551 promi-

747 3603 894 3649 serat
943 3600 1003 3644 ut
1057 3590 1338 3657 episc0pus
1384 3583 1823 3640 constitueretur,
1858 3593 1979 3630 eum
2041 3588 2095 3630 et
2128 3576 2295 3627 veteri

745 3682 1092 3755 aegritudine,
1124 3690 1177 3733 et
1233 3676 1430 3732 recenti
1486 3673 1763 3728 oculorum
1820 3668 2007 3721 morbo
2039 3667 2297 3734 imparem

747 3776 1091 3845 episcopatus
1144 3770 1293 3821 oneri
1347 3764 1663 3820 sustinendo
1710 3760 1909 3813 factum
1952 3770 2092 3810 esse.
2120 3756 2300 3820 Quare

749 3866 848 3921 etsi
879 3864 1191 3918 electionem
1233 3858 1431 3927 judicio
1468 3855 1646 3909 Basilii
1685 3864 1738 3908 et
1767 3848 2127 3922 Amphilocbii
2157 3862 2301 3899 corn-

748 3960 1002 4015 miserant
1032 3955 1223 4015 Isauri,
1246 3950 1518 4006 existimat
1543 3947 1771 4001 Basilius
1794 3941 2165 3999 necessitatem
2193 3940 2303 3989 haec

748 4051 911 4107 verba
944 4064 1008 4102 ex
1031 4048 1110 4101 eis
1135 4041 1485 4112 expressisse,
1515 4038 1606 4091 sed
1656 4052 1777 4091 vere
1808 4044 1863 4089 et
1893 4051 1956 4088 ex
2001 4033 2182 4086 animo
2209 4040 2302 4080 eos

748 4154 964 4212 optasse
1002 4142 1053 4194 id
1082 4139 1223 4208 quod
1256 4134 1410 4190 initio
1446 4137 1819 4201 poposcerant,
1856 4139 1913 4180 ut
1953 4139 2172 4181 suorum
2207 4119 2308 4173 ali-

751 4210 873 4304 quis
908 4230 1308 4299 praeﬁceretur;
1346 4224 1514 4278 satius
1561 4235 1690 4289 ergo
1740 4230 1860 4271 esse
1904 4232 1968 4267 ex
2025 4210 2305 4280 neophytis

750 4326 983 4394 aliquem
1018 4321 1322 4389 episcopum
1358 4317 1607 4370 ordinare
1634 4352 1649 4376 ,
1698 4311 1811 4366 sive
1863 4306 2179 4361 Macedonio
2230 4304 2302 4357 ita

750 4419 1011 4481 videatur,
1066 4414 1180 4468 sive
1222 4425 1345 4463 non.
1380 4406 1611 4475 Epistola
1643 4403 1903 4457 canonica
1950 4398 2103 4452 tertia
2158 4411 2299 4465 pra:-

751 4509 907 4578 cipue
935 4505 1217 4559 insumitur
1249 4501 1301 4554 in
1349 4496 1702 4552 decernendis
1737 4490 2066 4564 paenitentiae
2103 4490 2257 4542 annis
2285 4530 2299 4552 ,

751 4613 889 4670 quos
912 4596 1103 4663 cuique
1125 4602 1345 4664 peccato
1377 4604 1474 4659 par
1504 4599 1622 4641 erat
1654 4584 1839 4655 inﬂigi.
1866 4584 1974 4637 llos
2005 4590 2180 4633 autem
2208 4594 2303 4632 ca—

755 4705 922 4745 nones
956 4688 1182 4743 Basilius
1241 4699 1343 4738 non
1394 4683 1490 4737 soli
1535 4679 1795 4735 lconiensi
1824 4676 2090 4731 condebat
2123 4672 2300 4727 Eccle-

753 4782 868 4846 sine,
919 4780 1013 4836 sed
1043 4793 1137 4834 eos
1172 4778 1235 4830 ad
1266 4773 1614 4827 Caesariensis
1645 4768 1895 4824 Ecclesiae
1929 4780 2085 4819 usum
2121 4763 2307 4832 vulga-

756 4874 852 4929 vit.
877 4873 1273 4927 Commemorat
1298 4866 1438 4920 enim
1470 4865 1519 4917 iu
1548 4860 1773 4931 epistola
1806 4858 1931 4921 270,
1977 4871 2237 4913 canonem
2270 4871 2299 4907 a

757 4977 818 5018 se
875 4962 941 5015 de
990 4959 1295 5030 raptoribus
1324 4964 1482 5009 antea
1522 4951 1815 5021 vulgatum.
1870 4946 2002 5001 Ilinc
2052 4948 2209 4999 etiam
2259 4946 2308 4999 in

756 5053 980 5123 epistola
1009 5050 1263 5105 canonica
1308 5044 1540 5102 secunda
1576 5044 1654 5097 sic
1684 5039 1919 5109 loquitur
1942 5039 2013 5110 (b)
2043 5055 2055 5091 :
2087 5036 2238 5102 Quod
2264 5036 2311 5088 si

759 5146 898 5214 apud
929 5161 1012 5198 vos
1062 5141 1320 5210 prohibita
1371 5149 1445 5193 est
1490 5134 1830 5205 rebaptizatio
1858 5169 1872 5194 ,
1901 5134 2033 5184 sicut
2077 5142 2124 5185 et
2168 5129 2305 5196 apud

759 5237 1051 5299 Romanos,
1084 5232 1377 5288 oeconomiae
1407 5229 1633 5298 alicujus
1673 5228 1882 5296 gratia;
1922 5237 2094 5278 nostra
2136 5235 2310 5278 tamen

761 5332 897 5386 ratio
930 5330 1033 5383 vim
1055 5327 1300 5380 obtineat.

830 5423 886 5478 ln
916 5417 1270 5489 epistola218,
1295 5430 1411 5485 qua:
1435 5412 1595 5467 simul
1622 5427 1782 5466 nussa
1806 5419 1888 5464 est
1912 5422 2030 5462 cum
2051 5409 2308 5463 canonica

760 5512 942 5578 tertia,
968 5510 1079 5580 agit
1100 5506 1325 5562 Basilius
1358 5506 1421 5559 de
1444 5520 1499 5559 re
1520 5503 1697 5573 magni
1724 5499 1999 5561 momenti,
2035 5515 2195 5570 quam
2220 5499 2313 5552 du-

837 5687 910 5756 (α)
939 5686 1032 5754 Ep.
1060 5686 1181 5742 an.
1214 5684 1337 5738 218.

837 5753 911 5829 (ὁ)
1078 5758 1199 5822 I99,
1225 5770 1346 5809 can.
1381 5753 1467 5807 47.

2397 1947 2490 1998 das
2514 1946 2700 2010 duxit,
2757 1948 2801 2000 si
2859 1947 2947 2015 qui
2998 1946 3217 1999 omnino
3248 1946 3297 1997 in
3347 1944 3545 1999 Asiano
3588 1953 3761 1997 tractu
3797 1957 3954 1997 extra

2397 2036 2566 2090 labem
2595 2037 2965 2092 lizereticorum
2993 2048 3192 2092 essent.

2467 2128 2596 2184 VIII.
2623 2126 2806 2181 Nullus
2838 2138 2956 2180 erat
2991 2129 3041 2179 in
3088 2128 3219 2180 orbe
3257 2136 3520 2181 terrarum
3563 2127 3729 2192 locus,
3763 2125 3815 2179 in
3848 2140 3957 2193 quo

2398 2222 2568 2289 major
2613 2220 2897 2273 enituisset
2919 2227 2971 2270 et
3016 2217 3142 2270 cleri
3169 2228 3222 2272 et
3255 2219 3665 2288 magistratuum
3691 2227 3745 2272 et
3770 2218 3956 2286 pepuli

2396 2327 2697 2369 consensus
2749 2311 2815 2363 ad
2844 2308 2963 2362 lidei
2994 2307 3353 2364 defensionem
3382 2348 3397 2372 ,
3439 2326 3599 2379 quam
3628 2309 3956 2365 Samosatis.

2396 2405 2501 2461 Sed
2536 2403 2833 2458 communis
2862 2403 2981 2455 vitae
3010 2402 3252 2454 humanae
3286 2402 3474 2465 hostis,
3499 2416 3617 2455 cum
3651 2417 3739 2456 eos
3770 2416 3961 2471 perse‘

2395 2508 2642 2549 eutorum
2692 2494 2896 2547 viribus
2929 2494 3143 2545 vincere
3173 2506 3276 2543 non
3313 2492 3611 2559 potuisset,
3652 2493 3960 2548 discordia-

2399 2603 2513 2641 rum
2543 2587 2746 2641 semina
2797 2587 2930 2639 inter
2975 2598 3065 2638 eos
3099 2582 3337 2650 sparsit,
3367 2597 3485 2650 quae
3532 2582 3685 2635 initio
3734 2586 3956 2650 quidem

2398 2694 2559 2747 parva
2612 2688 2666 2732 et
2709 2677 2866 2731 facile
2919 2675 3175 2730 sanabilia
3208 2714 3222 2737 ,
3286 2674 3336 2727 iu
3399 2672 3596 2725 malum
3660 2675 3961 2729 insanabile

2398 2783 2679 2834 emergere
2729 2779 3000 2834 poterant,
3033 2767 3135 2822 nisi
3168 2774 3380 2819 mature
3408 2764 3698 2819 remedium
3729 2766 3956 2821 afferre-

2403 2869 2509 2911 tur.
2542 2858 2719 2924 Quare
2769 2857 2827 2911 S.
2870 2858 3131 2912 Eusebius
3182 2857 3233 2911 in
3277 2872 3333 2911 re
3367 2856 3499 2911 tanti
3542 2858 3803 2911 momenti
3857 2874 3961 2912 non

2400 2951 2655 3013 cessavit,
2688 2948 2779 3001 sed
2808 2963 2868 3000 ea
2898 2949 3115 3015 scripsit
3138 2949 3387 3004 Ecclesiae
3414 2963 3545 3013 suae,
3570 2963 3689 3018 quae
3720 2965 3823 3019 par
3844 2960 3965 3006 erat

2400 3058 2427 3093 a
2455 3050 2560 3094 tum
2588 3049 2774 3095 sancto
2818 3038 3070 3106 episcopo
3111 3041 3437 3107 exspectari.
3469 3040 3697 3098 Basilius
3748 3052 3958 3107 autem,

2400 3149 2521 3188 cum
2569 3148 2599 3187 a
2635 3131 2921 3185 Theodoro
2960 3129 3287 3183 subdiacono
3325 3132 3601 3188 didicisset
3657 3134 3959 3189 Ecclesiam

2405 3225 2831 3280 Samosatensem
2858 3221 3180 3293 perturbari,
3219 3219 3423 3276 intimis
3448 3226 3692 3281 sensibus
3720 3228 3963 3282 dolorem

2408 3315 2592 3377 traxit,
2622 3329 2785 3378 seque
2816 3314 3098 3367 Samosata
3123 3310 3479 3375 contulisset,
3511 3313 3555 3365 si
3597 3323 3839 3383 tempora
3891 3318 3966 3370 si-

2405 3412 2626 3464 vissent.
2663 3405 2767 3461 Sed
2800 3422 2919 3460 cum
2951 3407 3187 3461 scribere
3216 3405 3351 3459 nihil
3403 3414 3611 3458 vetaret
3640 3445 3657 3468 ,
3692 3420 3758 3460 eo
3791 3406 3967 3460 liben-

2408 3502 2514 3555 tius
2544 3502 2644 3554 hoc
2667 3498 2987 3553 adhortandi
3016 3497 3190 3553 cilicio
3217 3498 3576 3567 perfungitur,
3603 3498 3747 3567 quod
3776 3536 3792 3561 ,
3840 3513 3963 3551 cum

2405 3593 2577 3647 exsilii
2627 3595 2783 3644 minae
2807 3592 2855 3643 ei
2890 3592 3305 3655 intentareutur,
3357 3593 3591 3647 incertus
3622 3601 3740 3645 erat
3768 3608 3836 3646 an
3881 3607 3969 3645 se—

2407 3683 2510 3737 mel
2541 3682 2902 3751 prartermissa
2924 3683 3139 3734 occasio
3176 3684 3444 3738 scribendi
3485 3698 3769 3737 reversura
3798 3694 3964 3739 esset.

2408 3772 2781 3826 Subdiacoous
2828 3770 2917 3824 ille
2970 3768 3285 3824 Theodorus
3318 3773 3370 3824 in
3398 3771 3682 3827 Thraciam
3720 3776 3787 3827 ad
3842 3791 3968 3830 san-

2407 3874 2552 3920 ctum
2604 3863 2890 3918 Eusebium
2957 3862 3363 3919 contendebat:
3398 3863 3536 3917 unde
3583 3864 3822 3921 Basilius
3862 3884 3967 3922 non

2409 3960 2613 4011 dubitat
2640 3959 2767 4027 quin
2826 3959 3019 4012 iterum
3072 3956 3370 4026 scripturus
3396 3963 3539 4010 esset
3572 3953 3969 4013 Samosatensi-

2412 4047 2509 4100 bus
2534 4049 2813 4101 Eusebius.

2483 4137 2595 4192 Non
2644 4153 2707 4192 eo
2751 4148 3035 4193 contentus
3079 4139 3291 4192 videtur
3327 4137 3489 4193 fuisse
3536 4148 3755 4194 sanctus
3802 4138 3971 4194 Euse-

2412 4229 2550 4291 bius,
2580 4238 2638 4283 ut
2666 4232 2856 4285 litteris
2888 4231 3000 4283 suis
3032 4238 3336 4284 nascentem
3387 4230 3438 4285 in
3474 4230 3712 4287 Ecclesia
3735 4247 3833 4286 sua
3860 4233 3971 4285 dis-

2411 4321 2643 4374 cordiam
2692 4323 3086 4389 exstingueret;
3118 4322 3211 4376 sed
3256 4323 3419 4377 etiam
3456 4338 3517 4378 ea
3553 4337 3712 4375 causa
3753 4323 3969 4377 videtur

2412 4411 2728 4467 Antiochum
2761 4410 2943 4466 fratris
2970 4410 3135 4465 lilium
3162 4414 3390 4468 misisse.
3425 4413 3577 4467 Hunc
3604 4414 3745 4468 enim
3780 4414 3969 4473 Samo-

2413 4503 2539 4557 satis
2570 4504 2876 4557 redeuntem
2901 4504 3199 4559 videbimus
3230 4521 3368 4560 anno
3400 4505 3531 4569 376,
3558 4504 3702 4558 circa
3736 4520 3962 4562 vernum

2416 4605 2644 4664 tempus,
2668 4608 2731 4648 ex
2758 4610 2863 4665 quo
2890 4597 3170 4665 conjicitur
3192 4599 3288 4653 has
3314 4598 3674 4652 dissensiones
3700 4614 3844 4653 anno
3867 4602 3969 4654 375

2411 4686 2677 4741 evenisse.
2715 4684 2826 4739 Iluc
2858 4689 3064 4741 accedit
3093 4688 3257 4755 quod,
3289 4702 3408 4741 cum
3448 4687 3644 4753 scripta
3675 4697 3758 4742 est
3787 4688 3967 4741 Basilii

2410 4776 2476 4830 ad
2516 4777 2918 4832 Samosatenses
2941 4777 3184 4847 epistola,
3212 4778 3322 4847 jam
3359 4779 3656 4833 immineret
3684 4781 3969 4847 Cappado-

2413 4872 2507 4922 cia:
2534 4868 2847 4936 gravissima
2884 4878 3193 4937 tempestas,
3230 4878 3285 4922 ut
3316 4870 3445 4923 satis
3481 4871 3677 4925 indicat
3710 4868 3965 4933 Basilius,

2413 4958 2501 5025 qui
2543 4971 2601 5009 se
2634 4956 2835 5011 idcirco
2867 4956 3144 5013 Samosata
3181 4973 3284 5011 non
3320 4961 3527 5014 venisse
3559 4959 3686 5013 dicit
3722 4958 3821 5031 (ιι.
3862 4962 3967 5031 I):

2418 5046 2554 5111 Quia
2585 5046 2637 5097 id
2670 5059 2898 5115 tempora
2930 5065 3028 5102 non
3059 5049 3255 5102 sinunt.
3289 5046 3378 5104 Sic
3404 5052 3565 5103 etiam
3592 5064 3711 5103 cum
3742 5050 3821 5102 ait
3849 5068 3863 5104 :
3897 5053 3969 5106 Eo

2416 5139 2553 5207 quod
2582 5138 2752 5191 adhuc
2776 5155 3071 5193 concessum
3098 5140 3188 5204 sit,
3222 5150 3275 5192 ut
3306 5140 3446 5193 vobis
3471 5142 3739 5217 propiores
3785 5143 3967 5210 simus,

2418 5228 2500 5283 his
2534 5229 2711 5283 verbis
2746 5231 2882 5283 inest
2912 5246 3016 5284 non
3048 5232 3275 5285 obscura
3306 5232 3478 5286 exsilii
3520 5235 3879 5301 exspectatio.

2494 5318 2587 5372 Vix
2620 5333 2795 5375 autem
2836 5321 3050 5374 dubium
3082 5334 3163 5377 est
3194 5326 3321 5392 quin
3359 5324 3493 5379 hanc
3537 5324 3717 5377 Basilii
3768 5328 3970 5394 episto-

2419 5407 2523 5461 lam
2566 5409 2616 5461 iu
2650 5408 2924 5463 Orientem
2961 5412 3241 5480 pertulerit
3294 5413 3431 5467 idem
3483 5415 3735 5480 Aeacius,
3768 5421 3860 5487 qui
3897 5416 3969 5487 (τ)

2418 5508 2473 5553 et
2514 5501 2673 5554 trium
2722 5501 2949 5555 aliarum
2997 5503 3206 5574 bajulus
3245 5503 3363 5562 fuit.
3418 5506 3468 5562 Is
3513 5517 3631 5563 erat
3668 5506 3969 5576 Caesareae,

2496 5678 2567 5751 (ε)
2608 5678 2703 5749 Ep.
2734 5678 2849 5735 215.
