4074 6312
1426 346 1585 402 νιτΑ
1626 347 1685 403 S.
1722 344 1983 401 BASlLll.

3104 358 3347 402 CXXSWI'

142 492 236 535 cum
263 460 478 527 Basilius
508 471 668 527 rediit
696 487 725 526 e
751 471 953 533 Ponto,
987 467 1075 538 qui
1110 481 1231 521 cum
1274 481 1393 521 eum
1425 466 1563 535 apud
1606 481 1662 520 se
1692 472 1737 528 Α
1766 466 2063 520 clarissima
2097 463 2213 520 luce
2254 473 2307 518 et
2344 463 2581 518 omnium
2625 462 2792 518 oculis
2827 471 3140 533 exponeret.
3176 462 3325 519 Hauc

143 565 410 636 aliquandiu
444 564 643 617 habere
685 563 862 630 vellet,
898 561 1065 615 noluit
1100 575 1270 627 usque
1314 561 1379 613 ad
1418 560 1531 625 ejus
1572 574 1657 613 re-

143 661 278 713 ditum
326 654 536 711 diﬂ'erre
582 655 809 720 litteras,
858 669 990 723 quas
1033 651 1285 707 Terentio
1338 652 1547 720 magnis
1594 652 1661 706 de

143 754 274 806 rebus
298 749 583 803 scribebat.
615 747 808 802 Missus
842 747 942 799 fuit
971 744 1198 799 Acacius
1238 759 1359 799 cum
1394 743 1661 797 nonnullis

143 843 235 896 aliis
261 858 318 895 ex
345 843 526 894 eodem
556 839 720 901 clero,
751 852 812 890 ac
848 836 1053 890 litteras
1083 836 1333 912 Ecclesia:
1358 834 1662 889 Bcrteensis

141 934 286 989 attulit
313 932 525 986 Basilio.
562 930 727 997 Hujus
760 931 906 981 urbis
939 930 1224 998 episcopus
1259 936 1376 981 erat
1412 925 1659 983 Theodo—

144 1038 224 1091 tus,
256 1025 313 1077 ad
355 1039 513 1093 quem
548 1036 709 1091 supra
737 1030 911 1074 exstat
944 1018 1125 1073 Basilii
1157 1018 1403 1086 epistola,
1448 1020 1538 1071 sed
1579 1020 1658 1083 is,

142 1128 186 1171 ut
210 1116 344 1169 multi
383 1114 469 1168 alii
511 1112 874 1173 coul‘essores,
912 1111 963 1164 in
1006 1110 1192 1164 exsilio
1229 1110 1419 1177 agebat
1450 1128 1464 1164 :
1495 1110 1663 1178 siqui-

142 1210 235 1261 dem
263 1207 391 1260 nulla
420 1206 565 1258 illius
593 1204 791 1258 mentio
817 1204 867 1256 in
894 1203 976 1257 his
1002 1202 1208 1255 duabus
1236 1200 1452 1254 litteris.
1485 1202 1664 1255 Pasto-

142 1301 199 1353 ris
238 1296 467 1353 absentia
523 1296 654 1349 nihil
698 1293 900 1364 proluit
952 1295 1089 1362 lupis
1139 1293 1205 1345 ad
1250 1292 1660 1361 dispergendum

141 1406 338 1460 gregem.
384 1387 517 1442 Nam
552 1402 761 1441 summa
808 1387 1000 1441 enituit
1040 1394 1095 1438 et
1137 1383 1264 1438 cleri
1306 1393 1362 1436 et
1403 1382 1579 1453 populi
1612 1392 1666 1437 et

142 1484 506 1551 magistratuum
541 1478 621 1549 (u)
660 1480 712 1532 in
748 1476 1137 1531 certaminibus
1164 1476 1404 1545 quotidie
1433 1490 1528 1544 pro
1562 1474 1666 1529 lide

141 1571 365 1625 obeundis
391 1572 720 1635 constantia,
745 1583 956 1623 summa
984 1570 1038 1621 in
1062 1571 1315 1622 omnibtts
1345 1569 1503 1622 rebus
1536 1583 1665 1622 con-

140 1660 287 1715 cordia
315 1677 327 1713 :
359 1674 476 1728 quas
509 1675 634 1713 cum
670 1657 899 1713 Basilius
930 1659 1272 1726 cognovisset
1310 1671 1377 1713 ex
1418 1668 1665 1711 sermone

138 1751 286 1804 Acacii
338 1759 389 1804 et
431 1750 633 1804 litteris
680 1748 932 1804 Ecclesia;
978 1749 1306 1813 Beroeensis,
1360 1749 1553 1801 mirum
1611 1748 1661 1801 in

140 1843 319 1898 modum
345 1842 481 1898 hanc
516 1840 820 1896 Ecclesium
848 1841 1059 1895 beatam
1085 1840 1413 1908 praedicavit,
1444 1852 1506 1893 ac
1532 1837 1659 1891 dua-

140 1934 220 1988 bus
250 1935 498 2003 epistolis,
537 1949 767 2004 quarum
810 1934 980 2002 prima
1025 1933 1091 1983 ad
1122 1930 1346 1995 clerum,
1384 1928 1551 1983 altera
1595 1930 1662 1983 ad

139 2028 310 2096 plebem
342 2027 542 2097 scripta
580 2036 685 2092 est,
717 2028 783 2079 ad
816 2022 1270 2092 perseverantiam
1294 2036 1388 2077 eos
1416 2022 1663 2076 hortatus

136 2129 219 2174 est.

196 2210 380 2278 Scripta
416 2209 467 2261 in
499 2206 747 2261 eamdem
794 2205 1142 2271 sententiam,
1186 2219 1250 2258 ac
1300 2208 1488 2259 eodem
1529 2213 1666 2259 tem-

138 2317 259 2369 pore.
284 2300 358 2353 vel
388 2298 569 2367 potius
599 2312 695 2367 per
731 2299 923 2367 ipsum,
962 2308 1019 2352 ut
1062 2298 1354 2353 verisimile
1391 2306 1495 2357 est,
1524 2299 1665 2349 Aca-

139 2393 253 2444 cium
281 2391 433 2444 missa
463 2389 695 2460 epistola
716 2388 822 2442 222
856 2388 923 2443 ad
970 2390 1369 2444 Chalcidenses.
1405 2388 1495 2443 Ait
1521 2386 1664 2440 enim

143 2482 332 2535 Basilius
354 2497 410 2535 se
435 2482 676 2548 acceptis
701 2496 883 2534 eorum
910 2480 1102 2533 litteris
1129 2481 1423 2549 respirasse
1448 2492 1509 2532 ex
1542 2492 1669 2531 con-

144 2572 274 2627 tinuis
300 2575 706 2638 tentationibus,
737 2582 792 2627 et
824 2572 1178 2628 certaminum
1223 2573 1503 2634 memoria,
1547 2584 1668 2639 quae

143 2680 221 2734 pio
264 2667 358 2721 lide
402 2666 788 2721 Chalcidenses
831 2666 1215 2730 sustinuerant,
1261 2665 1667 2717 corroboratutn

142 2773 239 2811 esse
277 2760 335 2811 ad
374 2760 711 2827 propositum
746 2769 1018 2812 certamen
1063 2756 1272 2810 fortiter
1314 2753 1666 2809 subeundum.

143 2849 402 2914 Enimvero,
430 2850 609 2919 inquit
634 2890 649 2916 ,
670 2851 965 2903 incendium
986 2852 1122 2917 quod
1143 2850 1411 2915 plerasque
1438 2844 1669 2905 Orientis

141 2950 281 3007 partes
308 2942 616 3005 devastarit,
644 2940 800 3007 serpit
817 2940 931 3004 jam
960 2949 1007 2989 et
1037 2938 1091 2989 in
1125 2951 1352 2989 nostrum
1386 2941 1667 3007 regionem,

141 3044 222 3085 etc.
252 3031 352 3085 Non
382 3044 611 3101 possunt
637 3034 747 3083 haec
777 3028 964 3081 relerri
989 3028 1056 3081 ad
1082 3042 1199 3082 eam
1223 3031 1666 3099 persecutionem,

1760 558 1900 612 enim
1931 556 2158 609 Basilius
2191 555 2466 622 rumpendi
2508 554 2703 608 silentii
2732 568 2947 610 causam
2980 553 3237 610 habuisse
3260 568 3321 610 se

1761 648 1912 709 dicit,
1939 646 2081 716 quod
2123 645 2325 699 videret
2358 642 2433 713 (b)
2474 643 2803 696 inimicitiam
2845 642 3004 697 simul
3040 659 3156 697 cum
3195 652 3325 698 tem-

1760 758 1883 808 pore
1910 740 2171 811 progredi,
2205 754 2295 792 nec
2322 738 2439 790 illos
2467 738 2714 801 paenitere
2732 753 2914 792 eorum
2938 752 3049 805 quae
3076 739 3140 790 ab
3170 738 3324 793 initio

1763 834 2030 899 dixerunt,
2072 848 2163 885 nec
2196 832 2453 900 quomodo
2494 834 2760 898 praterita
2794 839 3003 893 sanent,
3042 830 3325 899 cogitatio-

1765 942 1880 979 nem
1912 926 2070 977 ullam
2097 925 2378 992 suscipere,
2408 926 2497 981 sed
2530 939 2659 977 nova
2684 938 2840 990 opera
2869 932 2917 976 et
2954 921 3094 991 {acto
3118 922 3325 991 agmine

1765 1017 1821 1069 in
1856 1015 1909 1069 id
1942 1016 2256 1080 incumbere,
2292 1017 2430 1085 quod
2463 1016 2564 1069 sibi
2614 1015 2678 1068 ab
2710 1016 2858 1067 initio
2895 1030 3231 1082 proposuere,
3265 1022 3325 1067 ut

1767 1108 1925 1161 vitam
1958 1108 2121 1176 ipsius
2160 1108 2387 1179 afﬂigant
2428 1119 2473 1161 et
2508 1109 2943 1163 existimationem
2967 1111 3106 1177 apud
3135 1109 3324 1178 fratres

1766 1200 2010 1267 artificiis
2038 1202 2148 1253 suis
2193 1201 2570 1256 contaminent.
2610 1200 2778 1267 Quam
2808 1202 2966 1270 iustae
2994 1201 3102 1255 sint
3136 1202 3320 1258 Basilii

1762 1293 1996 1361 querela:
2040 1292 2194 1346 testis
2232 1303 2315 1345 est
2350 1293 2655 1348 Dazimonis
2704 1293 2868 1361 regio,
2917 1294 2969 1347 in
3002 1307 3104 1361 qua
3138 1293 3327 1349 Eusta-

1768 1385 1914 1438 thius
1963 1384 2161 1438 multos
2215 1398 2243 1437 a
2300 1382 2485 1437 Basilii
2535 1384 2915 1437 communione
2961 1383 3321 1440 abstraxerat.

1768 1474 2107 1527 Metuendum
2139 1482 2256 1527 erat
2288 1487 2353 1525 ne
2379 1471 2642 1539 ejusmodi
2674 1481 2819 1525 artes
2845 1469 3135 1525 vaierriruo
3169 1472 3322 1543 inge-

1766 1570 1856 1619 nio
1892 1566 1943 1619 iu
1986 1566 2106 1619 aliis
2148 1565 2282 1619 locis
2326 1565 2692 1618 succederent.
2729 1561 2912 1630 Itaque
2951 1562 3150 1617 silentii
3179 1578 3328 1617 rum-

1765 1657 1924 1725 pendi
1958 1666 2167 1725 tempus
2195 1671 2317 1711 esse
2352 1656 2787 1710 animadvertens
2818 1652 3072 1719 Basilius,
3111 1655 3329 1725 scripsit

1768 1749 2028 1802 adversus
2078 1748 2416 1803 Eustathium
2466 1747 2746 1816 epistolam
2787 1746 2913 1813 225,
2969 1747 3018 1800 in
3065 1760 3171 1817 qua
3217 1761 3331 1802 suae

1768 1852 1890 1892 cum
1919 1838 2007 1892 illo
2034 1836 2427 1906 conjunctionis
2446 1837 2707 1905 originem
2735 1837 2946 1906 repetit,
2972 1836 3167 1890 violata
3192 1836 3329 1891 ami-

1768 1934 1909 1987 citiae
1934 1931 2055 1998 jura
2089 1931 2356 1999 queritur,
2393 1930 2546 1984 ﬁctas
2573 1939 2627 1983 et
2656 1928 2846 1983 inanes
2875 1928 3168 1984 inimicitia:
3200 1943 3330 1983 cau-

1770 2040 1859 2079 sas
1886 2022 2103 2086 relellit,
2138 2036 2200 2075 ae
2228 2021 2588 2075 certissimam
2627 2019 2784 2088 hujus
2831 2020 2905 2074 rei
2948 2034 3166 2074 causam
3208 2033 3330 2075 esse

1772 2118 2126 2180 demonstrat,
2170 2111 2405 2168 studium
2466 2112 2651 2180 gratiae
2716 2111 2856 2181 apud
2916 2111 3199 2167 hazretieos
3249 2111 3333 2167 in-

1772 2208 1974 2261 eundae.

1842 2295 2053 2366 Scripta
2085 2310 2189 2350 non
2226 2293 2394 2349 multo
2423 2301 2545 2362 post
2571 2292 2637 2347 ad
2676 2291 3013 2347 Genethlium
3048 2295 3329 2366 presbyte-

1776 2402 1892 2441 rum
1929 2387 2176 2454 epistola,
2203 2386 2293 2455 qui
2322 2401 2381 2439 se
2407 2400 2528 2440 cum
2559 2384 2755 2440 Basilio
2780 2386 2982 2440 sentire
3011 2401 3103 2456 per
3126 2386 3335 2443 litteras

1776 2482 2195 2551 signiﬁcaverat,
2223 2490 2277 2534 et
2320 2479 2526 2549 repudii
2558 2478 2790 2532 libellum
2832 2479 3099 2534 Eustatbii
3130 2482 3325 2535 adver-

1776 2590 1868 2629 sus
1924 2574 2181 2628 Basilium
2227 2571 2426 2642 scripta
2482 2570 2862 2641 appellaverat.
2916 2571 3140 2625 Brevius
3189 2574 3335 2641 cogit

1776 2664 2002 2719 Basilius
2035 2678 2154 2731 quae
2189 2662 2242 2716 in
2274 2661 2551 2731 superiore
2581 2659 2809 2723 epistola
2846 2660 3176 2714 disseruerat
3203 2665 3336 2716 ube-

1777 2758 1908 2819 rius,
1948 2768 2173 2824 eamque
2220 2752 2617 2807 satistacturam
2675 2762 2880 2817 monet,
2931 2751 2973 2807 si
3017 2752 3139 2821 quis
3184 2754 3337 2822 plura

1776 2847 2066 2901 desideret.

1851 2938 2146 3007 Utramque
2187 2935 2470 3006 epistolam
2521 2945 2647 2988 ante
2680 2933 3017 2988 manifestam
3067 2932 3336 2991 Eustathii

1778 3045 1901 3086 cum
1958 3031 2176 3085 At‘iauis
2227 3028 2679 3096 coniunctionem,
2741 3027 3106 3082 collocandum
3164 3027 3331 3093 duxi,

142 3138 271 3184 quam
298 3122 484 3174 Valens
518 3122 574 3172 in
598 3118 933 3188 Cappadocia
964 3121 1145 3174 multis
1166 3125 1274 3191 jant
1301 3124 1518 3178 vastatis
1543 3141 1666 3194 pro-
1705 3167 1747 3222 ο
1780 3122 2023 3191 quamvis
2053 3120 2399 3174 Tillemnntio
2439 3135 2594 3175 secus
2616 3119 2879 3172 videatur.
2913 3117 3082 3188 Hujus
3116 3118 3339 3187 conju't-

144 3214 319 3275 unciis,
365 3227 506 3266 anno
551 3212 650 3263 571
701 3213 962 3265 exercuit.
1009 3211 1160 3266 Tunc
1198 3214 1341 3268 enim
1374 3217 1677 3284 persecutio

143 3319 192 3355 ex
250 3303 370 3357 lucis
416 3302 943 3371 Constantinopolim
992 3304 1131 3358 inter
1185 3315 1238 3358 et
1283 3305 1675 3374 Cappadociam

144 3395 429 3465 interjecds,
467 3411 579 3449 non
606 3435 621 3460 ,
657 3404 716 3448 ut
751 3396 852 3447 hoc
880 3410 1019 3447 anno
1044 3396 1171 3459 575,
1199 3411 1264 3449 ex
1305 3395 1525 3450 Oriente
1551 3411 1676 3465 gra-

148 3488 380 3542 :iiebatur.
425 3488 626 3539 Mirum
668 3495 847 3539 autem
882 3486 1047 3537 videri
1085 3502 1187 3539 non
1223 3486 1379 3539 debet
1426 3502 1523 3536 cur
1559 3488 1680 3541 dote

145 3579 474 3643 praecedentes
520 3576 717 3627 litterae
760 3573 892 3626 nihil
939 3574 1168 3627 habeant
1217 3575 1281 3629 de
1328 3584 1575 3643 serpente
1627 3577 1677 3630 in

144 3668 499 3734 Cappadociam
553 3664 950 3733 persecutione.
1008 3663 1141 3717 Nam
1194 3680 1313 3719 cum
1377 3665 1682 3722 Bermeusis

145 3756 360 3811 Ecclesizr.
387 3759 675 3827 presbyter
700 3765 841 3812 esset
872 3759 1101 3812 Aeacius
1127 3800 1140 3820 ,
1179 3760 1396 3813 dubium
1426 3776 1532 3813 non
1565 3770 1681 3815 erat

144 3850 247 3915 quin
272 3850 658 3905 Berueensibus
699 3850 976 3906 nuntiaret
999 3864 1116 3919 qua:
1145 3851 1197 3903 in
1229 3850 1564 3919 Cappadocia
1598 3853 1679 3905 vi-

144 3941 287 4003 derat.
317 3957 414 3997 nec
456 3943 687 4012 proinde
714 3956 933 3996 necesse
961 3952 1080 3995 erat
1110 3942 1289 3995 omnia
1327 3942 1530 3995 chartis
1554 3957 1681 3996 con-

144 4036 345 4107 signare.

639 4102 863 4159 CAPUT
906 4102 1144 4157 XXXIV.

146 4195 176 4249 l.
203 4195 378 4251 Scribit
407 4205 629 4251 sanctus
659 4194 1174 4264 Basilius‘adversus
1209 4193 1543 4248 Eustathium
1568 4196 1661 4264 epit

199 4270 341 4320 stolas
375 4268 483 4321 223
517 4275 569 4317 et
601 4264 725 4317 224.
784 4265 844 4317 ll.
886 4262 1249 4318 Demosthenes
1279 4266 1507 4319 vicarius
1542 4262 1686 4319 Pon-

203 4341 306 4391 ticte
348 4337 645 4392 Ecclesium
670 4338 1021 4401 persequitur.
1068 4333 1361 4387 Concilium
1411 4338 1684 4387 ltwreticos

204 4424 307 4460 rum
339 4410 571 4477 Ancyrae
609 4406 781 4477 cogit._
808 4403 1088 4472 Gregorius
1130 4402 1476 4477 Nyssenusue
1515 4406 1685 4477 inani-

1781 3212 1995 3273 ctionis,
2022 3226 2139 3280 quae
2183 3210 2506 3264 uberrimam
2537 3210 2791 3276 arguendi
2842 3209 3106 3263 Eustathii
3161 3220 3338 3264 mate-

1782 3296 1914 3356 Fiam
1965 3303 2127 3363 dedit,
2162 3301 2301 3353 nulla
2338 3315 2557 3369 prorsus
2594 3304 2792 3354 mentio
2827 3301 2879 3354 in
2925 3301 3008 3355 his
3050 3301 3295 3369 epistolis
3323 3343 3336 3367 ,

1780 3391 2026 3460 quamvis
2056 3390 2237 3443 nullibi
2260 3391 2436 3458 aptius
2465 3391 2578 3443 lieri
2609 3393 2845 3460 potuisse
2877 3392 3141 3450 videatur,
3176 3407 3337 3459 quam

1783 3482 1835 3535 iu
1864 3480 2089 3549 epistola
2115 3480 2238 3545 225,
2266 3497 2368 3533 non
2395 3482 2459 3535 ad
2481 3497 2643 3534 unum
2673 3481 2903 3548 aliquem
2932 3481 3223 3546 hominem,
3246 3485 3339 3535 sed

1783 3573 1848 3626 ad
1874 3573 2131 3641 plurimas
2164 3572 2431 3626 Eeclesias
2481 3574 2664 3627 missa.
2699 3574 2811 3627 Non
2842 3573 3009 3626 utitur
3052 3572 3152 3628 hoc
3183 3588 3339 3642 argu-

1784 3676 1985 3731 mento,
2020 3680 2138 3718 cum
2185 3663 2446 3716 Eustathii
2485 3666 2896 3718 inconstantiam
2928 3664 3139 3733 probat,
3167 3666 3259 3718 sed
3291 3665 3339 3718 ei

1784 3768 1986 3812 tantum
2017 3755 2201 3824 objicit
2233 3754 2305 3823 (c)
2353 3753 2635 3808 formulam
2670 3754 2790 3808 ﬁdei
2825 3756 3076 3807 traditam
3108 3753 3340 3810 Gelasio.

1782 3852 1919 3918 Quin
1944 3849 2106 3903 etiam
2143 3847 2218 3917 (tl)
2251 3847 2297 3901 ei
2343 3862 2446 3900 non
2490 3846 2649 3901 audet
2673 3848 2885 3900 crimini
2919 3856 3146 3911 vertere,
3190 3846 3332 3914 quod

1781 3944 1893 3997 Arii
1926 3940 2237 4009 discipulus,
2269 3952 2318 3993 et
2348 3941 2507 4000 Aetii.
2537 3954 2629 3993 seu
2663 3940 2841 4009 potius
2872 3937 3035 3999 Aerii,
3071 3939 3326 4007 magister

1782 4034 1994 4088 fuisset.
2030 4033 2134 4086 Sed
2161 4032 2298 4100 quod
2328 4044 2436 4082 rem
2462 4044 2783 4097 causamque
2813 4030 3046 4082 maxime
3080 4031 3341 4093 continet,

1785 4126 2018 4182 studium
2045 4123 2284 4194 placendi
2314 4119 2704 4191 potentioribus
2734 4119 2945 4173 Arianis
2974 4134 3080 4171 non
3104 4119 3343 4188 exagitat

1785 4216 2015 4272 Basilius
2046 4218 2096 4270 in
2134 4215 2432 4280 Eustathio,
2479 4223 2537 4266 ut
2568 4228 2678 4266 rem
2706 4212 2944 4265 omnium
2973 4212 3144 4265 oculis
3174 4220 3339 4265 testa-

1786 4319 1917 4375 tam,
1950 4309 2043 4364 sed
2074 4318 2130 4361 ut
2159 4308 2401 4361 morbum
2432 4306 2673 4372 pluribus
2710 4304 2978 4358 occultum
3003 4304 3201 4373 detegit
3234 4317 3337 4355 nou

1785 4407 1901 4459 sine
1924 4405 2098 4473 aliqua
2140 4401 2482 4456 verecundia.
2512 4401 2601 4452 Sic
2628 4399 2768 4452 enim
2795 4397 3031 4465 loquitur
3054 4398 3156 4452 sub
3179 4398 3339 4451 ﬁnem

200 4476 282 4561 bus
326 4474 843 4561 λιιιεῐιὶιξυηὶίιξεὶεἸ
877 4477 1090 4561 ejusque
1123 4474 1282 4557 causa
1319 4474 1680 4561 scriibitnBasi-

1780 4492 2019 4561 epistola:
2048 4490 2197 4543 223:
2232 4490 2297 4542 At
2338 4496 2471 4543 enim
2527 4488 2745 4556 epistola
2790 4487 3133 4556 separationis
3180 4503 3343 4541 causa

200 4545 289 4598 lius
318 4547 679 4602 Drmostheni.
709 4545 788 4597 Ill.
820 4543 1039 4596 Interest
1066 4547 1189 4599 huic
1221 4545 1439 4598 concilio
1482 4541 1678 4597 Eusta-

201 4614 341 4683 tltius.
365 4618 573 4671 Scribit
597 4614 823 4668 Basilius
846 4613 1089 4667 adversus
1113 4632 1228 4667 eum
1253 4613 1525 4683 epistolam
1552 4616 1675 4668 226.

204 4682 279 4738 IV.
312 4685 659 4751 Euphronius
690 4683 1016 4739 Coloniensis
1050 4687 1116 4737 ad
1148 4681 1316 4738 sedem
1359 4681 1681 4744 Nicopolim-

201 4770 308 4809 uant
354 4758 621 4809 evehitur.
654 4756 892 4818 Quatuor
923 4768 983 4803 ea
1024 4756 1086 4805 de
1119 4772 1173 4807 re
1202 4756 1435 4823 epistola:
1466 4752 1679 4823 Basilii.

205 4824 258 4878 ν.
288 4826 443 4877 Aliud
482 4824 682 4892 Nyssw
707 4824 981 4878 concilium
1004 4821 1387 4877 licerelicerum.
1424 4823 1509 4875 Vl.
1544 4821 1679 4877 Pro-

203 4898 340 5037 ‘batur
365 4906 653 4963 utramque
679 4897 932 4966 synodum
961 4906 1081 4946 ante
1101 4911 1293 4948 annum
1320 4895 1422 4949 576
1448 4894 1679 4949 habitant

224 4984 364 5021 uisse.

224 4984 364 5021 uisse.

204 5056 237 5112 ι.
275 5059 559 5115 Hactenus
603 5058 813 5110 tacebat
864 5056 1113 5120 Basilius,
1172 5072 1292 5109 cum
1345 5056 1681 5113 Eustathium

149 5152 402 5215 opprobria
460 5156 870 5205 recantaturum
925 5158 1185 5214 speraret,
1242 5164 1306 5202 ac
1354 5151 1685 5218 ignoratione

150 5241 293 5309 magis
311 5242 560 5296 veritatis
590 5252 750 5307 quam
778 5238 979 5292 malitia
1008 5251 1261 5308 peccasse
1285 5241 1548 5292 crederet.
1582 5239 1688 5293 Sed

152 5332 336 5385 tandem
382 5333 498 5402 ipse
531 5329 870 5391 Eustathius,
908 5332 1121 5383 cumqu
1161 5328 1429 5398 prioribus
1481 5329 1687 5384 facino-

154 5419 277 5475 ribus
304 5425 505 5485 addito,
541 5423 686 5477 hanc
712 5422 760 5477 ei
791 5423 1167 5476 necessitatem
1198 5420 1467 5489 imposuit,
1508 5431 1565 5475 ut
1602 5423 1685 5476 in-

151 5511 422 5566 nocentiam
475 5526 637 5566 suam
660 5521 714 5566 et
746 5510 1178 5565 adversariorum
1204 5508 1598 5577 improbitatem
1633 5510 1685 5565 in

209 5696 275 5760 (α)
312 5697 480 5765 Epist.
515 5697 625 5753 suo
659 5704 714 5751 et
743 5697 869 5752 εει.

207 5766 271 5833 (bj
308 5768 403 5837 Ep.
432 5767 561 5835 223,
596 5787 651 5823 tt.
691 5771 738 5819 I.

1785 4602 1885 4638 non
1928 4593 2002 4637 est
2031 4598 2046 4635 .'
2076 4599 2247 4636 verum
2298 4582 2403 4635 alia
2452 4592 2525 4632 est
2577 4579 2952 4648 disjunctionis
2990 4580 3148 4643 ratio,
3189 4596 3347 4649 quant

1787 4677 2024 4744 equidem
2053 4676 2243 4742 referre
2267 4673 2582 4726 verecundor
2606 4687 2666 4724 ac
2709 4688 2910 4741 semper
2938 4672 3214 4735 siluissem,
3243 4673 3347 4727 nisi

1782 4784 1843 4823 ea
1882 4785 1997 4838 quw
2031 4783 2166 4820 nunc
2204 4776 2345 4834 gestu
2379 4776 2523 4829 sunt,
2574 4766 2926 4818 necessitatem
2968 4766 3095 4817 milii
3135 4765 3344 4817 attulis-

1786 4874 1894 4915 sent
1943 4862 2100 4913 totius
2141 4873 2318 4911 eorum
2371 4857 2574 4911 consilii
2634 4857 2695 4909 ob
2741 4858 3019 4909 multorum
3069 4855 3348 4909 utilitatem

1793 4951 1956 5003 oculis
2012 4950 2321 5017 exponendi.
2372 4947 2751 5002 Existintarunt
2800 4947 2920 4999 boni
2972 4946 3071 5000 tiri
3120 4948 3341 5017 impedi-

1795 5055 1965 5095 mento
1999 5043 2096 5095 sibi
2129 5058 2237 5094 esse
2264 5040 2331 5094 ad
2357 5040 2791 5109 recuperationem
2817 5040 3092 5107 potestatis
3115 5056 3349 5092 cornutu-

1792 5136 1998 5188 nionem
2045 5142 2344 5186 nostram...
2391 5130 2472 5183 Ne
2518 5133 2640 5198 quid
2675 5145 2739 5183 ea:
2777 5128 2873 5183 illa
2917 5130 3235 5197 confessione
3274 5132 3353 5183 vi-

1790 5226 2000 5279 deretur
2026 5224 2128 5277 illis
2155 5222 2501 5291 impedimenti
2528 5237 2819 5285 occurrere,
2840 5220 3117 5291 quominus
3145 5222 3208 5274 ab
3238 5224 3340 5286 Itis,

1788 5320 1876 5387 qui
1926 5333 2062 5369 nunc
2109 5317 2469 5375 dominantur,
2497 5314 2891 5381 suscipiantur;
2939 5314 3346 5367 communionem

1792 5409 1936 5462 nobis
1970 5407 2353 5460 renuntiarunt.
2390 5391 2481 5458 His
2506 5418 2634 5473 ergo
2660 5406 2856 5468 verbis,
2881 5419 2995 5472 qua:
3030 5419 3165 5456 nunc
3201 5413 3346 5472 gesta

1792 5514 1934 5571 sunt,
1966 5518 2069 5557 non
2102 5496 2385 5555 manifesta
2426 5512 2547 5551 cum
2588 5496 2801 5550 Ariauis
2847 5494 3181 5563 conjunctio,
3216 5492 3343 5560 sed,

1897 5691 1943 5758 c)
1986 5690 2081 5758 Ep.
2115 5687 2238 5751 224,
2271 5704 2320 5739 n.

1897 5691 1943 5758 c)
1986 5690 2081 5758 Ep.
2115 5690 2238 5751 224,
2271 5704 2320 5739 n.
2354 5690 2405 5737 3.

1869 5690 1945 5829 id)
1988 5761 2082 5826 Ep.
2116 5758 2238 5820 2‘25,
2272 5773 2322 5809 η.
2356 5754 2411 5806 5.
