4074 6312
732 333 967 391 αιικγιιι

2061 326 2586 382 PROLEGUMENA.

731 456 793 500 ut
846 445 1004 500 initio
1036 443 1297 515 epistolae,
1342 444 1464 503 novi
1514 444 1777 497 Enstathii
1832 447 1897 496 ad
1953 445 2288 514 alliigcndam
2318 456 2362 509 Α
2394 463 2455 499 ac
2487 455 2739 515 praeterea
2781 460 2966 499 renum
3008 444 3319 501 infirmitate
3349 447 3418 501 ob
3460 447 3737 501 collectum
3775 447 3940 516 frigus

731 538 915 601 Basilii
946 537 1109 591 vitam
1146 544 1371 591 conatus
1408 535 1738 600 indicantur,
1768 550 1833 589 ex
1866 538 2059 606 quibus
2096 530 2287 591 Eusta-

737 630 832 684 thii
875 629 1155 685 consilium
1188 628 1465 686 evidenter
1495 629 1743 698 cognosci
1783 629 1837 684 in
1873 629 2113 698 epistolae
2141 630 2288 685 clau-

735 719 854 786 sola
877 719 1132 781 declarat,

809 810 872 869 Il.
902 811 1143 869 Providit
1167 808 1311 865 velut
1338 825 1404 866 ex
1429 810 1661 881 quadam
1688 810 2167 881 speculaBasilius
2196 814 2290 866 im-

738 901 1030 966 minentem
1067 900 1428 971 Cappadociae.
1462 911 1516 955 et
1561 903 1753 956 vicinis
1798 902 2055 957 Ecclesiis
2088 914 2291 973 tempe-

735 1004 949 1047 statem.
978 991 1108 1047 Nam
1154 992 1207 1045 in
1238 992 1464 1067 epistola
1488 992 1617 1056 εει,
1654 1010 1812 1063 quam
1844 993 2289 1050 Chalcidensibus

732 1099 840 1137 non
871 1084 1035 1138 multo
1074 1093 1191 1155 post
1226 1085 1454 1137 reditum
1502 1100 1567 1137 ex
1617 1084 1784 1137 Ponto
1827 1085 2063 1151 scripsit,
2098 1086 2285 1139 incen-

729 1176 900 1240 dium,
934 1178 1071 1245 quod
1117 1178 1399 1246 plerasque
1425 1178 1661 1232 Orientis
1691 1177 1959 1231 Ecclesias
2005 1178 2287 1245 depastum

731 1266 926 1329 fuerat,
953 1266 1064 1340 jam
1098 1266 1148 1321 in
1184 1266 1572 1339 Cappadociam
1606 1282 1821 1336 serpere
1855 1266 2139 1337 signiﬁcat.
2167 1266 2286 1320 Pri-

729 1372 874 1410 mum
897 1357 973 1429 (a)
1023 1368 1078 1412 et
1131 1358 1423 1413 maximum
1472 1360 1827 1429 Cappadociae
1872 1360 2145 1415 malorum
2186 1360 2287 1415 fuit

728 1448 966 1501 vicarius
994 1446 1403 1515 Demosthenes,
1437 1464 1543 1517 quo
1578 1459 1755 1503 tamen
1786 1449 2147 1519 gubernacula
2184 1464 2279 1503 ca-

728 1546 979 1618 pessente
1024 1540 1225 1607 gratias
1273 1542 1381 1607 egit
1431 1540 1539 1594 Deo
1580 1540 1830 1604 Basilius,
1858 1542 1998 1608 quod
2050 1543 2279 1608 patriam

730 1630 939 1684 videret
965 1631 1308 1685 commissam
1352 1632 1471 1684 viro
1504 1633 1598 1701 (ὁ),
1632 1633 1856 1698 primum
1890 1632 2098 1701 quidem
2128 1631 2283 1685 Chri-

727 1723 923 1786 stiano,
954 1724 1141 1777 deinde
1168 1724 1400 1777 moribus
1426 1734 1583 1786 recto,
1616 1734 1663 1776 et
1695 1723 1863 1792 legum
1910 1735 2153 1778 accurato
2188 1742 2281 1777 cn-

2390 538 2723 593 laborantem
2760 540 3111 593 inexorabiles
3150 539 3339 592 milites
3379 538 3703 602 detinerent,
3754 555 3936 592 eorum

2388 629 2636 681 manibus
2663 628 2893 697 elapsus,
2923 631 2976 683 in
3002 632 3244 699 quietqu
3273 630 3501 698 aliquem
3528 628 3701 683 locum
3731 628 3935 699 ell‘ugit.

2457 716 2772 773 Crediderat
2804 719 3029 783 Basilius
3061 721 3295 788 seipsum
3328 720 3650 773 accersitum
3694 720 3784 781 iri,
3837 736 3937 773 non

2389 825 2516 864 vero
2550 810 2791 865 fratrem.
2821 809 2922 864 Sed
2949 812 3036 864 ubi
3069 812 3201 865 vidit
3226 812 3276 863 in
3317 810 3455 863 illius
3482 811 3821 877 potissimum
3853 827 3940 863 ca-

2388 914 2481 971 put
2512 902 2881 957 htereticorum
2919 903 3208 971 nequitiam
3236 901 3501 969 erupisse,
3528 903 3809 971 ipsumque
3845 919 3938 955 au-

2388 994 2617 1063 fugisse;
2647 1004 2754 1047 tum
2780 1009 2908 1047 vero
2935 1005 3177 1048 metuens
3204 1010 3270 1048 ne
3294 994 3432 1047 illius
3456 992 3575 1061 fuga
3601 996 3938 1048 stomachum

2389 1083 2728 1138 Demostheni
2766 1084 2999 1147 faceret,
3033 1084 3243 1153 placare
3272 1086 3525 1139 vicarium
3556 1097 3721 1140 tentat
3747 1090 3940 1156 perbo-

2389 1175 2619 1230 norificis
2676 1176 2867 1229 litteris
2918 1176 3007 1244 (ἢ,
3064 1190 3126 1229 ac
3178 1176 3510 1230 demonstrat
3572 1178 3737 1231 dilato
3804 1181 3938 1234 Gre-

2389 1265 2519 1333 gorii
2548 1280 2772 1319 occursu
2805 1281 2904 1320 nec
2933 1265 3170 1333 publicas
3199 1279 3283 1320 res
3313 1267 3449 1330 lzedi,
3483 1282 3580 1321 nec
3612 1268 3939 1323 ecclesiasti-

2387 1370 2509 1420 cas;
2566 1368 2785 1424 paratos
2831 1358 2971 1411 enim
3027 1371 3146 1410 esse
3191 1359 3423 1425 pecuniae
3471 1374 3638 1413 sacrae
3686 1362 3940 1413 custodes

2388 1448 2648 1501 rationem
2680 1450 2902 1502 reddere
2933 1466 2947 1502 :
2976 1457 3030 1501 et
3063 1463 3127 1503 ex
3164 1450 3303 1502 beati
3345 1451 3575 1520 episcopi
3603 1452 3822 1520 scriptis
3852 1467 3941 1505 ve-

2387 1541 2596 1592 ritatem
2636 1541 2972 1596 manifestam
3009 1541 3207 1595 facere.
3242 1541 3391 1606 Quod
3430 1555 3604 1597 autem
3636 1554 3848 1614 spectat
3878 1546 3943 1597 ad

2387 1630 2779 1687 ordinationem
2814 1631 3101 1701 Gregoriii,
3150 1633 3194 1686 si
3227 1641 3402 1685 tamen
3433 1632 3517 1686 his
3550 1635 3611 1687 de
3646 1638 3806 1689 rebus
3839 1636 3943 1689 De-

2386 1724 2694 1778 mosthenes
2716 1723 2971 1792 judicium
2998 1724 3096 1777 sibi
3124 1738 3377 1791 arrogare
3399 1724 3558 1788 velit,
3583 1740 3793 1793 aequum
3823 1741 3943 1781 esse

726 1812 886 1873 studi,
929 1810 1033 1866 Sed
1071 1813 1115 1865 si
1163 1814 1246 1866 his
1288 1811 1529 1868 laudibus
1573 1815 1763 1883 dignus
1810 1814 1961 1867 initio
2001 1816 2284 1868 videbatur
2313 1808 2354 1861 Β
2387 1824 2442 1867 ιιι
2468 1828 2656 1867 omnes
2691 1813 2920 1883 episcopi
2952 1815 3291 1880 conveniant,
3323 1829 3441 1867 cum
3473 1829 3654 1867 eorum
3683 1816 3843 1885 culpa
3871 1821 3941 1871 sit

729 1901 1139 1965 Demosthenes,
1184 1918 1245 1957 ac
1275 1919 1378 1958 non
1410 1906 1585 1973 potius
1635 1906 1834 1959 monita
1865 1914 1917 1959 et
1948 1906 2121 1962 honor
2161 1908 2283 1975 qui-

728 1989 853 2047 dam
888 1994 1138 2060 potestati
1168 1993 1381 2059 debitus
1408 1995 1706 2051 existimari
1744 1997 1973 2061 debent;
1999 2006 2150 2050 certe
2177 1998 2285 2051 cito

732 2096 856 2147 sese
888 2084 1100 2153 aperuit
1129 2095 1183 2137 et
1223 2086 1444 2141 nudavit
1476 2101 1539 2142 ac
1567 2102 1689 2156 spes
1725 2103 1915 2146 omnes
1958 2089 2024 2140 de
2054 2102 2113 2140 se
2155 2104 2284 2140 con-

732 2183 915 2243 ceptas
939 2175 1191 2227 mentitus
1213 2186 1315 2229 est.
1341 2174 1532 2230 Utrum
1558 2178 1849 2232 haereticus
1872 2179 2140 2231 sententia
2166 2178 2283 2232 fue-

728 2265 819 2332 rit,
861 2281 965 2321 non
1000 2279 1271 2322 asseverat
1302 2268 1532 2329 Basilius
1564 2269 1656 2338 (c).
1695 2269 1845 2325 lllum
1874 2272 2015 2331 enim
2050 2272 2285 2326 arbitra-

725 2358 885 2417 batur
929 2361 1105 2416 omnis
1157 2362 1415 2422 doctrinae
1460 2374 1733 2429 expertem
1780 2378 1919 2430 esse,
1967 2379 2065 2418 nec
2116 2364 2281 2421 ullum

727 2447 988 2515 ejusmodi
1022 2464 1196 2513 rerum
1248 2453 1476 2507 studium
1505 2465 1597 2509 aut
1644 2470 1796 2515 usum
1839 2455 2061 2521 habere,-
2086 2458 2293 2524 quippe

727 2553 850 2595 cum
890 2555 1010 2594 eum
1044 2541 1097 2605 in
1145 2542 1265 2597 aliis
1310 2545 1468 2602 rebus
1501 2560 1664 2602 carne
1702 2554 1755 2597 et
1789 2546 1987 2606 animo,
2034 2556 2191 2598 noctu
2229 2554 2283 2598 et

726 2629 959 2689 interdiu
1008 2643 1329 2705 occupatum
1382 2635 1605 2691 videret.
1658 2634 1764 2687 Sed
1816 2643 1965 2688 certe
2011 2635 2282 2696 haereticis

728 2723 959 2785 amicum
995 2722 1181 2787 fuisse,
1230 2738 1326 2778 nec
1359 2724 1526 2795 magis
1557 2739 1650 2779 eos
1690 2724 1957 2792 dilexisse,
1987 2742 2144 2794 quam
2175 2729 2280 2783 Ca-

728 2812 957 2868 tholicos
990 2816 1187 2880 odisse,
1218 2816 1513 2871 conﬁrmat.
1554 2817 1709 2871 Hunc
1746 2820 1958 2871 videtur
1996 2820 2281 2889 designare

724 2905 977 2972 Basilius,
1052 2924 1175 2962 cum
1236 2908 1563 2964 Doarensem
1631 2909 1930 2964 Ecclesiam
1994 2913 2061 2966 ab
2119 2912 2282 2966 obeso

737 3007 858 3052 ceto
890 2999 967 3077 ((1)
993 3001 1293 3067 perturbari
1343 3000 1435 3055 ait.
1483 3000 1622 3053 Alibi
1653 3000 1723 3070 (e)
1772 3002 2017 3070 angelum
2070 3001 2282 3057 Satanae

727 3090 977 3159 appellat,
1008 3099 1062 3149 et
1090 3091 1309 3154 haeresis
1332 3092 1664 3157 defensorem
1691 3108 1757 3149 ne
1784 3093 2031 3161 sanguini
2063 3094 2276 3164 quidem

730 3180 963 3243 fidelium
999 3194 1327 3253 parcentem.
1377 3184 1489 3245 Non
1524 3185 1875 3255 improbabile
1906 3193 1988 3240 est
2030 3186 2274 3239 eumdem

726 3275 896 3337 fuisse
929 3274 1340 3330 Demosthenem
1366 3316 1379 3339 ,
1411 3275 1549 3329 sacri
1584 3275 1763 3342 palatii
1808 3286 2159 3339 castrensem,
2191 3275 2280 3345 qui

730 3380 851 3420 cum
895 3364 948 3419 in
975 3363 1173 3423 Basilio
1202 3380 1381 3423 coram
1411 3363 1631 3420 Valente
1668 3366 1998 3435 objurgando
2034 3366 2281 3421 barbari—

726 3471 899 3513 summ
939 3455 1246 3512 admisisset
1271 3453 1337 3527 (Γ)
1390 3456 1673 3511 subridens
1716 3456 1968 3520 Basilius,
2023 3454 2278 3525 Vidimus,

727 3548 923 3615 inquit,
955 3549 1113 3600 etiam
1148 3548 1535 3609 Demosthenem
1564 3548 1918 3605 illitteratum.

796 3639 886 3698 Bis
914 3638 988 3710 (g)
1017 3640 1162 3693 venit
1191 3641 1491 3694 Caesaream
1524 3642 1622 3695 hoc
1665 3656 1807 3695 anno
1847 3641 2237 3696 Demosthenes
2264 3657 2278 3694 :

730 3746 853 3787 nam
894 3732 1121 3786 Basilius
1160 3742 1439 3801 postquam
1488 3732 1643 3794 dixit,
1674 3732 1893 3786 Advenit
1946 3733 2093 3790 nobis
2142 3734 2281 3785 vica-

730 3840 858 3889 rius,
877 3832 1005 3891 etc.,
1030 3824 1299 3878 nonnullis
1324 3821 1617 3891 intenjectis
1641 3823 1705 3875 de
1731 3822 1915 3877 eodem
1940 3825 2011 3875 ait
2040 3843 2053 3877 :
2083 3822 2282 3883 Rursus

726 3922 793 3967 ad
826 3931 917 3968 nos
941 3915 1177 3982 accessit,
1208 3916 1340 3967 iram
1366 3914 1657 3983 ca’demque
1691 3914 1916 3980 spirans.
1945 3904 2095 3984 Quod
2124 3929 2283 3982 argu-

726 4013 905 4057 mento
936 4012 1018 4056 est
1053 4018 1174 4057 eum
1210 4002 1438 4069 primum
1472 4002 1689 4075 quidem
1727 4002 1960 4067 venisse,
1996 4008 2052 4054 ut
2086 4002 2282 4070 guber-

725 4092 914 4149 nacula
956 4093 1206 4151 dimcesis
1259 4108 1367 4153 suae
1409 4105 1734 4159 capesseret,
1785 4095 1979 4151 deinde
2015 4104 2072 4152 ut
2104 4094 2187 4148 sui
2229 4094 2282 4149 in

724 4185 1029 4241 Catholicos
1059 4186 1167 4240 odii
1192 4187 1460 4255 specimen
1493 4184 1698 4239 ederet.

793 4274 936 4347 Inter
960 4278 1127 4342 prima
1159 4277 1297 4331 illius
1325 4288 1470 4346 gesta
1506 4275 1772 4331 recenseri
1803 4274 1959 4329 debet
1997 4276 2279 4332 concilium

726 4366 1037 4436 impiorum,
1081 4384 1213 4437 quos
1238 4370 1409 4425 media
1443 4368 1617 4425 hieme
1645 4370 1913 4439 Ancyram
1944 4372 2277 4426 convocavit.

2388 1901 2475 1969 qui
2521 1900 2864 1965 ordinavere,
2908 1918 3012 1957 non
3056 1902 3197 1958 illius
3239 1904 3321 1957 cui
3358 1904 3603 1971 imp0sita
3642 1907 3939 1961 necessitas

2387 1993 2667 2047 ministerii
2713 1993 3057 2061 suscipiendi.
3105 1994 3276 2064 Rogat
3306 1995 3482 2064 itaque
3524 1993 3941 2049 Demosthenem

2388 2083 2633 2150 Basilius,
2668 2094 2725 2137 ut
2764 2085 2864 2139 sibi
2895 2086 3133 2139 auditum
3174 2096 3351 2140 servet
3378 2086 3429 2139 in
3459 2088 3650 2155 patria,
3686 2102 3785 2141 nec
3818 2104 3942 2154 per-

2387 2173 2563 2229 trahat
2606 2175 2659 2227 in
2698 2184 2935 2229 cxteram
2974 2177 3263 2245 regionem,
3313 2192 3413 2232 nec
3459 2178 3751 2232 convenire
3785 2187 3943 2247 cogat

2385 2280 2505 2319 cum
2556 2266 2842 2333 episcOpis,
2877 2266 3197 2335 quibuscum
3245 2270 3312 2326 de
3356 2271 3515 2326 rebus
3556 2271 3941 2326 ecclesiasticis

2383 2356 2753 2412 dissentiebat.

2455 2448 2663 2517 Scripta
2692 2450 2803 2503 hasc
2828 2447 3047 2518 epistola
3078 2450 3313 2504 omnium
3343 2451 3689 2521 Cappadocia:
3718 2455 3939 2523 episco~

2382 2554 2568 2608 porum
2620 2540 2854 2594 nomine.
2915 2539 3157 2595 Venimus
3210 2558 3406 2607 omnes,
3454 2545 3624 2611 inquit
3670 2545 3935 2608 Basilius,

2384 2632 2717 2698 amplitudini
2780 2641 2885 2686 tute
2932 2633 3210 2701 supplices.
3270 2632 3385 2699 Quo
3443 2648 3665 2689 numero
3722 2638 3944 2691 videtur

2383 2723 2659 2791 utriusque
2721 2722 3067 2792 Cappadocia
3120 2724 3399 2793 episcOpos
3449 2726 3933 2794 comprehendere.

2384 2811 2607 2880 Utrique
2640 2813 2783 2869 enim
2812 2815 3194 2870 ordinaverant
3221 2816 3560 2884 Gregorium,
3591 2818 3790 2887 quippe
3819 2832 3942 2874 cum

2381 2904 2657 2959 ordinatus
2696 2906 2768 2962 sit
2808 2915 2932 2965 ante
2974 2907 3289 2963 divisionem
3333 2908 3699 2977 Cappadociae.
3756 2908 3942 2976 Quare

2384 3004 2727 3063 utrorumque
2780 3012 2864 3049 res
2904 2997 3183 3064 agebatur.
3233 2998 3446 3054 Minime
3484 3015 3613 3068 ergo
3657 3001 3858 3054 mirum
3896 3001 3939 3054 si

2384 3097 2600 3151 operam
2631 3099 2781 3137 suam
2820 3083 3015 3139 Basilio
3046 3088 3149 3140 hac
3182 3089 3235 3141 in
3282 3105 3339 3143 re
3373 3100 3651 3144 navarunt.
3684 3091 3806 3147 Huc
3847 3109 3940 3147 ac-

2381 3173 2522 3227 cedit
2571 3175 2709 3241 quod
2750 3190 2872 3228 cum
2931 3189 2996 3228 eo
3040 3185 3164 3228 ante
3204 3177 3305 3230 hoc
3355 3190 3559 3248 tempus
3600 3182 3651 3235 in
3705 3185 3939 3252 gratiam

2382 3279 2507 3318 vere
2554 3273 2607 3318 et
2658 3281 2723 3319 ex
2778 3266 2957 3322 animo
2992 3266 3281 3320 redierant.
3326 3268 3519 3323 Eorum
3560 3273 3700 3326 enim
3735 3285 3942 3327 metro-

2381 3356 2671 3425 politanum
2719 3356 3027 3411 Anthimum
3090 3364 3241 3411 vocat
3301 3359 3601 3412 unanimem
3660 3377 3819 3416 suum
3886 3364 3938 3416 in

2380 3449 2533 3519 epist.
2568 3448 2692 3513 210,
2725 3465 2777 3501 ιι.
2811 3448 2863 3503 5.

2450 3540 2505 3592 In
2540 3542 2723 3596 eodem
2750 3540 2975 3601 concilio
3002 3540 3404 3606 Demosthenes,
3430 3541 3580 3611 cujus
3610 3553 3799 3598 nutum
3828 3546 3942 3615 epi-

2383 3629 2526 3695 scopi
2576 3630 2889 3693 horrebant,
2940 3630 3142 3701 llypsin
3189 3631 3579 3687 l‘arnassenmn
3628 3636 3938 3706 episcopum

2380 3718 2665 3789 ejecittjt),
2712 3721 2933 3791 ejusque
2975 3724 3090 3776 loco
3140 3721 3411 3779 Ecdicium
3455 3728 3756 3783 constituit.
3811 3730 3942 3785 Erat

2384 3809 2470 3861 ille
2496 3810 2740 3869 Ecdicius
2774 3810 2982 3879 Euippii
3010 3811 3258 3863 alumnus
3286 3812 3366 3881 (ι),
3399 3814 3450 3867 id
3472 3823 3574 3880 est,
3605 3817 3672 3869 ab
3703 3830 3768 3869 eo
3795 3819 3941 3871 ordi-

2384 3910 2562 3963 natus,
2604 3915 2837 3967 eumque
2880 3914 3001 3953 cum
3032 3899 3233 3968 Anysio
3261 3899 3468 3971 Euippii
3498 3905 3678 3958 itidem
3721 3906 3942 3961 alumno

2384 3991 2436 4041 in
2464 3990 2719 4041 vexandis
2743 3988 3001 4043 Ecclesiis
3030 3990 3329 4044 arctissime
3356 3993 3695 4061 conjunctum
3723 3998 3939 4053 videbi-

2385 4096 2521 4132 mus.
2571 4078 2763 4149 Hypsis
2813 4090 2990 4135 autem
3036 4082 3244 4136 videtur
3289 4080 3337 4133 ei
3380 4087 3724 4154 successisse,
3785 4090 3941 4155 cujus

2384 4180 2555 4225 morte
2590 4172 2836 4228 alllictam
2881 4174 3174 4228 Ecclesiam
3216 4173 3599 4232 Parnasseuam
3633 4179 3941 4233 consolatur

2382 4264 2609 4318 Basilius
2639 4264 2690 4318 in
2720 4266 2941 4335 epistola
2963 4265 3049 4320 62.

2455 4356 2539 4410 ιιι.
2582 4348 2829 4411 interfuit
2860 4358 2983 4412 huic
3011 4357 3237 4411 concilio
3269 4356 3598 4427 Eustathius,
3628 4375 3693 4416 ac
3720 4364 3938 4420 tandem

727 4458 950 4527 γοιθιηι
981 4461 1124 4515 enim
1176 4472 1231 4515 υι
1261 4463 1327 4515 ad
1373 4462 1608 4522 facium-3
1658 4478 1751 4517 sua
1783 4464 1990 4532 species
2033 4463 2275 4532 quaedam
2309 4471 2351 4523 ι)
2382 4466 2445 4504 ex
2475 4451 2915 4505 dissimulationis
2942 4449 3225 4505 involucris
3270 4453 3322 4505 in
3352 4463 3585 4521 apertam
3619 4469 3737 4506 cum
3773 4456 3939 4511 Aria-

722 4553 1056 4611 auctoritatis
1104 4554 1422 4624 cpisc0palis
1470 4554 1771 4615 accederet.
1828 4556 1884 4609 In
1930 4556 2032 4613 hac
2078 4554 2279 4624 synodo

725 4653 1006 4705 accusatus
1038 4644 1325 4713 Gregorius
1354 4644 1621 4714 Nyssenus
1652 4644 1726 4716 (Ιι)
1752 4662 1781 4698 a
1807 4646 2149 4708 Philochare,
2181 4644 2274 4706 ho-

724 4736 870 4791 mine
904 4736 1115 4810 ignobili
1142 4738 1203 4804 (ἱ)
1232 4739 1372 4805 quod
1397 4753 1577 4792 sacras
1611 4739 1861 4805 pecunias
1887 4739 1954 4801 ab
1984 4737 2147 4805 ipsius
2183 4738 2276 4792 de-

727 4842 967 4893 cessore,
1000 4838 1058 4883 ut
1102 4829 1384 4884 verisimile
1417 4841 1527 4896 est,
1576 4829 1790 4883 relictas
1819 4829 2151 4897 dissipasset.
2191 4828 2275 4882 Si-

724 4920 868 4973 milis
901 4919 1163 4975 calumnia
1192 4936 1423 4976 canones
1450 4924 1499 4974 in
1530 4922 1647 4989 ejus
1692 4921 2027 4979 ordinatione
2055 4920 2277 4981 violatos

725 5011 1071 5079 querebatur.
1108 5011 1284 5068 nimis
1318 5012 1494 5080 itaque
1530 5014 1787 5067 militibus
1827 5010 2140 5080 Gregorium
2176 5012 2274 5065 De-

727 5103 1037 5157 mosthenes
1104 5102 1271 5173 abripi
1325 5102 1505 5172 jussit.
1560 5104 1845 5157 MandatO'
1878 5103 2272 5169 obtemperavit

726 5189 1050 5263 Gregorius:
1084 5194 1176 5248 sed
1203 5209 1323 5251 cum
1362 5210 1482 5249 eum
1510 5193 1692 5248 lateris
1728 5193 1909 5251 dolore
1952 5202 2273 5259 correptum,

797 5335 873 5395 (al
916 5329 1009 5395 sp.
1044 5330 1163 5391 237,
1196 5346 1250 5383 η.
1278 5332 1331 5385 2.

797 5402 872 5466 (bl
914 5400 1076 5466 I'Tpisl.
1106 5400 1228 5452 225.

798 5472 865 5533 (ιἰ
908 5470 1003 5533 Ep.
1040 5470 1161 5533 237,
1197 5488 1248 5523 ιι.
1288 5472 1339 5525 ΞΕ.

800 5538 877 5606 (d)
912 5539 1003 5607 Ep.
1037 5539 1159 5591 ‘231.

799 5608 869 5671 (ε)
907 5608 1003 5672 Ep.
1033 5610 1154 5661 eis.

799 5676 867 5810 qr)
909 5677 1251 5732 Theodoret..
1289 5677 1425 5731 ιιῑςι.
1458 5680 1548 5735 lib.
1578 5694 1648 5744 ιν,
1677 5696 1793 5745 cap.
1826 5682 1910 5747 19.

830 5758 879 5810 qi
924 5746 1016 5810 Ep.
1041 5748 1167 5801 “237.

830 5758 879 5816 (ιι
924 5746 1016 5813 Ep.
1041 5748 1137 5817 ‘25?
1150 5786 1167 5799 .

2386 4543 2468 4592 nis
2503 4541 2935 4611 conjunctionem
2965 4541 3155 4609 erupit.
3209 4542 3325 4596 Non
3368 4545 3509 4595 enim
3552 4542 3645 4613 (in)
3675 4547 3741 4599 ad
3784 4550 3935 4604 aliud

2385 4645 2592 4706 tempus
2640 4636 2829 4692 referri
2880 4642 3052 4701 potest
3099 4637 3239 4690 illius
3289 4652 3408 4690 cum
3456 4637 3668 4694 Arianis
3707 4643 3940 4714 Ancyra:

2383 4733 2704 4793 communio,
2737 4730 2801 4783 de
2832 4742 2932 4793 qua
2975 4726 3106 4782 nihil
3132 4729 3327 4783 habent
3357 4731 3657 4795 superiores
3695 4734 3939 4802 epistola

2381 4820 2484 4875 225
2516 4835 2568 4877 et
2598 4824 2722 4884 22s,
2750 4820 2871 4889 quia
2900 4821 3097 4875 scilicet
3127 4820 3356 4874 nondum
3387 4820 3485 4875 hoc
3516 4820 3718 4877 facinus
3748 4826 3938 4877 edide-

2385 4925 2465 4967 rat
2492 4914 2821 4969 Eustathius.
2849 4913 2962 4967 Non
2989 4926 3164 4969 tamen
3190 4928 3308 4965 cum
3335 4914 3411 4967 eis
3436 4916 3859 4969 communicavit
3889 4919 3939 4971 in

2381 5007 2629 5069 ecclesia,
2671 5007 2761 5059 sed
2792 5007 2839 5059 in
2870 5007 3136 5069 domibus,
3165 5006 3285 5073 quia
3318 5022 3382 5060 ne
3412 5009 3459 5061 id
3484 5008 3696 5075 quidem
3732 5009 3800 5059 ab
3834 5008 3934 5063 iltis

2395 5098 2684 5169 impetrare
2713 5098 2911 5167 potuit,
2956 5106 3013 5151 ut
3041 5095 3250 5165 publice
3276 5099 3618 5166 reciperetur.
3661 5095 3937 5153 Vereban-

2384 5200 2471 5245 tur
2499 5190 2639 5243 enitn
2658 5190 2730 5259 (η)
2760 5205 2843 5256 ne,
2870 5204 2989 5244 cum
3010 5186 3315 5243 Eustathius
3338 5205 3478 5243 anno
3496 5186 3599 5241 560
3624 5204 3650 5243 a
3675 5189 3943 5260 quingen-

2457 5331 2531 5397 (h)
2573 5331 2664 5399 Ep.
2697 5330 2819 5382 295.

2460 5403 2519 5463 ti)
2695 5402 2818 5457 257,
2859 5416 2912 5452 ιι.
2940 5398 2993 5455 2.

2458 5471 2521 5537 (Ι)
2562 5472 2653 5537 Ep.
2691 5470 2811 5523 2'25.

2457 5540 2526 5608 (ιε)
2569 5542 2662 5606 np.
2692 5540 2814 5591 257.

2458 5611 2516 5665 Η)
2574 5611 2663 5673 Ep.
2696 5611 2819 5658 1:39.

2460 5684 2551 5741 (in)
2595 5678 2685 5739 l‘lp.
2719 5676 2835 5727 9‘26.

2462 5746 2537 5815 (ιι)
2582 5744 2674 5810 Ep.
2709 5744 2833 5809 ιι-ιιι,
2867 5762 2917 5793 tt.
2948 5747 2999 5799 Ἰ.
