  <div class='ocr_page' id='page_1' title='image "/cluster/home/n/w/nwhite01/storage/ocr_20150623/29/pst.000005712274/146.png"; bbox 0 0 4074 6312; ppageno 0'>
   <div class='ocr_carea' id='block_1_1' title="bbox 1490 363 2036 422">
    <p class='ocr_par' dir='ltr' id='par_1_1' title="bbox 1490 363 2036 422">
     <span class='ocr_line' id='line_1_1' title="bbox 1490 363 2036 422; baseline 0.005 -4"><span class='ocrx_word' id='word_1_1' title='bbox 1490 364 1648 418; x_wconf 79' lang='lat' dir='ltr'><strong>VITA</strong></span> <span class='ocrx_word' id='word_1_2' title='bbox 1685 363 1742 422; x_wconf 91' lang='lat' dir='ltr'><strong>S.</strong></span> <span class='ocrx_word' id='word_1_3' title='bbox 1775 363 2036 422; x_wconf 80' lang='lat' dir='ltr'><strong>BASILII.</strong></span> 
     </span>
    </p>
   </div>
   <div class='ocr_carea' id='block_1_2' title="bbox 3195 381 3388 419">
    <p class='ocr_par' dir='ltr' id='par_1_2' title="bbox 3195 381 3388 419">
     <span class='ocr_line' id='line_1_2' title="bbox 3195 381 3388 419; baseline -0.01 0"><span class='ocrx_word' id='word_1_4' title='bbox 3195 381 3388 419; x_wconf 63' lang='grc' dir='ltr'><strong>εκιχικ</strong></span> 
     </span>
    </p>
   </div>
   <div class='ocr_carea' id='block_1_3' title="bbox 157 483 3379 558">
    <p class='ocr_par' dir='ltr' id='par_1_3' title="bbox 157 483 3379 558">
     <span class='ocr_line' id='line_1_3' title="bbox 157 483 3379 558; baseline -0.001 -17"><span class='ocrx_word' id='word_1_5' title='bbox 157 487 223 543; x_wconf 85' lang='lat' dir='ltr'><strong>tis</strong></span> <span class='ocrx_word' id='word_1_6' title='bbox 265 489 533 558; x_wconf 76' lang='lat' dir='ltr'><strong>episcOpis</strong></span> <span class='ocrx_word' id='word_1_7' title='bbox 581 487 856 555; x_wconf 74' lang='lat' dir='ltr'><strong>depositus</strong></span> <span class='ocrx_word' id='word_1_8' title='bbox 904 487 1111 548; x_wconf 83' lang='lat' dir='ltr'><strong>fuisset,</strong></span> <span class='ocrx_word' id='word_1_9' title='bbox 1168 501 1355 539; x_wconf 87' lang='lat' dir='ltr'><strong>eorum</strong></span> <span class='ocrx_word' id='word_1_10' title='bbox 1416 486 1721 541; x_wconf 89' lang='lat' dir='ltr'><strong>auctoritati</strong></span> <span class='ocrx_word' id='word_1_11' title='bbox 1755 492 1797 543; x_wconf 85' lang='lat' dir='ltr'><strong>A</strong></span> <span class='ocrx_word' id='word_1_12' title='bbox 1830 487 2119 539; x_wconf 81' lang='lat' dir='ltr'><strong>consilium</strong></span> <span class='ocrx_word' id='word_1_13' title='bbox 2147 487 2384 556; x_wconf 82' lang='lat' dir='ltr'><strong>episcopi</strong></span> <span class='ocrx_word' id='word_1_14' title='bbox 2425 483 2629 556; x_wconf 89' lang='lat' dir='ltr'><strong>Spiritu</strong></span> <span class='ocrx_word' id='word_1_15' title='bbox 2667 493 2855 537; x_wconf 87' lang='lat' dir='ltr'><strong>sancto</strong></span> <span class='ocrx_word' id='word_1_16' title='bbox 2882 483 3180 554; x_wconf 91' lang='lat' dir='ltr'><strong>inspirante</strong></span> <span class='ocrx_word' id='word_1_17' title='bbox 3219 489 3379 551; x_wconf 85' lang='lat' dir='ltr'><strong>cepis-</strong></span> 
     </span>
    </p>
   </div>
   <div class='ocr_carea' id='block_1_4' title="bbox 157 579 1723 648">
    <p class='ocr_par' dir='ltr' id='par_1_4' title="bbox 157 579 1723 648">
     <span class='ocr_line' id='line_1_4' title="bbox 157 579 1723 648; baseline -0.001 -16"><span class='ocrx_word' id='word_1_18' title='bbox 157 593 240 635; x_wconf 87' lang='lat' dir='ltr'><strong>aut</strong></span> <span class='ocrx_word' id='word_1_19' title='bbox 271 597 494 636; x_wconf 87' lang='lat' dir='ltr'><strong>numero</strong></span> <span class='ocrx_word' id='word_1_20' title='bbox 528 595 715 647; x_wconf 78' lang='lat' dir='ltr'><strong>parum</strong></span> <span class='ocrx_word' id='word_1_21' title='bbox 749 583 984 632; x_wconf 79' lang='lat' dir='ltr'><strong>tribuere</strong></span> <span class='ocrx_word' id='word_1_22' title='bbox 1016 579 1346 639; x_wconf 81' lang='lat' dir='ltr'><strong>videremur,</strong></span> <span class='ocrx_word' id='word_1_23' title='bbox 1393 579 1435 630; x_wconf 84' lang='lat' dir='ltr'><strong>si</strong></span> <span class='ocrx_word' id='word_1_24' title='bbox 1470 594 1589 631; x_wconf 90' lang='lat' dir='ltr'><strong>eum</strong></span> <span class='ocrx_word' id='word_1_25' title='bbox 1624 597 1723 648; x_wconf 88' lang='lat' dir='ltr'><strong>pu-</strong></span> 
     </span>
    </p>
   </div>
   <div class='ocr_carea' id='block_1_5' title="bbox 159 668 1719 738">
    <p class='ocr_par' dir='ltr' id='par_1_5' title="bbox 159 668 1719 738">
     <span class='ocr_line' id='line_1_5' title="bbox 159 668 1719 738; baseline -0.003 -14"><span class='ocrx_word' id='word_1_26' title='bbox 159 672 290 725; x_wconf 76' lang='lat' dir='ltr'><strong>b‘lice</strong></span> <span class='ocrx_word' id='word_1_27' title='bbox 322 672 636 738; x_wconf 79' lang='lat' dir='ltr'><strong>episcopum</strong></span> <span class='ocrx_word' id='word_1_28' title='bbox 667 679 1042 736; x_wconf 72' lang='lat' dir='ltr'><strong>agnoscerent.</strong></span> <span class='ocrx_word' id='word_1_29' title='bbox 1070 668 1280 736; x_wconf 82' lang='lat' dir='ltr'><strong>Ambigi</strong></span> <span class='ocrx_word' id='word_1_30' title='bbox 1313 668 1479 736; x_wconf 89' lang='lat' dir='ltr'><strong>possit</strong></span> <span class='ocrx_word' id='word_1_31' title='bbox 1501 685 1568 723; x_wconf 92' lang='lat' dir='ltr'><strong>an</strong></span> <span class='ocrx_word' id='word_1_32' title='bbox 1599 685 1719 724; x_wconf 91' lang='lat' dir='ltr'><strong>eum</strong></span> 
     </span>
    </p>
   </div>
   <div class='ocr_carea' id='block_1_6' title="bbox 161 760 1725 831">
    <p class='ocr_par' dir='ltr' id='par_1_6' title="bbox 161 760 1725 831">
     <span class='ocr_line' id='line_1_6' title="bbox 161 760 1725 831; baseline -0.001 -17"><span class='ocrx_word' id='word_1_33' title='bbox 161 763 296 831; x_wconf 67' lang='lat' dir='ltr'><strong>pas~i</strong></span> <span class='ocrx_word' id='word_1_34' title='bbox 325 763 434 812; x_wconf 91' lang='lat' dir='ltr'><strong>sint</strong></span> <span class='ocrx_word' id='word_1_35' title='bbox 457 761 508 813; x_wconf 93' lang='lat' dir='ltr'><strong>in</strong></span> <span class='ocrx_word' id='word_1_36' title='bbox 533 762 765 815; x_wconf 88' lang='lat' dir='ltr'><strong>concilio</strong></span> <span class='ocrx_word' id='word_1_37' title='bbox 791 760 996 813; x_wconf 87' lang='lat' dir='ltr'><strong>sedere.</strong></span> <span class='ocrx_word' id='word_1_38' title='bbox 1025 760 1281 828; x_wconf 79' lang='lat' dir='ltr'><strong>Equidem</strong></span> <span class='ocrx_word' id='word_1_39' title='bbox 1312 775 1414 812; x_wconf 93' lang='lat' dir='ltr'><strong>non</strong></span> <span class='ocrx_word' id='word_1_40' title='bbox 1440 771 1565 826; x_wconf 89' lang='lat' dir='ltr'><strong>puto</strong></span> <span class='ocrx_word' id='word_1_41' title='bbox 1583 761 1725 813; x_wconf 92' lang='lat' dir='ltr'><strong>hunc</strong></span> 
     </span>
    </p>
   </div>
   <div class='ocr_carea' id='block_1_7' title="bbox 160 851 1724 919">
    <p class='ocr_par' dir='ltr' id='par_1_7' title="bbox 160 851 1724 919">
     <span class='ocr_line' id='line_1_7' title="bbox 160 851 1724 919; baseline 0.001 -14"><span class='ocrx_word' id='word_1_42' title='bbox 160 857 202 905; x_wconf 86' lang='lat' dir='ltr'><strong>ci</strong></span> <span class='ocrx_word' id='word_1_43' title='bbox 253 855 516 905; x_wconf 81' lang='lat' dir='ltr'><strong>honorem</strong></span> <span class='ocrx_word' id='word_1_44' title='bbox 564 856 884 919; x_wconf 77' lang='lat' dir='ltr'><strong>denegatum</strong></span> <span class='ocrx_word' id='word_1_45' title='bbox 936 855 1123 908; x_wconf 88' lang='lat' dir='ltr'><strong>fuisse.</strong></span> <span class='ocrx_word' id='word_1_46' title='bbox 1167 851 1419 916; x_wconf 75' lang='lat' dir='ltr'><strong>QIIaIIIViS</strong></span> <span class='ocrx_word' id='word_1_47' title='bbox 1464 853 1604 903; x_wconf 79' lang='lat' dir='ltr'><strong>enim</strong></span> <span class='ocrx_word' id='word_1_48' title='bbox 1659 869 1724 904; x_wconf 73' lang='lat' dir='ltr'><strong>ne</strong></span> 
     </span>
    </p>
   </div>
   <div class='ocr_carea' id='block_1_8' title="bbox 162 941 1722 1013">
    <p class='ocr_par' dir='ltr' id='par_1_8' title="bbox 162 941 1722 1013">
     <span class='ocr_line' id='line_1_8' title="bbox 162 941 1722 1013; baseline -0.003 -16"><span class='ocrx_word' id='word_1_49' title='bbox 162 941 417 997; x_wconf 70' lang='lat' dir='ltr'><strong>Sebastia:</strong></span> <span class='ocrx_word' id='word_1_50' title='bbox 444 945 686 1013; x_wconf 85' lang='lat' dir='ltr'><strong>quidem.</strong></span> <span class='ocrx_word' id='word_1_51' title='bbox 716 941 803 994; x_wconf 90' lang='lat' dir='ltr'><strong>ubi</strong></span> <span class='ocrx_word' id='word_1_52' title='bbox 834 945 1084 997; x_wconf 79' lang='lat' dir='ltr'><strong>maximis</strong></span> <span class='ocrx_word' id='word_1_53' title='bbox 1119 943 1186 994; x_wconf 86' lang='lat' dir='ltr'><strong>ab</strong></span> <span class='ocrx_word' id='word_1_54' title='bbox 1213 957 1278 994; x_wconf 89' lang='lat' dir='ltr'><strong>eo</strong></span> <span class='ocrx_word' id='word_1_55' title='bbox 1302 943 1593 995; x_wconf 83' lang='lat' dir='ltr'><strong>honoribus</strong></span> <span class='ocrx_word' id='word_1_56' title='bbox 1627 959 1722 995; x_wconf 88' lang='lat' dir='ltr'><strong>cu-</strong></span> 
     </span>
    </p>
   </div>
   <div class='ocr_carea' id='block_1_9' title="bbox 163 1035 1722 1104">
    <p class='ocr_par' dir='ltr' id='par_1_9' title="bbox 163 1035 1722 1104">
     <span class='ocr_line' id='line_1_9' title="bbox 163 1035 1722 1104; baseline 0.001 -17"><span class='ocrx_word' id='word_1_57' title='bbox 163 1035 338 1087; x_wconf 85' lang='lat' dir='ltr'><strong>mulati</strong></span> <span class='ocrx_word' id='word_1_58' title='bbox 369 1045 517 1099; x_wconf 89' lang='lat' dir='ltr'><strong>sunt,</strong></span> <span class='ocrx_word' id='word_1_59' title='bbox 559 1044 796 1104; x_wconf 88' lang='lat' dir='ltr'><strong>optatam</strong></span> <span class='ocrx_word' id='word_1_60' title='bbox 827 1039 874 1090; x_wconf 90' lang='lat' dir='ltr'><strong>ei</strong></span> <span class='ocrx_word' id='word_1_61' title='bbox 905 1036 1339 1090; x_wconf 81' lang='lat' dir='ltr'><strong>communionem</strong></span> <span class='ocrx_word' id='word_1_62' title='bbox 1372 1037 1722 1102; x_wconf 90' lang='lat' dir='ltr'><strong>reddiderint,</strong></span> 
     </span>
    </p>
   </div>
   <div class='ocr_carea' id='block_1_10' title="bbox 160 1128 1727 1195">
    <p class='ocr_par' dir='ltr' id='par_1_10' title="bbox 160 1128 1727 1195">
     <span class='ocr_line' id='line_1_10' title="bbox 160 1128 1727 1195; baseline 0.001 -16"><span class='ocrx_word' id='word_1_63' title='bbox 160 1143 279 1181; x_wconf 80' lang='lat' dir='ltr'><strong>mox</strong></span> <span class='ocrx_word' id='word_1_64' title='bbox 311 1139 492 1181; x_wconf 87' lang='lat' dir='ltr'><strong>tamen</strong></span> <span class='ocrx_word' id='word_1_65' title='bbox 545 1142 667 1179; x_wconf 93' lang='lat' dir='ltr'><strong>cum</strong></span> <span class='ocrx_word' id='word_1_66' title='bbox 695 1142 758 1181; x_wconf 90' lang='lat' dir='ltr'><strong>eo</strong></span> <span class='ocrx_word' id='word_1_67' title='bbox 807 1128 1098 1195; x_wconf 85' lang='lat' dir='ltr'><strong>Nicopolim</strong></span> <span class='ocrx_word' id='word_1_68' title='bbox 1141 1139 1519 1194; x_wconf 82' lang='lat' dir='ltr'><strong>oppugnarunt</strong></span> <span class='ocrx_word' id='word_1_69' title='bbox 1566 1139 1623 1181; x_wconf 84' lang='lat' dir='ltr'><strong>ut</strong></span> <span class='ocrx_word' id='word_1_70' title='bbox 1661 1129 1727 1181; x_wconf 85' lang='lat' dir='ltr'><strong>ab</strong></span> 
     </span>
    </p>
   </div>
   <div class='ocr_carea' id='block_1_11' title="bbox 163 1219 1728 1288">
    <p class='ocr_par' dir='ltr' id='par_1_11' title="bbox 163 1219 1728 1288">
     <span class='ocr_line' id='line_1_11' title="bbox 163 1219 1728 1288; baseline 0.001 -17"><span class='ocrx_word' id='word_1_71' title='bbox 163 1219 271 1287; x_wconf 89' lang='lat' dir='ltr'><strong>ipso</strong></span> <span class='ocrx_word' id='word_1_72' title='bbox 304 1219 592 1272; x_wconf 84' lang='lat' dir='ltr'><strong>Eustathio</strong></span> <span class='ocrx_word' id='word_1_73' title='bbox 622 1223 929 1288; x_wconf 77' lang='lat' dir='ltr'><strong>episcopum</strong></span> <span class='ocrx_word' id='word_1_74' title='bbox 957 1219 1244 1287; x_wconf 90' lang='lat' dir='ltr'><strong>acciperet.</strong></span> <span class='ocrx_word' id='word_1_75' title='bbox 1274 1220 1424 1286; x_wconf 87' lang='lat' dir='ltr'><strong>Quod</strong></span> <span class='ocrx_word' id='word_1_76' title='bbox 1462 1222 1504 1272; x_wconf 81' lang='lat' dir='ltr'><strong>si</strong></span> <span class='ocrx_word' id='word_1_77' title='bbox 1536 1222 1728 1274; x_wconf 81' lang='lat' dir='ltr'><strong>Eusta-</strong></span> 
     </span>
    </p>
   </div>
   <div class='ocr_carea' id='block_1_12' title="bbox 164 1291 1725 1381">
    <p class='ocr_par' dir='ltr' id='par_1_12' title="bbox 164 1291 1725 1381">
     <span class='ocr_line' id='line_1_12' title="bbox 164 1291 1725 1381; baseline 0 -15"><span class='ocrx_word' id='word_1_78' title='bbox 164 1314 298 1367; x_wconf 90' lang='lat' dir='ltr'><strong>thius</strong></span> <span class='ocrx_word' id='word_1_79' title='bbox 339 1311 555 1366; x_wconf 89' lang='lat' dir='ltr'><strong>concilii</strong></span> <span class='ocrx_word' id='word_1_80' title='bbox 584 1314 850 1381; x_wconf 76' lang='lat' dir='ltr'><strong>episcopis</strong></span> <span class='ocrx_word' id='word_1_81' title='bbox 879 1312 1146 1380; x_wconf 86' lang='lat' dir='ltr'><strong>ascriptus</strong></span> <span class='ocrx_word' id='word_1_82' title='bbox 1202 1312 1321 1377; x_wconf 91' lang='lat' dir='ltr'><strong>fuit,</strong></span> <span class='ocrx_word' id='word_1_83' title='bbox 1351 1313 1564 1367; x_wconf 85' lang='lat' dir='ltr'><strong>ditiicile</strong></span> <span class='ocrx_word' id='word_1_84' title='bbox 1606 1291 1725 1367; x_wconf 78' lang='lat' dir='ltr'><strong>cre-</strong></span> 
     </span>
    </p>
   </div>
   <div class='ocr_carea' id='block_1_13' title="bbox 163 1405 1725 1474">
    <p class='ocr_par' dir='ltr' id='par_1_13' title="bbox 163 1405 1725 1474">
     <span class='ocr_line' id='line_1_13' title="bbox 163 1405 1725 1474; baseline 0.001 -16"><span class='ocrx_word' id='word_1_85' title='bbox 163 1409 266 1458; x_wconf 86' lang='lat' dir='ltr'><strong>ditu</strong></span> <span class='ocrx_word' id='word_1_86' title='bbox 305 1416 395 1461; x_wconf 85' lang='lat' dir='ltr'><strong>est</strong></span> <span class='ocrx_word' id='word_1_87' title='bbox 431 1420 539 1459; x_wconf 91' lang='lat' dir='ltr'><strong>non</strong></span> <span class='ocrx_word' id='word_1_88' title='bbox 571 1423 693 1458; x_wconf 89' lang='lat' dir='ltr'><strong>eum</strong></span> <span class='ocrx_word' id='word_1_89' title='bbox 740 1421 834 1473; x_wconf 86' lang='lat' dir='ltr'><strong>pro</strong></span> <span class='ocrx_word' id='word_1_90' title='bbox 866 1420 958 1457; x_wconf 91' lang='lat' dir='ltr'><strong>sua</strong></span> <span class='ocrx_word' id='word_1_91' title='bbox 996 1405 1134 1473; x_wconf 86' lang='lat' dir='ltr'><strong>apud</strong></span> <span class='ocrx_word' id='word_1_92' title='bbox 1180 1405 1436 1459; x_wconf 84' lang='lat' dir='ltr'><strong>vicarium</strong></span> <span class='ocrx_word' id='word_1_93' title='bbox 1479 1406 1646 1474; x_wconf 84' lang='lat' dir='ltr'><strong>gratia</strong></span> <span class='ocrx_word' id='word_1_94' title='bbox 1675 1417 1725 1460; x_wconf 91' lang='lat' dir='ltr'><strong>et</strong></span> 
     </span>
    </p>
   </div>
   <div class='ocr_carea' id='block_1_14' title="bbox 163 1499 1726 1568">
    <p class='ocr_par' dir='ltr' id='par_1_14' title="bbox 163 1499 1726 1568">
     <span class='ocr_line' id='line_1_14' title="bbox 163 1499 1726 1568; baseline 0.004 -19"><span class='ocrx_word' id='word_1_95' title='bbox 163 1499 484 1551; x_wconf 83' lang='lat' dir='ltr'><strong>auctoritate</strong></span> <span class='ocrx_word' id='word_1_96' title='bbox 533 1499 822 1551; x_wconf 78' lang='lat' dir='ltr'><strong>maximam</strong></span> <span class='ocrx_word' id='word_1_97' title='bbox 868 1509 1074 1566; x_wconf 90' lang='lat' dir='ltr'><strong>partem</strong></span> <span class='ocrx_word' id='word_1_98' title='bbox 1125 1511 1307 1552; x_wconf 87' lang='lat' dir='ltr'><strong>eorum</strong></span> <span class='ocrx_word' id='word_1_99' title='bbox 1359 1516 1478 1568; x_wconf 67' lang='lat' dir='ltr'><strong>quae</strong></span> <span class='ocrx_word' id='word_1_100' title='bbox 1524 1499 1726 1555; x_wconf 79' lang='lat' dir='ltr'><strong>nefarie</strong></span> 
     </span>
    </p>
   </div>
   <div class='ocr_carea' id='block_1_15' title="bbox 168 1586 815 1643">
    <p class='ocr_par' dir='ltr' id='par_1_15' title="bbox 168 1586 815 1643">
     <span class='ocr_line' id='line_1_15' title="bbox 168 1586 815 1643; baseline 0.003 -5"><span class='ocrx_word' id='word_1_101' title='bbox 168 1595 279 1640; x_wconf 84' lang='lat' dir='ltr'><strong>acta</strong></span> <span class='ocrx_word' id='word_1_102' title='bbox 307 1598 438 1642; x_wconf 90' lang='lat' dir='ltr'><strong>sunt</strong></span> <span class='ocrx_word' id='word_1_103' title='bbox 469 1586 815 1643; x_wconf 79' lang='lat' dir='ltr'><strong>sustinuisse.</strong></span> 
     </span>
    </p>
   </div>
   <div class='ocr_carea' id='block_1_16' title="bbox 227 1674 1724 1748">
    <p class='ocr_par' dir='ltr' id='par_1_16' title="bbox 227 1674 1724 1748">
     <span class='ocr_line' id='line_1_16' title="bbox 227 1674 1724 1748; baseline 0.002 -17"><span class='ocrx_word' id='word_1_104' title='bbox 227 1674 506 1731; x_wconf 84' lang='lat' dir='ltr'><strong>Eustathii</strong></span> <span class='ocrx_word' id='word_1_105' title='bbox 544 1676 786 1730; x_wconf 81' lang='lat' dir='ltr'><strong>facinore</strong></span> <span class='ocrx_word' id='word_1_106' title='bbox 834 1694 938 1732; x_wconf 90' lang='lat' dir='ltr'><strong>non</strong></span> <span class='ocrx_word' id='word_1_107' title='bbox 973 1677 1128 1731; x_wconf 82' lang='lat' dir='ltr'><strong>valde</strong></span> <span class='ocrx_word' id='word_1_108' title='bbox 1157 1679 1432 1748; x_wconf 88' lang='lat' dir='ltr'><strong>obstupuit</strong></span> <span class='ocrx_word' id='word_1_109' title='bbox 1477 1678 1724 1745; x_wconf 87' lang='lat' dir='ltr'><strong>Basilius,</strong></span> 
     </span>
    </p>
   </div>
   <div class='ocr_carea' id='block_1_17' title="bbox 164 1768 1728 1838">
    <p class='ocr_par' dir='ltr' id='par_1_17' title="bbox 164 1768 1728 1838">
     <span class='ocr_line' id='line_1_17' title="bbox 164 1768 1728 1838; baseline 0.006 -20"><span class='ocrx_word' id='word_1_110' title='bbox 164 1770 245 1836; x_wconf 89' lang='lat' dir='ltr'><strong>qui</strong></span> <span class='ocrx_word' id='word_1_111' title='bbox 277 1772 488 1824; x_wconf 89' lang='lat' dir='ltr'><strong>dudum</strong></span> <span class='ocrx_word' id='word_1_112' title='bbox 548 1768 821 1823; x_wconf 88' lang='lat' dir='ltr'><strong>hominem</strong></span> <span class='ocrx_word' id='word_1_113' title='bbox 872 1786 975 1824; x_wconf 91' lang='lat' dir='ltr'><strong>non</strong></span> <span class='ocrx_word' id='word_1_114' title='bbox 1026 1786 1176 1824; x_wconf 64' lang='lat' dir='ltr'><strong>nmvo</strong></span> <span class='ocrx_word' id='word_1_115' title='bbox 1226 1772 1426 1838; x_wconf 89' lang='lat' dir='ltr'><strong>aliquo,</strong></span> <span class='ocrx_word' id='word_1_116' title='bbox 1478 1775 1569 1826; x_wconf 91' lang='lat' dir='ltr'><strong>sed</strong></span> <span class='ocrx_word' id='word_1_117' title='bbox 1618 1783 1728 1829; x_wconf 87' lang='lat' dir='ltr'><strong>toto</strong></span> 
     </span>
    </p>
   </div>
   <div class='ocr_carea' id='block_1_18' title="bbox 165 1864 1723 1930">
    <p class='ocr_par' dir='ltr' id='par_1_18' title="bbox 165 1864 1723 1930">
     <span class='ocr_line' id='line_1_18' title="bbox 165 1864 1723 1930; baseline 0.002 -16"><span class='ocrx_word' id='word_1_118' title='bbox 165 1876 386 1930; x_wconf 87' lang='lat' dir='ltr'><strong>corpore</strong></span> <span class='ocrx_word' id='word_1_119' title='bbox 434 1871 676 1917; x_wconf 85' lang='lat' dir='ltr'><strong>noverat.</strong></span> <span class='ocrx_word' id='word_1_120' title='bbox 731 1865 798 1917; x_wconf 87' lang='lat' dir='ltr'><strong>At</strong></span> <span class='ocrx_word' id='word_1_121' title='bbox 854 1864 1177 1916; x_wconf 80' lang='lat' dir='ltr'><strong>uberrimam</strong></span> <span class='ocrx_word' id='word_1_122' title='bbox 1220 1865 1404 1919; x_wconf 89' lang='lat' dir='ltr'><strong>habuit</strong></span> <span class='ocrx_word' id='word_1_123' title='bbox 1444 1867 1723 1920; x_wconf 88' lang='lat' dir='ltr'><strong>materiam</strong></span> 
     </span>
    </p>
   </div>
   <div class='ocr_carea' id='block_1_19' title="bbox 167 1955 1729 2029">
    <p class='ocr_par' dir='ltr' id='par_1_19' title="bbox 167 1955 1729 2029">
     <span class='ocr_line' id='line_1_19' title="bbox 167 1955 1729 2029; baseline 0.005 -25"><span class='ocrx_word' id='word_1_124' title='bbox 167 1955 294 2008; x_wconf 86' lang='lat' dir='ltr'><strong>illius</strong></span> <span class='ocrx_word' id='word_1_125' title='bbox 319 1955 576 2023; x_wconf 68' lang='lat' dir='ltr'><strong>nequitire</strong></span> <span class='ocrx_word' id='word_1_126' title='bbox 604 1957 843 2010; x_wconf 89' lang='lat' dir='ltr'><strong>omnium</strong></span> <span class='ocrx_word' id='word_1_127' title='bbox 873 1955 1042 2008; x_wconf 84' lang='lat' dir='ltr'><strong>oculis</strong></span> <span class='ocrx_word' id='word_1_128' title='bbox 1068 1966 1122 2011; x_wconf 89' lang='lat' dir='ltr'><strong>et</strong></span> <span class='ocrx_word' id='word_1_129' title='bbox 1151 1959 1397 2012; x_wconf 89' lang='lat' dir='ltr'><strong>manibus</strong></span> <span class='ocrx_word' id='word_1_130' title='bbox 1433 1960 1729 2029; x_wconf 63' lang='lat' dir='ltr'><strong>subjicieno</strong></span> 
     </span>
    </p>
   </div>
   <div class='ocr_carea' id='block_1_20' title="bbox 167 2046 1727 2118">
    <p class='ocr_par' dir='ltr' id='par_1_20' title="bbox 167 2046 1727 2118">
     <span class='ocr_line' id='line_1_20' title="bbox 167 2046 1727 2118; baseline 0.006 -24"><span class='ocrx_word' id='word_1_131' title='bbox 167 2046 257 2098; x_wconf 69' lang='lat' dir='ltr'><strong>die.</strong></span> <span class='ocrx_word' id='word_1_132' title='bbox 291 2047 477 2117; x_wconf 75' lang='lat' dir='ltr'><strong>Atque</strong></span> <span class='ocrx_word' id='word_1_133' title='bbox 527 2048 576 2100; x_wconf 91' lang='lat' dir='ltr'><strong>id</strong></span> <span class='ocrx_word' id='word_1_134' title='bbox 627 2047 845 2113; x_wconf 88' lang='lat' dir='ltr'><strong>quidem</strong></span> <span class='ocrx_word' id='word_1_135' title='bbox 894 2049 1106 2118; x_wconf 76' lang='lat' dir='ltr'><strong>egregie</strong></span> <span class='ocrx_word' id='word_1_136' title='bbox 1161 2051 1368 2117; x_wconf 87' lang='lat' dir='ltr'><strong>perlicit</strong></span> <span class='ocrx_word' id='word_1_137' title='bbox 1417 2051 1468 2103; x_wconf 92' lang='lat' dir='ltr'><strong>in</strong></span> <span class='ocrx_word' id='word_1_138' title='bbox 1505 2051 1727 2118; x_wconf 81' lang='lat' dir='ltr'><strong>epistola</strong></span> 
     </span>
    </p>
   </div>
   <div class='ocr_carea' id='block_1_21' title="bbox 164 2133 1728 2208">
    <p class='ocr_par' dir='ltr' id='par_1_21' title="bbox 164 2133 1728 2208">
     <span class='ocr_line' id='line_1_21' title="bbox 164 2133 1728 2208; baseline 0.004 -21"><span class='ocrx_word' id='word_1_139' title='bbox 164 2133 258 2189; x_wconf 72' lang='lat'><strong>29.6</strong></span> <span class='ocrx_word' id='word_1_140' title='bbox 290 2139 359 2191; x_wconf 86' lang='lat' dir='ltr'><strong>ad</strong></span> <span class='ocrx_word' id='word_1_141' title='bbox 394 2138 691 2192; x_wconf 87' lang='lat' dir='ltr'><strong>monachos</strong></span> <span class='ocrx_word' id='word_1_142' title='bbox 729 2153 876 2200; x_wconf 89' lang='lat' dir='ltr'><strong>suos,</strong></span> <span class='ocrx_word' id='word_1_143' title='bbox 906 2155 1039 2207; x_wconf 91' lang='lat' dir='ltr'><strong>quos</strong></span> <span class='ocrx_word' id='word_1_144' title='bbox 1070 2140 1448 2208; x_wconf 62' lang='lat' dir='ltr'><strong>curnjnvisere</strong></span> <span class='ocrx_word' id='word_1_145' title='bbox 1480 2155 1581 2192; x_wconf 90' lang='lat' dir='ltr'><strong>non</strong></span> <span class='ocrx_word' id='word_1_146' title='bbox 1605 2155 1728 2208; x_wconf 77' lang='lat' dir='ltr'><strong>pos-</strong></span> 
     </span>
    </p>
   </div>
   <div class='ocr_carea' id='block_1_22' title="bbox 165 2230 1731 2298">
    <p class='ocr_par' dir='ltr' id='par_1_22' title="bbox 165 2230 1731 2298">
     <span class='ocr_line' id='line_1_22' title="bbox 165 2230 1731 2298; baseline 0.005 -19"><span class='ocrx_word' id='word_1_147' title='bbox 165 2238 254 2292; x_wconf 92' lang='lat' dir='ltr'><strong>set,</strong></span> <span class='ocrx_word' id='word_1_148' title='bbox 286 2230 440 2282; x_wconf 80' lang='lat' dir='ltr'><strong>vices</strong></span> <span class='ocrx_word' id='word_1_149' title='bbox 477 2245 608 2284; x_wconf 90' lang='lat' dir='ltr'><strong>suas</strong></span> <span class='ocrx_word' id='word_1_150' title='bbox 635 2233 926 2285; x_wconf 91' lang='lat' dir='ltr'><strong>committit</strong></span> <span class='ocrx_word' id='word_1_151' title='bbox 979 2232 1193 2284; x_wconf 85' lang='lat' dir='ltr'><strong>Meletio</strong></span> <span class='ocrx_word' id='word_1_152' title='bbox 1252 2231 1584 2298; x_wconf 75' lang='lat' dir='ltr'><strong>pre~bytero.</strong></span> <span class='ocrx_word' id='word_1_153' title='bbox 1632 2232 1731 2287; x_wconf 91' lang='lat' dir='ltr'><strong>De-</strong></span> 
     </span>
    </p>
   </div>
   <div class='ocr_carea' id='block_1_23' title="bbox 168 2323 1728 2391">
    <p class='ocr_par' dir='ltr' id='par_1_23' title="bbox 168 2323 1728 2391">
     <span class='ocr_line' id='line_1_23' title="bbox 168 2323 1728 2391; baseline 0.005 -21"><span class='ocrx_word' id='word_1_154' title='bbox 168 2329 429 2375; x_wconf 80' lang='lat' dir='ltr'><strong>monstrat</strong></span> <span class='ocrx_word' id='word_1_155' title='bbox 463 2336 522 2376; x_wconf 91' lang='lat' dir='ltr'><strong>se</strong></span> <span class='ocrx_word' id='word_1_156' title='bbox 553 2333 676 2391; x_wconf 87' lang='lat' dir='ltr'><strong>post</strong></span> <span class='ocrx_word' id='word_1_157' title='bbox 713 2323 873 2375; x_wconf 90' lang='lat' dir='ltr'><strong>trium</strong></span> <span class='ocrx_word' id='word_1_158' title='bbox 909 2335 1174 2374; x_wconf 89' lang='lat' dir='ltr'><strong>annorum</strong></span> <span class='ocrx_word' id='word_1_159' title='bbox 1227 2323 1505 2376; x_wconf 90' lang='lat' dir='ltr'><strong>silentium</strong></span> <span class='ocrx_word' id='word_1_160' title='bbox 1537 2325 1602 2377; x_wconf 88' lang='lat' dir='ltr'><strong>ad</strong></span> <span class='ocrx_word' id='word_1_161' title='bbox 1635 2326 1728 2378; x_wconf 80' lang='lat' dir='ltr'><strong>de-</strong></span> 
     </span>
    </p>
   </div>
   <div class='ocr_carea' id='block_1_24' title="bbox 167 2409 1728 2485">
    <p class='ocr_par' dir='ltr' id='par_1_24' title="bbox 167 2409 1728 2485">
     <span class='ocr_line' id='line_1_24' title="bbox 167 2409 1728 2485; baseline 0.004 -22"><span class='ocrx_word' id='word_1_162' title='bbox 167 2409 456 2467; x_wconf 77' lang='lat' dir='ltr'><strong>{ensionem</strong></span> <span class='ocrx_word' id='word_1_163' title='bbox 492 2429 644 2468; x_wconf 87' lang='lat' dir='ltr'><strong>suam</strong></span> <span class='ocrx_word' id='word_1_164' title='bbox 698 2425 943 2467; x_wconf 88' lang='lat' dir='ltr'><strong>coactum</strong></span> <span class='ocrx_word' id='word_1_165' title='bbox 979 2428 1095 2468; x_wconf 89' lang='lat' dir='ltr'><strong>esse</strong></span> <span class='ocrx_word' id='word_1_166' title='bbox 1143 2429 1460 2485; x_wconf 80' lang='lat' dir='ltr'><strong>assurgere;</strong></span> <span class='ocrx_word' id='word_1_167' title='bbox 1510 2418 1601 2472; x_wconf 91' lang='lat' dir='ltr'><strong>sed</strong></span> <span class='ocrx_word' id='word_1_168' title='bbox 1660 2418 1728 2471; x_wconf 90' lang='lat' dir='ltr'><strong>ita</strong></span> 
     </span>
    </p>
   </div>
   <div class='ocr_carea' id='block_1_25' title="bbox 167 2505 1729 2576">
    <p class='ocr_par' dir='ltr' id='par_1_25' title="bbox 167 2505 1729 2576">
     <span class='ocr_line' id='line_1_25' title="bbox 167 2505 1729 2576; baseline 0.002 -19"><span class='ocrx_word' id='word_1_169' title='bbox 167 2506 500 2572; x_wconf 68' lang='lat' dir='ltr'><strong>perspicuam</strong></span> <span class='ocrx_word' id='word_1_170' title='bbox 525 2521 646 2559; x_wconf 86' lang='lat' dir='ltr'><strong>esse</strong></span> <span class='ocrx_word' id='word_1_171' title='bbox 678 2505 982 2566; x_wconf 73' lang='lat' dir='ltr'><strong>veritatem,</strong></span> <span class='ocrx_word' id='word_1_172' title='bbox 1019 2515 1074 2556; x_wconf 89' lang='lat' dir='ltr'><strong>ttt</strong></span> <span class='ocrx_word' id='word_1_173' title='bbox 1114 2507 1324 2560; x_wconf 82' lang='lat' dir='ltr'><strong>etiarnsi</strong></span> <span class='ocrx_word' id='word_1_174' title='bbox 1381 2509 1494 2576; x_wconf 79' lang='lat' dir='ltr'><strong>ipse</strong></span> <span class='ocrx_word' id='word_1_175' title='bbox 1538 2518 1729 2576; x_wconf 86' lang='lat' dir='ltr'><strong>ta&#39;ceat,</strong></span> 
     </span>
    </p>
   </div>
   <div class='ocr_carea' id='block_1_26' title="bbox 169 2598 1734 2666">
    <p class='ocr_par' dir='ltr' id='par_1_26' title="bbox 169 2598 1734 2666">
     <span class='ocr_line' id='line_1_26' title="bbox 169 2598 1734 2666; baseline 0.004 -16"><span class='ocrx_word' id='word_1_176' title='bbox 169 2611 319 2650; x_wconf 89' lang='lat' dir='ltr'><strong>nemo</strong></span> <span class='ocrx_word' id='word_1_177' title='bbox 353 2612 478 2650; x_wconf 87' lang='lat' dir='ltr'><strong>eam</strong></span> <span class='ocrx_word' id='word_1_178' title='bbox 507 2598 755 2666; x_wconf 87' lang='lat' dir='ltr'><strong>ignorare</strong></span> <span class='ocrx_word' id='word_1_179' title='bbox 787 2600 976 2665; x_wconf 81' lang='lat' dir='ltr'><strong>possit,</strong></span> <span class='ocrx_word' id='word_1_180' title='bbox 1018 2604 1174 2652; x_wconf 87' lang='lat' dir='ltr'><strong>modo</strong></span> <span class='ocrx_word' id='word_1_181' title='bbox 1217 2603 1522 2656; x_wconf 83' lang='lat' dir='ltr'><strong>consideret</strong></span> <span class='ocrx_word' id='word_1_182' title='bbox 1564 2604 1734 2657; x_wconf 81' lang='lat' dir='ltr'><strong>actio-</strong></span> 
     </span>
    </p>
   </div>
   <div class='ocr_carea' id='block_1_27' title="bbox 174 2685 1736 2756">
    <p class='ocr_par' dir='ltr' id='par_1_27' title="bbox 174 2685 1736 2756">
     <span class='ocr_line' id='line_1_27' title="bbox 174 2685 1736 2756; baseline 0.006 -20"><span class='ocrx_word' id='word_1_183' title='bbox 174 2700 262 2740; x_wconf 88' lang='lat' dir='ltr'><strong>nes</strong></span> <span class='ocrx_word' id='word_1_184' title='bbox 295 2685 600 2752; x_wconf 86' lang='lat' dir='ltr'><strong>Eustathii,</strong></span> <span class='ocrx_word' id='word_1_185' title='bbox 631 2690 721 2756; x_wconf 92' lang='lat' dir='ltr'><strong>qui</strong></span> <span class='ocrx_word' id='word_1_186' title='bbox 751 2704 870 2741; x_wconf 91' lang='lat' dir='ltr'><strong>cum</strong></span> <span class='ocrx_word' id='word_1_187' title='bbox 903 2700 1056 2743; x_wconf 89' lang='lat' dir='ltr'><strong>antea</strong></span> <span class='ocrx_word' id='word_1_188' title='bbox 1093 2700 1197 2743; x_wconf 89' lang='lat' dir='ltr'><strong>tam</strong></span> <span class='ocrx_word' id='word_1_189' title='bbox 1232 2692 1519 2745; x_wconf 74' lang='lat' dir='ltr'><strong>vehemens</strong></span> <span class='ocrx_word' id='word_1_190' title='bbox 1547 2692 1736 2746; x_wconf 83' lang='lat' dir='ltr'><strong>fuisset</strong></span> 
     </span>
    </p>
   </div>
   <div class='ocr_carea' id='block_1_28' title="bbox 171 2776 1734 2847">
    <p class='ocr_par' dir='ltr' id='par_1_28' title="bbox 171 2776 1734 2847">
     <span class='ocr_line' id='line_1_28' title="bbox 171 2776 1734 2847; baseline 0.007 -21"><span class='ocrx_word' id='word_1_191' title='bbox 171 2776 219 2828; x_wconf 85' lang='lat' dir='ltr'><strong>in</strong></span> <span class='ocrx_word' id='word_1_192' title='bbox 259 2778 642 2846; x_wconf 82' lang='lat' dir='ltr'><strong>oppugnandis</strong></span> <span class='ocrx_word' id='word_1_193' title='bbox 691 2778 928 2841; x_wconf 84' lang='lat' dir='ltr'><strong>Arianis,</strong></span> <span class='ocrx_word' id='word_1_194' title='bbox 968 2794 1137 2847; x_wconf 91' lang='lat' dir='ltr'><strong>nuper</strong></span> <span class='ocrx_word' id='word_1_195' title='bbox 1166 2781 1325 2834; x_wconf 88' lang='lat' dir='ltr'><strong>animi</strong></span> <span class='ocrx_word' id='word_1_196' title='bbox 1377 2782 1457 2835; x_wconf 89' lang='lat' dir='ltr'><strong>sui</strong></span> <span class='ocrx_word' id='word_1_197' title='bbox 1517 2792 1734 2836; x_wconf 86' lang='lat' dir='ltr'><strong>senten-</strong></span> 
     </span>
    </p>
   </div>
   <div class='ocr_carea' id='block_1_29' title="bbox 168 2866 1734 2940">
    <p class='ocr_par' dir='ltr' id='par_1_29' title="bbox 168 2866 1734 2940">
     <span class='ocr_line' id='line_1_29' title="bbox 168 2866 1734 2940; baseline 0.004 -22"><span class='ocrx_word' id='word_1_198' title='bbox 168 2866 287 2919; x_wconf 84' lang='lat' dir='ltr'><strong>tiam</strong></span> <span class='ocrx_word' id='word_1_199' title='bbox 321 2868 567 2934; x_wconf 82' lang='lat' dir='ltr'><strong>nudavit,</strong></span> <span class='ocrx_word' id='word_1_200' title='bbox 596 2883 716 2923; x_wconf 92' lang='lat' dir='ltr'><strong>cum</strong></span> <span class='ocrx_word' id='word_1_201' title='bbox 753 2871 831 2923; x_wconf 88' lang='lat' dir='ltr'><strong>eis</strong></span> <span class='ocrx_word' id='word_1_202' title='bbox 875 2871 1103 2940; x_wconf 66' lang='lat' dir='ltr'><strong>Ancyra:</strong></span> <span class='ocrx_word' id='word_1_203' title='bbox 1134 2872 1184 2925; x_wconf 91' lang='lat' dir='ltr'><strong>in</strong></span> <span class='ocrx_word' id='word_1_204' title='bbox 1217 2873 1463 2926; x_wconf 83' lang='lat' dir='ltr'><strong>domibus</strong></span> <span class='ocrx_word' id='word_1_205' title='bbox 1490 2887 1734 2926; x_wconf 85' lang='lat' dir='ltr'><strong>commu-</strong></span> 
     </span>
    </p>
   </div>
   <div class='ocr_carea' id='block_1_30' title="bbox 169 2957 1732 3032">
    <p class='ocr_par' dir='ltr' id='par_1_30' title="bbox 169 2957 1732 3032">
     <span class='ocr_line' id='line_1_30' title="bbox 169 2957 1732 3032; baseline 0.007 -24"><span class='ocrx_word' id='word_1_206' title='bbox 169 2957 374 3021; x_wconf 83' lang='lat' dir='ltr'><strong>nicans,</strong></span> <span class='ocrx_word' id='word_1_207' title='bbox 409 2961 536 3028; x_wconf 90' lang='lat' dir='ltr'><strong>quia</strong></span> <span class='ocrx_word' id='word_1_208' title='bbox 581 2961 815 3014; x_wconf 91' lang='lat' dir='ltr'><strong>nondum</strong></span> <span class='ocrx_word' id='word_1_209' title='bbox 857 2962 1065 3029; x_wconf 88' lang='lat' dir='ltr'><strong>publice</strong></span> <span class='ocrx_word' id='word_1_210' title='bbox 1101 2963 1169 3015; x_wconf 90' lang='lat' dir='ltr'><strong>ab</strong></span> <span class='ocrx_word' id='word_1_211' title='bbox 1203 2965 1280 3018; x_wconf 86' lang='lat' dir='ltr'><strong>eis</strong></span> <span class='ocrx_word' id='word_1_212' title='bbox 1318 2973 1565 3032; x_wconf 91' lang='lat' dir='ltr'><strong>receptus</strong></span> <span class='ocrx_word' id='word_1_213' title='bbox 1594 2972 1732 3019; x_wconf 90' lang='lat' dir='ltr'><strong>erat.</strong></span> 
     </span>
    </p>
   </div>
   <div class='ocr_carea' id='block_1_31' title="bbox 171 3047 1735 3124">
    <p class='ocr_par' dir='ltr' id='par_1_31' title="bbox 171 3047 1735 3124">
     <span class='ocr_line' id='line_1_31' title="bbox 171 3047 1735 3124; baseline 0.004 -22"><span class='ocrx_word' id='word_1_214' title='bbox 171 3047 383 3116; x_wconf 85' lang='lat' dir='ltr'><strong>Scripta</strong></span> <span class='ocrx_word' id='word_1_215' title='bbox 414 3065 547 3118; x_wconf 81' lang='lat' dir='ltr'><strong>ergo</strong></span> <span class='ocrx_word' id='word_1_216' title='bbox 597 3050 710 3103; x_wconf 71' lang='lat' dir='ltr'><strong>hac</strong></span> <span class='ocrx_word' id='word_1_217' title='bbox 761 3052 983 3118; x_wconf 85' lang='lat' dir='ltr'><strong>epistola</strong></span> <span class='ocrx_word' id='word_1_218' title='bbox 1018 3063 1136 3120; x_wconf 89' lang='lat' dir='ltr'><strong>post</strong></span> <span class='ocrx_word' id='word_1_219' title='bbox 1187 3054 1466 3106; x_wconf 88' lang='lat' dir='ltr'><strong>concilium</strong></span> <span class='ocrx_word' id='word_1_220' title='bbox 1493 3056 1735 3124; x_wconf 83' lang='lat' dir='ltr'><strong>Ancyra-</strong></span> 
     </span>
    </p>
   </div>
   <div class='ocr_carea' id='block_1_32' title="bbox 175 3142 1733 3211">
    <p class='ocr_par' dir='ltr' id='par_1_32' title="bbox 175 3142 1733 3211">
     <span class='ocr_line' id='line_1_32' title="bbox 175 3142 1733 3211; baseline 0.007 -23"><span class='ocrx_word' id='word_1_221' title='bbox 175 3153 320 3200; x_wconf 90' lang='lat' dir='ltr'><strong>num,</strong></span> <span class='ocrx_word' id='word_1_222' title='bbox 379 3143 474 3193; x_wconf 89' lang='lat' dir='ltr'><strong>sed</strong></span> <span class='ocrx_word' id='word_1_223' title='bbox 527 3151 811 3207; x_wconf 83' lang='lat' dir='ltr'><strong>antequam</strong></span> <span class='ocrx_word' id='word_1_224' title='bbox 845 3142 1072 3196; x_wconf 80' lang='lat' dir='ltr'><strong>Arianos</strong></span> <span class='ocrx_word' id='word_1_225' title='bbox 1126 3144 1528 3211; x_wconf 77' lang='lat' dir='ltr'><strong>perhonorifice</strong></span> <span class='ocrx_word' id='word_1_226' title='bbox 1565 3147 1733 3199; x_wconf 88' lang='lat' dir='ltr'><strong>Scha-</strong></span> 
     </span>
    </p>
   </div>
   <div class='ocr_carea' id='block_1_33' title="bbox 171 3229 1740 3294">
    <p class='ocr_par' dir='ltr' id='par_1_33' title="bbox 171 3229 1740 3294">
     <span class='ocr_line' id='line_1_33' title="bbox 171 3229 1740 3294; baseline 0.009 -15"><span class='ocrx_word' id='word_1_227' title='bbox 171 3229 323 3281; x_wconf 81' lang='lat' dir='ltr'><strong>stiam</strong></span> <span class='ocrx_word' id='word_1_228' title='bbox 356 3242 659 3284; x_wconf 88' lang='lat' dir='ltr'><strong>accerseret</strong></span> <span class='ocrx_word' id='word_1_229' title='bbox 689 3231 1020 3287; x_wconf 81' lang='lat' dir='ltr'><strong>Eustathius.</strong></span> <span class='ocrx_word' id='word_1_230' title='bbox 1075 3234 1213 3288; x_wconf 78' lang='lat' dir='ltr'><strong>Nihil</strong></span> <span class='ocrx_word' id='word_1_231' title='bbox 1262 3238 1404 3291; x_wconf 88' lang='lat' dir='ltr'><strong>enim</strong></span> <span class='ocrx_word' id='word_1_232' title='bbox 1457 3254 1518 3292; x_wconf 89' lang='lat' dir='ltr'><strong>ea</strong></span> <span class='ocrx_word' id='word_1_233' title='bbox 1569 3244 1635 3294; x_wconf 88' lang='lat' dir='ltr'><strong>de</strong></span> <span class='ocrx_word' id='word_1_234' title='bbox 1684 3255 1740 3293; x_wconf 90' lang='lat' dir='ltr'><strong>re</strong></span> 
     </span>
    </p>
   </div>
   <div class='ocr_carea' id='block_1_34' title="bbox 173 3317 1740 3389">
    <p class='ocr_par' dir='ltr' id='par_1_34' title="bbox 173 3317 1740 3389">
     <span class='ocr_line' id='line_1_34' title="bbox 173 3317 1740 3389; baseline 0.008 -19"><span class='ocrx_word' id='word_1_235' title='bbox 173 3317 369 3387; x_wconf 68' lang='lat' dir='ltr'><strong>legitur</strong></span> <span class='ocrx_word' id='word_1_236' title='bbox 403 3320 456 3373; x_wconf 91' lang='lat' dir='ltr'><strong>in</strong></span> <span class='ocrx_word' id='word_1_237' title='bbox 491 3336 576 3389; x_wconf 89' lang='lat' dir='ltr'><strong>ep.</strong></span> <span class='ocrx_word' id='word_1_238' title='bbox 608 3323 734 3383; x_wconf 74' lang='lat'><strong>226.</strong></span> <span class='ocrx_word' id='word_1_239' title='bbox 762 3340 814 3378; x_wconf 83' lang='grc' dir='ltr'><strong>η.</strong></span> <span class='ocrx_word' id='word_1_240' title='bbox 848 3325 902 3378; x_wconf 78' lang='lat'><strong>3.</strong></span> <span class='ocrx_word' id='word_1_241' title='bbox 933 3325 1091 3380; x_wconf 81' lang='lat' dir='ltr'><strong>Aliud</strong></span> <span class='ocrx_word' id='word_1_242' title='bbox 1126 3327 1388 3384; x_wconf 86' lang='lat' dir='ltr'><strong>Eus-tathii</strong></span> <span class='ocrx_word' id='word_1_243' title='bbox 1420 3329 1623 3385; x_wconf 86' lang='lat' dir='ltr'><strong>facinus</strong></span> <span class='ocrx_word' id='word_1_244' title='bbox 1651 3349 1740 3385; x_wconf 89' lang='lat' dir='ltr'><strong>nn-</strong></span> 
     </span>
    </p>
   </div>
   <div class='ocr_carea' id='block_1_35' title="bbox 176 3412 1742 3489">
    <p class='ocr_par' dir='ltr' id='par_1_35' title="bbox 176 3412 1742 3489">
     <span class='ocr_line' id='line_1_35' title="bbox 176 3412 1742 3489; baseline 0.01 -27"><span class='ocrx_word' id='word_1_245' title='bbox 176 3427 264 3479; x_wconf 87' lang='lat' dir='ltr'><strong>per</strong></span> <span class='ocrx_word' id='word_1_246' title='bbox 292 3412 730 3482; x_wconf 70' lang='lat' dir='ltr'><strong>deprehenderat</strong></span> <span class='ocrx_word' id='word_1_247' title='bbox 768 3415 1016 3483; x_wconf 79' lang='lat' dir='ltr'><strong>Basilius,</strong></span> <span class='ocrx_word' id='word_1_248' title='bbox 1056 3422 1197 3488; x_wconf 81' lang='lat' dir='ltr'><strong>quod</strong></span> <span class='ocrx_word' id='word_1_249' title='bbox 1237 3423 1453 3489; x_wconf 89' lang='lat' dir='ltr'><strong>quidem</strong></span> <span class='ocrx_word' id='word_1_250' title='bbox 1488 3424 1563 3476; x_wconf 91' lang='lat' dir='ltr'><strong>sic</strong></span> <span class='ocrx_word' id='word_1_251' title='bbox 1595 3439 1742 3477; x_wconf 89' lang='lat' dir='ltr'><strong>com-</strong></span> 
     </span>
    </p>
   </div>
   <div class='ocr_carea' id='block_1_36' title="bbox 176 3507 1738 3582">
    <p class='ocr_par' dir='ltr' id='par_1_36' title="bbox 176 3507 1738 3582">
     <span class='ocr_line' id='line_1_36' title="bbox 176 3507 1738 3582; baseline 0.006 -24"><span class='ocrx_word' id='word_1_252' title='bbox 176 3519 482 3560; x_wconf 78' lang='lat' dir='ltr'><strong>memorat:</strong></span> <span class='ocrx_word' id='word_1_253' title='bbox 519 3507 592 3560; x_wconf 84' lang='lat' dir='ltr'><strong>Hi</strong></span> <span class='ocrx_word' id='word_1_254' title='bbox 651 3525 787 3562; x_wconf 80' lang='lat' dir='ltr'><strong>nunc</strong></span> <span class='ocrx_word' id='word_1_255' title='bbox 825 3519 872 3562; x_wconf 85' lang='lat' dir='ltr'><strong>et</strong></span> <span class='ocrx_word' id='word_1_256' title='bbox 923 3512 986 3564; x_wconf 88' lang='lat' dir='ltr'><strong>de</strong></span> <span class='ocrx_word' id='word_1_257' title='bbox 1027 3511 1250 3565; x_wconf 82' lang='lat' dir='ltr'><strong>Nicama</strong></span> <span class='ocrx_word' id='word_1_258' title='bbox 1289 3513 1570 3566; x_wconf 81' lang='lat' dir='ltr'><strong>detrahunt</strong></span> <span class='ocrx_word' id='word_1_259' title='bbox 1615 3516 1738 3582; x_wconf 81' lang='lat' dir='ltr'><strong>ﬁde,</strong></span> 
     </span>
    </p>
   </div>
   <div class='ocr_carea' id='block_1_37' title="bbox 177 3599 1743 3669">
    <p class='ocr_par' dir='ltr' id='par_1_37' title="bbox 177 3599 1743 3669">
     <span class='ocr_line' id='line_1_37' title="bbox 177 3599 1743 3669; baseline 0.007 -20"><span class='ocrx_word' id='word_1_260' title='bbox 177 3614 367 3665; x_wconf 70' lang='lat' dir='ltr'><strong>nosque</strong></span> <span class='ocrx_word' id='word_1_261' title='bbox 397 3609 580 3652; x_wconf 70' lang='lat' dir='ltr'><strong>cacant</strong></span> <span class='ocrx_word' id='word_1_262' title='bbox 630 3599 1089 3656; x_wconf 82' lang='lat' dir='ltr'><strong>Homoousiaslas.</strong></span> <span class='ocrx_word' id='word_1_263' title='bbox 1150 3601 1352 3669; x_wconf 86' lang='lat' dir='ltr'><strong>Quibus</strong></span> <span class='ocrx_word' id='word_1_264' title='bbox 1394 3605 1567 3657; x_wconf 77' lang='lat' dir='ltr'><strong>verbis</strong></span> <span class='ocrx_word' id='word_1_265' title='bbox 1605 3605 1743 3660; x_wconf 86' lang='lat' dir='ltr'><strong>indi-</strong></span> 
     </span>
    </p>
   </div>
   <div class='ocr_carea' id='block_1_38' title="bbox 176 3689 1740 3765">
    <p class='ocr_par' dir='ltr' id='par_1_38' title="bbox 176 3689 1740 3765">
     <span class='ocr_line' id='line_1_38' title="bbox 176 3689 1740 3765; baseline 0.006 -25"><span class='ocrx_word' id='word_1_266' title='bbox 176 3700 328 3742; x_wconf 83' lang='lat' dir='ltr'><strong>catur</strong></span> <span class='ocrx_word' id='word_1_267' title='bbox 351 3689 475 3744; x_wconf 80' lang='lat' dir='ltr'><strong>ﬁdei</strong></span> <span class='ocrx_word' id='word_1_268' title='bbox 509 3691 736 3744; x_wconf 84' lang='lat' dir='ltr'><strong>formula</strong></span> <span class='ocrx_word' id='word_1_269' title='bbox 769 3691 948 3761; x_wconf 87' lang='lat' dir='ltr'><strong>Cyzici</strong></span> <span class='ocrx_word' id='word_1_270' title='bbox 981 3694 1048 3746; x_wconf 93' lang='lat' dir='ltr'><strong>ab</strong></span> <span class='ocrx_word' id='word_1_271' title='bbox 1082 3694 1360 3749; x_wconf 90' lang='lat' dir='ltr'><strong>Eustathio</strong></span> <span class='ocrx_word' id='word_1_272' title='bbox 1392 3707 1602 3764; x_wconf 88' lang='lat' dir='ltr'><strong>recepta</strong></span> <span class='ocrx_word' id='word_1_273' title='bbox 1641 3698 1740 3765; x_wconf 81' lang='grc' dir='ltr'><strong>(α),</strong></span> 
     </span>
    </p>
   </div>
   <div class='ocr_carea' id='block_1_39' title="bbox 177 3781 1744 3856">
    <p class='ocr_par' dir='ltr' id='par_1_39' title="bbox 177 3781 1744 3856">
     <span class='ocr_line' id='line_1_39' title="bbox 177 3781 1744 3856; baseline 0.009 -25"><span class='ocrx_word' id='word_1_274' title='bbox 177 3781 225 3832; x_wconf 92' lang='lat' dir='ltr'><strong>in</strong></span> <span class='ocrx_word' id='word_1_275' title='bbox 261 3798 364 3848; x_wconf 89' lang='lat' dir='ltr'><strong>qua</strong></span> <span class='ocrx_word' id='word_1_276' title='bbox 418 3783 877 3838; x_wconf 84' lang='lat' dir='ltr'><strong>consubstantiaie</strong></span> <span class='ocrx_word' id='word_1_277' title='bbox 929 3786 1343 3842; x_wconf 85' lang='lat' dir='ltr'><strong>condemnabat.</strong></span> <span class='ocrx_word' id='word_1_278' title='bbox 1379 3787 1598 3842; x_wconf 76' lang='lat' dir='ltr'><strong>Videtur</strong></span> <span class='ocrx_word' id='word_1_279' title='bbox 1639 3790 1744 3856; x_wconf 82' lang='lat' dir='ltr'><strong>Cy-</strong></span> 
     </span>
    </p>
   </div>
   <div class='ocr_carea' id='block_1_40' title="bbox 175 3875 1681 3946">
    <p class='ocr_par' dir='ltr' id='par_1_40' title="bbox 175 3875 1681 3946">
     <span class='ocr_line' id='line_1_40' title="bbox 175 3875 1681 3946; baseline 0.009 -20"><span class='ocrx_word' id='word_1_280' title='bbox 175 3875 291 3927; x_wconf 74' lang='lat' dir='ltr'><strong>zico</strong></span> <span class='ocrx_word' id='word_1_281' title='bbox 326 3876 546 3929; x_wconf 86' lang='lat' dir='ltr'><strong>rediens</strong></span> <span class='ocrx_word' id='word_1_282' title='bbox 573 3876 804 3946; x_wconf 58' lang='lat' dir='ltr'><strong>Ancyra</strong></span> <span class='ocrx_word' id='word_1_283' title='bbox 834 3892 957 3929; x_wconf 93' lang='lat' dir='ltr'><strong>cum</strong></span> <span class='ocrx_word' id='word_1_284' title='bbox 986 3878 1204 3931; x_wconf 88' lang='lat' dir='ltr'><strong>Arianis</strong></span> <span class='ocrx_word' id='word_1_285' title='bbox 1227 3894 1284 3931; x_wconf 88' lang='lat' dir='ltr'><strong>se</strong></span> <span class='ocrx_word' id='word_1_286' title='bbox 1316 3880 1681 3945; x_wconf 78' lang='lat' dir='ltr'><strong>conjunxisse.</strong></span> 
     </span>
    </p>
   </div>
   <div class='ocr_carea' id='block_1_41' title="bbox 240 3962 1744 4042">
    <p class='ocr_par' dir='ltr' id='par_1_41' title="bbox 240 3962 1744 4042">
     <span class='ocr_line' id='line_1_41' title="bbox 240 3962 1744 4042; baseline 0.008 -26"><span class='ocrx_word' id='word_1_287' title='bbox 240 3962 328 4016; x_wconf 82' lang='lat' dir='ltr'><strong>IV.</strong></span> <span class='ocrx_word' id='word_1_288' title='bbox 361 3967 523 4019; x_wconf 81' lang='lat' dir='ltr'><strong>Circa</strong></span> <span class='ocrx_word' id='word_1_289' title='bbox 554 3966 684 4019; x_wconf 90' lang='lat' dir='ltr'><strong>illud</strong></span> <span class='ocrx_word' id='word_1_290' title='bbox 717 3977 951 4035; x_wconf 88' lang='lat' dir='ltr'><strong>tempus,</strong></span> <span class='ocrx_word' id='word_1_291' title='bbox 976 3983 1084 4036; x_wconf 93' lang='lat' dir='ltr'><strong>quo</strong></span> <span class='ocrx_word' id='word_1_292' title='bbox 1123 3971 1315 4023; x_wconf 89' lang='lat' dir='ltr'><strong>Ariani</strong></span> <span class='ocrx_word' id='word_1_293' title='bbox 1361 3971 1588 4042; x_wconf 74' lang='lat' dir='ltr'><strong>Ancyra:</strong></span> <span class='ocrx_word' id='word_1_294' title='bbox 1616 3989 1744 4028; x_wconf 92' lang='lat' dir='ltr'><strong>con-</strong></span> 
     </span>
    </p>
   </div>
   <div class='ocr_carea' id='block_1_42' title="bbox 176 4055 1743 4128">
    <p class='ocr_par' dir='ltr' id='par_1_42' title="bbox 176 4055 1743 4128">
     <span class='ocr_line' id='line_1_42' title="bbox 176 4055 1743 4128; baseline 0.01 -22"><span class='ocrx_word' id='word_1_295' title='bbox 176 4055 516 4117; x_wconf 87' lang='lat' dir='ltr'><strong>siliabantur,</strong></span> <span class='ocrx_word' id='word_1_296' title='bbox 554 4057 692 4110; x_wconf 93' lang='lat' dir='ltr'><strong>ohiit</strong></span> <span class='ocrx_word' id='word_1_297' title='bbox 718 4073 943 4128; x_wconf 90' lang='lat' dir='ltr'><strong>magnus</strong></span> <span class='ocrx_word' id='word_1_298' title='bbox 981 4059 1227 4114; x_wconf 81' lang='lat' dir='ltr'><strong>veritatis</strong></span> <span class='ocrx_word' id='word_1_299' title='bbox 1259 4061 1530 4128; x_wconf 89' lang='lat' dir='ltr'><strong>defensor,</strong></span> <span class='ocrx_word' id='word_1_300' title='bbox 1564 4065 1743 4122; x_wconf 87' lang='lat' dir='ltr'><strong>Theo-</strong></span> 
     </span>
    </p>
   </div>
   <div class='ocr_carea' id='block_1_43' title="bbox 177 4146 1746 4216">
    <p class='ocr_par' dir='ltr' id='par_1_43' title="bbox 177 4146 1746 4216">
     <span class='ocr_line' id='line_1_43' title="bbox 177 4146 1746 4216; baseline 0.01 -18"><span class='ocrx_word' id='word_1_301' title='bbox 177 4146 334 4201; x_wconf 80' lang='lat' dir='ltr'><strong>doms</strong></span> <span class='ocrx_word' id='word_1_302' title='bbox 382 4146 814 4216; x_wconf 82' lang='lat' dir='ltr'><strong>Nicopolitanus.</strong></span> <span class='ocrx_word' id='word_1_303' title='bbox 852 4150 984 4204; x_wconf 88' lang='lat' dir='ltr'><strong>Cum</strong></span> <span class='ocrx_word' id='word_1_304' title='bbox 1036 4160 1218 4204; x_wconf 86' lang='lat' dir='ltr'><strong>autem</strong></span> <span class='ocrx_word' id='word_1_305' title='bbox 1274 4152 1413 4206; x_wconf 91' lang='lat' dir='ltr'><strong>hanc</strong></span> <span class='ocrx_word' id='word_1_306' title='bbox 1461 4156 1646 4210; x_wconf 88' lang='lat' dir='ltr'><strong>urbem</strong></span> <span class='ocrx_word' id='word_1_307' title='bbox 1691 4167 1746 4213; x_wconf 90' lang='lat' dir='ltr'><strong>et</strong></span> 
     </span>
    </p>
   </div>
   <div class='ocr_carea' id='block_1_44' title="bbox 179 4235 1744 4313">
    <p class='ocr_par' dir='ltr' id='par_1_44' title="bbox 179 4235 1744 4313">
     <span class='ocr_line' id='line_1_44' title="bbox 179 4235 1744 4313; baseline 0.008 -25"><span class='ocrx_word' id='word_1_308' title='bbox 179 4235 340 4304; x_wconf 83' lang='lat' dir='ltr'><strong>ipsius</strong></span> <span class='ocrx_word' id='word_1_309' title='bbox 373 4240 512 4294; x_wconf 88' lang='lat' dir='ltr'><strong>situs</strong></span> <span class='ocrx_word' id='word_1_310' title='bbox 547 4239 684 4308; x_wconf 90' lang='lat' dir='ltr'><strong>(erat</strong></span> <span class='ocrx_word' id='word_1_311' title='bbox 731 4243 874 4294; x_wconf 90' lang='lat' dir='ltr'><strong>enim</strong></span> <span class='ocrx_word' id='word_1_312' title='bbox 911 4242 1180 4295; x_wconf 71' lang='lat' dir='ltr'><strong>Armeniae</strong></span> <span class='ocrx_word' id='word_1_313' title='bbox 1213 4246 1394 4313; x_wconf 86' lang='lat' dir='ltr'><strong>caput)</strong></span> <span class='ocrx_word' id='word_1_314' title='bbox 1440 4255 1490 4299; x_wconf 93' lang='lat' dir='ltr'><strong>et</strong></span> <span class='ocrx_word' id='word_1_315' title='bbox 1519 4249 1744 4302; x_wconf 88' lang='lat' dir='ltr'><strong>Ariano-</strong></span> 
     </span>
    </p>
   </div>
   <div class='ocr_carea' id='block_1_45' title="bbox 177 4330 1740 4398">
    <p class='ocr_par' dir='ltr' id='par_1_45' title="bbox 177 4330 1740 4398">
     <span class='ocr_line' id='line_1_45' title="bbox 177 4330 1740 4398; baseline 0.006 -20"><span class='ocrx_word' id='word_1_316' title='bbox 177 4341 290 4379; x_wconf 86' lang='lat' dir='ltr'><strong>rum</strong></span> <span class='ocrx_word' id='word_1_317' title='bbox 319 4337 562 4395; x_wconf 88' lang='lat' dir='ltr'><strong>potestas</strong></span> <span class='ocrx_word' id='word_1_318' title='bbox 587 4330 686 4383; x_wconf 91' lang='lat' dir='ltr'><strong>sub</strong></span> <span class='ocrx_word' id='word_1_319' title='bbox 717 4330 1052 4398; x_wconf 87' lang='lat' dir='ltr'><strong>nequissimo</strong></span> <span class='ocrx_word' id='word_1_320' title='bbox 1084 4330 1309 4395; x_wconf 86' lang='lat' dir='ltr'><strong>vicario,</strong></span> <span class='ocrx_word' id='word_1_321' title='bbox 1349 4332 1399 4384; x_wconf 89' lang='lat' dir='ltr'><strong>in</strong></span> <span class='ocrx_word' id='word_1_322' title='bbox 1449 4335 1740 4388; x_wconf 82' lang='lat' dir='ltr'><strong>maximum</strong></span> 
     </span>
    </p>
   </div>
   <div class='ocr_carea' id='block_1_46' title="bbox 178 4419 1744 4493">
    <p class='ocr_par' dir='ltr' id='par_1_46' title="bbox 178 4419 1744 4493">
     <span class='ocr_line' id='line_1_46' title="bbox 178 4419 1744 4493; baseline 0.006 -22"><span class='ocrx_word' id='word_1_323' title='bbox 178 4419 472 4486; x_wconf 83' lang='lat' dir='ltr'><strong>periculum</strong></span> <span class='ocrx_word' id='word_1_324' title='bbox 504 4421 849 4485; x_wconf 79' lang='lat' dir='ltr'><strong>adduxisset;</strong></span> <span class='ocrx_word' id='word_1_325' title='bbox 909 4420 1186 4474; x_wconf 81' lang='lat' dir='ltr'><strong>Pcemenio</strong></span> <span class='ocrx_word' id='word_1_326' title='bbox 1229 4422 1493 4476; x_wconf 84' lang='lat' dir='ltr'><strong>Satalensi</strong></span> <span class='ocrx_word' id='word_1_327' title='bbox 1536 4426 1744 4493; x_wconf 87' lang='lat' dir='ltr'><strong>episco-</strong></span> 
     </span>
    </p>
   </div>
   <div class='ocr_carea' id='block_1_47' title="bbox 1827 573 3391 643">
    <p class='ocr_par' dir='ltr' id='par_1_47' title="bbox 1827 573 3391 643">
     <span class='ocr_line' id='line_1_47' title="bbox 1827 573 3391 643; baseline -0.004 -13"><span class='ocrx_word' id='word_1_328' title='bbox 1827 588 1966 634; x_wconf 88' lang='lat' dir='ltr'><strong>sent.</strong></span> <span class='ocrx_word' id='word_1_329' title='bbox 2007 591 2102 629; x_wconf 90' lang='lat' dir='ltr'><strong>nec</strong></span> <span class='ocrx_word' id='word_1_330' title='bbox 2132 577 2307 628; x_wconf 89' lang='lat' dir='ltr'><strong>minus</strong></span> <span class='ocrx_word' id='word_1_331' title='bbox 2339 578 2505 643; x_wconf 87' lang='lat' dir='ltr'><strong>ipsius</strong></span> <span class='ocrx_word' id='word_1_332' title='bbox 2555 573 2792 629; x_wconf 66' lang='lat' dir='ltr'><strong>Coloniae</strong></span> <span class='ocrx_word' id='word_1_333' title='bbox 2823 575 3101 627; x_wconf 86' lang='lat' dir='ltr'><strong>securitati</strong></span> <span class='ocrx_word' id='word_1_334' title='bbox 3134 575 3391 643; x_wconf 83' lang='lat' dir='ltr'><strong>providis-</strong></span> 
     </span>
    </p>
   </div>
   <div class='ocr_carea' id='block_1_48' title="bbox 1826 665 3393 737">
    <p class='ocr_par' dir='ltr' id='par_1_48' title="bbox 1826 665 3393 737">
     <span class='ocr_line' id='line_1_48' title="bbox 1826 665 3393 737; baseline -0.004 -13"><span class='ocrx_word' id='word_1_335' title='bbox 1826 680 2145 737; x_wconf 83' lang='lat' dir='ltr'><strong>sent,quatn</strong></span> <span class='ocrx_word' id='word_1_336' title='bbox 2175 665 2467 735; x_wconf 86' lang='lat' dir='ltr'><strong>Nicopolis,</strong></span> <span class='ocrx_word' id='word_1_337' title='bbox 2505 683 2622 736; x_wconf 61' lang='lat' dir='ltr'><strong>qua:</strong></span> <span class='ocrx_word' id='word_1_338' title='bbox 2655 668 2698 722; x_wconf 88' lang='lat' dir='ltr'><strong>si</strong></span> <span class='ocrx_word' id='word_1_339' title='bbox 2741 666 2794 718; x_wconf 94' lang='lat' dir='ltr'><strong>in</strong></span> <span class='ocrx_word' id='word_1_340' title='bbox 2833 666 3153 719; x_wconf 83' lang='lat' dir='ltr'><strong>Arianorum</strong></span> <span class='ocrx_word' id='word_1_341' title='bbox 3202 681 3393 718; x_wconf 87' lang='lat' dir='ltr'><strong>manus</strong></span> 
     </span>
    </p>
   </div>
   <div class='ocr_carea' id='block_1_49' title="bbox 1825 757 3390 827">
    <p class='ocr_par' dir='ltr' id='par_1_49' title="bbox 1825 757 3390 827">
     <span class='ocr_line' id='line_1_49' title="bbox 1825 757 3390 827; baseline -0.003 -15"><span class='ocrx_word' id='word_1_342' title='bbox 1825 764 2077 822; x_wconf 73' lang='lat' dir='ltr'><strong>venisset,</strong></span> <span class='ocrx_word' id='word_1_343' title='bbox 2118 760 2256 813; x_wconf 89' lang='lat' dir='ltr'><strong>idem</strong></span> <span class='ocrx_word' id='word_1_344' title='bbox 2301 757 2498 811; x_wconf 84' lang='lat' dir='ltr'><strong>malum</strong></span> <span class='ocrx_word' id='word_1_345' title='bbox 2545 761 2646 812; x_wconf 91' lang='lat' dir='ltr'><strong>alia</strong></span> <span class='ocrx_word' id='word_1_346' title='bbox 2704 757 2996 827; x_wconf 65' lang='lat' dir='ltr'><strong>provincia:</strong></span> <span class='ocrx_word' id='word_1_347' title='bbox 3043 757 3234 824; x_wconf 87' lang='lat' dir='ltr'><strong>oppida</strong></span> <span class='ocrx_word' id='word_1_348' title='bbox 3287 770 3390 808; x_wconf 91' lang='lat' dir='ltr'><strong>non</strong></span> 
     </span>
    </p>
   </div>
   <div class='ocr_carea' id='block_1_50' title="bbox 1827 847 3393 922">
    <p class='ocr_par' dir='ltr' id='par_1_50' title="bbox 1827 847 3393 922">
     <span class='ocr_line' id='line_1_50' title="bbox 1827 847 3393 922; baseline -0.003 -18"><span class='ocrx_word' id='word_1_349' title='bbox 1827 852 2164 922; x_wconf 75' lang='lat' dir='ltr'><strong>emtgissent;</strong></span> <span class='ocrx_word' id='word_1_350' title='bbox 2202 848 2331 902; x_wconf 89' lang='lat' dir='ltr'><strong>nihil</strong></span> <span class='ocrx_word' id='word_1_351' title='bbox 2359 858 2534 902; x_wconf 88' lang='lat' dir='ltr'><strong>tamen</strong></span> <span class='ocrx_word' id='word_1_352' title='bbox 2569 852 2697 903; x_wconf 86' lang='lat' dir='ltr'><strong>tanti</strong></span> <span class='ocrx_word' id='word_1_353' title='bbox 2732 851 2833 903; x_wconf 92' lang='lat' dir='ltr'><strong>fuit</strong></span> <span class='ocrx_word' id='word_1_354' title='bbox 2864 847 3291 909; x_wconf 84' lang='lat' dir='ltr'><strong>Coloniensibus,</strong></span> <span class='ocrx_word' id='word_1_355' title='bbox 3335 855 3393 900; x_wconf 88' lang='lat' dir='ltr'><strong>ttt</strong></span> 
     </span>
    </p>
   </div>
   <div class='ocr_carea' id='block_1_51' title="bbox 1830 937 3392 1010">
    <p class='ocr_par' dir='ltr' id='par_1_51' title="bbox 1830 937 3392 1010">
     <span class='ocr_line' id='line_1_51' title="bbox 1830 937 3392 1010; baseline -0.003 -18"><span class='ocrx_word' id='word_1_356' title='bbox 1830 942 2058 1010; x_wconf 88' lang='lat' dir='ltr'><strong>pastoris</strong></span> <span class='ocrx_word' id='word_1_357' title='bbox 2085 939 2166 995; x_wconf 91' lang='lat' dir='ltr'><strong>sui</strong></span> <span class='ocrx_word' id='word_1_358' title='bbox 2208 940 2595 992; x_wconf 90' lang='lat' dir='ltr'><strong>discessionem</strong></span> <span class='ocrx_word' id='word_1_359' title='bbox 2634 947 2907 994; x_wconf 86' lang='lat' dir='ltr'><strong>moderate</strong></span> <span class='ocrx_word' id='word_1_360' title='bbox 2943 938 3167 992; x_wconf 83' lang='lat' dir='ltr'><strong>ferrent.</strong></span> <span class='ocrx_word' id='word_1_361' title='bbox 3198 937 3392 991; x_wconf 84' lang='lat' dir='ltr'><strong>Clerici</strong></span> 
     </span>
    </p>
   </div>
   <div class='ocr_carea' id='block_1_52' title="bbox 1828 1029 3392 1103">
    <p class='ocr_par' dir='ltr' id='par_1_52' title="bbox 1828 1029 3392 1103">
     <span class='ocr_line' id='line_1_52' title="bbox 1828 1029 3392 1103; baseline -0.004 -18"><span class='ocrx_word' id='word_1_362' title='bbox 1828 1035 1899 1103; x_wconf 85' lang='lat' dir='ltr'><strong>(c)</strong></span> <span class='ocrx_word' id='word_1_363' title='bbox 1937 1033 2266 1087; x_wconf 83' lang='lat' dir='ltr'><strong>iracundiam</strong></span> <span class='ocrx_word' id='word_1_364' title='bbox 2293 1040 2345 1084; x_wconf 88' lang='lat' dir='ltr'><strong>et</strong></span> <span class='ocrx_word' id='word_1_365' title='bbox 2371 1031 2608 1084; x_wconf 88' lang='lat' dir='ltr'><strong>dolorem</strong></span> <span class='ocrx_word' id='word_1_366' title='bbox 2642 1044 2706 1082; x_wconf 92' lang='lat' dir='ltr'><strong>eo</strong></span> <span class='ocrx_word' id='word_1_367' title='bbox 2739 1033 3124 1096; x_wconf 68' lang='lat' dir='ltr'><strong>perduxerunt,</strong></span> <span class='ocrx_word' id='word_1_368' title='bbox 3153 1039 3209 1081; x_wconf 92' lang='lat' dir='ltr'><strong>ut</strong></span> <span class='ocrx_word' id='word_1_369' title='bbox 3239 1044 3297 1082; x_wconf 87' lang='lat' dir='ltr'><strong>se</strong></span> <span class='ocrx_word' id='word_1_370' title='bbox 3326 1029 3392 1080; x_wconf 91' lang='lat' dir='ltr'><strong>ad</strong></span> 
     </span>
    </p>
   </div>
   <div class='ocr_carea' id='block_1_53' title="bbox 1831 1117 3392 1191">
    <p class='ocr_par' dir='ltr' id='par_1_53' title="bbox 1831 1117 3392 1191">
     <span class='ocr_line' id='line_1_53' title="bbox 1831 1117 3392 1191; baseline -0.004 -16"><span class='ocrx_word' id='word_1_371' title='bbox 1831 1125 2119 1176; x_wconf 84' lang='lat' dir='ltr'><strong>tribunalia</strong></span> <span class='ocrx_word' id='word_1_372' title='bbox 2150 1121 2393 1191; x_wconf 87' lang='lat' dir='ltr'><strong>judicum</strong></span> <span class='ocrx_word' id='word_1_373' title='bbox 2432 1121 2676 1173; x_wconf 92' lang='lat' dir='ltr'><strong>abituros</strong></span> <span class='ocrx_word' id='word_1_374' title='bbox 2702 1119 3055 1183; x_wconf 88' lang='lat' dir='ltr'><strong>minarentur,</strong></span> <span class='ocrx_word' id='word_1_375' title='bbox 3086 1135 3149 1173; x_wconf 89' lang='lat' dir='ltr'><strong>ac</strong></span> <span class='ocrx_word' id='word_1_376' title='bbox 3181 1133 3268 1171; x_wconf 87' lang='lat' dir='ltr'><strong>res</strong></span> <span class='ocrx_word' id='word_1_377' title='bbox 3298 1117 3392 1170; x_wconf 89' lang='lat' dir='ltr'><strong>ho-</strong></span> 
     </span>
    </p>
   </div>
   <div class='ocr_carea' id='block_1_54' title="bbox 1833 1208 3395 1276">
    <p class='ocr_par' dir='ltr' id='par_1_54' title="bbox 1833 1208 3395 1276">
     <span class='ocr_line' id='line_1_54' title="bbox 1833 1208 3395 1276; baseline -0.005 -9"><span class='ocrx_word' id='word_1_378' title='bbox 1833 1214 2071 1267; x_wconf 90' lang='lat' dir='ltr'><strong>minibus</strong></span> <span class='ocrx_word' id='word_1_379' title='bbox 2101 1213 2509 1271; x_wconf 86' lang='lat' dir='ltr'><strong>commissuros,</strong></span> <span class='ocrx_word' id='word_1_380' title='bbox 2540 1211 2734 1276; x_wconf 87' lang='lat' dir='ltr'><strong>quibus</strong></span> <span class='ocrx_word' id='word_1_381' title='bbox 2784 1209 3137 1264; x_wconf 85' lang='lat' dir='ltr'><strong>ecclesiarum</strong></span> <span class='ocrx_word' id='word_1_382' title='bbox 3185 1208 3395 1264; x_wconf 85' lang='lat' dir='ltr'><strong>eversio</strong></span> 
     </span>
    </p>
   </div>
   <div class='ocr_carea' id='block_1_55' title="bbox 1829 1302 3393 1375">
    <p class='ocr_par' dir='ltr' id='par_1_55' title="bbox 1829 1302 3393 1375">
     <span class='ocr_line' id='line_1_55' title="bbox 1829 1302 3393 1375; baseline -0.005 -13"><span class='ocrx_word' id='word_1_383' title='bbox 1829 1315 1990 1375; x_wconf 83' lang='lat' dir='ltr'><strong>caput</strong></span> <span class='ocrx_word' id='word_1_384' title='bbox 2019 1316 2135 1360; x_wconf 87' lang='lat' dir='ltr'><strong>erat</strong></span> <span class='ocrx_word' id='word_1_385' title='bbox 2171 1317 2443 1358; x_wconf 89' lang='lat' dir='ltr'><strong>votorum.</strong></span> <span class='ocrx_word' id='word_1_386' title='bbox 2483 1305 2742 1357; x_wconf 82' lang='lat' dir='ltr'><strong>Videntur</strong></span> <span class='ocrx_word' id='word_1_387' title='bbox 2776 1303 2886 1354; x_wconf 75' lang='lat' dir='ltr'><strong>lucc</strong></span> <span class='ocrx_word' id='word_1_388' title='bbox 2928 1302 3127 1355; x_wconf 82' lang='lat' dir='ltr'><strong>dixisse</strong></span> <span class='ocrx_word' id='word_1_389' title='bbox 3156 1305 3208 1355; x_wconf 93' lang='lat' dir='ltr'><strong>in</strong></span> <span class='ocrx_word' id='word_1_390' title='bbox 3255 1304 3393 1357; x_wconf 79' lang='lat' dir='ltr'><strong>litte~</strong></span> 
     </span>
    </p>
   </div>
   <div class='ocr_carea' id='block_1_56' title="bbox 1831 1394 3393 1465">
    <p class='ocr_par' dir='ltr' id='par_1_56' title="bbox 1831 1394 3393 1465">
     <span class='ocr_line' id='line_1_56' title="bbox 1831 1394 3393 1465; baseline -0.004 -10"><span class='ocrx_word' id='word_1_391' title='bbox 1831 1402 1906 1455; x_wconf 89' lang='lat' dir='ltr'><strong>ris</strong></span> <span class='ocrx_word' id='word_1_392' title='bbox 1956 1401 2021 1452; x_wconf 86' lang='lat' dir='ltr'><strong>ad</strong></span> <span class='ocrx_word' id='word_1_393' title='bbox 2077 1400 2330 1452; x_wconf 86' lang='lat' dir='ltr'><strong>Basilium</strong></span> <span class='ocrx_word' id='word_1_394' title='bbox 2368 1399 2600 1465; x_wconf 89' lang='lat' dir='ltr'><strong>scriptis.</strong></span> <span class='ocrx_word' id='word_1_395' title='bbox 2656 1394 2960 1449; x_wconf 81' lang='lat' dir='ltr'><strong>Verisimile</strong></span> <span class='ocrx_word' id='word_1_396' title='bbox 3004 1394 3146 1448; x_wconf 88' lang='lat' dir='ltr'><strong>enim</strong></span> <span class='ocrx_word' id='word_1_397' title='bbox 3191 1404 3271 1448; x_wconf 91' lang='lat' dir='ltr'><strong>est</strong></span> <span class='ocrx_word' id='word_1_398' title='bbox 3298 1411 3393 1449; x_wconf 83' lang='lat' dir='ltr'><strong>eos</strong></span> 
     </span>
    </p>
   </div>
   <div class='ocr_carea' id='block_1_57' title="bbox 1830 1485 3393 1562">
    <p class='ocr_par' dir='ltr' id='par_1_57' title="bbox 1830 1485 3393 1562">
     <span class='ocr_line' id='line_1_57' title="bbox 1830 1485 3393 1562; baseline -0.006 -12"><span class='ocrx_word' id='word_1_399' title='bbox 1830 1494 2136 1562; x_wconf 85' lang='lat' dir='ltr'><strong>scripsisse,</strong></span> <span class='ocrx_word' id='word_1_400' title='bbox 2172 1493 2422 1558; x_wconf 86' lang='lat' dir='ltr'><strong>quamvis</strong></span> <span class='ocrx_word' id='word_1_401' title='bbox 2453 1501 2726 1557; x_wconf 86' lang='lat' dir='ltr'><strong>acceptam</strong></span> <span class='ocrx_word' id='word_1_402' title='bbox 2756 1489 2820 1540; x_wconf 88' lang='lat' dir='ltr'><strong>ab</strong></span> <span class='ocrx_word' id='word_1_403' title='bbox 2846 1489 2928 1541; x_wconf 90' lang='lat' dir='ltr'><strong>eis</strong></span> <span class='ocrx_word' id='word_1_404' title='bbox 2971 1485 3251 1552; x_wconf 87' lang='lat' dir='ltr'><strong>epistolam</strong></span> <span class='ocrx_word' id='word_1_405' title='bbox 3291 1503 3393 1540; x_wconf 81' lang='lat' dir='ltr'><strong>nrn</strong></span> 
     </span>
    </p>
   </div>
   <div class='ocr_carea' id='block_1_58' title="bbox 1833 1575 3395 1642">
    <p class='ocr_par' dir='ltr' id='par_1_58' title="bbox 1833 1575 3395 1642">
     <span class='ocr_line' id='line_1_58' title="bbox 1833 1575 3395 1642; baseline -0.011 0"><span class='ocrx_word' id='word_1_406' title='bbox 1833 1592 2224 1642; x_wconf 90' lang='lat' dir='ltr'><strong>commemoret</strong></span> <span class='ocrx_word' id='word_1_407' title='bbox 2253 1580 2502 1634; x_wconf 86' lang='lat' dir='ltr'><strong>Basilius.</strong></span> <span class='ocrx_word' id='word_1_408' title='bbox 2541 1580 2864 1634; x_wconf 80' lang='lat' dir='ltr'><strong>Del-ortatur</strong></span> <span class='ocrx_word' id='word_1_409' title='bbox 2895 1592 2987 1630; x_wconf 88' lang='lat' dir='ltr'><strong>eos</strong></span> <span class='ocrx_word' id='word_1_410' title='bbox 3012 1593 3039 1629; x_wconf 89' lang='lat' dir='ltr'><strong>a</strong></span> <span class='ocrx_word' id='word_1_411' title='bbox 3067 1587 3174 1628; x_wconf 87' lang='lat' dir='ltr'><strong>tam</strong></span> <span class='ocrx_word' id='word_1_412' title='bbox 3211 1575 3395 1627; x_wconf 89' lang='lat' dir='ltr'><strong>insana</strong></span> 
     </span>
    </p>
   </div>
   <div class='ocr_carea' id='block_1_59' title="bbox 1833 1669 3390 1745">
    <p class='ocr_par' dir='ltr' id='par_1_59' title="bbox 1833 1669 3390 1745">
     <span class='ocr_line' id='line_1_59' title="bbox 1833 1669 3390 1745; baseline -0.01 -13"><span class='ocrx_word' id='word_1_413' title='bbox 1833 1675 2184 1745; x_wconf 80' lang='lat' dir='ltr'><strong>cogitatione,</strong></span> <span class='ocrx_word' id='word_1_414' title='bbox 2219 1687 2283 1725; x_wconf 80' lang='lat' dir='ltr'><strong>ac.</strong></span> <span class='ocrx_word' id='word_1_415' title='bbox 2314 1671 2536 1741; x_wconf 87' lang='lat' dir='ltr'><strong>Spiritui</strong></span> <span class='ocrx_word' id='word_1_416' title='bbox 2584 1681 2771 1724; x_wconf 85' lang='lat' dir='ltr'><strong>sancto</strong></span> <span class='ocrx_word' id='word_1_417' title='bbox 2801 1669 3140 1722; x_wconf 83' lang='lat' dir='ltr'><strong>tribuendum</strong></span> <span class='ocrx_word' id='word_1_418' title='bbox 3167 1669 3390 1721; x_wconf 85' lang='lat' dir='ltr'><strong>demon-</strong></span> 
     </span>
    </p>
   </div>
   <div class='ocr_carea' id='block_1_60' title="bbox 1832 1757 3395 1838">
    <p class='ocr_par' dir='ltr' id='par_1_60' title="bbox 1832 1757 3395 1838">
     <span class='ocr_line' id='line_1_60' title="bbox 1832 1757 3395 1838; baseline -0.009 -14"><span class='ocrx_word' id='word_1_419' title='bbox 1832 1780 1969 1826; x_wconf 84' lang='lat' dir='ltr'><strong>strat</strong></span> <span class='ocrx_word' id='word_1_420' title='bbox 2003 1770 2382 1838; x_wconf 89' lang='lat' dir='ltr'><strong>episcoporum</strong></span> <span class='ocrx_word' id='word_1_421' title='bbox 2433 1761 2741 1827; x_wconf 88' lang='lat' dir='ltr'><strong>consilium,</strong></span> <span class='ocrx_word' id='word_1_422' title='bbox 2775 1762 2859 1816; x_wconf 93' lang='lat' dir='ltr'><strong>cui</strong></span> <span class='ocrx_word' id='word_1_423' title='bbox 2901 1761 2943 1814; x_wconf 88' lang='lat' dir='ltr'><strong>si</strong></span> <span class='ocrx_word' id='word_1_424' title='bbox 2993 1761 3265 1823; x_wconf 89' lang='lat' dir='ltr'><strong>resistant,</strong></span> <span class='ocrx_word' id='word_1_425' title='bbox 3303 1757 3395 1811; x_wconf 85' lang='lat' dir='ltr'><strong>Dei</strong></span> 
     </span>
    </p>
   </div>
   <div class='ocr_carea' id='block_1_61' title="bbox 1835 1847 3400 1916">
    <p class='ocr_par' dir='ltr' id='par_1_61' title="bbox 1835 1847 3400 1916">
     <span class='ocr_line' id='line_1_61' title="bbox 1835 1847 3400 1916; baseline -0.011 1"><span class='ocrx_word' id='word_1_426' title='bbox 1835 1865 2092 1916; x_wconf 87' lang='lat' dir='ltr'><strong>resistent</strong></span> <span class='ocrx_word' id='word_1_427' title='bbox 2122 1855 2470 1913; x_wconf 88' lang='lat' dir='ltr'><strong>ordinationi.</strong></span> <span class='ocrx_word' id='word_1_428' title='bbox 2505 1852 2619 1910; x_wconf 82' lang='lat' dir='ltr'><strong>Non</strong></span> <span class='ocrx_word' id='word_1_429' title='bbox 2651 1856 2841 1909; x_wconf 87' lang='lat' dir='ltr'><strong>decere</strong></span> <span class='ocrx_word' id='word_1_430' title='bbox 2863 1865 2921 1909; x_wconf 92' lang='lat' dir='ltr'><strong>ut</strong></span> <span class='ocrx_word' id='word_1_431' title='bbox 2958 1868 3078 1906; x_wconf 92' lang='lat' dir='ltr'><strong>cum</strong></span> <span class='ocrx_word' id='word_1_432' title='bbox 3109 1861 3277 1904; x_wconf 87' lang='lat' dir='ltr'><strong>matre</strong></span> <span class='ocrx_word' id='word_1_433' title='bbox 3307 1847 3400 1903; x_wconf 63' lang='lat' dir='ltr'><strong>Ni-</strong></span> 
     </span>
    </p>
   </div>
   <div class='ocr_carea' id='block_1_62' title="bbox 1836 1940 3398 2022">
    <p class='ocr_par' dir='ltr' id='par_1_62' title="bbox 1836 1940 3398 2022">
     <span class='ocr_line' id='line_1_62' title="bbox 1836 1940 3398 2022; baseline -0.01 -16"><span class='ocrx_word' id='word_1_434' title='bbox 1836 1953 2008 2014; x_wconf 91' lang='lat' dir='ltr'><strong>copoli</strong></span> <span class='ocrx_word' id='word_1_435' title='bbox 2039 1954 2352 2022; x_wconf 77' lang='lat' dir='ltr'><strong>delitigent:</strong></span> <span class='ocrx_word' id='word_1_436' title='bbox 2386 1963 2574 2002; x_wconf 90' lang='lat' dir='ltr'><strong>eorum</strong></span> <span class='ocrx_word' id='word_1_437' title='bbox 2629 1948 2769 2000; x_wconf 84' lang='lat' dir='ltr'><strong>enim</strong></span> <span class='ocrx_word' id='word_1_438' title='bbox 2807 1943 3080 1999; x_wconf 87' lang='lat' dir='ltr'><strong>securitati</strong></span> <span class='ocrx_word' id='word_1_439' title='bbox 3129 1940 3398 2011; x_wconf 85' lang='lat' dir='ltr'><strong>provisum</strong></span> 
     </span>
    </p>
   </div>
   <div class='ocr_carea' id='block_1_63' title="bbox 1836 2040 3398 2112">
    <p class='ocr_par' dir='ltr' id='par_1_63' title="bbox 1836 2040 3398 2112">
     <span class='ocr_line' id='line_1_63' title="bbox 1836 2040 3398 2112; baseline -0.01 -12"><span class='ocrx_word' id='word_1_440' title='bbox 1836 2059 1974 2107; x_wconf 86' lang='lat' dir='ltr'><strong>esse,</strong></span> <span class='ocrx_word' id='word_1_441' title='bbox 2002 2049 2125 2097; x_wconf 91' lang='lat' dir='ltr'><strong>dum</strong></span> <span class='ocrx_word' id='word_1_442' title='bbox 2162 2053 2320 2112; x_wconf 87' lang='lat' dir='ltr'><strong>caput</strong></span> <span class='ocrx_word' id='word_1_443' title='bbox 2365 2041 2603 2095; x_wconf 89' lang='lat' dir='ltr'><strong>munitur</strong></span> <span class='ocrx_word' id='word_1_444' title='bbox 2635 2040 2900 2091; x_wconf 68' lang='lat' dir='ltr'><strong>Armenia!</strong></span> <span class='ocrx_word' id='word_1_445' title='bbox 2940 2056 2952 2090; x_wconf 93' lang='lat'><strong>:</strong></span> <span class='ocrx_word' id='word_1_446' title='bbox 2986 2046 3241 2104; x_wconf 71' lang='lat' dir='ltr'><strong>pneterea</strong></span> <span class='ocrx_word' id='word_1_447' title='bbox 3293 2047 3398 2085; x_wconf 92' lang='lat' dir='ltr'><strong>non</strong></span> 
     </span>
    </p>
   </div>
   <div class='ocr_carea' id='block_1_64' title="bbox 1837 2127 3402 2206">
    <p class='ocr_par' dir='ltr' id='par_1_64' title="bbox 1837 2127 3402 2206">
     <span class='ocr_line' id='line_1_64' title="bbox 1837 2127 3402 2206; baseline -0.01 -14"><span class='ocrx_word' id='word_1_448' title='bbox 1837 2137 2147 2206; x_wconf 81' lang='lat' dir='ltr'><strong>repttdiatos</strong></span> <span class='ocrx_word' id='word_1_449' title='bbox 2178 2136 2246 2187; x_wconf 89' lang='lat' dir='ltr'><strong>ab</strong></span> <span class='ocrx_word' id='word_1_450' title='bbox 2292 2131 2602 2201; x_wconf 84' lang='lat' dir='ltr'><strong>Euphronio</strong></span> <span class='ocrx_word' id='word_1_451' title='bbox 2629 2129 2996 2193; x_wconf 81' lang='lat' dir='ltr'><strong>Colonienses,</strong></span> <span class='ocrx_word' id='word_1_452' title='bbox 3029 2128 3118 2180; x_wconf 89' lang='lat' dir='ltr'><strong>sed</strong></span> <span class='ocrx_word' id='word_1_453' title='bbox 3151 2127 3282 2179; x_wconf 86' lang='lat' dir='ltr'><strong>alios</strong></span> <span class='ocrx_word' id='word_1_454' title='bbox 3316 2141 3402 2178; x_wconf 88' lang='lat' dir='ltr'><strong>as-</strong></span> 
     </span>
    </p>
   </div>
   <div class='ocr_carea' id='block_1_65' title="bbox 1837 2214 3402 2296">
    <p class='ocr_par' dir='ltr' id='par_1_65' title="bbox 1837 2214 3402 2296">
     <span class='ocr_line' id='line_1_65' title="bbox 1837 2214 3402 2296; baseline -0.011 -14"><span class='ocrx_word' id='word_1_455' title='bbox 1837 2238 2118 2296; x_wconf 90' lang='lat' dir='ltr'><strong>sumptos;</strong></span> <span class='ocrx_word' id='word_1_456' title='bbox 2151 2227 2453 2292; x_wconf 89' lang='lat' dir='ltr'><strong>suscepisse</strong></span> <span class='ocrx_word' id='word_1_457' title='bbox 2487 2224 2630 2276; x_wconf 91' lang='lat' dir='ltr'><strong>illum</strong></span> <span class='ocrx_word' id='word_1_458' title='bbox 2681 2218 2949 2285; x_wconf 82' lang='lat' dir='ltr'><strong>Nicopolis</strong></span> <span class='ocrx_word' id='word_1_459' title='bbox 2982 2232 3187 2275; x_wconf 86' lang='lat' dir='ltr'><strong>curam,</strong></span> <span class='ocrx_word' id='word_1_460' title='bbox 3232 2224 3286 2266; x_wconf 90' lang='lat' dir='ltr'><strong>et</strong></span> <span class='ocrx_word' id='word_1_461' title='bbox 3335 2214 3402 2266; x_wconf 84' lang='lat' dir='ltr'><strong>ad</strong></span> 
     </span>
    </p>
   </div>
   <div class='ocr_carea' id='block_1_66' title="bbox 1839 2309 3404 2372">
    <p class='ocr_par' dir='ltr' id='par_1_66' title="bbox 1839 2309 3404 2372">
     <span class='ocr_line' id='line_1_66' title="bbox 1839 2309 3404 2372; baseline -0.01 0"><span class='ocrx_word' id='word_1_462' title='bbox 1839 2319 2054 2372; x_wconf 91' lang='lat' dir='ltr'><strong>futuras</strong></span> <span class='ocrx_word' id='word_1_463' title='bbox 2084 2317 2192 2372; x_wconf 90' lang='lat' dir='ltr'><strong>illic</strong></span> <span class='ocrx_word' id='word_1_464' title='bbox 2224 2315 2613 2371; x_wconf 87' lang='lat' dir='ltr'><strong>sollicitudines</strong></span> <span class='ocrx_word' id='word_1_465' title='bbox 2663 2309 3067 2367; x_wconf 88' lang='lat' dir='ltr'><strong>Colottieusium</strong></span> <span class='ocrx_word' id='word_1_466' title='bbox 3099 2322 3283 2360; x_wconf 89' lang='lat' dir='ltr'><strong>curam</strong></span> <span class='ocrx_word' id='word_1_467' title='bbox 3312 2320 3404 2358; x_wconf 88' lang='lat' dir='ltr'><strong>ac-</strong></span> 
     </span>
    </p>
   </div>
   <div class='ocr_carea' id='block_1_67' title="bbox 1838 2423 2132 2463">
    <p class='ocr_par' dir='ltr' id='par_1_67' title="bbox 1838 2423 2132 2463">
     <span class='ocr_line' id='line_1_67' title="bbox 1838 2423 2132 2463; baseline -0.017 0"><span class='ocrx_word' id='word_1_468' title='bbox 1838 2423 2132 2463; x_wconf 74' lang='lat' dir='ltr'><strong>cessuram.</strong></span> 
     </span>
    </p>
   </div>
   <div class='ocr_carea' id='block_1_68' title="bbox 1911 2529 3404 2604">
    <p class='ocr_par' dir='ltr' id='par_1_68' title="bbox 1911 2529 3404 2604">
     <span class='ocr_line' id='line_1_68' title="bbox 1911 2529 3404 2604; baseline -0.009 -5"><span class='ocrx_word' id='word_1_469' title='bbox 1911 2545 1965 2599; x_wconf 91' lang='lat' dir='ltr'><strong>ln</strong></span> <span class='ocrx_word' id='word_1_470' title='bbox 1999 2542 2243 2598; x_wconf 87' lang='lat' dir='ltr'><strong>eamdem</strong></span> <span class='ocrx_word' id='word_1_471' title='bbox 2290 2537 2614 2594; x_wconf 90' lang='lat' dir='ltr'><strong>sententiam</strong></span> <span class='ocrx_word' id='word_1_472' title='bbox 2645 2535 2862 2603; x_wconf 89' lang='lat' dir='ltr'><strong>scripsit</strong></span> <span class='ocrx_word' id='word_1_473' title='bbox 2895 2534 2970 2604; x_wconf 82' lang='grc' dir='ltr'><strong>(ιι)</strong></span> <span class='ocrx_word' id='word_1_474' title='bbox 3001 2529 3404 2602; x_wconf 81' lang='lat' dir='ltr'><strong>magistratibus</strong></span> 
     </span>
    </p>
   </div>
   <div class='ocr_carea' id='block_1_69' title="bbox 1841 2626 3405 2701">
    <p class='ocr_par' dir='ltr' id='par_1_69' title="bbox 1841 2626 3405 2701">
     <span class='ocr_line' id='line_1_69' title="bbox 1841 2626 3405 2701; baseline -0.009 -9"><span class='ocrx_word' id='word_1_475' title='bbox 1841 2635 2277 2697; x_wconf 86' lang='lat' dir='ltr'><strong>Coloniensibus,</strong></span> <span class='ocrx_word' id='word_1_476' title='bbox 2309 2633 2398 2701; x_wconf 92' lang='lat' dir='ltr'><strong>qui</strong></span> <span class='ocrx_word' id='word_1_477' title='bbox 2426 2633 2491 2684; x_wconf 90' lang='lat' dir='ltr'><strong>ad</strong></span> <span class='ocrx_word' id='word_1_478' title='bbox 2535 2645 2655 2682; x_wconf 91' lang='lat' dir='ltr'><strong>eum</strong></span> <span class='ocrx_word' id='word_1_479' title='bbox 2689 2628 3038 2694; x_wconf 71' lang='lat' dir='ltr'><strong>scripserant.</strong></span> <span class='ocrx_word' id='word_1_480' title='bbox 3083 2626 3287 2679; x_wconf 87' lang='lat' dir='ltr'><strong>Laudat</strong></span> <span class='ocrx_word' id='word_1_481' title='bbox 3311 2639 3405 2678; x_wconf 89' lang='lat' dir='ltr'><strong>eos</strong></span> 
     </span>
    </p>
   </div>
   <div class='ocr_carea' id='block_1_70' title="bbox 1844 2717 3408 2798">
    <p class='ocr_par' dir='ltr' id='par_1_70' title="bbox 1844 2717 3408 2798">
     <span class='ocr_line' id='line_1_70' title="bbox 1844 2717 3408 2798; baseline -0.006 -19"><span class='ocrx_word' id='word_1_482' title='bbox 1844 2730 1986 2798; x_wconf 88' lang='lat' dir='ltr'><strong>quod</strong></span> <span class='ocrx_word' id='word_1_483' title='bbox 2011 2743 2188 2781; x_wconf 88' lang='lat' dir='ltr'><strong>rerum</strong></span> <span class='ocrx_word' id='word_1_484' title='bbox 2220 2724 2554 2793; x_wconf 88' lang='lat' dir='ltr'><strong>publicarunt</strong></span> <span class='ocrx_word' id='word_1_485' title='bbox 2588 2721 2734 2774; x_wconf 86' lang='lat' dir='ltr'><strong>curis</strong></span> <span class='ocrx_word' id='word_1_486' title='bbox 2779 2718 3024 2786; x_wconf 85' lang='lat' dir='ltr'><strong>occupati</strong></span> <span class='ocrx_word' id='word_1_487' title='bbox 3081 2717 3408 2772; x_wconf 85' lang='lat' dir='ltr'><strong>ecclesiasti—</strong></span> 
     </span>
    </p>
   </div>
   <div class='ocr_carea' id='block_1_71' title="bbox 1843 2809 3409 2886">
    <p class='ocr_par' dir='ltr' id='par_1_71' title="bbox 1843 2809 3409 2886">
     <span class='ocr_line' id='line_1_71' title="bbox 1843 2809 3409 2886; baseline -0.006 -15"><span class='ocrx_word' id='word_1_488' title='bbox 1843 2834 1937 2871; x_wconf 86' lang='lat' dir='ltr'><strong>cas</strong></span> <span class='ocrx_word' id='word_1_489' title='bbox 1970 2834 2073 2870; x_wconf 94' lang='lat' dir='ltr'><strong>non</strong></span> <span class='ocrx_word' id='word_1_490' title='bbox 2109 2818 2401 2886; x_wconf 79' lang='lat' dir='ltr'><strong>negligant,</strong></span> <span class='ocrx_word' id='word_1_491' title='bbox 2443 2813 2535 2868; x_wconf 87' lang='lat' dir='ltr'><strong>sed</strong></span> <span class='ocrx_word' id='word_1_492' title='bbox 2575 2811 2643 2866; x_wconf 88' lang='lat' dir='ltr'><strong>de</strong></span> <span class='ocrx_word' id='word_1_493' title='bbox 2691 2811 2770 2864; x_wconf 91' lang='lat' dir='ltr'><strong>eis</strong></span> <span class='ocrx_word' id='word_1_494' title='bbox 2801 2809 3012 2864; x_wconf 90' lang='lat' dir='ltr'><strong>solliciti</strong></span> <span class='ocrx_word' id='word_1_495' title='bbox 3063 2810 3192 2874; x_wconf 89' lang='lat' dir='ltr'><strong>sint,</strong></span> <span class='ocrx_word' id='word_1_496' title='bbox 3231 2818 3289 2862; x_wconf 93' lang='lat' dir='ltr'><strong>ut</strong></span> <span class='ocrx_word' id='word_1_497' title='bbox 3341 2810 3409 2862; x_wconf 90' lang='lat' dir='ltr'><strong>de</strong></span> 
     </span>
    </p>
   </div>
   <div class='ocr_carea' id='block_1_72' title="bbox 1845 2902 3403 2979">
    <p class='ocr_par' dir='ltr' id='par_1_72' title="bbox 1845 2902 3403 2979">
     <span class='ocr_line' id='line_1_72' title="bbox 1845 2902 3403 2979; baseline -0.006 -17"><span class='ocrx_word' id='word_1_498' title='bbox 1845 2910 2062 2979; x_wconf 88' lang='lat' dir='ltr'><strong>proprio</strong></span> <span class='ocrx_word' id='word_1_499' title='bbox 2087 2908 2313 2976; x_wconf 89' lang='lat' dir='ltr'><strong>quisque</strong></span> <span class='ocrx_word' id='word_1_500' title='bbox 2340 2906 2552 2974; x_wconf 81' lang='lat' dir='ltr'><strong>negotio</strong></span> <span class='ocrx_word' id='word_1_501' title='bbox 2574 2915 2629 2958; x_wconf 92' lang='lat' dir='ltr'><strong>et</strong></span> <span class='ocrx_word' id='word_1_502' title='bbox 2658 2919 2721 2956; x_wconf 77' lang='lat' dir='ltr'><strong>ex</strong></span> <span class='ocrx_word' id='word_1_503' title='bbox 2761 2919 2870 2973; x_wconf 92' lang='lat' dir='ltr'><strong>quo</strong></span> <span class='ocrx_word' id='word_1_504' title='bbox 2896 2903 3002 2956; x_wconf 89' lang='lat' dir='ltr'><strong>vita</strong></span> <span class='ocrx_word' id='word_1_505' title='bbox 3037 2919 3130 2957; x_wconf 89' lang='lat' dir='ltr'><strong>sua</strong></span> <span class='ocrx_word' id='word_1_506' title='bbox 3157 2902 3403 2971; x_wconf 86' lang='lat' dir='ltr'><strong>pendeat.</strong></span> 
     </span>
    </p>
   </div>
   <div class='ocr_carea' id='block_1_73' title="bbox 1847 2994 3406 3064">
    <p class='ocr_par' dir='ltr' id='par_1_73' title="bbox 1847 2994 3406 3064">
     <span class='ocr_line' id='line_1_73' title="bbox 1847 2994 3406 3064; baseline -0.006 -9"><span class='ocrx_word' id='word_1_507' title='bbox 1847 3001 1951 3056; x_wconf 88' lang='lat' dir='ltr'><strong>Sed</strong></span> <span class='ocrx_word' id='word_1_508' title='bbox 1982 3001 2252 3062; x_wconf 89' lang='lat' dir='ltr'><strong>hortatur,</strong></span> <span class='ocrx_word' id='word_1_509' title='bbox 2277 3005 2333 3049; x_wconf 92' lang='lat' dir='ltr'><strong>ut</strong></span> <span class='ocrx_word' id='word_1_510' title='bbox 2361 2996 2618 3064; x_wconf 87' lang='lat' dir='ltr'><strong>temporis</strong></span> <span class='ocrx_word' id='word_1_511' title='bbox 2633 2994 2994 3048; x_wconf 72' lang='lat' dir='ltr'><strong>difficultatem</strong></span> <span class='ocrx_word' id='word_1_512' title='bbox 3020 3004 3074 3046; x_wconf 85' lang='lat' dir='ltr'><strong>et</strong></span> <span class='ocrx_word' id='word_1_513' title='bbox 3095 2995 3406 3047; x_wconf 69' lang='lat' dir='ltr'><strong>mconomiac</strong></span> 
     </span>
    </p>
   </div>
   <div class='ocr_carea' id='block_1_74' title="bbox 1850 3085 3406 3155">
    <p class='ocr_par' dir='ltr' id='par_1_74' title="bbox 1850 3085 3406 3155">
     <span class='ocr_line' id='line_1_74' title="bbox 1850 3085 3406 3155; baseline -0.009 -6"><span class='ocrx_word' id='word_1_514' title='bbox 1850 3096 2226 3150; x_wconf 89' lang='lat' dir='ltr'><strong>necessitatem</strong></span> <span class='ocrx_word' id='word_1_515' title='bbox 2259 3089 2669 3145; x_wconf 85' lang='lat' dir='ltr'><strong>considerantes</strong></span> <span class='ocrx_word' id='word_1_516' title='bbox 2697 3085 2966 3155; x_wconf 90' lang='lat' dir='ltr'><strong>episcopis</strong></span> <span class='ocrx_word' id='word_1_517' title='bbox 3018 3086 3315 3154; x_wconf 80' lang='lat' dir='ltr'><strong>ignoscant.</strong></span> <span class='ocrx_word' id='word_1_518' title='bbox 3349 3085 3406 3137; x_wconf 84' lang='lat' dir='ltr'><strong>In</strong></span> 
     </span>
    </p>
   </div>
   <div class='ocr_carea' id='block_1_75' title="bbox 1769 3177 3408 3252">
    <p class='ocr_par' dir='ltr' id='par_1_75' title="bbox 1769 3177 3408 3252">
     <span class='ocr_line' id='line_1_75' title="bbox 1769 3177 3408 3252; baseline -0.008 -10"><span class='ocrx_word' id='word_1_519' title='bbox 1769 3186 1810 3242; x_wconf 89' lang='lat' dir='ltr'><strong>C</strong></span> <span class='ocrx_word' id='word_1_520' title='bbox 1848 3198 2075 3252; x_wconf 87' lang='lat' dir='ltr'><strong>utraque</strong></span> <span class='ocrx_word' id='word_1_521' title='bbox 2100 3182 2322 3250; x_wconf 76' lang='lat' dir='ltr'><strong>epiStola</strong></span> <span class='ocrx_word' id='word_1_522' title='bbox 2351 3196 2499 3249; x_wconf 83' lang='lat' dir='ltr'><strong>spem</strong></span> <span class='ocrx_word' id='word_1_523' title='bbox 2530 3178 2682 3232; x_wconf 82' lang='lat' dir='ltr'><strong>affert</strong></span> <span class='ocrx_word' id='word_1_524' title='bbox 2707 3193 2764 3231; x_wconf 90' lang='lat' dir='ltr'><strong>se</strong></span> <span class='ocrx_word' id='word_1_525' title='bbox 2798 3177 2862 3229; x_wconf 91' lang='lat' dir='ltr'><strong>ad</strong></span> <span class='ocrx_word' id='word_1_526' title='bbox 2894 3192 2986 3231; x_wconf 87' lang='lat' dir='ltr'><strong>eos</strong></span> <span class='ocrx_word' id='word_1_527' title='bbox 3018 3189 3319 3241; x_wconf 90' lang='lat' dir='ltr'><strong>venturum,</strong></span> <span class='ocrx_word' id='word_1_528' title='bbox 3354 3185 3408 3229; x_wconf 90' lang='lat' dir='ltr'><strong>et</strong></span> 
     </span>
    </p>
   </div>
   <div class='ocr_carea' id='block_1_76' title="bbox 1844 3263 3405 3341">
    <p class='ocr_par' dir='ltr' id='par_1_76' title="bbox 1844 3263 3405 3341">
     <span class='ocr_line' id='line_1_76' title="bbox 1844 3263 3405 3341; baseline -0.007 -14"><span class='ocrx_word' id='word_1_529' title='bbox 1844 3274 2019 3341; x_wconf 89' lang='lat' dir='ltr'><strong>majus</strong></span> <span class='ocrx_word' id='word_1_530' title='bbox 2044 3271 2310 3341; x_wconf 90' lang='lat' dir='ltr'><strong>quoddam</strong></span> <span class='ocrx_word' id='word_1_531' title='bbox 2337 3283 2520 3323; x_wconf 88' lang='lat' dir='ltr'><strong>eorum</strong></span> <span class='ocrx_word' id='word_1_532' title='bbox 2569 3282 2686 3337; x_wconf 65' lang='lat' dir='ltr'><strong>quae</strong></span> <span class='ocrx_word' id='word_1_533' title='bbox 2719 3275 2835 3320; x_wconf 86' lang='lat' dir='ltr'><strong>acta</strong></span> <span class='ocrx_word' id='word_1_534' title='bbox 2879 3265 3117 3328; x_wconf 88' lang='lat' dir='ltr'><strong>fuerant,</strong></span> <span class='ocrx_word' id='word_1_535' title='bbox 3156 3263 3405 3317; x_wconf 88' lang='lat' dir='ltr'><strong>solatium</strong></span> 
     </span>
    </p>
   </div>
   <div class='ocr_carea' id='block_1_77' title="bbox 1847 3358 3123 3428">
    <p class='ocr_par' dir='ltr' id='par_1_77' title="bbox 1847 3358 3123 3428">
     <span class='ocr_line' id='line_1_77' title="bbox 1847 3358 3123 3428; baseline -0.007 -9"><span class='ocrx_word' id='word_1_536' title='bbox 1847 3366 2159 3428; x_wconf 88' lang='lat' dir='ltr'><strong>allaturum,</strong></span> <span class='ocrx_word' id='word_1_537' title='bbox 2188 3364 2230 3416; x_wconf 90' lang='lat' dir='ltr'><strong>si</strong></span> <span class='ocrx_word' id='word_1_538' title='bbox 2270 3363 2318 3415; x_wconf 92' lang='lat' dir='ltr'><strong>id</strong></span> <span class='ocrx_word' id='word_1_539' title='bbox 2354 3362 2433 3416; x_wconf 83' lang='lat' dir='ltr'><strong>eis</strong></span> <span class='ocrx_word' id='word_1_540' title='bbox 2469 3360 2830 3414; x_wconf 88' lang='lat' dir='ltr'><strong>necessarium</strong></span> <span class='ocrx_word' id='word_1_541' title='bbox 2859 3358 3123 3411; x_wconf 88' lang='lat' dir='ltr'><strong>videatur.</strong></span> 
     </span>
    </p>
   </div>
   <div class='ocr_carea' id='block_1_78' title="bbox 1918 3467 3409 3548">
    <p class='ocr_par' dir='ltr' id='par_1_78' title="bbox 1918 3467 3409 3548">
     <span class='ocr_line' id='line_1_78' title="bbox 1918 3467 3409 3548; baseline -0.008 -14"><span class='ocrx_word' id='word_1_542' title='bbox 1918 3480 2149 3548; x_wconf 89' lang='lat' dir='ltr'><strong>Scripsit</strong></span> <span class='ocrx_word' id='word_1_543' title='bbox 2177 3478 2340 3532; x_wconf 88' lang='lat' dir='ltr'><strong>etiam</strong></span> <span class='ocrx_word' id='word_1_544' title='bbox 2369 3474 2601 3528; x_wconf 83' lang='lat' dir='ltr'><strong>Basilius</strong></span> <span class='ocrx_word' id='word_1_545' title='bbox 2633 3471 2702 3542; x_wconf 73' lang='grc' dir='ltr'><strong>(ρ)</strong></span> <span class='ocrx_word' id='word_1_546' title='bbox 2731 3472 2796 3524; x_wconf 90' lang='lat' dir='ltr'><strong>ad</strong></span> <span class='ocrx_word' id='word_1_547' title='bbox 2825 3470 3054 3524; x_wconf 87' lang='lat' dir='ltr'><strong>clericos</strong></span> <span class='ocrx_word' id='word_1_548' title='bbox 3081 3467 3409 3539; x_wconf 82' lang='lat' dir='ltr'><strong>Nicopolita-</strong></span> 
     </span>
    </p>
   </div>
   <div class='ocr_carea' id='block_1_79' title="bbox 1845 3559 3409 3636">
    <p class='ocr_par' dir='ltr' id='par_1_79' title="bbox 1845 3559 3409 3636">
     <span class='ocr_line' id='line_1_79' title="bbox 1845 3559 3409 3636; baseline -0.01 -9"><span class='ocrx_word' id='word_1_549' title='bbox 1845 3583 2026 3627; x_wconf 91' lang='lat' dir='ltr'><strong>noset</strong></span> <span class='ocrx_word' id='word_1_550' title='bbox 2059 3572 2217 3624; x_wconf 88' lang='lat' dir='ltr'><strong>aliam</strong></span> <span class='ocrx_word' id='word_1_551' title='bbox 2274 3570 2340 3622; x_wconf 89' lang='lat' dir='ltr'><strong>ad</strong></span> <span class='ocrx_word' id='word_1_552' title='bbox 2397 3567 2746 3636; x_wconf 88' lang='lat' dir='ltr'><strong>magistratus</strong></span> <span class='ocrx_word' id='word_1_553' title='bbox 2800 3562 3104 3630; x_wconf 86' lang='lat' dir='ltr'><strong>epistolam.</strong></span> <span class='ocrx_word' id='word_1_554' title='bbox 3156 3559 3409 3627; x_wconf 84' lang='lat' dir='ltr'><strong>Utrisque</strong></span> 
     </span>
    </p>
   </div>
   <div class='ocr_carea' id='block_1_80' title="bbox 1845 3652 3412 3731">
    <p class='ocr_par' dir='ltr' id='par_1_80' title="bbox 1845 3652 3412 3731">
     <span class='ocr_line' id='line_1_80' title="bbox 1845 3652 3412 3731; baseline -0.009 -14"><span class='ocrx_word' id='word_1_555' title='bbox 1845 3678 1995 3731; x_wconf 80' lang='lat' dir='ltr'><strong>Spem</strong></span> <span class='ocrx_word' id='word_1_556' title='bbox 2030 3661 2186 3714; x_wconf 75' lang='lat' dir='ltr'><strong>affert</strong></span> <span class='ocrx_word' id='word_1_557' title='bbox 2216 3673 2274 3712; x_wconf 87' lang='lat' dir='ltr'><strong>se</strong></span> <span class='ocrx_word' id='word_1_558' title='bbox 2311 3672 2403 3712; x_wconf 92' lang='lat' dir='ltr'><strong>eos</strong></span> <span class='ocrx_word' id='word_1_559' title='bbox 2439 3655 2760 3710; x_wconf 90' lang='lat' dir='ltr'><strong>invisurum.</strong></span> <span class='ocrx_word' id='word_1_560' title='bbox 2794 3652 3036 3706; x_wconf 91' lang='lat' dir='ltr'><strong>Clericos</strong></span> <span class='ocrx_word' id='word_1_561' title='bbox 3057 3652 3322 3712; x_wconf 87' lang='lat' dir='ltr'><strong>hortatur,</strong></span> <span class='ocrx_word' id='word_1_562' title='bbox 3354 3660 3412 3703; x_wconf 88' lang='lat' dir='ltr'><strong>ut</strong></span> 
     </span>
    </p>
   </div>
   <div class='ocr_carea' id='block_1_81' title="bbox 1845 3743 3408 3810">
    <p class='ocr_par' dir='ltr' id='par_1_81' title="bbox 1845 3743 3408 3810">
     <span class='ocr_line' id='line_1_81' title="bbox 1845 3743 3408 3810; baseline -0.006 -4"><span class='ocrx_word' id='word_1_563' title='bbox 1845 3756 2043 3807; x_wconf 87' lang='lat' dir='ltr'><strong>fratres</strong></span> <span class='ocrx_word' id='word_1_564' title='bbox 2073 3751 2426 3806; x_wconf 90' lang='lat' dir='ltr'><strong>Colonienses</strong></span> <span class='ocrx_word' id='word_1_565' title='bbox 2457 3746 2742 3810; x_wconf 89' lang='lat' dir='ltr'><strong>deliniant,</strong></span> <span class='ocrx_word' id='word_1_566' title='bbox 2785 3758 2852 3798; x_wconf 89' lang='lat' dir='ltr'><strong>ne</strong></span> <span class='ocrx_word' id='word_1_567' title='bbox 2892 3745 3031 3797; x_wconf 89' lang='lat' dir='ltr'><strong>forte</strong></span> <span class='ocrx_word' id='word_1_568' title='bbox 3076 3743 3408 3798; x_wconf 84' lang='lat' dir='ltr'><strong>iracundiam</strong></span> 
     </span>
    </p>
   </div>
   <div class='ocr_carea' id='block_1_82' title="bbox 1846 3838 3410 3913">
    <p class='ocr_par' dir='ltr' id='par_1_82' title="bbox 1846 3838 3410 3913">
     <span class='ocr_line' id='line_1_82' title="bbox 1846 3838 3410 3913; baseline -0.008 -15"><span class='ocrx_word' id='word_1_569' title='bbox 1846 3844 2052 3913; x_wconf 86' lang='lat' dir='ltr'><strong>longius</strong></span> <span class='ocrx_word' id='word_1_570' title='bbox 2086 3845 2323 3904; x_wconf 88' lang='lat' dir='ltr'><strong>tendant,</strong></span> <span class='ocrx_word' id='word_1_571' title='bbox 2346 3840 2388 3894; x_wconf 89' lang='lat' dir='ltr'><strong>si</strong></span> <span class='ocrx_word' id='word_1_572' title='bbox 2425 3855 2484 3892; x_wconf 89' lang='lat' dir='ltr'><strong>se</strong></span> <span class='ocrx_word' id='word_1_573' title='bbox 2510 3838 2577 3890; x_wconf 92' lang='lat' dir='ltr'><strong>ob</strong></span> <span class='ocrx_word' id='word_1_574' title='bbox 2595 3838 2908 3890; x_wconf 89' lang='lat' dir='ltr'><strong>tenuitatem</strong></span> <span class='ocrx_word' id='word_1_575' title='bbox 2938 3845 3275 3902; x_wconf 80' lang='lat' dir='ltr'><strong>contemptos</strong></span> <span class='ocrx_word' id='word_1_576' title='bbox 3316 3850 3410 3902; x_wconf 89' lang='lat' dir='ltr'><strong>pu-</strong></span> 
     </span>
    </p>
   </div>
   <div class='ocr_carea' id='block_1_83' title="bbox 1849 3926 3412 4000">
    <p class='ocr_par' dir='ltr' id='par_1_83' title="bbox 1849 3926 3412 4000">
     <span class='ocr_line' id='line_1_83' title="bbox 1849 3926 3412 4000; baseline -0.008 -9"><span class='ocrx_word' id='word_1_577' title='bbox 1849 3947 1982 3991; x_wconf 90' lang='lat' dir='ltr'><strong>tent.</strong></span> <span class='ocrx_word' id='word_1_578' title='bbox 2018 3937 2220 3988; x_wconf 88' lang='lat' dir='ltr'><strong>Auctor</strong></span> <span class='ocrx_word' id='word_1_579' title='bbox 2253 3941 2335 3987; x_wconf 88' lang='lat' dir='ltr'><strong>est</strong></span> <span class='ocrx_word' id='word_1_580' title='bbox 2374 3929 2806 4000; x_wconf 87' lang='lat' dir='ltr'><strong>magistratibus,</strong></span> <span class='ocrx_word' id='word_1_581' title='bbox 2848 3937 2906 3980; x_wconf 92' lang='lat' dir='ltr'><strong>ut</strong></span> <span class='ocrx_word' id='word_1_582' title='bbox 2940 3928 3124 3980; x_wconf 89' lang='lat' dir='ltr'><strong>datum</strong></span> <span class='ocrx_word' id='word_1_583' title='bbox 3154 3926 3252 3980; x_wconf 91' lang='lat' dir='ltr'><strong>sibi</strong></span> <span class='ocrx_word' id='word_1_584' title='bbox 3297 3927 3412 3994; x_wconf 90' lang='lat' dir='ltr'><strong>epi-</strong></span> 
     </span>
    </p>
   </div>
   <div class='ocr_carea' id='block_1_84' title="bbox 1845 4019 3411 4098">
    <p class='ocr_par' dir='ltr' id='par_1_84' title="bbox 1845 4019 3411 4098">
     <span class='ocr_line' id='line_1_84' title="bbox 1845 4019 3411 4098; baseline -0.006 -14"><span class='ocrx_word' id='word_1_585' title='bbox 1845 4045 2064 4098; x_wconf 88' lang='lat' dir='ltr'><strong>scopum</strong></span> <span class='ocrx_word' id='word_1_586' title='bbox 2115 4026 2562 4094; x_wconf 87' lang='lat' dir='ltr'><strong>complectantur,</strong></span> <span class='ocrx_word' id='word_1_587' title='bbox 2610 4032 2666 4075; x_wconf 91' lang='lat' dir='ltr'><strong>et</strong></span> <span class='ocrx_word' id='word_1_588' title='bbox 2711 4037 2834 4075; x_wconf 91' lang='lat' dir='ltr'><strong>cum</strong></span> <span class='ocrx_word' id='word_1_589' title='bbox 2888 4019 2988 4088; x_wconf 90' lang='lat' dir='ltr'><strong>ipsi</strong></span> <span class='ocrx_word' id='word_1_590' title='bbox 3048 4019 3116 4074; x_wconf 89' lang='lat' dir='ltr'><strong>de</strong></span> <span class='ocrx_word' id='word_1_591' title='bbox 3159 4021 3411 4074; x_wconf 66' lang='lat' dir='ltr'><strong>Ecclesia:</strong></span> 
     </span>
    </p>
   </div>
   <div class='ocr_carea' id='block_1_85' title="bbox 1845 4111 3409 4186">
    <p class='ocr_par' dir='ltr' id='par_1_85' title="bbox 1845 4111 3409 4186">
     <span class='ocr_line' id='line_1_85' title="bbox 1845 4111 3409 4186; baseline -0.008 -9"><span class='ocrx_word' id='word_1_592' title='bbox 1845 4123 2078 4177; x_wconf 89' lang='lat' dir='ltr'><strong>utilitate</strong></span> <span class='ocrx_word' id='word_1_593' title='bbox 2099 4120 2308 4186; x_wconf 91' lang='lat' dir='ltr'><strong>optime</strong></span> <span class='ocrx_word' id='word_1_594' title='bbox 2343 4116 2598 4179; x_wconf 88' lang='lat' dir='ltr'><strong>sentiant,</strong></span> <span class='ocrx_word' id='word_1_595' title='bbox 2630 4111 2865 4166; x_wconf 86' lang='lat' dir='ltr'><strong>civitatis</strong></span> <span class='ocrx_word' id='word_1_596' title='bbox 2897 4126 2959 4164; x_wconf 91' lang='lat' dir='ltr'><strong>ac</strong></span> <span class='ocrx_word' id='word_1_597' title='bbox 2984 4112 3126 4165; x_wconf 90' lang='lat' dir='ltr'><strong>ruris</strong></span> <span class='ocrx_word' id='word_1_598' title='bbox 3156 4113 3409 4180; x_wconf 89' lang='lat' dir='ltr'><strong>populum</strong></span> 
     </span>
    </p>
   </div>
   <div class='ocr_carea' id='block_1_86' title="bbox 1846 4204 3124 4266">
    <p class='ocr_par' dir='ltr' id='par_1_86' title="bbox 1846 4204 3124 4266">
     <span class='ocr_line' id='line_1_86' title="bbox 1846 4204 3124 4266; baseline -0.005 -1"><span class='ocrx_word' id='word_1_599' title='bbox 1846 4211 1901 4266; x_wconf 89' lang='lat' dir='ltr'><strong>itt</strong></span> <span class='ocrx_word' id='word_1_600' title='bbox 1927 4209 2173 4265; x_wconf 84' lang='lat' dir='ltr'><strong>eamdem</strong></span> <span class='ocrx_word' id='word_1_601' title='bbox 2201 4206 2526 4260; x_wconf 90' lang='lat' dir='ltr'><strong>sententiam</strong></span> <span class='ocrx_word' id='word_1_602' title='bbox 2555 4204 2820 4258; x_wconf 89' lang='lat' dir='ltr'><strong>adducere</strong></span> <span class='ocrx_word' id='word_1_603' title='bbox 2844 4213 3124 4258; x_wconf 90' lang='lat' dir='ltr'><strong>conentur.</strong></span> 
     </span>
    </p>
   </div>
   <div class='ocr_carea' id='block_1_87' title="bbox 1917 4316 3408 4388">
    <p class='ocr_par' dir='ltr' id='par_1_87' title="bbox 1917 4316 3408 4388">
     <span class='ocr_line' id='line_1_87' title="bbox 1917 4316 3408 4388; baseline -0.005 -11"><span class='ocrx_word' id='word_1_604' title='bbox 1917 4324 2042 4377; x_wconf 80' lang='lat' dir='ltr'><strong>Haec</strong></span> <span class='ocrx_word' id='word_1_605' title='bbox 2072 4331 2249 4374; x_wconf 89' lang='lat' dir='ltr'><strong>autem</strong></span> <span class='ocrx_word' id='word_1_606' title='bbox 2297 4319 2589 4388; x_wconf 86' lang='lat' dir='ltr'><strong>contigisse</strong></span> <span class='ocrx_word' id='word_1_607' title='bbox 2637 4320 2780 4372; x_wconf 90' lang='lat' dir='ltr'><strong>circa</strong></span> <span class='ocrx_word' id='word_1_608' title='bbox 2834 4316 2963 4372; x_wconf 91' lang='lat' dir='ltr'><strong>illud</strong></span> <span class='ocrx_word' id='word_1_609' title='bbox 3013 4326 3226 4385; x_wconf 88' lang='lat' dir='ltr'><strong>tempus</strong></span> <span class='ocrx_word' id='word_1_610' title='bbox 3264 4321 3408 4385; x_wconf 90' lang='lat' dir='ltr'><strong>quod</strong></span> 
     </span>
    </p>
   </div>
   <div class='ocr_carea' id='block_1_88' title="bbox 1847 4407 3408 4481">
    <p class='ocr_par' dir='ltr' id='par_1_88' title="bbox 1847 4407 3408 4481">
     <span class='ocr_line' id='line_1_88' title="bbox 1847 4407 3408 4481; baseline -0.006 -10"><span class='ocrx_word' id='word_1_611' title='bbox 1847 4418 2104 4478; x_wconf 72' lang='lat' dir='ltr'><strong>diximus,</strong></span> <span class='ocrx_word' id='word_1_612' title='bbox 2141 4424 2375 4481; x_wconf 89' lang='lat' dir='ltr'><strong>quatuor</strong></span> <span class='ocrx_word' id='word_1_613' title='bbox 2414 4412 2518 4465; x_wconf 72' lang='lat' dir='ltr'><strong>illa:</strong></span> <span class='ocrx_word' id='word_1_614' title='bbox 2556 4412 2930 4464; x_wconf 88' lang='lat' dir='ltr'><strong>demonstrant</strong></span> <span class='ocrx_word' id='word_1_615' title='bbox 2963 4407 3220 4477; x_wconf 67' lang='lat' dir='ltr'><strong>epistolae.</strong></span> <span class='ocrx_word' id='word_1_616' title='bbox 3257 4407 3408 4474; x_wconf 86' lang='lat' dir='ltr'><strong>Quod</strong></span> 
     </span>
    </p>
   </div>
   <div class='ocr_carea' id='block_1_89' title="bbox 178 4499 3414 4581">
    <p class='ocr_par' dir='ltr' id='par_1_89' title="bbox 178 4499 3414 4581">
     <span class='ocr_line' id='line_1_89' title="bbox 178 4499 3414 4581; baseline -0.005 -14"><span class='ocrx_word' id='word_1_617' title='bbox 178 4523 244 4578; x_wconf 80' lang='lat' dir='ltr'><strong>p0</strong></span> <span class='ocrx_word' id='word_1_618' title='bbox 274 4509 347 4581; x_wconf 74' lang='grc' dir='ltr'><strong>(ὸ)</strong></span> <span class='ocrx_word' id='word_1_619' title='bbox 371 4511 636 4580; x_wconf 88' lang='lat' dir='ltr'><strong>optimum</strong></span> <span class='ocrx_word' id='word_1_620' title='bbox 663 4512 945 4569; x_wconf 85' lang='lat' dir='ltr'><strong>consilium</strong></span> <span class='ocrx_word' id='word_1_621' title='bbox 988 4511 1040 4564; x_wconf 90' lang='lat' dir='ltr'><strong>in</strong></span> <span class='ocrx_word' id='word_1_622' title='bbox 1078 4521 1310 4565; x_wconf 87' lang='lat' dir='ltr'><strong>mentem</strong></span> <span class='ocrx_word' id='word_1_623' title='bbox 1338 4513 1501 4576; x_wconf 79' lang='lat' dir='ltr'><strong>venit,</strong></span> <span class='ocrx_word' id='word_1_624' title='bbox 1535 4526 1589 4570; x_wconf 84' lang='grc' dir='ltr'><strong>υι</strong></span> <span class='ocrx_word' id='word_1_625' title='bbox 1637 4518 1740 4570; x_wconf 76' lang='lat' dir='ltr'><strong>Eu-</strong></span> <span class='ocrx_word' id='word_1_626' title='bbox 1773 4520 1815 4573; x_wconf 83' lang='grc' dir='ltr'><strong>ι)</strong></span> <span class='ocrx_word' id='word_1_627' title='bbox 1845 4509 1989 4560; x_wconf 86' lang='lat' dir='ltr'><strong>enim</strong></span> <span class='ocrx_word' id='word_1_628' title='bbox 2021 4506 2256 4575; x_wconf 90' lang='lat' dir='ltr'><strong>episcopi</strong></span> <span class='ocrx_word' id='word_1_629' title='bbox 2281 4504 2546 4568; x_wconf 88' lang='lat' dir='ltr'><strong>fecerant,</strong></span> <span class='ocrx_word' id='word_1_630' title='bbox 2581 4502 2650 4572; x_wconf 73' lang='grc' dir='ltr'><strong>(ι’)</strong></span> <span class='ocrx_word' id='word_1_631' title='bbox 2675 4512 2978 4568; x_wconf 88' lang='lat' dir='ltr'><strong>temporum</strong></span> <span class='ocrx_word' id='word_1_632' title='bbox 3011 4500 3263 4554; x_wconf 88' lang='lat' dir='ltr'><strong>tribuitur</strong></span> <span class='ocrx_word' id='word_1_633' title='bbox 3301 4499 3414 4552; x_wconf 75' lang='lat' dir='ltr'><strong>dif-</strong></span> 
     </span>
    </p>
   </div>
   <div class='ocr_carea' id='block_1_90' title="bbox 178 4601 1743 4678">
    <p class='ocr_par' dir='ltr' id='par_1_90' title="bbox 178 4601 1743 4678">
     <span class='ocr_line' id='line_1_90' title="bbox 178 4601 1743 4678; baseline 0.006 -23"><span class='ocrx_word' id='word_1_634' title='bbox 178 4601 440 4669; x_wconf 79' lang='lat' dir='ltr'><strong>phrouius</strong></span> <span class='ocrx_word' id='word_1_635' title='bbox 464 4602 803 4658; x_wconf 89' lang='lat' dir='ltr'><strong>Coloniensis</strong></span> <span class='ocrx_word' id='word_1_636' title='bbox 842 4603 1126 4672; x_wconf 89' lang='lat' dir='ltr'><strong>episcopus</strong></span> <span class='ocrx_word' id='word_1_637' title='bbox 1155 4604 1219 4657; x_wconf 91' lang='lat' dir='ltr'><strong>ad</strong></span> <span class='ocrx_word' id='word_1_638' title='bbox 1250 4608 1428 4657; x_wconf 86' lang='lat' dir='ltr'><strong>sedem</strong></span> <span class='ocrx_word' id='word_1_639' title='bbox 1473 4607 1743 4678; x_wconf 85' lang='lat' dir='ltr'><strong>Nicopoli-</strong></span> 
     </span>
    </p>
   </div>
   <div class='ocr_carea' id='block_1_91' title="bbox 179 4694 1743 4767">
    <p class='ocr_par' dir='ltr' id='par_1_91' title="bbox 179 4694 1743 4767">
     <span class='ocr_line' id='line_1_91' title="bbox 179 4694 1743 4767; baseline 0.008 -23"><span class='ocrx_word' id='word_1_640' title='bbox 179 4701 358 4747; x_wconf 87' lang='lat' dir='ltr'><strong>tauam</strong></span> <span class='ocrx_word' id='word_1_641' title='bbox 387 4695 732 4750; x_wconf 77' lang='lat' dir='ltr'><strong>eveheretur.</strong></span> <span class='ocrx_word' id='word_1_642' title='bbox 765 4697 871 4748; x_wconf 77' lang='lat' dir='ltr'><strong>Res</strong></span> <span class='ocrx_word' id='word_1_643' title='bbox 909 4694 1110 4764; x_wconf 89' lang='lat' dir='ltr'><strong>placuit</strong></span> <span class='ocrx_word' id='word_1_644' title='bbox 1139 4695 1404 4764; x_wconf 88' lang='lat' dir='ltr'><strong>episcopis</strong></span> <span class='ocrx_word' id='word_1_645' title='bbox 1432 4702 1743 4767; x_wconf 65' lang='lat' dir='ltr'><strong>provinciae,</strong></span> 
     </span>
    </p>
   </div>
   <div class='ocr_carea' id='block_1_92' title="bbox 179 4783 1746 4857">
    <p class='ocr_par' dir='ltr' id='par_1_92' title="bbox 179 4783 1746 4857">
     <span class='ocr_line' id='line_1_92' title="bbox 179 4783 1746 4857; baseline 0.005 -21"><span class='ocrx_word' id='word_1_646' title='bbox 179 4791 228 4836; x_wconf 80' lang='lat' dir='ltr'><strong>et</strong></span> <span class='ocrx_word' id='word_1_647' title='bbox 267 4783 412 4836; x_wconf 88' lang='lat' dir='ltr'><strong>clero</strong></span> <span class='ocrx_word' id='word_1_648' title='bbox 432 4800 498 4839; x_wconf 91' lang='lat' dir='ltr'><strong>ac</strong></span> <span class='ocrx_word' id='word_1_649' title='bbox 525 4784 721 4853; x_wconf 88' lang='lat' dir='ltr'><strong>populo</strong></span> <span class='ocrx_word' id='word_1_650' title='bbox 748 4783 1142 4852; x_wconf 84' lang='lat' dir='ltr'><strong>Nicopolitano.</strong></span> <span class='ocrx_word' id='word_1_651' title='bbox 1177 4787 1361 4854; x_wconf 89' lang='lat' dir='ltr'><strong>Itaque</strong></span> <span class='ocrx_word' id='word_1_652' title='bbox 1396 4787 1538 4841; x_wconf 89' lang='lat' dir='ltr'><strong>nulla</strong></span> <span class='ocrx_word' id='word_1_653' title='bbox 1592 4807 1746 4857; x_wconf 85' lang='lat' dir='ltr'><strong>pror-</strong></span> 
     </span>
    </p>
   </div>
   <div class='ocr_carea' id='block_1_93' title="bbox 179 4876 1747 4948">
    <p class='ocr_par' dir='ltr' id='par_1_93' title="bbox 179 4876 1747 4948">
     <span class='ocr_line' id='line_1_93' title="bbox 179 4876 1747 4948; baseline 0.006 -20"><span class='ocrx_word' id='word_1_654' title='bbox 179 4890 270 4930; x_wconf 84' lang='lat' dir='ltr'><strong>sus</strong></span> <span class='ocrx_word' id='word_1_655' title='bbox 295 4877 613 4945; x_wconf 87' lang='lat' dir='ltr'><strong>interposita</strong></span> <span class='ocrx_word' id='word_1_656' title='bbox 650 4892 798 4930; x_wconf 89' lang='lat' dir='ltr'><strong>mora</strong></span> <span class='ocrx_word' id='word_1_657' title='bbox 829 4876 1137 4932; x_wconf 86' lang='lat' dir='ltr'><strong>Poemenius</strong></span> <span class='ocrx_word' id='word_1_658' title='bbox 1173 4878 1221 4931; x_wconf 88' lang='lat' dir='ltr'><strong>id</strong></span> <span class='ocrx_word' id='word_1_659' title='bbox 1266 4879 1407 4947; x_wconf 90' lang='lat' dir='ltr'><strong>quod</strong></span> <span class='ocrx_word' id='word_1_660' title='bbox 1452 4884 1747 4948; x_wconf 84' lang='lat' dir='ltr'><strong>prudenter</strong></span> 
     </span>
    </p>
   </div>
   <div class='ocr_carea' id='block_1_94' title="bbox 180 4971 1746 5038">
    <p class='ocr_par' dir='ltr' id='par_1_94' title="bbox 180 4971 1746 5038">
     <span class='ocr_line' id='line_1_94' title="bbox 180 4971 1746 5038; baseline 0.006 -19"><span class='ocrx_word' id='word_1_661' title='bbox 180 4971 604 5038; x_wconf 81' lang='lat' dir='ltr'><strong>excogitaverat,</strong></span> <span class='ocrx_word' id='word_1_662' title='bbox 636 4985 845 5025; x_wconf 88' lang='lat' dir='ltr'><strong>summa</strong></span> <span class='ocrx_word' id='word_1_663' title='bbox 895 4971 1059 5025; x_wconf 90' lang='lat' dir='ltr'><strong>animi</strong></span> <span class='ocrx_word' id='word_1_664' title='bbox 1099 4972 1415 5027; x_wconf 89' lang='lat' dir='ltr'><strong>fortitudine</strong></span> <span class='ocrx_word' id='word_1_665' title='bbox 1463 4986 1746 5029; x_wconf 84' lang='lat' dir='ltr'><strong>exsecutus</strong></span> 
     </span>
    </p>
   </div>
   <div class='ocr_carea' id='block_1_95' title="bbox 182 5066 1746 5135">
    <p class='ocr_par' dir='ltr' id='par_1_95' title="bbox 182 5066 1746 5135">
     <span class='ocr_line' id='line_1_95' title="bbox 182 5066 1746 5135; baseline 0.004 -21"><span class='ocrx_word' id='word_1_666' title='bbox 182 5070 284 5127; x_wconf 85' lang='lat' dir='ltr'><strong>est,</strong></span> <span class='ocrx_word' id='word_1_667' title='bbox 309 5069 366 5114; x_wconf 89' lang='lat' dir='ltr'><strong>et</strong></span> <span class='ocrx_word' id='word_1_668' title='bbox 398 5070 691 5130; x_wconf 87' lang='lat' dir='ltr'><strong>antequam</strong></span> <span class='ocrx_word' id='word_1_669' title='bbox 727 5072 936 5134; x_wconf 88' lang='lat' dir='ltr'><strong>tempus</strong></span> <span class='ocrx_word' id='word_1_670' title='bbox 956 5069 1175 5120; x_wconf 87' lang='lat' dir='ltr'><strong>daretur</strong></span> <span class='ocrx_word' id='word_1_671' title='bbox 1197 5066 1415 5119; x_wconf 87' lang='lat' dir='ltr'><strong>Arianis</strong></span> <span class='ocrx_word' id='word_1_672' title='bbox 1440 5067 1538 5119; x_wconf 91' lang='lat' dir='ltr'><strong>sibi</strong></span> <span class='ocrx_word' id='word_1_673' title='bbox 1565 5067 1746 5135; x_wconf 84' lang='lat' dir='ltr'><strong>provi-</strong></span> 
     </span>
    </p>
   </div>
   <div class='ocr_carea' id='block_1_96' title="bbox 181 5154 1742 5222">
    <p class='ocr_par' dir='ltr' id='par_1_96' title="bbox 181 5154 1742 5222">
     <span class='ocr_line' id='line_1_96' title="bbox 181 5154 1742 5222; baseline 0.003 -15"><span class='ocrx_word' id='word_1_674' title='bbox 181 5154 360 5218; x_wconf 87' lang='lat' dir='ltr'><strong>dendi,</strong></span> <span class='ocrx_word' id='word_1_675' title='bbox 395 5154 740 5222; x_wconf 82' lang='lat' dir='ltr'><strong>Euphronius</strong></span> <span class='ocrx_word' id='word_1_676' title='bbox 770 5159 1039 5211; x_wconf 89' lang='lat' dir='ltr'><strong>communi</strong></span> <span class='ocrx_word' id='word_1_677' title='bbox 1064 5172 1330 5212; x_wconf 89' lang='lat' dir='ltr'><strong>consensu</strong></span> <span class='ocrx_word' id='word_1_678' title='bbox 1369 5158 1420 5211; x_wconf 91' lang='lat' dir='ltr'><strong>in</strong></span> <span class='ocrx_word' id='word_1_679' title='bbox 1477 5158 1604 5211; x_wconf 86' lang='lat' dir='ltr'><strong>sede</strong></span> <span class='ocrx_word' id='word_1_680' title='bbox 1649 5156 1742 5211; x_wconf 81' lang='lat' dir='ltr'><strong>Ni-</strong></span> 
     </span>
    </p>
   </div>
   <div class='ocr_carea' id='block_1_97' title="bbox 184 5247 938 5314">
    <p class='ocr_par' dir='ltr' id='par_1_97' title="bbox 184 5247 938 5314">
     <span class='ocr_line' id='line_1_97' title="bbox 184 5247 938 5314; baseline 0.007 -15"><span class='ocrx_word' id='word_1_681' title='bbox 184 5247 481 5314; x_wconf 75' lang='lat' dir='ltr'><strong>ropolitana</strong></span> <span class='ocrx_word' id='word_1_682' title='bbox 512 5248 805 5304; x_wconf 89' lang='lat' dir='ltr'><strong>collocatus</strong></span> <span class='ocrx_word' id='word_1_683' title='bbox 835 5261 938 5304; x_wconf 91' lang='lat' dir='ltr'><strong>est.</strong></span> 
     </span>
    </p>
   </div>
   <div class='ocr_carea' id='block_1_98' title="bbox 250 5338 1744 5408">
    <p class='ocr_par' dir='ltr' id='par_1_98' title="bbox 250 5338 1744 5408">
     <span class='ocr_line' id='line_1_98' title="bbox 250 5338 1744 5408; baseline -0.001 -17"><span class='ocrx_word' id='word_1_684' title='bbox 250 5338 362 5391; x_wconf 79' lang='lat' dir='ltr'><strong>Sed</strong></span> <span class='ocrx_word' id='word_1_685' title='bbox 392 5352 556 5406; x_wconf 88' lang='lat' dir='ltr'><strong>quam</strong></span> <span class='ocrx_word' id='word_1_686' title='bbox 584 5348 801 5407; x_wconf 84' lang='lat' dir='ltr'><strong>gratum</strong></span> <span class='ocrx_word' id='word_1_687' title='bbox 834 5340 934 5392; x_wconf 87' lang='lat' dir='ltr'><strong>hoc</strong></span> <span class='ocrx_word' id='word_1_688' title='bbox 979 5338 1386 5408; x_wconf 85' lang='lat' dir='ltr'><strong>Nicopolitanis,</strong></span> <span class='ocrx_word' id='word_1_689' title='bbox 1420 5349 1528 5391; x_wconf 90' lang='lat' dir='ltr'><strong>tam</strong></span> <span class='ocrx_word' id='word_1_690' title='bbox 1575 5340 1744 5406; x_wconf 73' lang='lat' dir='ltr'><strong>mole-</strong></span> 
     </span>
    </p>
   </div>
   <div class='ocr_carea' id='block_1_99' title="bbox 183 5429 1745 5496">
    <p class='ocr_par' dir='ltr' id='par_1_99' title="bbox 183 5429 1745 5496">
     <span class='ocr_line' id='line_1_99' title="bbox 183 5429 1745 5496; baseline 0.001 -15"><span class='ocrx_word' id='word_1_691' title='bbox 183 5438 326 5482; x_wconf 87' lang='lat' dir='ltr'><strong>stum</strong></span> <span class='ocrx_word' id='word_1_692' title='bbox 376 5429 574 5482; x_wconf 89' lang='lat' dir='ltr'><strong>accidit</strong></span> <span class='ocrx_word' id='word_1_693' title='bbox 625 5429 1058 5486; x_wconf 86' lang='lat' dir='ltr'><strong>Coloniensibus.</strong></span> <span class='ocrx_word' id='word_1_694' title='bbox 1129 5431 1382 5496; x_wconf 86' lang='lat' dir='ltr'><strong>Quamvis</strong></span> <span class='ocrx_word' id='word_1_695' title='bbox 1435 5429 1574 5482; x_wconf 87' lang='lat' dir='ltr'><strong>enim</strong></span> <span class='ocrx_word' id='word_1_696' title='bbox 1644 5430 1745 5483; x_wconf 87' lang='lat' dir='ltr'><strong>hoc</strong></span> 
     </span>
    </p>
   </div>
   <div class='ocr_carea' id='block_1_100' title="bbox 245 5603 1384 5679">
    <p class='ocr_par' dir='ltr' id='par_1_100' title="bbox 245 5603 1384 5679">
     <span class='ocr_line' id='line_1_100' title="bbox 245 5603 1384 5679; baseline 0.002 -21"><span class='ocrx_word' id='word_1_697' title='bbox 245 5604 324 5675; x_wconf 82' lang='grc' dir='ltr'><strong>(α)</strong></span> <span class='ocrx_word' id='word_1_698' title='bbox 481 5605 606 5679; x_wconf 51' lang='lat' dir='ltr'><strong>est,</strong></span> <span class='ocrx_word' id='word_1_699' title='bbox 637 5625 688 5661; x_wconf 92' lang='lat' dir='ltr'><strong>n.</strong></span> <span class='ocrx_word' id='word_1_700' title='bbox 717 5609 753 5663; x_wconf 83' lang='lat'><strong>5</strong></span> <span class='ocrx_word' id='word_1_701' title='bbox 785 5619 838 5665; x_wconf 90' lang='lat' dir='ltr'><strong>et</strong></span> <span class='ocrx_word' id='word_1_702' title='bbox 867 5611 925 5676; x_wconf 80' lang='lat'><strong>9;</strong></span> <span class='ocrx_word' id='word_1_703' title='bbox 967 5626 1049 5679; x_wconf 85' lang='lat' dir='ltr'><strong>ep.</strong></span> <span class='ocrx_word' id='word_1_704' title='bbox 1086 5608 1210 5673; x_wconf 63' lang='lat' dir='ltr'><strong>Q53,</strong></span> <span class='ocrx_word' id='word_1_705' title='bbox 1240 5624 1290 5660; x_wconf 91' lang='lat' dir='ltr'><strong>n.</strong></span> <span class='ocrx_word' id='word_1_706' title='bbox 1333 5607 1384 5660; x_wconf 68' lang='grc'><strong>4.</strong></span> 
     </span>
    </p>
   </div>
   <div class='ocr_carea' id='block_1_101' title="bbox 251 5675 767 5746">
    <p class='ocr_par' dir='ltr' id='par_1_101' title="bbox 251 5675 767 5746">
     <span class='ocr_line' id='line_1_101' title="bbox 251 5675 767 5746; baseline 0.014 -19"><span class='ocrx_word' id='word_1_707' title='bbox 251 5679 328 5746; x_wconf 70' lang='lat' dir='ltr'><strong>(b)</strong></span> <span class='ocrx_word' id='word_1_708' title='bbox 485 5677 681 5737; x_wconf 68' lang='lat'><strong>229,&quot;.</strong></span> <span class='ocrx_word' id='word_1_709' title='bbox 715 5681 767 5733; x_wconf 79' lang='grc'><strong>1.</strong></span> 
     </span>
    </p>
   </div>
   <div class='ocr_carea' id='block_1_102' title="bbox 252 5745 606 5815">
    <p class='ocr_par' dir='ltr' id='par_1_102' title="bbox 252 5745 606 5815">
     <span class='ocr_line' id='line_1_102' title="bbox 252 5745 606 5815; baseline 0.008 -18"><span class='ocrx_word' id='word_1_710' title='bbox 252 5745 325 5815; x_wconf 75' lang='grc' dir='ltr'><strong>(ε)</strong></span> <span class='ocrx_word' id='word_1_711' title='bbox 366 5745 455 5810; x_wconf 89' lang='lat' dir='ltr'><strong>Ep.</strong></span> <span class='ocrx_word' id='word_1_712' title='bbox 481 5747 606 5800; x_wconf 70' lang='lat'><strong>227.</strong></span> 
     </span>
    </p>
   </div>
   <div class='ocr_carea' id='block_1_103' title="bbox 252 5816 606 5886">
    <p class='ocr_par' dir='ltr' id='par_1_103' title="bbox 252 5816 606 5886">
     <span class='ocr_line' id='line_1_103' title="bbox 252 5816 606 5886; baseline 0.008 -19"><span class='ocrx_word' id='word_1_713' title='bbox 252 5819 336 5886; x_wconf 62' lang='grc' dir='ltr'><strong>(ά)</strong></span> <span class='ocrx_word' id='word_1_714' title='bbox 372 5816 460 5884; x_wconf 78' lang='lat' dir='ltr'><strong>Ep.</strong></span> <span class='ocrx_word' id='word_1_715' title='bbox 490 5816 606 5870; x_wconf 75' lang='lat'><strong>228.</strong></span> 
     </span>
    </p>
   </div>
   <div class='ocr_carea' id='block_1_104' title="bbox 1851 4593 3412 4666">
    <p class='ocr_par' dir='ltr' id='par_1_104' title="bbox 1851 4593 3412 4666">
     <span class='ocr_line' id='line_1_104' title="bbox 1851 4593 3412 4666; baseline -0.008 -11"><span class='ocrx_word' id='word_1_716' title='bbox 1851 4599 2101 4655; x_wconf 85' lang='lat' dir='ltr'><strong>ticultati.</strong></span> <span class='ocrx_word' id='word_1_717' title='bbox 2135 4598 2385 4664; x_wconf 87' lang='lat' dir='ltr'><strong>Quotidie</strong></span> <span class='ocrx_word' id='word_1_718' title='bbox 2430 4596 2503 4666; x_wconf 86' lang='lat' dir='ltr'><strong>(g)</strong></span> <span class='ocrx_word' id='word_1_719' title='bbox 2539 4609 2700 4648; x_wconf 90' lang='lat' dir='ltr'><strong>aures</strong></span> <span class='ocrx_word' id='word_1_720' title='bbox 2739 4593 2975 4661; x_wconf 90' lang='lat' dir='ltr'><strong>undique</strong></span> <span class='ocrx_word' id='word_1_721' title='bbox 3004 4607 3220 4646; x_wconf 91' lang='lat' dir='ltr'><strong>rumore</strong></span> <span class='ocrx_word' id='word_1_722' title='bbox 3262 4605 3412 4646; x_wconf 89' lang='lat' dir='ltr'><strong>ever-</strong></span> 
     </span>
    </p>
   </div>
   <div class='ocr_carea' id='block_1_105' title="bbox 1850 4681 3407 4754">
    <p class='ocr_par' dir='ltr' id='par_1_105' title="bbox 1850 4681 3407 4754">
     <span class='ocr_line' id='line_1_105' title="bbox 1850 4681 3407 4754; baseline -0.009 -6"><span class='ocrx_word' id='word_1_723' title='bbox 1850 4708 2032 4748; x_wconf 87' lang='lat' dir='ltr'><strong>sarum</strong></span> <span class='ocrx_word' id='word_1_724' title='bbox 2067 4690 2422 4745; x_wconf 88' lang='lat' dir='ltr'><strong>ecclesiarum</strong></span> <span class='ocrx_word' id='word_1_725' title='bbox 2451 4683 2913 4754; x_wconf 89' lang='lat' dir='ltr'><strong>percutiebantur.</strong></span> <span class='ocrx_word' id='word_1_726' title='bbox 2948 4682 3134 4737; x_wconf 85' lang='lat' dir='ltr'><strong>Ariani</strong></span> <span class='ocrx_word' id='word_1_727' title='bbox 3174 4681 3407 4736; x_wconf 88' lang='lat' dir='ltr'><strong>erantin</strong></span> 
     </span>
    </p>
   </div>
   <div class='ocr_carea' id='block_1_106' title="bbox 1849 4773 3409 4848">
    <p class='ocr_par' dir='ltr' id='par_1_106' title="bbox 1849 4773 3409 4848">
     <span class='ocr_line' id='line_1_106' title="bbox 1849 4773 3409 4848; baseline -0.009 -9"><span class='ocrx_word' id='word_1_728' title='bbox 1849 4784 2059 4839; x_wconf 75' lang='lat' dir='ltr'><strong>insidiis</strong></span> <span class='ocrx_word' id='word_1_729' title='bbox 2104 4779 2355 4837; x_wconf 88' lang='lat' dir='ltr'><strong>collocati</strong></span> <span class='ocrx_word' id='word_1_730' title='bbox 2387 4776 2485 4848; x_wconf 73' lang='lat' dir='ltr'><strong>(Ii),</strong></span> <span class='ocrx_word' id='word_1_731' title='bbox 2514 4787 2568 4829; x_wconf 89' lang='lat' dir='ltr'><strong>et</strong></span> <span class='ocrx_word' id='word_1_732' title='bbox 2599 4775 2802 4830; x_wconf 91' lang='lat' dir='ltr'><strong>idcirco</strong></span> <span class='ocrx_word' id='word_1_733' title='bbox 2832 4775 3041 4829; x_wconf 89' lang='lat' dir='ltr'><strong>fortiter</strong></span> <span class='ocrx_word' id='word_1_734' title='bbox 3065 4773 3409 4828; x_wconf 83' lang='lat' dir='ltr'><strong>antevenien-</strong></span> 
     </span>
    </p>
   </div>
   <div class='ocr_carea' id='block_1_107' title="bbox 1849 4863 3406 4934">
    <p class='ocr_par' dir='ltr' id='par_1_107' title="bbox 1849 4863 3406 4934">
     <span class='ocr_line' id='line_1_107' title="bbox 1849 4863 3406 4934; baseline -0.01 -3"><span class='ocrx_word' id='word_1_735' title='bbox 1849 4878 1972 4931; x_wconf 90' lang='lat' dir='ltr'><strong>dum</strong></span> <span class='ocrx_word' id='word_1_736' title='bbox 2006 4871 2226 4927; x_wconf 88' lang='lat' dir='ltr'><strong>videbat</strong></span> <span class='ocrx_word' id='word_1_737' title='bbox 2261 4867 2589 4921; x_wconf 78' lang='lat' dir='ltr'><strong>Pcemenius.</strong></span> <span class='ocrx_word' id='word_1_738' title='bbox 2642 4863 2809 4919; x_wconf 88' lang='lat' dir='ltr'><strong>Nemo</strong></span> <span class='ocrx_word' id='word_1_739' title='bbox 2847 4866 2980 4920; x_wconf 88' lang='lat' dir='ltr'><strong>adeo</strong></span> <span class='ocrx_word' id='word_1_740' title='bbox 3025 4879 3223 4934; x_wconf 88' lang='lat' dir='ltr'><strong>parvus</strong></span> <span class='ocrx_word' id='word_1_741' title='bbox 3270 4874 3406 4928; x_wconf 88' lang='lat' dir='ltr'><strong>erat,</strong></span> 
     </span>
    </p>
   </div>
   <div class='ocr_carea' id='block_1_108' title="bbox 1848 4957 3405 5036">
    <p class='ocr_par' dir='ltr' id='par_1_108' title="bbox 1848 4957 3405 5036">
     <span class='ocr_line' id='line_1_108' title="bbox 1848 4957 3405 5036; baseline -0.01 -15"><span class='ocrx_word' id='word_1_742' title='bbox 1848 4969 1938 5036; x_wconf 91' lang='lat' dir='ltr'><strong>qui</strong></span> <span class='ocrx_word' id='word_1_743' title='bbox 1987 4981 2092 5019; x_wconf 92' lang='lat' dir='ltr'><strong>non</strong></span> <span class='ocrx_word' id='word_1_744' title='bbox 2144 4971 2324 5034; x_wconf 87' lang='lat' dir='ltr'><strong>posset</strong></span> <span class='ocrx_word' id='word_1_745' title='bbox 2371 4974 2686 5028; x_wconf 81' lang='lat' dir='ltr'><strong>magnorum</strong></span> <span class='ocrx_word' id='word_1_746' title='bbox 2748 4958 3007 5011; x_wconf 90' lang='lat' dir='ltr'><strong>malorum</strong></span> <span class='ocrx_word' id='word_1_747' title='bbox 3068 4957 3405 5010; x_wconf 86' lang='lat' dir='ltr'><strong>occasionem</strong></span> 
     </span>
    </p>
   </div>
   <div class='ocr_carea' id='block_1_109' title="bbox 1843 5047 3408 5120">
    <p class='ocr_par' dir='ltr' id='par_1_109' title="bbox 1843 5047 3408 5120">
     <span class='ocr_line' id='line_1_109' title="bbox 1843 5047 3408 5120; baseline -0.009 -7"><span class='ocrx_word' id='word_1_748' title='bbox 1843 5056 2264 5113; x_wconf 90' lang='lat' dir='ltr'><strong>subministrare</strong></span> <span class='ocrx_word' id='word_1_749' title='bbox 2312 5053 2395 5107; x_wconf 87' lang='lat' dir='ltr'><strong>his</strong></span> <span class='ocrx_word' id='word_1_750' title='bbox 2421 5053 2514 5120; x_wconf 90' lang='lat' dir='ltr'><strong>qui</strong></span> <span class='ocrx_word' id='word_1_751' title='bbox 2541 5050 2879 5107; x_wconf 90' lang='lat' dir='ltr'><strong>occasionem</strong></span> <span class='ocrx_word' id='word_1_752' title='bbox 2906 5048 3239 5117; x_wconf 69' lang='lat' dir='ltr'><strong>quaerebant.</strong></span> <span class='ocrx_word' id='word_1_753' title='bbox 3294 5047 3408 5101; x_wconf 82' lang='lat' dir='ltr'><strong>Ne-</strong></span> 
     </span>
    </p>
   </div>
   <div class='ocr_carea' id='block_1_110' title="bbox 1843 5141 3406 5220">
    <p class='ocr_par' dir='ltr' id='par_1_110' title="bbox 1843 5141 3406 5220">
     <span class='ocr_line' id='line_1_110' title="bbox 1843 5141 3406 5220; baseline -0.011 -15"><span class='ocrx_word' id='word_1_754' title='bbox 1843 5168 1939 5220; x_wconf 82' lang='lat' dir='ltr'><strong>que</strong></span> <span class='ocrx_word' id='word_1_755' title='bbox 1973 5150 2052 5213; x_wconf 86' lang='lat' dir='ltr'><strong>id,</strong></span> <span class='ocrx_word' id='word_1_756' title='bbox 2081 5147 2259 5217; x_wconf 89' lang='lat' dir='ltr'><strong>inquit</strong></span> <span class='ocrx_word' id='word_1_757' title='bbox 2291 5145 2545 5208; x_wconf 89' lang='lat' dir='ltr'><strong>Basilius,</strong></span> <span class='ocrx_word' id='word_1_758' title='bbox 2579 5159 2641 5197; x_wconf 79' lang='lat' dir='ltr'><strong>ea:</strong></span> <span class='ocrx_word' id='word_1_759' title='bbox 2683 5142 2998 5211; x_wconf 79' lang='lat' dir='ltr'><strong>conjecturis</strong></span> <span class='ocrx_word' id='word_1_760' title='bbox 3032 5141 3276 5205; x_wconf 81' lang='lat' dir='ltr'><strong>dicimus,</strong></span> <span class='ocrx_word' id='word_1_761' title='bbox 3317 5141 3406 5191; x_wconf 78' lang='lat' dir='ltr'><strong>sed</strong></span> 
     </span>
    </p>
   </div>
   <div class='ocr_carea' id='block_1_111' title="bbox 1845 5229 3404 5311">
    <p class='ocr_par' dir='ltr' id='par_1_111' title="bbox 1845 5229 3404 5311">
     <span class='ocr_line' id='line_1_111' title="bbox 1845 5229 3404 5311; baseline -0.01 -14"><span class='ocrx_word' id='word_1_762' title='bbox 1845 5243 2166 5311; x_wconf 71' lang='lat' dir='ltr'><strong>experientia</strong></span> <span class='ocrx_word' id='word_1_763' title='bbox 2191 5239 2519 5309; x_wconf 84' lang='lat' dir='ltr'><strong>propriorum</strong></span> <span class='ocrx_word' id='word_1_764' title='bbox 2566 5236 2823 5288; x_wconf 83' lang='lat' dir='ltr'><strong>malorum</strong></span> <span class='ocrx_word' id='word_1_765' title='bbox 2873 5229 3063 5299; x_wconf 70' lang='lat' dir='ltr'><strong>edocti,</strong></span> <span class='ocrx_word' id='word_1_766' title='bbox 3109 5249 3224 5299; x_wconf 75' lang='lat' dir='ltr'><strong>quor</strong></span> <span class='ocrx_word' id='word_1_767' title='bbox 3268 5230 3404 5283; x_wconf 78' lang='lat' dir='ltr'><strong>Deus</strong></span> 
     </span>
    </p>
   </div>
   <div class='ocr_carea' id='block_1_112' title="bbox 1847 5325 3405 5402">
    <p class='ocr_par' dir='ltr' id='par_1_112' title="bbox 1847 5325 3405 5402">
     <span class='ocr_line' id='line_1_112' title="bbox 1847 5325 3405 5402; baseline -0.007 -15"><span class='ocrx_word' id='word_1_768' title='bbox 1847 5336 2028 5387; x_wconf 78' lang='lat' dir='ltr'><strong>vestris</strong></span> <span class='ocrx_word' id='word_1_769' title='bbox 2062 5333 2304 5402; x_wconf 83' lang='lat' dir='ltr'><strong>precibus</strong></span> <span class='ocrx_word' id='word_1_770' title='bbox 2337 5338 2555 5383; x_wconf 83' lang='lat' dir='ltr'><strong>avertat.</strong></span> <span class='ocrx_word' id='word_1_771' title='bbox 2589 5328 2682 5382; x_wconf 80' lang='lat' dir='ltr'><strong>His</strong></span> <span class='ocrx_word' id='word_1_772' title='bbox 2702 5327 2882 5382; x_wconf 84' lang='lat' dir='ltr'><strong>verbis</strong></span> <span class='ocrx_word' id='word_1_773' title='bbox 2915 5327 3127 5379; x_wconf 82' lang='lat' dir='ltr'><strong>videtur</strong></span> <span class='ocrx_word' id='word_1_774' title='bbox 3171 5325 3405 5377; x_wconf 87' lang='lat' dir='ltr'><strong>indicare</strong></span> 
     </span>
    </p>
   </div>
   <div class='ocr_carea' id='block_1_113' title="bbox 1847 5415 3403 5488">
    <p class='ocr_par' dir='ltr' id='par_1_113' title="bbox 1847 5415 3403 5488">
     <span class='ocr_line' id='line_1_113' title="bbox 1847 5415 3403 5488; baseline -0.006 -10"><span class='ocrx_word' id='word_1_775' title='bbox 1847 5426 2057 5478; x_wconf 72' lang='lat' dir='ltr'><strong>facinus</strong></span> <span class='ocrx_word' id='word_1_776' title='bbox 2084 5424 2430 5477; x_wconf 83' lang='lat' dir='ltr'><strong>commissum</strong></span> <span class='ocrx_word' id='word_1_777' title='bbox 2461 5421 2510 5473; x_wconf 90' lang='lat' dir='ltr'><strong>in</strong></span> <span class='ocrx_word' id='word_1_778' title='bbox 2541 5419 2856 5488; x_wconf 83' lang='lat' dir='ltr'><strong>Gregorium</strong></span> <span class='ocrx_word' id='word_1_779' title='bbox 2897 5415 3215 5487; x_wconf 74' lang='lat' dir='ltr'><strong>Nyssenum,</strong></span> <span class='ocrx_word' id='word_1_780' title='bbox 3246 5429 3403 5484; x_wconf 86' lang='lat' dir='ltr'><strong>quem</strong></span> 
     </span>
    </p>
   </div>
   <div class='ocr_carea' id='block_1_114' title="bbox 1918 5599 2492 5669">
    <p class='ocr_par' dir='ltr' id='par_1_114' title="bbox 1918 5599 2492 5669">
     <span class='ocr_line' id='line_1_114' title="bbox 1918 5599 2492 5669; baseline -0.007 -13"><span class='ocrx_word' id='word_1_781' title='bbox 1918 5606 1986 5669; x_wconf 72' lang='lat' dir='ltr'><strong>(ei</strong></span> <span class='ocrx_word' id='word_1_782' title='bbox 2026 5603 2118 5669; x_wconf 88' lang='lat' dir='ltr'><strong>Ep.</strong></span> <span class='ocrx_word' id='word_1_783' title='bbox 2153 5601 2256 5652; x_wconf 69' lang='lat'><strong>29.9</strong></span> <span class='ocrx_word' id='word_1_784' title='bbox 2289 5610 2341 5652; x_wconf 86' lang='lat' dir='ltr'><strong>et</strong></span> <span class='ocrx_word' id='word_1_785' title='bbox 2369 5599 2492 5652; x_wconf 72' lang='lat'><strong>9.30.</strong></span> 
     </span>
    </p>
   </div>
   <div class='ocr_carea' id='block_1_115' title="bbox 1943 5671 2479 5743">
    <p class='ocr_par' dir='ltr' id='par_1_115' title="bbox 1943 5671 2479 5743">
     <span class='ocr_line' id='line_1_115' title="bbox 1943 5671 2479 5743; baseline -0.004 -17"><span class='ocrx_word' id='word_1_786' title='bbox 1943 5677 1986 5743; x_wconf 70' lang='grc' dir='ltr'><strong>ί)</strong></span> <span class='ocrx_word' id='word_1_787' title='bbox 2016 5674 2112 5738; x_wconf 73' lang='lat' dir='ltr'><strong>Ep.</strong></span> <span class='ocrx_word' id='word_1_788' title='bbox 2279 5679 2328 5722; x_wconf 90' lang='lat' dir='ltr'><strong>ct</strong></span> <span class='ocrx_word' id='word_1_789' title='bbox 2355 5671 2479 5724; x_wconf 69' lang='lat'><strong>2&#39;28.</strong></span> 
     </span>
    </p>
   </div>
   <div class='ocr_carea' id='block_1_116' title="bbox 1917 5676 2264 5812">
    <p class='ocr_par' dir='ltr' id='par_1_116' title="bbox 1917 5676 2264 5812">
     <span class='ocr_line' id='line_1_116' title="bbox 1943 5676 2248 5743; baseline -0.01 -18"><span class='ocrx_word' id='word_1_790' title='bbox 1943 5677 1986 5743; x_wconf 71' lang='grc' dir='ltr'><strong>ί)</strong></span> <span class='ocrx_word' id='word_1_791' title='bbox 2016 5676 2112 5738; x_wconf 75' lang='lat' dir='ltr'><strong>Ep.</strong></span> <span class='ocrx_word' id='word_1_792' title='bbox 2149 5676 2248 5722; x_wconf 73' lang='lat'><strong>&#39;227</strong></span> 
     </span>
     <span class='ocr_line' id='line_1_117' title="bbox 1917 5676 2264 5812; baseline 0.006 -2"><span class='ocrx_word' id='word_1_793' title='bbox 1917 5676 1992 5812; x_wconf 56' lang='lat' dir='ltr'><strong>ig)</strong></span> <span class='ocrx_word' id='word_1_794' title='bbox 2025 5744 2118 5812; x_wconf 64' lang='grc' dir='ltr'><strong>ΕΡ·</strong></span> <span class='ocrx_word' id='word_1_795' title='bbox 2142 5741 2264 5812; x_wconf 49' lang='lat'><strong>$28:</strong></span> 
     </span>
    </p>
   </div>
   <div class='ocr_carea' id='block_1_117' title="bbox 1923 5810 2280 5869">
    <p class='ocr_par' dir='ltr' id='par_1_117' title="bbox 1923 5810 2280 5869">
     <span class='ocr_line' id='line_1_118' title="bbox 1923 5810 2280 5869; baseline -0.014 0"><span class='ocrx_word' id='word_1_796' title='bbox 1923 5810 1998 5869; x_wconf 72' lang='lat' dir='ltr'><strong>Uti</strong></span> <span class='ocrx_word' id='word_1_797' title='bbox 2038 5811 2136 5867; x_wconf 80' lang='lat' dir='ltr'><strong>Et).</strong></span> <span class='ocrx_word' id='word_1_798' title='bbox 2167 5810 2280 5864; x_wconf 61' lang='lat'><strong>929.</strong></span> 
     </span>
    </p>
   </div>
  </div>
