4080 6312
694 335 794 377 εει.

2033 311 2567 369 ῐἸὶΟιλΐῧΟΜΕΝᾹ.

696 432 764 486 ab
802 446 909 485 uno
935 431 1173 493 hmnine,
1213 444 1385 501 qune
1438 432 1685 500 ignobili,
1720 447 2030 489 accusatum
2070 434 2256 488 Demo-
2287 438 2331 493 Α
2365 438 2555 482 ventus
2583 432 2799 480 decreta
2859 425 3127 480 attribuit.
3165 424 3225 479 lli
3262 423 3320 478 S.
3359 424 3679 495 Gregorium
3725 421 3877 491 Nyssc

694 526 913 581 sthenes
953 525 1126 593 abripi
1151 526 1411 593 jusserat.

767 617 983 674 Elei-tus
1008 632 1137 687 ergo
1163 616 1504 683 Euphronius
1538 626 1657 687 post
1680 616 1969 672 concilium
2017 618 2259 686 Ancyra-

695 724 844 775 nnm,
874 713 966 765 sed
1000 719 1128 765 ante
1171 709 1568 763 ordinationem
1618 708 1926 770 Frontonis,
1961 720 2087 763 ante
2139 723 2260 777 per-

694 801 1050 865 secutionem,
1126 805 1285 870 quam
1337 800 1480 868 passi
1534 807 1661 854 sunt
1722 799 2096 869 Nicopolitani.
2152 800 2259 853 Res

699 891 833 944 adeo
857 891 1001 946 clara
1037 903 1091 946 et
1132 892 1441 960 manifesta,
1466 902 1523 945 ut
1551 891 1771 948 dubiam
1805 892 2149 949 Tillemontio
2177 893 2259 945 vi-

694 998 809 1039 sam
842 998 965 1039 esse
988 985 1170 1038 mirer.
1203 983 1515 1055 Tranquilla
1560 988 1705 1041 enim
1741 996 1858 1041 erat
1882 986 2155 1047 Armenia,
2184 986 2255 1037 ita

693 1083 754 1128 ut
781 1074 1129 1129 Colonienses
1163 1075 1484 1129 Arianorum
1538 1089 1715 1133 motus
1760 1076 2093 1145 ignorarent.
2146 1074 2257 1127 Nos

693 1184 833 1233 tero,
863 1165 1031 1235 inquit
1061 1166 1292 1220 Basilius
1316 1166 1415 1235 (a),
1469 1170 1560 1238 qui
1601 1170 1652 1222 in
1681 1168 1864 1223 mediis
1898 1173 2048 1223 rebus
2086 1184 2259 1221 versa-

694 1274 832 1316 mur.
861 1268 907 1310 et
946 1274 1167 1324 quorum
1224 1274 1377 1311 aures
1425 1262 1653 1329 undique
1685 1275 1993 1329 unoquoque
2038 1260 2122 1311 die
2169 1274 2258 1311 ru-

694 1362 835 1400 mors
898 1362 1197 1399 erersarunt
1249 1349 1585 1401 ecclesiarum
1651 1352 2037 1415 percutiuntur,
2109 1348 2257 1400 ualde

692 1439 840 1492 anxii
886 1454 1090 1501 sumus,
1135 1454 1197 1491 ne
1243 1438 1380 1505 forte
1439 1442 1728 1495 communis
1776 1443 1939 1495 hostis
1994 1440 2259 1492 diuturna:

690 1530 810 1581 vitta
840 1538 1021 1581 vestrm
1048 1530 1427 1596 tranquillitati
1466 1531 1723 1592 inridens,
1754 1534 1808 1584 in
1852 1530 2030 1584 vestris
2056 1546 2258 1599 quoque

691 1618 818 1675 locis
848 1634 942 1671 sua
967 1619 1131 1687 ipsius
1166 1621 1369 1674 zizania
1403 1636 1572 1675 serere
1589 1623 1772 1691 possit.
1800 1624 2049 1691 cedatque
2072 1631 2120 1675 et
2156 1622 2260 1675 Ar-

690 1711 981 1763 meniorum
1009 1712 1147 1779 regio
1175 1713 1225 1763 in
1258 1726 1431 1767 escam
1460 1713 1795 1767 adversariis.
1834 1712 2040 1767 Laudat
2070 1714 2121 1766 in
2145 1714 2259 1782 epiv

2364 534 2490 571 mnn
2525 518 2916 581 deposuerunt.
2968 511 3243 568 Hactenus
3289 514 3431 566 enim
3463 514 3747 581 judicium,
3780 516 3905 579 qut-ti

2367 610 2432 663 de
2457 623 2522 662 eo
2545 607 2686 661 ferre
2721 605 3004 659 voluerant
3040 605 3287 674 Ancyrte,
3323 602 3445 672 fuga
3478 614 3533 659 et
3567 604 3789 659 latebris
3820 605 3905 657 de-

2376 700 2693 754 clinaverat.
2761 697 2864 751 Sed
2909 708 3043 751 tunc
3097 697 3371 751 absentem
3406 695 3725 763 depositum
3759 696 3905 751 fuisse

2359 792 2715 860 perspicimus
2730 806 2794 843 ex
2832 789 2917 843 his
2940 787 3117 843 Basilii
3144 787 3211 839 de
3241 788 3344 844 hoc
3367 785 3592 842 concilio
3619 789 3793 841 verbis
3818 786 3904 857 (9):

2362 880 2432 934 lli
2464 898 2599 937 nunc
2633 881 2846 950 fratrem
2875 896 3045 933 meum
3070 874 3246 946 Nyssa
3281 878 3607 945 expulerunt,
3654 880 3905 930 sententia

2359 989 2453 1026 sua
2480 974 2751 1028 videlicet.
2777 969 2911 1025 Nam
2945 972 3081 1024 nihil
3112 968 3255 1023 aliud
3294 979 3539 1036 poterant
3567 970 3616 1021 in
3647 968 3905 1021 absentem

2359 1080 2422 1119 ac
2452 1075 2569 1119 tuto
2592 1065 3037 1119 delitescentem.
3056 1062 3182 1131 Ejus
3212 1062 3329 1114 loco
3364 1062 3775 1116 introduxerunt
3818 1059 3907 1111 bo-

2362 1158 2589 1219 minetn,
2621 1157 2704 1209 vel
2732 1157 2909 1224 potius
2940 1155 3269 1224 mancipium
3297 1154 3482 1222 pancis
3505 1154 3679 1207 obolis
3711 1149 3905 1215 venale,

2358 1250 2451 1303 sed
2482 1250 2628 1317 quod
2661 1250 2727 1302 ad
2764 1248 2885 1301 lldei
2919 1248 3277 1314 corruptelam
3307 1244 3518 1308 attinet,
3545 1247 3651 1314 his,
3682 1245 3771 1317 qui
3792 1257 3910 1299 cou-

2358 1343 2606 1404 stituerc,
2643 1355 2747 1393 non
2782 1337 3031 1392 inferius.

2436 1433 2523 1501 (Ιι)
2563 1430 2819 1484 Misernnt
2854 1429 3014 1481 etiam
3048 1429 3099 1481 in
3150 1427 3399 1497 oppidum
3436 1424 3602 1478 Doara
3653 1428 3908 1482 hominem

2358 1524 2720 1589 pestilentem,
2756 1517 3081 1587 pupillorum
3125 1517 3380 1570 lamulum
3429 1526 3483 1569 et
3534 1529 3563 1567 a
3615 1516 3729 1570 suis
3777 1519 3911 1572 heris

2360 1613 2664 1681 lngitivum,
2694 1625 2849 1679 quem
2875 1608 3193 1675 episcopum
3211 1610 3616 1666 ordinaverunt,
3646 1617 3704 1659 ut
3739 1622 3911 1661 assen-

2361 1714 2609 1759 tarentur
2642 1699 2968 1756 mulierculae
2992 1699 3193 1766 impiae,
3231 1714 3349 1767 qua:
3399 1702 3552 1768 prius
3579 1697 3811 1767 Georgio
3849 1700 3909 1751 ad

690 1799 826 1853 stola
863 1802 1106 1869 sequenti
1158 1800 1233 1870 (b)
1266 1816 1531 1858 summam
1563 1802 1831 1858 Pmmenii
1886 1805 2255 1860 fortitudinem
2288 1798 2332 1854 Β
2363 1794 2648 1847 arbitrium
2684 1806 2843 1845 suum
2871 1804 2965 1844 usa
3018 1787 3212 1851 luerat,
3249 1799 3303 1841 et
3354 1800 3538 1857 postea
3593 1790 3735 1842 hunc
3784 1788 3912 1843 illius

689 1888 879 1949 animi,
930 1888 1072 1961 quod
1120 1906 1221 1943 non
1262 1889 1474 1946 dederit
1522 1905 1732 1961 tempus
1780 1895 2109 1949 adversariis
2153 1895 2255 1951 sibi

695 1980 1040 2047 providendi,
1075 1996 1249 2048 neque
1310 1998 1497 2038 eorum
1553 1984 1779 2038 insidias
1824 1988 2253 2042 exsuscitaverit.

689 2067 971 2137 Quomodo
994 2071 1104 2123 haec
1132 2072 1235 2122 dici
1269 2083 1510 2139 pomere,
1536 2074 1579 2126 si
1606 2075 1716 2143 jam
1745 2076 1931 2130 Ariani
1961 2076 2253 2147 Nicopolim

690 2161 1096 2231 Oppugnabant,
1133 2170 1184 2214 et
1220 2162 1431 2217 intruso
1463 2179 1559 2231 per
1594 2166 1703 2218 vim
1750 2178 1806 2222 et
1842 2168 2251 2239 impressionem

695 2253 822 2321 lupo
852 2252 1229 2322 gravissimam
1261 2258 1685 2323 persecutionem
1735 2262 2106 2316 exercebant?
2150 2261 2255 2315 De-

692 2348 855 2415 nique
889 2345 1223 2405 Theodotum
1276 2349 1463 2416 paucis
1493 2351 1681 2405 diebus
1723 2352 1923 2407 obiisse
1962 2364 2251 2421 antequam

691 2440 807 2494 haec
830 2437 1088 2492 scriberet
1111 2435 1362 2503 Basilius,
1401 2455 1467 2493 ex
1493 2441 1578 2494 his
1612 2442 1789 2495 verbis
1814 2442 2082 2512 colligitur
2120 2461 2132 2495 :
2166 2443 2255 2497 Si-

690 2530 799 2586 mul
830 2542 1003 2585 autem
1026 2540 1071 2582 et
1098 2530 1245 2582 nobis
1282 2545 1587 2598 prosperum
1612 2531 1712 2583 iter
1741 2535 2033 2600 precemini,
2061 2544 2116 2587 ut
2163 2535 2255 2587 ad-

690 2621 951 2678 venientes
990 2622 1251 2675 vobiscum
1293 2621 1618 2689 gaudeamus
1646 2625 1708 2677 de
1735 2627 1976 2689 prtesenti
2026 2639 2255 2695 pastore,

693 2728 886 2781 nosque
919 2724 1099 2771 mutuo
1127 2714 1191 2769 de
1221 2713 1363 2768 obitu
1397 2716 1685 2771 communis
1723 2718 1892 2786 patris
1928 2721 2091 2773 nostri
2134 2736 2257 2774 con-

690 2806 941 2859 solemur.

763 2891 893 2947 Tatu
927 2895 1245 2961 praeclarum
1274 2898 1546 2953 Armeniae
1574 2899 1949 2968 episcoporum
1971 2900 2253 2955 consilium

692 2996 881 3057 optato
910 2988 1061 3049 exitu
1100 2992 1297 3045 caruit.
1330 2990 1450 3046 Cito
1473 2992 1617 3047 enim
1660 2993 1875 3046 videtur
1916 2991 2257 3061 Euphronius

692 3077 970 3134 Coloniam
1016 3082 1273 3150 rediisse;
1326 3085 1473 3138 nulla
1520 3084 1666 3139 illius
1707 3084 1967 3153 deinceps
2005 3094 2259 3140 occurret

2362 1886 2625 1939 habuerat
2651 1895 3041 1935 successorem.
3071 1878 3245 1933 Alium
3272 1880 3540 1934 hominem
3560 1882 3912 1950 desperatum,

2360 1980 2412 2029 in
2450 1972 2722 2027 Ecclesias
2766 1972 3090 2032 immissum,
3124 1970 3176 2021 id
3209 1981 3315 2033 est,
3349 1973 3415 2025 ab
3446 1972 3646 2042 Anysio
3674 1986 3730 2027 et
3764 1972 3914 2028 Ecdi-

2358 2074 2443 2127 cio
2465 2073 2798 2135 ordinatum,
2836 2070 3067 2125 Basilius
3099 2071 3150 2121 in
3191 2071 3289 2121 hac
3321 2079 3373 2122 et
3403 2067 3679 2135 superiore
3705 2068 3770 2120 ad
3791 2081 3912 2119 San-

2357 2173 2502 2217 ctum
2534 2162 2827 2217 Eusebium
2852 2160 3079 2229 epistola
3112 2169 3362 2212 testatur.
3396 2158 3565 2220 Quem
3609 2167 3788 2210 autem
3820 2155 3913 2209 toi-

2358 2265 2545 2307 serunt
2574 2256 2769 2317 Doara,
2803 2253 2851 2306 is
2883 2261 2965 2306 est
3001 2252 3065 2305 de
3089 2266 3195 2321 quo
3235 2248 3465 2301 Basilius
3503 2250 3579 2300 ait
3604 2248 3656 2300 in
3697 2246 3911 2316 epistola

2356 2344 2481 2409 95L
2513 2344 2691 2399 Doara
2732 2348 3003 2411 antiquum
3045 2351 3343 2410 receperunt
3374 2338 3684 2393 Mulionem.
3718 2338 3913 2405 Quibus

2358 2454 2423 2493 ex
2444 2438 2618 2492 verbis
2637 2436 2833 2505 colligit
2851 2435 3221 2490 Tillemontins
3240 2436 3301 2506 (ὅ)
3320 2436 3457 2488 hunc
3475 2431 3743 2485 hominem
3763 2440 3911 2483 antea

2362 2532 2684 2585 Doarensem
2716 2529 3023 2598 episcopum
3055 2526 3241 2592 fuisse,
3266 2530 3358 2581 sed
3380 2544 3408 2581 a
3430 2525 3724 2581 Catholicis
3738 2520 3913 2590 expul-

2360 2638 2500 2686 sum,
2533 2624 2625 2691 qni
2687 2622 2738 2677 ei
2798 2621 3062 2675 Ettlnlium
3113 2619 3528 2683 snbstituerunl,
3586 2628 3777 2687 postea
3824 2613 3915 2669 sub

2363 2715 2754 2776 Demosthene,
2780 2714 2902 2766 data
2930 2713 3236 2772 occasione,
3287 2712 3469 2764 sedem
3510 2726 3661 2762 suam
3702 2720 3915 2773 recupe-

2366 2820 2536 2860 rasse.
2593 2803 2893 2858 Confirmat
2927 2803 3064 2855 hanc
3095 2801 3370 2853 historiam
3404 2802 3749 2853 doctissimus
3778 2796 3904 2851 serie

2360 2905 2483 2964 ptor
2503 2911 2567 2947 ex
2593 2894 2839 2949 oratione
2889 2895 3158 2947 tricesima
3191 2891 3364 2946 sancti
3394 2889 3640 2957 Gregorii
3684 2888 3916 2942 Nazian-

2362 2987 2504 3042 zeni.
2536 2987 2641 3040 Sed
2681 3002 2802 3040 cum
2854 3001 3016 3053 supra
3066 2984 3462 3039 ostenderimus
3490 2980 3811 3050 Gregorium
3863 2979 3912 3031 in

2362 3078 2465 3133 hac
2492 3078 2739 3133 oratione
2765 3094 2865 3131 non
2894 3078 2960 3131 de
2982 3076 3207 3145 expulso
3236 3074 3513 3139 lueretico,
3535 3076 3629 3126 sed
3662 3072 3730 3126 de
3761 3069 3914 3126 Bula-

692 3173 932 3237 mentio;
971 3149 1269 3242 Nimpolim
1317 3191 1344 3228 a
1393 3177 1725 3249 presbyteris
1757 3149 1969 3246 vigente
2007 3194 2260 3247 persecu-
2286 3149 2327 3206 θ
2365 3172 2436 3225 lio
2468 3173 2519 3225 in
2546 3185 2740 3223 novum
2768 3170 3129 3237 episcopatum
3184 3177 3370 3223 evecto
3398 3178 3588 3233 agere,
3651 3173 3769 3218 rmt
3807 3174 3909 3217 tota

694 3261 837 3316 tione
861 3262 1208 3332 gnbernatam
1240 3265 1573 3331 videbimus,
1611 3283 1706 3321 nec
1742 3267 1996 3321 Frontoni
2028 3310 2043 3334 ,
2078 3269 2168 3335 qni
2206 3270 2257 3331 in

694 3353 837 3408 hanc
884 3355 1067 3408 sedem
1105 3353 1278 3409 instar
1315 3355 1542 3411 latronis
1600 3359 1821 3422 invasit,
1872 3358 1999 3412 illud
2054 3360 2256 3413 crimen

690 3444 973 3510 objicitur,
1003 3446 1145 3515 quod
1182 3447 1480 3518 legitimum
1504 3449 1813 3517 episcopum
1846 3448 2130 3518 expulerit.
2155 3447 2257 3504 Ve-

693 3534 928 3587 risimile
972 3544 1057 3589 est
1100 3545 1319 3591 coactos
1369 3537 1534 3592 fuisse
1590 3538 1871 3608 episcopos
1910 3537 2148 3606 querelis
2187 3552 2252 3593 ac

693 3624 856 3679 minis
885 3625 1260 3681 Colonensium
1295 3612 1508 3683 cedere.

767 3717 832 3771 V.
859 3716 985 3770 Post
1008 3719 1293 3773 concilium
1329 3720 1672 3789 Ancyranum
1709 3718 2098 3795 Demosthenes
2127 3734 2257 3788 pau-

695 3807 865 3875 lisper
911 3809 1054 3861 circa
1104 3824 1193 3863 res
1225 3808 1488 3864 militares
1527 3822 1842 3880 occupatus,
1894 3827 2081 3867 rursus
2114 3813 2258 3866 venit

695 3898 996 3953 Cassaream
1028 3898 1128 3969 (c),
1176 3915 1238 3953 ac
1276 3902 1524 3968 protinus
1550 3916 1688 3957 voce
1733 3904 1889 3957 unica
1920 3917 2109 3957 omnes
2151 3904 2255 3957 Ec-

695 3989 873 4043 etesiae
905 3988 1263 4043 Caesariensis
1297 3991 1528 4045 clericos
1558 3993 1721 4047 curiae
1748 3994 1989 4047 tradidit.
2015 3993 2139 4048 Inde
2164 4011 2254 4049 ve-

694 4080 774 4133 nit
807 4078 1134 4141 Sebastiam,
1199 4079 1287 4133 ubi
1345 4080 1522 4149 plures
1569 4081 1687 4137 dies
1739 4082 1899 4147 sedit,
1953 4097 2018 4136 ac
2068 4097 2257 4138 omnes

697 4170 756 4230 8.
783 4169 963 4224 Basilii
991 4172 1485 4226 communicatores
1517 4176 1685 4228 curize
1724 4175 1958 4240 addixit,
1990 4174 2254 4230 Eustathii

695 4270 874 4317 autem
908 4262 1112 4317 amicos
1140 4263 1389 4316 maximis
1424 4265 1723 4320 honoribus
1755 4264 1904 4322 fovit.

769 4352 977 4407 ltnrsns
993 4352 1309 4407 Galatarum
1333 4363 1387 4405 et
1418 4352 1761 4409 Ponticorum
1788 4357 2048 4426 synodum
2075 4356 2258 4427 Nyssaa

693 4444 856 4512 jussit
888 4444 1174 4499 celebrari.
1206 4445 1261 4499 in
1290 4460 1396 4513 quo
1424 4446 1639 4513 quidem
1682 4462 1900 4516 operam
1955 4450 2006 4503 ei
2042 4451 2257 4505 navavit

704 4534 1043 4599 Eustathius,
1096 4550 1160 4590 ac
1198 4537 1383 4590 vicarii
1425 4537 1692 4592 mandatis
1728 4537 1975 4605 adjunxit
2028 4540 2253 4609 legatio-

696 4639 818 4678 nem
848 4624 1163 4678 selectorum
1210 4624 1287 4695 (d)
1339 4641 1403 4679 ex
1447 4641 1541 4679 sua
1570 4626 1803 4681 Ecclesia
1835 4626 2132 4695 hominum,
2166 4630 2258 4698 qui

695 4714 911 4777 Galatas
966 4726 1305 4771 accerserent
1366 4733 1430 4772 ac
1484 4719 1868 4788 perhonorifice
1911 4718 2256 4777 deducerent.

696 4806 997 4860 Adfuerunt
1031 4810 1189 4861 etiam
1236 4807 1449 4863 Pontici
1508 4810 1762 4879 episcopi.
1812 4810 1944 4864 Nam
2000 4821 2259 4880 utrosque

698 4894 925 4952 Basilius
960 4896 1029 4966 (e)
1061 4899 1321 4953 mandatis
1363 4900 1550 4954 vicarii
1599 4902 1843 4970 paruisse
1892 4910 2140 4955 testatur.
2199 4902 2253 4955 ln

698 4987 803 5042 hoc
834 4990 1065 5043 concilio
1089 4991 1345 5045 dominati
1373 5002 1501 5046 sunt
1522 4993 1750 5062 Anysins
1782 5004 1833 5048 et
1851 4993 2095 5049 Ecdicius
2122 4993 2253 5047 Par~

704 5094 985 5145 nassenus,
1019 5083 1218 5152 quibus
1255 5082 1591 5155 potissimum
1616 5084 1841 5142 Basilius
1861 5086 1927 5157 (f)
1952 5086 2095 5155 impii
2125 5100 2257 5140 con-

769 5304 843 5373 (πὶ
875 5302 1105 5369 Ερ.228.

772 5374 846 5439 (b)
878 5374 973 5438 Ep.
1004 5375 1129 5428 229.

769 5444 841 5581 ξε)
884 5442 979 5507 Ep.
1013 5445 1138 5497 257.

783 5513 852 5592 la‘)
877 5512 1137 5592 -Ιξιλὲξά,
1163 5534 1215 5570 n.
1242 5517 1292 5584 7,
1317 5527 1368 5572 et
1396 5532 1479 5588 ep.
1516 5517 1619 5573 250
1647 5529 1697 5573 ct
1728 5520 1855 5585 251,
1890 5538 1941 5574 n.
1964 5521 2019 5575 3.

775 5584 843 5662 (ε)
874 5583 1112 5662 399.259.

777 5652 849 5744 ςρ
874 5651 1004 5744 liis}

806 5722 851 5775 'l
876 5721 1005 5779 ibid.

2363 3265 2605 3319 narratio
2632 3262 2985 3317 Tillemontii.
3010 3264 3188 3328 Quare
3213 3276 3333 3315 cum
3361 3259 3436 3313 ait
3466 3257 3723 3322 Basilius,
3750 3258 3915 3311 Doara

2359 3356 2631 3423 antiquum
2662 3352 2943 3406 Mulionem
2982 3364 3301 3422 receperunt,
3330 3353 3592 3407 nefarium
3636 3353 3781 3404 hunc
3823 3351 3915 3402 ho-

2360 3445 2558 3497 minem
2587 3443 2715 3499 olim
2759 3443 2953 3500 Doaris
2990 3460 3187 3499 munus
3224 3443 3474 3498 Mulionis
3496 3443 3809 3495 exercui~se
3836 3441 3915 3491 iu-

2357 3534 2523 3586 dicat.

2430 3624 2507 3695 (j)
2541 3623 2747 3679 Galatae
2778 3623 2963 3678 Ariani
3009 3634 3131 3677 cum
3178 3624 3476 3676 amicorum
3529 3620 3799 3673 Euslatltil
3828 3631 3916 3670 co-

2358 3718 2570 3781 mitatu,
2604 3715 2774 3787 Nyssa
2797 3714 3001 3785 egressi
3045 3723 3193 3778 sunt,
3245 3722 3300 3766 et
3356 3711 3457 3765 hoc
3514 3710 3776 3764 satellitio
3825 3707 3919 3761 sti-

2359 3811 2491 3882 pati,
2513 3823 2723 3865 omnem
2748 3807 3003 3879 parmciae
3030 3804 3317 3859 Eustathio
3356 3802 3611 3869 subjecta:
3644 3804 3915 3870 regionem

2361 3909 2805 3971 peragraverunt,
2855 3901 3230 3969 episcoporum
3290 3896 3588 3950 honoribus
3631 3905 3690 3949 et
3738 3892 3921 3949 ofﬁciis

2369 3996 2568 4050 ornati.
2611 3995 2908 4050 introducti
2942 4003 3119 4048 autem
3143 4000 3268 4046 sunt
3293 3990 3689 4061 perhonorifica
3716 3990 3766 4042 in
3797 3990 3922 4043 civi-

2374 4094 2563 4150 tatem,
2596 4088 2908 4141 concionem
2942 4084 3197 4139 habentes
3235 4098 3443 4136 summa
3470 4098 3588 4136 cum
3632 4091 3915 4151 potestate.

2359 4174 2616 4230 Traditus
2649 4187 2733 4230 est
2759 4178 2901 4231 enim
2935 4176 3044 4230 illis
3075 4178 3322 4244 populus,
3357 4174 3613 4228 traditum
3655 4173 3845 4235 altare,
3872 4173 3918 4224 in

2364 4281 2470 4336 quo
2493 4268 2634 4320 sacri
2658 4268 2955 4319 licat'et'ttnt
2976 4266 3072 4333 (ιι),
3106 4276 3161 4319 et
3200 4266 3472 4333 proprium
3504 4278 3707 4332 panem
3735 4265 3922 4334 populo

2361 4355 2512 4409 Omni
2548 4355 2968 4407 distribuerunt.
2997 4355 3194 4418 Quales
3240 4362 3421 4406 essent
3457 4353 3730 4419 ejusmodi
3760 4350 3923 4406 homi-

2362 4461 2459 4500 nes
2492 4443 2576 4513 (l),
2606 4454 2661 4499 et
2691 4445 2959 4512 quomodo
2987 4460 3173 4499 eorum
3208 4445 3435 4513 quisque
3491 4446 3779 4500 ordinatus
3819 4458 3833 4494 :
3872 4450 3923 4493 et

2371 4536 2514 4604 quali
2554 4550 2618 4589 ex
2646 4536 2754 4588 vita
2789 4536 2854 4587 ad
2888 4536 3024 4589 hanc
3063 4544 3281 4589 evectus
3325 4544 3676 4603 potestatem,
3717 4535 3923 4589 silentio

2374 4628 2623 4692 Basilius,
2661 4637 2719 4680 ut
2747 4637 2929 4681 notum
2976 4628 3223 4681 omnibus
3258 4627 3373 4696 (in),
3405 4629 3494 4695 qui
3536 4644 3662 4681 cum
3693 4630 3774 4681 eis
3811 4638 3922 4681 tan-

2374 4720 2540 4787 tisper
2568 4719 2763 4773 versati
2795 4718 3031 4781 fuerant,
3060 4720 3578 4787 praetermittendum
3623 4719 3919 4776 existimat.

2364 4811 2469 4865 Sed
2504 4820 2684 4864 tamen
2719 4820 2839 4877 post
2871 4821 2977 4863 tam
3031 4810 3261 4879 insignia
3290 4810 3494 4865 venalis
3539 4819 3593 4863 et
3634 4809 3919 4880 turpillcati

2363 4904 2526 4958 animi
2568 4903 2883 4973 specimina,
2915 4918 3103 4955 eorum
3138 4904 3205 4956 ad
3249 4918 3307 4957 se
3328 4904 3769 4958 communionem
3822 4902 3922 4957 Eu-

2363 4995 2596 5050 stathius
2618 5011 2721 5049 non
2752 4996 2975 5050 retraxit
3001 4995 3099 5064 (tt).
3150 4995 3301 5061 Quod
3346 4996 3424 5050 eis
3478 4995 3647 5050 dabat
3697 4996 3924 5063 accipie-

2366 5089 2523 5153 bant;
2559 5088 2652 5143 sed
2682 5085 2976 5141 nihil'tanti
3007 5088 3087 5142 eis
3130 5087 3249 5153 fuit,
3305 5098 3365 5143 ut
3402 5089 3471 5144 ab
3517 5089 3920 5160 episcoporum,

2424 5310 2500 5374 (lt)
2538 5308 2632 5376 Ep.
2654 5309 2778 5361 259.

2420 5383 2481 5446 (t)
2514 5379 2665 5431 Tom.
2694 5379 2782 5443 l.\',
2809 5398 2859 5449 p.
2884 5382 3007 5434 lilii.

2425 5452 2489 5519 (j)
2524 5450 2616 5513 Ep.
2641 5449 2764 5507 9.51,
2802 5469 2854 5506 ιι.
2884 5452 2935 5503 5.

2425 5521 2498 5588 (Ιί)
2523 5519 2617 5585 Ep.
2646 5519 2769 5590 2M,
2806 5538 2860 5576 η.
2890 5521 3009 5582 '7,et
3033 5536 3116 5590 ep.
3148 5520 3267 5573 “350.

2428 5592 2491 5653 (ι)
2527 5592 2617 5651 lup.
2646 5588 2767 5650 ω,
2795 5607 2846 5641 n.
2876 5591 2926 5643 7.

2426 5660 2520 5723 (ηε)
2554 5659 2646 5722 l‘lp.
2670 5660 2794 5725 231,
2832 5676 2883 5713 n.
2922 5661 2973 5715 5.

2427 5735 2500 5798 (tt)
2532 5728 2658 5781 Ibid.
