4074 6312
1426 371 1585 428 VITA
1623 370 1681 427 S.
1717 370 1982 428 BASILII.

3213 384 3335 426 (ιιιι

146 498 215 569 qui
240 496 554 553 Eustathium
616 492 1007 561 deposuerant,
1062 492 1381 547 stictoritate
1424 493 1664 549 discede-
1691 496 1737 555 Α
1772 490 2138 561 Cappadocia,
2162 500 2214 545 ct
2250 503 2371 563 post
2404 488 2611 545 Pascha
2656 487 2931 552 stertebat,
2960 494 3030 540 ut'
3056 499 3197 539 anno
3229 485 3337 542 375

148 603 241 645 rent
266 591 355 663 (τι).
377 590 511 642 Cum
545 586 651 639 hoc
678 586 893 656 agmine
914 583 1223 638 Eustathius
1250 584 1541 655 Nicopolim
1569 603 1664 642 ve-

149 688 225 749 nit,
246 697 295 739 ut
323 694 372 737 et
406 680 598 733 vicarii
650 690 706 735 et
752 680 1078 732 Arianorum
1109 686 1375 745 potestate
1406 679 1663 744 munitus,

150 778 247 829 huic
290 769 555 835 Ecclesiae,
598 785 718 838 quae
755 782 926 834 nuper
964 769 1282 837 episcopum
1334 764 1661 821 Theodotum

151 867 379 924 amiserat,
408 863 575 915 alium
617 860 931 928 episcopum
958 860 1130 913 daret.

204 958 273 1010 VI.
295 954 397 1009 Non
436 955 662 1010 multum
699 953 987 1006 habuimus
1020 950 1216 1019 negotii
1249 948 1300 1001 in
1332 948 1662 1011 disponenda

146 1050 362 1115 ejusmodi
389 1056 684 1103 eventuum
718 1047 878 1101 serie.
914 1042 1006 1097 Sic
1034 1045 1175 1095 enim
1207 1044 1273 1096 ab
1316 1044 1430 1113 ipso
1465 1044 1663 1097 Basilio

144 1140 295 1195 ordine
320 1150 603 1194 narrantur
634 1139 686 1192 in
718 1137 960 1206 epistolis
1006 1134 1113 1188 257
1138 1146 1191 1187 et
1212 1136 1339 1189 259.
1380 1136 1483 1189 Sed
1526 1132 1661 1186 ditii-

146 1234 270 1289 cilius
309 1244 385 1289 est
430 1245 694 1292 statuere,
730 1240 908 1282 utrum
968 1242 1107 1281 anno
1150 1229 1252 1283 575
1296 1240 1562 1289 excitate,
1596 1242 1661 1278 an

146 1330 320 1382 ineunte
346 1328 472 1387 576.
529 1326 876 1393 contigerint.
937 1325 1320 1380 Tillemontius
1369 1332 1424 1375 et
1476 1330 1664 1374 auctor

144 1420 430 1474 Bibliotheca:
464 1417 831 1472 ecclrsiastica:
858 1421 925 1473 ad
982 1419 1193 1474 initium
1219 1413 1345 1469 anni
1398 1413 1658 1479 referunt,

142 1521 326 1575 excepto
358 1520 537 1563 tamen
573 1511 805 1565 concilio
864 1514 1176 1583 Ancyrano,
1233 1510 1376 1579 quod
1424 1507 1662 1561 fatentur

144 1602 219 1656 sub
244 1602 385 1655 ﬁnem
416 1604 547 1657 anni
576 1604 681 1658 375
702 1612 1060 1657 convocatum
1102 1602 1291 1655 fuisse.
1327 1601 1459 1655 Cum
1496 1598 1661 1654 Tille-

141 1698 305 1750 mantia
342 1696 518 1750 facere
565 1696 815 1749 videntur
858 1694 1006 1761 plura
1054 1695 1317 1746 rationum
1354 1703 1657 1758 momenta;

146 1789 254 1853 quod
280 1790 506 1856 synodus
544 1788 856 1856 Ancyratta,
890 1802 1052 1856 quam
1095 1787 1183 1838 alii
1217 1795 1442 1839 eventbs
1475 1802 1659 1839 conse-

145 1878 227 1931 cuti
252 1888 380 1938 sunt,
418 1879 595 1931 media
631 1879 807 1932 hieme
838 1879 890 1932 in
920 1880 1081 1948 epist.
1108 1878 1214 1933 237
1262 1878 1444 1933 habita
1492 1878 1658 1932 fuisse

143 1970 334 2039 legitur:
384 1971 526 2038 quod
574 1970 893 2025 Eustathius
924 1972 1081 2027 annis
1120 1973 1306 2027 decem
1342 1982 1397 2024 et
1454 1979 1656 2039 septem

140 2070 219 2107 non
242 2060 426 2115 exactis
455 2059 886 2130 postconcilium
916 2060 972 2117 C.
1000 2060 1058 2116 P.
1095 2063 1219 2115 anni
1248 2061 1371 2126 560,
1402 2076 1519 2115 sese
1537 2075 1657 2114 cum

140 2146 332 2213 Arionis,
366 2162 423 2205 ut
469 2154 728 2221 opinatur
772 2154 1174 2218 Tillemontius,
1208 2166 1394 2225 aperte
1432 2154 1658 2221 conjun-

140 2239 258 2291 xisse
280 2243 465 2295 dicitur
494 2246 554 2298 in
575 2246 803 2313 epistola
833 2244 958 2309 251,
991 2262 1043 2298 ιι.
1065 2245 1121 2299 2.

193 2328 277 2382 Sed
329 2333 405 2384 his
449 2333 777 2401 conjecturis
832 2335 989 2404 longe
1046 2335 1379 2403 praeferenda
1423 2338 1660 2404 epistolae

137 2418 210 2474 251
246 2426 550 2489 auctoritas,
596 2442 715 2497 qua:
743 2438 868 2479 ante
899 2426 1079 2481 natale
1109 2426 1341 2493 Domini,
1378 2436 1437 2481 ιιι
1472 2438 1658 2494 postea

140 2514 409 2581 videbimus,
446 2520 673 2587 scripta,
709 2518 959 2573 Ecclesia:
988 2518 1277 2575 Doarensis
1300 2520 1659 2591 perturbatio-

140 2617 230 2656 nem
260 2620 305 2660 et
329 2612 638 2679 episcopum
677 2614 723 2664 ei
762 2612 1073 2681 impositum
1116 2613 1489 2682 Amphilochio
1524 2630 1661 2668 nun-

140 2693 228 2747 tiat.
254 2695 356 2750 Jam
387 2716 516 2770 ergo
550 2704 802 2756 accersiti
836 2718 867 2756 e
905 2701 1115 2757 Galatia
1146 2704 1354 2769 Ariani,
1388 2704 1499 2771 jam
1525 2704 1659 2775 Nys-

141 2801 241 2840 sena
263 2792 481 2859 synodus
502 2795 845 2861 pestilentem
881 2797 1153 2851 hominem
1191 2797 1242 2848 in
1271 2798 1373 2850 hoc
1408 2798 1657 2865 oppidum

143 2880 344 2937 miserat.
380 2884 573 2939 Utrum
601 2888 763 2942 iidem
787 2889 975 2943 Ariani
1007 2888 1319 2943 Sebastiam
1367 2888 1660 2943 introducti

139 2966 321 3038 fuerint,
358 2990 477 3029 cum
546 2976 687 3032 hanc
740 2978 1025 3049 epistolam
1080 2977 1343 3033 scriberet
1405 2976 1660 3040 Basilius,

138 3062 342 3125 cuuidem
366 3075 608 3122 statuere
649 3085 753 3123 non
787 3086 1030 3137 possum.
1084 3069 1189 3124 Res
1240 3067 1439 3123 differri
1487 3077 1663 3137 potest

138 3163 271 3215 usque
290 3156 349 3207 ad
368 3156 586 3210 initium
622 3161 746 3212 anni
781 3161 904 3213 576.
942 3160 1086 3214 Satis
1107 3169 1189 3215 est
1224 3161 1289 3213 ad
1320 3158 1656 3214 concilianda

1766 584 2193 638 observavimus.
2222 582 2331 640 Nec
2366 585 2560 640 mirum
2594 581 2819 650 proinde
2847 580 2893 637 si
2928 578 3196 634 interdum
3226 578 3337 633 cito

1764 677 2030 731 veniebat.

1837 768 1951 821 Non
1985 766 2201 821 adhibui
2239 778 2634 835 argumentum,
2660 765 2803 833 quod
2834 763 2935 818 sibi
2973 761 3134 828 objim
3167 774 3329 831 posse

1765 860 1934 913 sensit
1982 857 2376 911 Tillemonlins.
2426 858 2479 911 lu
2532 856 2757 927 epistola
2790 854 2918 922 251,
2967 870 3088 925 qua!
3127 855 3329 922 scripta

1765 962 1844 1005 est
1897 964 2039 1004 anno
2081 948 2205 1011 376,
2257 949 2335 1002 ait
2388 947 2615 1003 Basilius
2649 950 2883 1005 Arianos
2933 947 3001 1001 ab
3049 946 3335 1001 Eustathin

1764 1042 2055 1097 accersitos
2100 1054 2130 1093 e
2162 1040 2368 1093 Galatia
2424 1054 2566 1091 anno
2620 1040 2894 1108 praeterito
2948 1036 3136 1095 fuisse,
3181 1036 3335 1093 Unde

1766 1134 1935 1189 facilis
1980 1133 2257 1190 conclusio
2303 1132 2352 1185 id
2386 1133 2677 1201 contigisse
2723 1150 2864 1188 anno
2904 1130 3030 1188 375.
3082 1130 3171 1185 Sic
3217 1144 3331 1184 rem

1762 1228 1974 1291 expedit
2012 1224 2408 1280 Tillemoutius.
2459 1224 2657 1277 Statuit
2718 1224 2855 1281 hanc
2897 1224 3180 1297 epistolam
3227 1221 3325 1276 251

1766 1330 1949 1369 mense
1983 1316 2223 1382 Octobri,
2257 1331 2399 1371 anno
2429 1314 2552 1381 576,
2582 1316 2835 1384 scriptam
2883 1333 3033 1385 esse;
3068 1315 3195 1371 anni
3238 1328 3335 1367 au-

1766 1418 1871 1461 tem
1915 1408 2126 1461 initium
2182 1410 2321 1478 apud
2371 1407 2677 1463 Orientales
2722 1423 2750 1461 ιι
2788 1422 2971 1462 mense
3022 1405 3331 1479 Septembri

1763 1498 1904 1550 duci.
1942 1497 2077 1553 Hinc
2112 1500 2313 1569 colligit
2354 1500 2636 1562 Basiliam,
2684 1514 2806 1553 cum
2835 1498 3102 1553 scriberet
3130 1503 3331 1569 episto-

1763 1595 1864 1646 lam
1902 1592 2030 1657 251,
2058 1608 2241 1648 mense
2278 1592 2516 1659 Octobri,
2564 1595 2630 1647 ad
2663 1608 2861 1647 annum
2897 1594 3225 1662 praeteritum
3265 1608 3330 1649 ea

1762 1684 1965 1740 referre
1990 1686 2224 1754 potuisse
2247 1701 2365 1755 quae
2388 1702 2567 1742 mense
2588 1687 2847 1743 Januario
2878 1686 3122 1755 proxime
3144 1686 3330 1755 elapso

1760 1780 2117 1849 contigerant.
2166 1778 2272 1833 Sed
2309 1781 2374 1833 de
2411 1779 2493 1832 bis
2533 1795 2758 1849 agemus
2804 1778 3163 1849 conjecturis,
3206 1792 3331 1835 cum

1690 1852 1732 1909 Β
1765 1875 1829 1927 ad
1857 1872 2138 1944 epistolam
2169 1872 2266 1927 251
2304 1873 2630 1926 venerimus.

2307 1987 2532 2044 CAPUT
2575 1986 2784 2041 XXXV.

1761 2079 1801 2134 l.
1846 2082 2203 2150 Amphilochia
2242 2082 2502 2150 signiﬁcat
2540 2079 2767 2133 Basilius
2799 2096 2867 2150 ea
2903 2095 3017 2146 qua!
3057 2085 3327 2148 geruntur.

1835 2148 2120 2216 Respondet
2167 2156 2217 2204 in
2252 2148 2355 2215 alia
2380 2148 2612 2218 epistola
2665 2151 2807 2203 illius
2851 2148 3039 2201 litteris
3073 2160 3119 2200 et
3150 2164 3332 2201 mune-

1832 2223 1977 2274 ribus
2006 2222 2074 2273 ad
2108 2222 2299 2275 Natale
2332 2222 2541 2277 Domini
2584 2221 2775 2273 missis.
2816 2219 2979 2272 Mittit
3007 2227 3330 2271 commenta-

1833 2295 1970 2345 rium
2021 2295 2075 2344 in
2114 2308 2215 2360 quo
2269 2292 2415 2343 solvit
2464 2294 2603 2344 illius
2650 2292 2990 2360 quwstianes._
3020 2286 3101 2360 l|._
3132 2284 3331 2360 Fronto

1830 2374 2095 2416 mercatur
2127 2356 2488 2425 episcopatum
2536 2365 2598 2416 ab
2648 2356 2876 2413 Arionis.
2930 2358 3015 2412 ΙΙΙ.
3066 2356 3328 2409 Resistunt

1831 2434 2025 2486 acriter
2063 2431 2440 2499 Nicapalitaui.
2478 2429 2566 2483 iV.
2609 2430 2682 2484 De
2721 2429 2950 2499 epistolis
2992 2425 3227 2499 25724]
3262 2428 3331 2499 (ιιι

1834 2503 2118 2556 Eusebium
2150 2493 2208 2555 et,
2236 2503 2302 2553 ad
2338 2493 2759 2566 Nicapalitunas.
2792 2497 2853 2551 V.
2882 2496 3061 2565 Legati
3094 2499 3149 2549 in
3180 2493 3333 2566 Οςςξ-

1832 2572 2034 2624 dcntem
2076 2572 2365 2626 Daratheus
2408 2562 2869 2625 et'Sanctissimus
2900 2562 3329 2638 presbyteris“.

1832 2638 2097 2693 Probatur
2132 2660 2216 2694 eas
2263 2643 2357 2693 hac
2389 2658 2526 2693 arma
2561 2643 2702 2695 circa
2740 2636 2986 2705 Pascha,
3036 2636 3139 2691 non
3175 2636 3330 2690 citius

1829 2711 2086 2781 profectos
2115 2713 2293 2779 fuisse.

1832 2806 1870 2860 1.
1904 2804 2050 2859 Inter
2080 2804 2181 2859 has
2228 2819 2518 2864 aerumnas.
2552 2812 2609 2857 ut
2640 2817 2866 2871 qua-que
2902 2816 2985 2855 res
3020 2800 3330 2863 eveniebat,

1763 2897 1994 2951 libenter
2055 2896 2433 2966 Amphilochia
2493 2894 2737 2965 protinus
2820 2892 3121 2947 nuntiasset
3176 2889 3331 2943 Basi-

1764 2990 1867 3042 lius
1888 2988 1987 3057 (c),
2017 2999 2127 3041 tum
2162 2998 2219 3041 ut
2248 2990 2360 3058 ipse
2390 2988 2676 3041 narrandis
2702 2985 2880 3039 amico
2914 2985 3075 3038 rebus
3100 2983 3212 3036 suis
3242 2996 3332 3036 ac-

1764 3082 2101 3149 quiesceret,
2156 3088 2264 3132 tttm
2320 3081 2443 3148 quia
2498 3079 2785 3131 maximam
2840 3092 2899 3132 se
2952 3091 3074 3131 esse
3124 3074 3333 3130 sciebat

1762 3168 2123 3237 Amphilochii
2166 3180 2375 3221 Curam.
2410 3167 2515 3220 Sed
2552 3168 2774 3221 deerant
2820 3166 2911 3235 qui
2956 3165 3165 3219 litteras
3210 3178 3333 3234 per-

139 3236 281 3293 Βλεὶιὶἰ
314 3246 643 3311 testimonia,
675 3258 734 3301 ut
765 3251 1001 3320 synodus
1046 3250 1286 3320 Nyssena
1336 3251 1403 3302 ad
1458 3266 1656 3303 annum
1686 3252 1727 3309 C
1768 3236 2007 3325 ferrent;
2040 3272 2289 3326 magnum
2319 3256 2460 3311 enim
2494 3271 2598 3309 non
2625 3267 2737 3309 era'
2769 3254 3159 3326 Cappadociam
3193 3253 3335 3309 inter

140 3330 219 3385 375
241 3346 506 3391 exeuntem
540 3337 837 3394 referatur.
866 3342 1101 3395 Arianos
1145 3341 1287 3396 enim
1336 3340 1567 3393 Basilius
1604 3341 1655 3392 in

138 3423 321 3489 epistola
365 3426 489 3491 251,
534 3432 832 3485 accersitos
860 3446 891 3486 e
933 3430 1142 3486 Galatia
1185 3445 1327 3484 anno
1381 3429 1660 3499 praeterito

139 3511 268 3569 fuisse
311 3518 435 3572 dicit
492 3537 510 3578 :
560 3520 899 3579 introductos
950 3524 1000 3578 in
1056 3525 1245 3578 urbem
1282 3524 1471 3578 eodem
1517 3537 1661 3577 anno

137 3599 270 3660 fuisse
293 3624 387 3663 non
410 3612 565 3666 dicit.

189 3696 340 3757 Minus
377 3707 765 3762 animadvertit
807 3708 1205 3775 Tillemontius,
1235 3724 1357 3764 cum
1403 3708 1658 3763 Basiliam

136 3793 362 3849 existimat
384 3812 411 3848 ιι
437 3799 677 3854 concilio
710 3800 1315 3871 Constantinopolitano
1339 3800 1404 3853 ad
1433 3798 1660 3868 conjuno

137 3883 326 3939 ctionem
358 3886 627 3944 Eustatbii
655 3906 777 3945 cum
810 3892 1031 3945 Arianis
1059 3906 1229 3944 annos
1266 3891 1453 3945 decem
1492 3901 1547 3944 et
1577 3904 1659 3943 se-

137 3986 249 4039 ptem
274 3993 369 4033 non
396 3980 585 4047 plenos
622 3998 928 4036 numerare.
962 3981 1207 4036 Totidem
1240 3983 1383 4035 enim
1413 3989 1663 4033 numerat

138 4078 270 4134 usque
317 4071 379 4125 ad
440 4072 573 4127 illud
609 4082 837 4143 tempus,
875 4088 983 4142 quo
1036 4074 1174 4128 hanc
1222 4073 1659 4144 conjunctionem

139 4156 373 4218 Eustathio
438 4168 832 4233 exprobrabat,
892 4169 1113 4221 minime
1180 4182 1307 4221 vero
1363 4181 1534 4235 usque
1595 4165 1661 4219 ad

138 4249 272 4316 ipsam
295 4259 757 4323 coniunctionem,
789 4276 908 4327 quae
957 4275 1060 4314 non
1117 4260 1277 4329 paulo
1316 4260 1554 4313 anterior
1579 4268 1663 4313 est

137 4339 315 4403 eDistola
346 4346 467 4401 251.
522 4346 664 4401 Tota
719 4364 804 4402 res
846 4348 1002 4403 facile
1056 4350 1381 4419 perspicitur
1411 4364 1475 4402 ex
1530 4350 1660 4417 ipsis

138 4427 285 4487 Basilii
318 4438 514 4495 verbis.
568 4438 701 4492 Hinc
750 4448 924 4492 autem
962 4451 1259 4506 evenerunt,
1324 4441 1498 4508 inquit
1541 4440 1657 4508 (ὁ),

139 4540 289 4596 nempe
325 4530 591 4586 Eustathii
620 4532 885 4601 depositio
919 4532 973 4586 in
996 4532 1227 4587 concilio
1267 4530 1660 4586 Constantino-

1760 3360 1813 3403 et
1841 3348 2090 3401 Pisidiam
2119 3348 2523 3401 commercium.
2556 3345 2755 3401 Nactus
2781 3348 2998 3410 tandem
3032 3344 3323 3413 Elpidium,

1760 3439 1852 3507 qui
1884 3438 1949 3490 ad
1987 3438 2175 3492 hermn
2213 3454 2368 3491 suum
2398 3440 2745 3505 properabat,
2773 3445 2831 3490 ut
2859 3445 3096 3489 structas
3129 3434 3227 3487 sibi
3264 3433 3333 3487 ab

1762 3530 1993 3583 inimicis
2031 3527 2329 3581 calumnias
2370 3528 2601 3580 dilueret
2635 3567 2649 3591 ,
2687 3528 2855 3582 utitur
2904 3528 3005 3582 hac
3059 3526 3330 3583 scribendi

1759 3622 2063 3677 occasione.
2089 3620 2437 3674 Commendat
2479 3621 2744 3688 Elpidium
2775 3622 3171 3689 Amphilochia,
3212 3622 3335 3673 bre-

1760 3715 1899 3767 viter
1946 3722 2133 3765 narrat
2174 3710 2242 3765 de
2294 3709 2480 3766 fratris
2534 3712 2745 3775 exsilio,
2794 3723 2846 3765 et
2898 3710 2964 3765 de
3016 3720 3334 3782 tempestate

1764 3805 1952 3859 Doaris
1978 3804 2234 3866 excitata,
2263 3817 2327 3855 ac
2356 3802 2424 3857 de
2457 3803 2668 3857 insidiis
2707 3803 2805 3857 sibi
2852 3803 2903 3857 in
2934 3802 3052 3856 aula
3087 3806 3329 3870 structis,

1763 3911 1898 3966 quas
1950 3905 2127 3948 tamen
2178 3909 2237 3948 se
2293 3894 2383 3948 Dei
2433 3896 2633 3947 auxilio
2681 3905 3060 3965 superaturum
3122 3904 3327 3965 sperat.

1764 3986 2052 4040 Absolutus
2090 3993 2207 4039 erat
2248 3984 2385 4039 liber
2432 3984 2507 4039 De
2548 3984 2752 4051 Spiritu
2808 3996 3024 4049 sancta,
3067 3995 3127 4037 ut
3169 4000 3329 4054 supra

1763 4076 2016 4139 diximus,
2069 4090 2241 4145 neque
2272 4075 2324 4128 id
2357 4076 2556 4129 latebat
2582 4076 3039 4141 Amphilochium.
3066 4073 3171 4129 Sed
3206 4089 3327 4130 cum

1765 4170 1808 4223 is
1842 4168 2080 4221 librariis
2109 4166 2288 4220 Basilii
2325 4166 2688 4235 praecepisset,
2715 4176 2771 4218 ut
2802 4167 2902 4219 boc
2927 4181 3060 4234 opus
3087 4167 3139 4221 in
3170 4180 3334 4219 mem-

1764 4260 1950 4312 branis
1984 4257 2374 4320 describerent,
2408 4254 2639 4309 Basilius
2672 4255 2904 4323 cognitis
2930 4255 3074 4309 illius
3108 4254 3333 4307 manda-

1766 4352 1852 4414 tis,
1883 4350 2093 4419 Elpidio
2122 4346 2500 4417 perferendum
2532 4362 2639 4401 non
2670 4348 2838 4408 dedit,
2884 4348 2977 4400 sed
3021 4344 3170 4399 brevi
3208 4344 3335 4396 mis-

1763 4457 1948 4495 surum
2001 4457 2059 4495 se
2114 4441 2407 4509 promittit,
2466 4440 2623 4493 modo
2672 4439 3039 4502 nanciscatur,
3094 4435 3180 4491 cui
3221 4445 3335 4491 tuto

1766 4536 1934 4603 possit
1965 4534 2245 4589 committi.

139 4617 353 4685 polilano,
388 4620 618 4691 ejusque
672 4598 933 4676 adversus
965 4624 1101 4676 hanc
1135 4623 1402 4691 synodum
1444 4621 1657 4680 litteris,
1692 4598 1737 4652 D
1767 4598 1781 4603 _
1839 4626 2051 4694 Scripta
2084 4634 2169 4681 est
2203 4627 2315 4682 haec
2350 4626 2571 4695 epistola
2596 4624 2723 4689 251,
2763 4638 2902 4677 anno
2930 4622 3035 4679 375
3068 4629 3298 4676 exeunte
3319 4662 3333 4675 ο

137 4717 228 4759 ante
247 4712 404 4765 decem
435 4726 485 4768 et
507 4724 705 4782 septem
738 4730 837 4766 non
868 4724 1079 4767 exactos
1093 4728 1279 4765 annos.
1330 4709 1659 4765 Numerandi

138 4808 237 4863 ergo
273 4803 339 4856 illi
367 4810 554 4859 decem
603 4814 661 4857 et
708 4815 914 4874 septem
958 4804 1083 4859 anni
1122 4817 1292 4872 usque
1323 4804 1391 4857 ad
1426 4815 1659 4873 tempus,

139 4903 219 4959 quo
241 4896 491 4951 scribebat
520 4895 759 4950 Basilius
794 4897 1072 4964 epistolam
1098 4895 1224 4949 251.

188 4980 491 5043 Probabilior
521 4998 675 5043 esset
718 4989 877 5042 ducta
914 4990 1049 5043 ratio
1085 5004 1151 5043 ex
1200 4989 1431 5045 concilio
1481 4987 1658 5043 media

139 5069 276 5131 hieme
300 5092 615 5143 convocato,
648 5082 694 5135 si
747 5081 863 5134 hazc
893 5081 1052 5135 verba
1097 5081 1261 5137 latius
1312 5079 1657 5151 interpretari

143 5181 218 5219 non
259 5170 452 5227 lieeret.
478 5177 549 5230 At
608 5177 767 5230 facile
813 5186 896 5229 est
946 5176 1048 5230 hoc
1106 5176 1223 5231 loco
1271 5192 1375 5230 non
1431 5174 1660 5230 mediam

142 5254 294 5316 hiemis
320 5277 546 5333 partem,
575 5270 677 5322 sed
706 5269 961 5333 medium,
996 5268 1046 5321 id
1074 5277 1178 5329 est,
1207 5269 1460 5322 acerbum
1494 5266 1664 5337 frigus

142 5344 408 5423 intelligere.
464 5358 659 5413 Hiems
708 5360 851 5413 cnim
901 5360 1097 5413 dicitur
1141 5361 1390 5413 acerbum
1448 5357 1655 5427 frigus;

142 5445 247 5498 unde
270 5446 484 5505 Basilius
516 5450 892 5519 longissimam
919 5464 1041 5503 esse
1076 5449 1306 5503 hiemem
1333 5448 1575 5518 queritur
1605 5448 1658 5502 in

140 5535 395 5599 epistlit.
448 5544 732 5599 interdum
767 5560 889 5600 sero
933 5544 1217 5599 admodum
1263 5542 1556 5597 decedebat
1607 5543 1657 5597 iu

190 5714 250 5787 (tt)
282 5719 363 5787 Ep.
390 5724 511 5777 257.

190 5785 251 5856 (δ)
280 5785 365 5861 Ep.
391 5794 515 5861 201,
541 5810 574 5848 n
620 5795 680 5847 ’2.

1766 4729 1849 4773 est
1881 4720 2025 4773 enim
2060 4720 2327 4773 vetustior
2356 4718 2721 4772 ducentesima
2761 4716 3033 4769 tricesima
3070 4714 3353 4776 secundm.

1766 4824 1884 4879 quas
1925 4811 2104 4865 missis
2140 4811 2207 4864 ab
2251 4809 2624 4877 Amphilochia
2667 4808 2733 4861 ad
2776 4806 2965 4861 Natale
2997 4804 3203 4859 Domini
3249 4803 3336 4857 lit-

1769 4902 1899 4954 teris
1949 4902 2257 4969 respondet.
2310 4898 2405 4954 His
2445 4901 2641 4954 litteris
2684 4897 3092 4967 Amphilochius
3139 4893 3332 4963 adjun-

1765 5002 1920 5045 xerat
1964 4992 2300 5058 munuscula,
2344 5007 2534 5056 nempe
2566 4986 2839 5059 lampenas
2866 5000 2919 5045 et
2952 4989 3195 5043 bellaria.
3231 4986 3338 5039 Re—

1768 5082 1994 5151 spondet
2025 5082 2253 5136 Basilius
2293 5084 2394 5137 sibi
2444 5084 2583 5137 diem
2628 5080 2819 5136 festum
2850 5094 2995 5142 esse,
3028 5080 3336 5149 quicunque

1769 5174 1977 5231 litteras
2063 5174 2251 5230 aﬁ‘erat
2308 5176 2703 5244 Amphilocbii;
2757 5175 2851 5229 sed
2903 5173 3172 5241 adjtmctis
3228 5170 3335 5224 diei

1773 5265 1895 5320 festi
1930 5268 2187 5337 symbolis
2230 5268 2421 5323 festum
2475 5269 2731 5323 festorum
2762 5281 2901 5333 esse,
2944 5275 3005 5319 ut
3050 5263 3189 5334 apud
3236 5260 3333 5316 Ju-

1768 5360 1914 5413 dazos
1947 5360 2181 5414 Sabbata
2228 5358 2605 5415 Sabbatorum.
2647 5358 2824 5413 Etiam
2857 5368 3021 5427 atque
3049 5358 3211 5410 etiam
3247 5369 3333 5409 ro-

1768 5460 1858 5517 gat
1900 5458 1957 5504 ut
1998 5466 2055 5505 se
2092 5452 2322 5506 invisere
2352 5467 2455 5505 non
2488 5461 2762 5520 gravetur.
2802 5449 2947 5503 Illius
2978 5458 3163 5502 autem
3211 5462 3331 5499 mu-

1770 5559 1898 5597 nera
1956 5544 2035 5599 sic
2086 5546 2491 5615 interpretatur,
2553 5544 2707 5614 quasi
2762 5544 2989 5599 validam
3048 5538 3327 5611 Amphiloo

1845 5728 1912 5795 (ρ)
1955 5726 2049 5797 Ep.
2077 5727 2201 5783 9.5L
