4074 6312
704 360 845 400 CN."

2050 333 2567 405 ruonecdussa.

707 465 864 521 chius
906 472 1159 531 precatus
1189 474 1333 518 esset
1377 475 1725 531 senectutem,
1766 466 2025 533 lampenis
2062 470 2274 538 quidem
2307 475 2349 530 Α
2385 471 2611 523 tuemlos
2641 467 2822 521 vicarii
2854 476 3011 520 nutus
3038 464 3412 520 adducturum.
3444 466 3569 520 Erat
3600 464 3713 517 hare
3748 466 3945 522 civitas

710 555 976 609 hortando
1020 555 1087 609 ad
1151 565 1443 610 nocturnos
1512 556 1754 622 labores,
1810 556 2043 612 bellariis
2091 572 2265 612 autem

707 647 938 699 validum
992 662 1109 701 esse
1154 650 1401 701 omnibus
1452 650 1707 704 membris
1751 660 1803 703 et
1853 653 2128 705 robustum
2178 652 2268 717 ju-

706 737 899 788 bendo.
923 737 1038 789 .Iam
1062 737 1203 789 enim
1235 738 1565 805 prmterierat
1594 752 1721 794 tetas
1750 741 1811 793 ad
1846 743 2078 797 rodenda
2110 741 2270 796 bella-

709 827 810 891 ria,
840 829 1036 881 dudum
1070 830 1317 883 contritis
1349 831 1532 885 morbo
1560 842 1614 885 et
1640 842 1901 886 vetustate
1930 837 2195 889 dentibus.

778 919 1089 974 Gratulatur
1146 922 1403 984 Basilius,
1460 926 1602 990 quod
1657 936 1709 979 et
1772 939 1900 977 sano
1953 941 2175 992 corpore
2217 935 2269 979 et

707 1011 885 1075 quieta
941 1008 1181 1063 Ecclesia
1244 1012 1651 1077 Amphilochius
1702 1014 1955 1071 salutaris
2013 1018 2268 1070 lncarua-

707 1102 868 1155 tionis
911 1105 1222 1156 memoriam
1255 1105 1630 1160 celebraverit.
1672 1107 1824 1160 Unde
1857 1111 2051 1178 conjici
2092 1118 2272 1178 posset

706 1193 984 1260 scripsisse
1030 1194 1456 1259 Amphilochium
1506 1207 1620 1266 post
1658 1195 1840 1250 Natale
1892 1200 2120 1253 Domini.
2161 1196 2265 1251 Sed

707 1284 860 1349 longe
900 1285 1221 1351 probabilius
1266 1296 1348 1339 est
1386 1286 1635 1342 Basiliqu
1673 1288 1785 1341 lucc
1819 1289 2071 1358 gratulari
2107 1289 2266 1342 ducta

705 1391 770 1427 ex
806 1376 997 1429 litteris
1040 1378 1198 1445 paulo
1239 1392 1363 1431 ante
1395 1380 1581 1432 Natale
1624 1378 1833 1433 Domini
1876 1381 2091 1446 scriptis
2138 1397 2270 1434 con-

705 1465 930 1519 iectura.
961 1466 1092 1521 Nam
1128 1470 1241 1535 ipsa
1274 1470 1628 1538 Amphilochii
1672 1486 1890 1523 munera
1920 1472 2172 1523 videntur
2200 1473 2269 1525 ad

707 1557 880 1625 ipsum
933 1558 1073 1613 diem
1127 1559 1325 1626 missa,
1360 1571 1413 1615 et
1456 1562 1557 1615 dici
1622 1560 1860 1614 laetitiam
1925 1577 2027 1615 non
2083 1577 2269 1630 parum

706 1649 940 1710 auxisse,
970 1658 1025 1700 ut
1063 1653 1385 1718 perSpicizur
1414 1667 1479 1704 ex
1512 1652 1596 1714 his
1630 1669 1748 1719 quae
1776 1669 1935 1720 supra
1969 1654 2269 1707 retulimus.

708 1740 918 1807 Scripta
951 1756 1080 1812 ergo
1114 1744 1224 1797 haec
1253 1744 1473 1811 epistola
1519 1744 1642 1807 259.,
1676 1744 1758 1797 vel
1803 1746 1900 1797 sub
1944 1744 2099 1797 finem
2145 1748 2271 1800 anni

2378 563 2551 629 magni
2603 563 2671 615 ad
2706 576 2815 614 rem
2851 558 3267 613 ecclesiasticam
3320 558 3599 619 momenti,
3658 565 3768 608 tum
3816 562 3941 622 quia

2376 663 2533 719 caput
2564 662 2682 705 crat
2710 652 2998 711 Armenia).
3030 660 3140 702 tum
3176 648 3297 716 quia
3331 661 3621 720 martyrum
3659 648 3785 701 olim
3823 662 3945 697 san-

2376 744 2535 811 guine
2569 743 2856 805 illustrala,
2894 752 2949 797 et
2991 755 3018 793 a
3065 739 3522 808 prmstantissitnis
3549 739 3812 809 episc0pis
3849 739 3943 789 ha-

2374 844 2563 886 etenus
2594 835 2912 903 gubernata,
2940 831 3115 884 nutrix
3141 840 3256 883 erat
3288 829 3502 896 pietatis
3528 842 3579 882 et
3604 831 3767 884 veluti
3795 842 3943 881 same

2376 925 2637 978 doctrina:
2677 923 3009 990 metropolis,
3039 931 3097 976 ut
3130 919 3365 989 appellat
3393 919 3618 974 Basilius
3643 922 3740 991 (ὁ).
3775 922 3943 989 Digna

2375 1028 2502 1082 ergo
2549 1013 2660 1064 visa
2699 1022 2779 1065 est
2820 1013 3067 1076 Arianis,
3118 1025 3275 1079 quam
3326 1012 3376 1063 in
3413 1021 3736 1078 potestatem
3790 1025 3942 1065 suam

2378 1108 2698 1175 redigerent,
2732 1116 2822 1157 aut
2866 1106 3010 1158 omni
3061 1105 3265 1159 scelere
3314 1104 3702 1172 perturbarent.
3741 1104 3945 1157 Fronto

2382 1215 2523 1252 unus
2548 1214 2612 1251 ex
2649 1197 2982 1266 presbyteris
3015 1199 3269 1263 civitatis,
3303 1198 3390 1266 qui
3421 1196 3661 1251 veritatis
3689 1196 3945 1249 defensor

2376 1290 2521 1342 visus
2573 1289 2832 1340 hactenus
2881 1287 3052 1339 fuerat
3092 1288 3160 1356 (ε)
3189 1329 3204 1354 ,
3248 1300 3527 1357 postquam
3580 1286 3811 1340 Arianos
3861 1288 3943 1339 \i-

2377 1382 2506 1435 carii
2544 1380 2863 1433 auctoritate
2899 1378 3062 1432 fretos
3093 1380 3159 1431 ad
3192 1382 3421 1433 dandum
3460 1382 3573 1434 urbi
3626 1381 3943 1445 episc0pum

2377 1476 2585 1528 venisse
2625 1473 2891 1542 cognovit,
2929 1471 3099 1523 victus
3155 1472 3447 1524 ambitione
3496 1473 3710 1523 tradidit
3746 1486 3803 1523 se
3840 1470 3946 1521 iiii-

2378 1569 2531 1621 micis
2564 1566 2779 1630 Christi,
2812 1574 2864 1617 et
2896 1566 3102 1633 ejurata
3132 1563 3232 1617 [ide
3274 1563 3532 1617 catholica
3562 1565 3936 1632 episcopatum

2378 1660 2445 1712 ab
2478 1658 2579 1711 illis
2613 1664 2878 1710 mercatus
2905 1664 3004 1709 est.

2451 1750 2560 1803 Hoc
2599 1751 2740 1803 enim
2786 1749 2956 1818 pretio
2998 1748 3363 1817 episcopatum
3412 1745 3481 1799 illi
3518 1748 3826 1803 constitisse
3875 1767 3942 1804 ex

704 1829 831 1895 575,
873 1834 919 1887 si
956 1843 1080 1887 tunc
1111 1835 1294 1888 Natale
1335 1835 1541 1888 Domini
1574 1836 1659 1888 die
1698 1836 2003 1889 Decembris
2032 1835 2101 1889 25
2132 1837 2271 1891 cele-
2304 1838 2347 1892 Β
2376 1842 2613 1909 pluribus
2651 1840 2831 1894 Basilii
2878 1841 3191 1895 testimoniis
3237 1840 3579 1908 perspicitur.
3638 1841 3804 1896 Miser
3850 1844 3946 1897 ille

706 1920 1001 1985 brabatnr;
1037 1923 1115 1975 vel
1160 1924 1374 1977 ineunte
1414 1940 1557 1977 anno
1586 1925 1710 1989 576,
1742 1927 1783 1978 si
1814 1924 1929 1977 dies
1983 1926 2070 1979 ille
2102 1925 2274 1981 festus

707 2028 828 2067 cum
859 2013 1151 2083 Epiphania
1196 2015 1642 2085 eonjungebatur.
1674 2016 1833 2071 Certe
1878 2019 2144 2085 posterior
2194 2030 2276 2078 est

707 2104 907 2168 litteris.
932 2120 1027 2174 per
1072 2106 1332 2175 Elpidiuni
1373 2109 1571 2169 missis,
1618 2108 1668 2159 in
1716 2108 1908 2175 quibus
1953 2108 2183 2164 Basilius
2223 2114 2277 2163 e't

705 2197 914 2249 veniam
946 2201 1097 2264 petit,
1148 2200 1289 2266 quod
1332 2199 1537 2268 jamdiu
1583 2214 1686 2253 non
1735 2202 2063 2269 scripsisset,
2107 2212 2164 2257 et
2210 2204 2275 2256 de

706 2289 1084 2356 persecutione
1129 2289 1385 2359 loquitur,
1434 2300 1493 2343 ut
1539 2291 1605 2345 de
1649 2307 1707 2346 re
1758 2294 2082 2348 uberrimam
2136 2294 2274 2347 scri-

706 2378 865 2434 bendi
898 2382 1176 2435 materiam
1214 2382 1609 2451 suppeditante,
1643 2385 1736 2437 sed
1773 2394 1943 2438 tamen
1990 2385 2268 2451 Amphilo-

705 2472 831 2525 chio
873 2474 1109 2527 nondum
1145 2476 1412 2540 nuntiata,
1456 2490 1519 2530 eo
1563 2483 1705 2543 quod
1751 2478 2001 2531 deessent
2042 2477 2136 2547 qui
2182 2476 2276 2533 lit-

709 2572 853 2616 teras
880 2564 1200 2632 perferrent.

779 2652 949 2708 Simul
990 2672 1111 2709 cum
1157 2658 1382 2726 epistola
1426 2659 1533 2714 252
1566 2661 1707 2714 misit
1740 2660 1972 2717 Basilius
2002 2678 2272 2717 commen-

709 2747 928 2813 tarium,
956 2748 1008 2802 in
1046 2764 1153 2819 quo
1185 2752 1345 2805 variis
1375 2752 1733 2821 Amphilochii
1776 2758 2159 2824 quzestionibus
2186 2773 2272 2811 sa-

709 2838 957 2893 tisfacere
988 2852 1210 2895 conatus
1248 2842 1451 2907 fuerat,
1493 2856 1749 2911 quantum
1797 2864 1891 2915 per
1940 2857 2149 2915 tempus
2202 2848 2263 2901 li-

708 2941 909 2983 cuerat.
941 2931 1091 2996 Quod
1116 2934 1347 2997 quidem,
1386 2936 1581 3000 inquit,
1605 2940 1673 2988 ad
1701 2938 2020 3008 interrogata
2047 2942 2271 2995 attinet:

712 3022 867 3091 facta:
905 3034 1025 3077 sunt
1074 3025 1130 3078 in
1182 3028 1552 3081 commentario
1605 3031 1960 3097 responsiones
2001 3036 2272 3103 quoniam,

711 3115 893 3184 quales
926 3118 1092 3182 potui,
1118 3127 1165 3170 et
1202 3127 1257 3169 ut
1296 3134 1386 3186 per
1415 3128 1611 3187 tempus
1644 3120 1810 3175 licuit.
1856 3122 1932 3176 Ex
1971 3124 2054 3178 his
2100 3127 2275 3180 verbis

2378 1932 2599 1995 Fronto,
2643 1932 2812 1999 inquit
2853 1933 2903 1983 in
2961 1933 3118 1999 epist.
3149 1932 3272 1995 239,
3305 1936 3392 2000 qui
3429 1934 3574 1999 prius
3602 1936 3811 2001 quidem
3850 1938 3945 1988 de-

2376 2025 2659 2094 fensionem
2687 2022 3019 2076 simulaverat
3051 2026 3298 2089 veritatis,
3332 2026 3540 2077 tandem
3574 2030 3793 2091 turpiter
3826 2045 3948 2094 pro-

2374 2116 2533 2179 didit,
2559 2123 2608 2167 ει
2651 2114 2805 2182 ﬁdem
2850 2122 2897 2167 et
2936 2115 3183 2179 seipsum.
3216 2112 3277 2165 Et
3327 2117 3376 2167 in
3412 2117 3567 2181 epist.
3596 2117 3721 2181 240,
3769 2136 3824 2172 n.
3854 2120 3889 2172 5
3928 2132 3945 2171 :

2375 2206 2508 2260 Cum
2552 2217 2884 2275 speraverant
2930 2207 3204 2273 adepturos
3244 2221 3296 2257 se
3348 2206 3551 2259 inanem
3596 2210 3746 2261 illum
3792 2213 3943 2275 prin-

2376 2298 2625 2364 cipatum,
2658 2296 3008 2364 adjunxerunt
3042 2312 3095 2347 se
3132 2295 3358 2348 inimicis
3390 2294 3602 2351 Christi.
3631 2298 3732 2352 Ubi
3760 2302 3938 2356 vident

2374 2389 2589 2455 populos
2620 2390 2697 2439 ira
2728 2388 2996 2454 efferatos,
3041 2402 3222 2439 rursus
3258 2388 3503 2441 simulant
3543 2402 3728 2442 rectam
3762 2388 3941 2455 ﬁdem.

2376 2480 2499 2535 Haec
2530 2496 2664 2534 nova
2704 2479 2824 2532 ﬁdei
2859 2489 3017 2533 recta:
3046 2480 3318 2534 simulatio
3354 2482 3419 2534 ad
3447 2481 3692 2549 populum
3722 2480 3948 2548 placan-

2375 2572 2519 2633 dum,
2546 2582 2859 2639 argumento
2889 2582 2969 2624 est
2998 2581 3154 2624 antea
3198 2572 3521 2625 Frontonem
3570 2571 3786 2637 impiam
3832 2574 3946 2626 ha:-

2374 2661 2532 2713 resim
2562 2660 2859 2727 professum
2909 2662 3103 2726 fuisse;
3138 2664 3276 2714 unde
3322 2662 3511 2713 merito
3555 2660 3785 2716 Basilius
3833 2665 3939 2717 ibi-

2374 2750 2490 2804 dem
2525 2752 2601 2804 ait
2629 2752 2777 2805 illum
2806 2752 3042 2820 profanis
3071 2752 3317 2807 manibus
3344 2752 3409 2802 ad
3439 2752 3774 2805 eversionem
3817 2754 3940 2807 tidei

2375 2843 2677 2897 ordinatum
2707 2844 2888 2897 fuisse.
2910 2842 3045 2909 Quin
3066 2843 3225 2895 etiam
3252 2858 3371 2897 eum
3404 2842 3460 2898 S.
3487 2843 3645 2899 Pater
3666 2849 3945 2900 existimat

2376 2951 2649 3005 nunquam
2688 2951 2809 2989 vere
2850 2946 2904 2989 et
2952 2950 3019 2987 ex
3064 2935 3247 2989 animo
3282 2939 3561 2991 veritatem
3603 2940 3938 2999 defendisse,

2377 3028 2467 3082 sed
2510 3025 2770 3081 commodi
2812 3027 2893 3079 sui
2927 3042 3125 3092 causa;
3159 3044 3224 3082 ac
3258 3039 3368 3081 tum
3400 3030 3612 3083 demum
3658 3045 3778 3084 sese
3815 3045 3943 3096 ape-

2383 3118 2574 3181 ruisse,
2604 3116 2690 3169 ubi
2727 3116 2861 3170 vidit
2896 3132 2952 3171 se
2998 3120 3248 3173 secundis
3301 3122 3607 3173 Arianorum
3658 3121 3834 3173 ventis
3880 3122 3943 3172 ad

712 3206 1089 3273 cognoscimus
1136 3216 1345 3274 tempus
1382 3218 1613 3275 quatuor
1664 3209 1848 3263 Basilii
1896 3213 2237 3279 epistolarum
2260 3253 2273 3274 ,
2304 3188 2347 3245 θ
2384 3208 2615 3260 honores
2644 3209 2858 3276 pervehi
2892 3224 3069 3278 posse.
3100 3212 3251 3266 Patet
3283 3213 3331 3266 id
3371 3228 3488 3264 cum
3519 3226 3582 3262 ex
3614 3211 3944 3265 testimoniis

711 3310 903 3365 nempe
930 3295 1054 3359 255,
1088 3295 1213 3361 254,
1244 3297 1347 3349 255
1370 3308 1424 3350 et
1460 3298 1584 3350 256.
1614 3300 1749 3351 Nam
1778 3316 1897 3351 cum
1928 3315 2024 3353 nec
2069 3301 2275 3353 initium

712 3404 812 3443 nec
858 3388 1151 3442 clausulam
1191 3389 1457 3452 habeant,
1505 3404 1624 3458 quat
1656 3389 1901 3458 epistolis
1931 3383 2275 3453 conveniant,

714 3496 810 3535 nec
843 3482 1132 3549 quidquam
1164 3483 1228 3534 de
1262 3480 1445 3534 Basilii
1482 3490 1574 3533 aut
1603 3481 1960 3549 Amphilochii
2010 3482 2170 3537 rebus
2198 3482 2280 3535 Jo-

713 3584 969 3645 quantur,
1010 3575 1102 3629 sed
1149 3584 1355 3626 tantum
1395 3574 1750 3641 Amphilochii
1802 3575 2141 3644 interrogatis
2191 3590 2276 3628 re-

716 3666 1043 3737 spondeant;
1084 3666 1172 3719 vix
1216 3666 1430 3719 dubium
1462 3667 1590 3733 quin
1622 3681 1686 3719 ex
1722 3681 1806 3733 eo,
1847 3669 1988 3736 quod
2027 3667 2275 3730 diximus,

716 3761 1129 3821 commentario,
1181 3759 1233 3812 in
1284 3773 1391 3827 quo
1436 3757 1664 3813 Basilius
1706 3757 2067 3826 Amphilochii
2116 3758 2279 3811 inter-

714 3858 897 3919 rogata
932 3849 1277 3916 explanabat,
1322 3851 1474 3903 iacta:
1505 3852 1612 3902 sint
1664 3850 2005 3903 librariorum
2056 3850 2282 3905 arbitrio

714 3951 942 4011 quatuor
974 3940 1233 4008 epistolas.
1263 3938 1320 3993 In
1355 3941 1524 4007 prima
1561 3942 1900 3993 demonstrat
1932 3942 2129 3995 bonum
2163 3942 2282 4011 qui-

716 4037 836 4088 dem
873 4048 993 4087 esse
1018 4042 1252 4086 mentem
1284 4040 1337 4085 et
1368 4032 1562 4085 mentis
1601 4031 1994 4098 operationem,
2028 4048 2276 4098 eamque,

714 4121 761 4175 si
811 4119 1012 4188 Spiritu
1065 4130 1250 4175 sancto
1295 4135 1353 4175 se
1404 4121 1609 4185 tradat,
1653 4118 1719 4173 ad
1777 4119 1867 4172 Dei
1916 4122 2277 4189 cognitiOnem

714 4212 888 4274 evehi,
918 4213 1009 4265 sed
1047 4222 1223 4265 tamen
1271 4222 1474 4265 tantum
1522 4226 1867 4282 cognoscere,
1908 4222 2166 4280 quantum
2201 4212 2279 4266 fas

712 4312 798 4356 est
844 4303 1106 4356 infinitam
1158 4306 1495 4369 majestatem
1550 4322 1581 4360 a
1639 4307 1952 4361 tenuissimo
2008 4305 2277 4373 cognosci.

713 4387 773 4441 in
812 4390 1045 4443 secunda
1089 4390 1282 4443 refellit
1312 4392 1450 4445 hanc
1485 4393 1883 4449 cavillationem
1918 4394 2279 4447 Eunomiano-

715 4494 857 4546 rum,
898 4482 1095 4534 colisne
1124 4484 1263 4551 quod
1314 4485 1471 4549 nosti,
1516 4501 1584 4537 an
1629 4486 1767 4554 quod
1801 4486 2056 4554 ignoras?
2105 4485 2281 4539 Refel-

716 4572 901 4627 luntur
949 4574 1107 4628 iidem
1159 4575 1208 4627 in
1257 4576 1412 4629 tertia
1464 4575 1797 4631 Eunomiani.
1847 4576 2047 4642 Quarta
2103 4579 2280 4633 varias

715 4666 932 4733 expedit
982 4669 1329 4736 quaestiones.
1380 4668 1528 4723 Hanc
1583 4668 1770 4722 ultimo
1811 4668 1928 4723 loco
1981 4670 2275 4737 posuimus,

715 4759 841 4827 quia
893 4760 980 4812 ubi
1032 4760 1179 4812 venit
1210 4760 1275 4813 ad
1314 4761 1659 4829 quasstionem
1716 4760 1781 4813 de
1829 4743 1960 4824 fato,
2008 4760 2277 4814 defessum

714 4865 774 4905 se
806 4865 925 4905 esse
970 4851 1241 4915 signiﬁcat
1288 4851 1365 4921 (η.
1392 4850 1469 4920 5),
1513 4865 1737 4919 eamque
1770 4850 2169 4920 praetermittit,
2219 4860 2280 4905 ut

717 4955 816 5009 pro
868 4944 1114 5008 praesenti
1167 4956 1263 4994 sna
1319 4942 1595 4996 debilitate
1648 4943 1939 5013 longiorem
1984 4961 1997 4996 :
2049 4957 2115 4996 ex
2171 4957 2277 5010 quo

717 5040 866 5101 patet
910 5032 1007 5086 has
1048 5034 1392 5100 quaestiones,
1425 5048 1543 5101 quae
1592 5035 1643 5087 in
1682 5042 1869 5102 quarta
1902 5033 2125 5101 epistola
2165 5043 2275 5085 tra-

714 5133 947 5189 ctantur,
1000 5126 1241 5180 omnium
1292 5134 1591 5194 postremas
1628 5126 1678 5178 in
1733 5125 2116 5178 commentario
2163 5134 2277 5178 tra-

712 5226 884 5271 t'tatas
905 5217 1085 5270 fuisse.

786 5308 851 5361 ll.
888 5310 1092 5378 Agmen
1126 5308 1253 5363 illud
1284 5306 1626 5369 Arianorum,
1654 5308 1793 5376 quod
1839 5321 1959 5360 cum
1988 5304 2272 5358 Eustathio

714 5398 1012 5468 Nicopolim
1068 5402 1280 5454 venisse
1345 5402 1576 5454 diximus
1632 5400 1786 5452 initio
1849 5398 1973 5451 anni
2020 5396 2144 5460 576,
2198 5395 2279 5449 vel

716 5498 946 5544 exeunte
970 5490 1097 5555 575,
1129 5490 1446 5559 promiserat
1486 5492 1563 5562 (a)
1611 5506 1668 5546 se
1698 5491 1835 5545 hanc
1884 5488 2065 5543 urbem
2097 5487 2161 5541 ad
2194 5489 2279 5541 in-

789 5709 863 5778 ιιι)
905 5710 999 5778 Ep.
1021 5712 1141 5774 9.5!,
1184 5729 1235 5766 u.
1263 5714 1313 5768 5.

792 5782 864 5847 (ὁ)
908 5783 1001 5850 Ep.
1026 5783 1148 5837 248.

2380 3301 2535 3352 modo
2567 3298 2764 3364 allatis,
2790 3308 2901 3352 tum
2927 3304 3154 3357 maxime
3180 3320 3246 3357 ex
3288 3304 3370 3355 his
3403 3301 3576 3354 verbis
3600 3302 3757 3368 epist.
3786 3302 3894 3357 958
3931 3323 3941 3355 :

2377 3392 2451 3443 Ac
2488 3392 2579 3444 ille
2607 3394 2815 3458 quidem
2848 3394 3005 3447 totius
3038 3411 3147 3447 sua:
3192 3396 3307 3445 vita:
3351 3392 3680 3458 manifestum
3726 3398 3945 3463 protulit

2381 3484 2636 3536 indicium
2666 3501 2729 3537 ea:
2756 3489 2997 3551 pra'senti
3028 3484 3265 3547 consilio,
3305 3500 3568 3551 nunquam
3615 3486 3855 3537 uidelicet
3894 3501 3947 3536 se

2381 3575 2577 3627 vixisse
2606 3578 2659 3626 in
2703 3594 2789 3642 spe
2819 3580 3159 3643 repositorum
3190 3576 3335 3628 nobis
3371 3578 3770 3644 promissionum
3806 3578 3945 3641 apud

2379 3665 2692 3727 Dominum;
2721 3669 2809 3719 sed
2831 3669 2875 3719 si
2912 3669 3037 3733 quid
3076 3668 3175 3719 sibi
3201 3679 3552 3732 aucuparetur
3590 3667 3945 3717 humanarum

2378 3773 2571 3821 rerum,
2599 3769 2645 3810 et
2679 3761 2827 3812 verba
2866 3759 2989 3825 ﬁdei
3030 3768 3077 3811 et
3114 3767 3455 3810 commentum
3489 3757 3721 3824 pietatis,
3770 3759 3945 3810 omnia

2380 3850 2599 3919 denique
2644 3854 2712 3903 ad
2759 3851 2929 3903 obvios
2976 3865 3200 3918 quosque
3250 3848 3579 3917 decipiendos
3625 3850 3943 3902 elaborasse.

2383 3936 2496 3989 Non
2567 3940 2865 3993 certissima
2922 3938 3137 3992 videtur
3188 3939 3302 3992 haec
3358 3939 3585 3991 rationis
3641 3941 3941 3994 conclusio.

2383 4028 2520 4083 Fieri
2564 4031 2704 4081 enim
2740 4041 2933 4098 potest,
2975 4042 3032 4083 ut
3070 4032 3157 4098 qui
3200 4031 3481 4083 veritatem
3515 4030 3728 4083 sincero
3759 4035 3940 4083 animo

2382 4121 2471 4173 diu
2504 4122 2761 4183 defendit,
2806 4121 2988 4175 oblato
3022 4124 3241 4190 praemio
3274 4123 3518 4176 haeresim
3565 4122 3944 4187 amplectatur.

2381 4211 2485 4264 Sed
2531 4212 2668 4264 forte
2697 4213 2815 4264 aliae
2858 4215 3117 4267 suberant
3164 4230 3375 4277 causae,
3420 4229 3515 4265 cur
3561 4214 3628 4265 de
3676 4211 3948 4267 Frontone

2382 4302 2609 4356 Basilius
2656 4304 2760 4356 hoc
2790 4303 3053 4371 judicium
3104 4304 3288 4364 ferret,
3334 4305 3597 4370 imprimis
3641 4306 3946 4357 arctissima

2383 4395 2611 4447 hominis
2652 4410 2772 4448 cum
2815 4394 3092 4448 Eustathio
3124 4394 3418 4447 Sebasteno
3449 4396 3706 4447 amicitia.
3737 4395 3935 4459 Quanti

2384 4486 2525 4537 enim
2584 4485 2906 4538 Frontonem
2960 4485 3160 4539 faceret
3214 4484 3555 4549 Eustathius,
3610 4502 3711 4540 non
3765 4484 3941 4538 solum

2394 4570 2615 4623 nefariis
2654 4572 3140 4625 machinationibus
3183 4573 3232 4625 in
3269 4588 3333 4626 eo
3359 4576 3423 4627 ad
3456 4576 3823 4643 episcopatum
3853 4591 3948 4642 pcr

2387 4662 2468 4721 [as
2494 4672 2548 4715 et
2579 4663 2728 4715 nefas
2770 4664 3031 4718 tradendo
3064 4665 3377 4727 declaravit,
3407 4666 3500 4719 sed
3540 4666 3696 4719 etiam
3741 4666 3947 4719 eximio

2386 4754 2583 4806 amoris
2633 4755 2961 4819 testimonio,
3011 4756 3149 4823 quod
3204 4756 3249 4808 ei
3291 4768 3408 4824 post
3462 4756 3741 4809 formulam
3790 4757 3945 4821 ﬁdei,

2387 4860 2503 4912 qua:
2532 4856 2611 4900 est
2652 4846 2835 4900 Basilii
2869 4846 3089 4916 epistola
3144 4847 3263 4911 125,
3296 4848 3556 4900 exhibuit.
3594 4847 3642 4901 Is
3679 4848 3824 4900 enim
3866 4850 3949 4900 vi-

2383 4938 2541 4991 detur
2579 4954 2717 5001 esse,
2764 4954 2921 5006 quem
2969 4936 3282 4993 Eustathius
3336 4938 3655 4991 Frontonem
3701 4948 3945 4991 nostrum

2386 5031 2636 5099 appellat.
2665 5032 2839 5096 Quare
2882 5031 3115 5096 suspicio
3149 5039 3266 5083 erat
3299 5046 3439 5091 eum,
3482 5044 3601 5082 cum
3639 5030 3689 5081 in
3737 5029 3947 5083 intimis

2384 5134 2526 5175 esset
2578 5123 2868 5184 Eustathii,
2920 5122 3059 5175 illius
3095 5123 3254 5175 etiam
3304 5134 3577 5183 errorum,
3629 5134 3767 5187 quos
3825 5120 3945 5172 ﬁdis

2388 5216 2575 5267 amicis
2610 5216 2884 5275 credebat,
2912 5215 3186 5267 conscium
3238 5212 3418 5277 fuisse,
3450 5213 3671 5280 ejusque
3698 5213 3947 5279 exemplo

2386 5321 2528 5358 nunc
2557 5306 2830 5358 veritatem
2864 5306 3161 5374 compendii
3195 5305 3275 5359 sui
3306 5320 3490 5369 causa,
3525 5317 3666 5358 nunc
3702 5317 3942 5356 errorem

2386 5396 2703 5449 defendisse.

2454 5487 2539 5541 lll.
2584 5486 2723 5540 Nihil
2772 5487 2954 5541 nocuit
2984 5483 3368 5555 Nicopolitanis
3406 5478 3670 5538 Eustatltii
3700 5488 3755 5535 et
3794 5479 3945 5534 Aria-

2457 5706 2524 5777 (ε)
2566 5706 2658 5773 Ep.
2683 5705 2802 5759 259.
