4080 6312
1508 367 1663 424 VlTA
1706 369 1764 425 S.
1803 368 2066 428 BASILII.

3225 392 3392 435 CXLI"

190 488 364 529 norum
400 475 735 546 improbitas,
764 479 856 534 sed
892 480 1070 549 potius
1100 496 1295 537 novum
1327 484 1451 540 huic
1483 484 1734 541 Ecclesiae
1765 498 1803 547 Α
1834 504 1989 542 suum
2044 486 2273 541 levasset
2327 487 2571 542 Basilius.
2610 486 2837 558 Scripsit
2882 491 3093 545 tandem
3145 490 3209 544 ad
3272 507 3394 546 eum

190 569 336 621 decus
382 569 592 633 attulit,
645 571 821 625 oblata
871 572 993 627 ﬁdei
1040 574 1383 631 defendendae
1428 579 1727 634 occasione.

191 654 500 713 Frontonem
526 662 707 715 Ariani
734 662 945 730 quidem
970 667 1270 734 episcopum
1292 668 1608 723 ordinarunt
1631 670 1728 739 (a),

188 749 268 802 sed
295 749 343 801 in
376 764 443 803 eo
483 750 771 819 rejiciendo
816 753 1007 809 enituit
1036 756 1164 811 cleri
1195 772 1258 811 ac
1282 759 1458 828 populi
1501 775 1728 816 consen-

190 853 284 893 sus.
317 839 413 893 Vix
452 857 588 897 unus
613 854 705 897 aut
739 846 875 899 alter
904 847 1130 901 clericus
1154 864 1274 904 cum
1310 866 1375 905 eo
1418 850 1635 907 abiere:
1674 862 1729 907 at

186 930 343 985 factus
378 942 463 988 est
506 936 804 990 communis
856 940 1153 992 exsecratio
1224 942 1385 997 totius
1439 944 1724 997 Armeniae.

186 1021 350 1090 itaque
390 1025 579 1077 Ariani
611 1041 667 1080 re
710 1028 901 1082 infecta
931 1030 1234 1095 redierunt;
1266 1041 1320 1087 et
1362 1034 1415 1087 in
1460 1035 1727 1090 redeundo

186 1113 340 1181 aliqua
378 1116 670 1183 impietatis
706 1134 814 1173 sum
851 1121 1074 1189 vestigia
1112 1123 1462 1193 reliquerunt,
1503 1127 1567 1178 de
1605 1128 1727 1196 qni-

183 1206 273 1259 bus
310 1208 388 1261 sic
438 1209 665 1265 Basilius
709 1211 759 1263 in
808 1227 892 1280 ep.
936 1213 1064 1279 25l,
1101 1232 1156 1271 η.
1196 1218 1267 1271 5:
1305 1216 1373 1269 lli
1424 1217 1725 1287 Nicopolim

182 1316 325 1367 usque
372 1304 661 1371 progressi,
695 1320 809 1357 cum
862 1306 992 1360 nihil
1042 1310 1325 1374 potuissent
1365 1326 1572 1377 eorum,
1606 1329 1725 1381 qutz

181 1393 543 1455 promiserant,
569 1394 843 1461 per/icere;
864 1402 1120 1466 quomodo
1153 1401 1417 1465 redierint,
1450 1404 1725 1474 qualesque

180 1483 227 1536 in
262 1486 516 1539 redeundo
541 1488 636 1539 visi
661 1488 784 1555 sint,
814 1501 1003 1545 norunt
1028 1494 1119 1561 qui
1144 1494 1445 1562 adfuerunt.

240 1572 622 1631 Demosthenes
649 1579 735 1633 ubi
771 1581 895 1634 vidit
935 1580 1333 1651 Nicepolitanos
1366 1604 1470 1643 non
1509 1593 1718 1657 cedere,

179 1663 220 1718 vi
247 1675 295 1719 et
327 1666 681 1734 impressione
712 1672 1016 1727 ordinatum
1050 1675 1156 1731 illis
1190 1678 1497 1749 episcopum
1551 1684 1721 1751 impo-

178 1771 287 1810 nere
311 1772 598 1828 aggressus
622 1770 724 1827 est,
756 1778 819 1818 ac
850 1766 1142 1821 Ecclesium
1178 1771 1416 1826 civitatis
1451 1772 1715 1828 Frontoni

1834 578 2108 646 epistolam
2134 576 2259 642 257,
2294 578 2443 633 initio
2474 578 2628 645 hujus
2668 580 2795 632 anni
2830 579 2958 645 576,
3001 592 3120 649 post
3164 582 3393 635 reditum

1832 670 2151 724 Arianorum
2199 685 2264 723 ex
2314 673 2443 724 urbe
2486 670 2759 739 Nicopoli,
2815 682 2925 727 tum
2974 688 3094 727 cum
3162 673 3397 728 vicarius

1831 761 2077 830 graviora
2107 760 2426 825 minaretur,
2454 777 2514 815 ac
2543 761 2679 816 forte
2712 774 2999 834 antequam
3031 764 3221 818 tradita
3253 774 3398 819 esset

1830 851 2069 905 Ecclesia
2108 850 2391 905 Frentoni.
2418 852 2472 905 In
2511 852 2612 906 hac
2640 853 2862 922 epistola
2896 856 3162 907 rationem
3198 854 3390 917 reddit,

1828 958 1924 998 cur
1972 953 2120 997 tanto
2153 943 2441 997 intervallo
2482 945 2702 1012 scribat,
2751 960 2812 999 ac
2859 950 3304 1016 persecutionem,
3337 955 3395 1000 ut

1828 1036 2077 1101 vidimus,
2103 1037 2288 1091 ordine
2319 1037 2591 1093 describit.

1899 1125 2243 1196 Scripserunt
2285 1127 2579 1197 presbyteri
2632 1127 2982 1199 Nicopolitani
3038 1130 3105 1184 ad
3138 1130 3391 1184 Basiliam

1826 1224 1891 1278 de
1918 1221 2169 1277 aerumnis
2199 1221 2451 1277 Ecclesia:
2490 1238 2618 1277 suae.
2652 1222 2755 1277 Sed
2792 1238 2973 1278 eorum
3008 1224 3218 1277 litteras
3250 1223 3393 1277 fama

1825 1330 1919 1370 sua
1956 1314 2229 1369 celeritate
2277 1323 2658 1381 superaverat,
2700 1322 2755 1369 et
2801 1314 2853 1367 in
2903 1314 3131 1367 vicinam
3177 1328 3390 1367 omnem

1827 1408 2093 1476 regionem
2131 1406 2303 1459 scelus
2352 1405 2638 1459 Frontonis
2679 1412 2732 1458 et
2766 1404 2898 1459 cleri
2945 1420 3007 1459 ac
3041 1403 3207 1473 plebis
3237 1404 3289 1456 in
3324 1419 3392 1458 eo

1823 1497 2136 1552 detestando
2194 1512 2517 1552 consensum
2576 1496 2863 1550 detulerat.
2929 1495 3112 1565 Itaque
3160 1495 3389 1549 Basilius

1822 1588 1952 1642 nihil
2000 1590 2120 1642 novi
2164 1602 2230 1641 ex
2260 1602 2446 1642 eorum
2475 1586 2670 1641 litteris
2714 1588 2920 1640 didicit.
2953 1586 3259 1655 Respondet
3297 1601 3391 1655 per

1820 1679 2097 1747 epistolam
2121 1679 2246 1743 258,
2273 1693 2335 1733 ac
2371 1679 2617 1732 hortatur
2646 1692 2713 1730 ne
2744 1679 2981 1731 animum
3011 1678 3386 1746 despmtdeant

1821 1770 1889 1820 ob
1918 1766 2122 1835 lapsum
2166 1770 2322 1821 unius
2366 1778 2459 1821 aut
2503 1767 2723 1821 alterius
2754 1767 2841 1836 qui
2880 1783 2938 1821 se
2988 1767 3250 1821 Frontoni
3292 1769 3388 1818 ad-

179 1849 401 1904 tradidit.
432 1851 539 1906 Sed
593 1863 771 1909 tamen
807 1857 939 1911 nihil
975 1862 1258 1927 promovit,
1305 1862 1611 1917 maluerunt
1646 1866 1717 1933 pii
1750 1832 1793 1886 B
1817 1832 2141 1926 inille-ram.
2192 1873 2311 1913 Cum
2370 1859 2499 1913 Cleri
2549 1873 2745 1927 οονμυε
2772 1832 3071 1928 integrum
3123 1868 3378 1917 manem:

174 1938 402 1997 homines
443 1942 545 1997 sub
576 1946 665 1999 dio
698 1958 990 2003 conventus
1019 1964 1147 2005 suos
1189 1966 1363 2020 agere,
1396 1967 1555 2021 quam
1596 1969 1717 2009 cum

174 2027 429 2089 Frontone
480 2038 901 2093 communicare.
949 2040 1133 2108 Itaque
1176 2041 1230 2094 in
1275 2044 1459 2099 vacuis
1518 2046 1720 2102 uadibus

172 2125 391 2191 quotidie
418 2141 542 2180 cum
573 2142 737 2195 parva
782 2139 1105 2185 sectatorum
1139 2146 1298 2185 manu
1348 2136 1714 2207 recumbebat,

172 2229 254 2282 pro
293 2218 634 2287 episcopatus
666 2221 855 2290 gloria,
888 2238 1047 2292 quam
1093 2233 1371 2294 tantopere
1401 2232 1721 2302 concupive-

171 2315 259 2370 rat,
287 2307 579 2375 ignominia
605 2322 658 2364 et
690 2313 992 2381 opprobriis
1025 2326 1337 2385 coopertus.

230 2399 343 2453 llaec
375 2403 537 2469 paulo
580 2403 737 2457 aliter
789 2420 851 2459 ae
882 2405 1260 2465 Tillemontius
1311 2410 1713 2481 descripsimus.

169 2490 432 2545 Existimat
459 2492 604 2547 enim
647 2495 988 2555 doctissimus
1017 2503 1248 2571 scriptor
1275 2502 1711 2570 Demosthenem,

169 2600 273 2636 cum
330 2582 830 2655 Nicopolitanorum
904 2592 1112 2649 animos
1170 2595 1459 2649 levioribus
1538 2606 1713 2650 tenta-

168 2678 339 2732 mentis
368 2693 761 2751 Oppugnasset,
802 2692 861 2737 ut
903 2684 1168 2739 Eustathii
1202 2702 1359 2739 manu
1403 2688 1710 2757 epiSt'Opum

167 2770 483 2836 acciperent,
530 2772 617 2825 ubi
664 2773 797 2825 vidit
834 2788 926 2828 eos
978 2790 1083 2829 non
1130 2778 1358 2842 cedere,
1420 2780 1711 2835 violentum

167 2858 277 2913 illud
312 2878 508 2931 agmen
551 2863 873 2917 Arianorum
910 2866 1219 2926 immisisse.
1248 2870 1303 2924 ln
1343 2887 1463 2927 eam
1496 2885 1707 2929 senten-

167 2952 271 3001 tiam
307 2952 694 3019 interpretatur
727 2955 853 3010 illud
882 2973 949 3012 ex
982 2960 1139 3029 epist.
1172 2961 1297 3026 Q37,
1334 2963 1431 3017 Ubi
1467 2950 1598 3023 videt
1627 2984 1712 3021 eos

165 3037 362 3094 libenter
386 3060 493 3097 non
522 3048 722 3111 cedere,
748 3063 882 3101 nunc
906 3051 1206 3118 aggreditur
1230 3052 1529 3107 violentiore
1554 3072 1712 3109 manu

165 3132 323 3183 dctum
364 3133 477 3186 illis
528 3137 823 3205 episwpum
856 3141 1188 3194 constituere.
1236 3140 1341 3197 Sed
1386 3145 1499 3199 haec
1543 3148 1711 3201 inter-

164 3228 371 3292 pretatio
404 3239 556 3284 stare
590 3245 695 3283 non
729 3243 933 3301 petest;
974 3244 1186 3290 consul
1217 3238 1357 3291 enim
1392 3239 1713 3296 Frontonem

163 3320 220 3378 ab
258 3322 476 3377 Arianis
529 3323 895 3393 episcopatum
948 3326 1241 3396 accepisse.
1286 3327 1464 3395 Quare
1509 3332 1712 3386 violen-

164 3410 271 3464 tiam
324 3413 509 3479 illam,
557 3431 716 3483 quam
771 3419 1152 3475 Demosthenes
1200 3421 1455 3477 adbibere
1488 3425 1711 3489 statuit,

163 3512 208 3551 ut
236 3504 411 3557 datum
456 3506 756 3573 episc0pum
787 3508 1168 3575 constitueret,
1220 3525 1327 3562 non
1369 3511 1715 3566 itntnittendis

160 3594 354 3650 Arianis
396 3597 669 3662 adhibuit,
712 3599 799 3665 qui
838 3599 950 3666 jam
996 3600 1334 3668 perfecerant
1376 3604 1515 3670 quod
1550 3604 1710 3662 situm

162 3686 203 3737 in
243 3688 364 3752 ipsis
394 3687 598 3747 fuerat,
628 3689 719 3739 sed
751 3687 920 3741 sacris
956 3688 1157 3743 aedibus
1197 3689 1450 3746 Frontoni
1482 3707 1576 3760 per
1606 3694 1712 3747 vim

166 3777 436 3833 tradendis.
500 3777 634 3831 Vide
686 3793 804 3847 quae
858 3779 1261 3838 observavimus
1310 3785 1376 3839 ad
1436 3785 1712 3856 epistolam

159 3868 265 3923 237.

216 3960 300 4014 μ’.
341 3960 484 4017 Tum
531 3979 655 4018 cum
704 3963 1090 4037 Nicopolitanis
1123 3971 1367 4040 graviora
1418 3972 1714 4026 minaretur

163 4055 561 4122 Demosthenes,
598 4074 780 4113 rumor
814 4069 930 4113 erat
957 4061 1207 4126 Arianos,
1256 4062 1345 4129 qui
1388 4064 1523 4117 forte
1570 4079 1709 4116 non-

162 4150 266 4201 dum
312 4148 364 4201 in
397 4149 675 4203 Galatiam
710 4152 998 4217 redierant,
1030 4152 1168 4205 aliud
1213 4154 1497 4207 concilium
1544 4155 1712 4208 medi-

161 4246 263 4303 tari,
294 4242 356 4295 ad
386 4240 537 4309 quod
571 4244 888 4297 accersitum
918 4243 1190 4309 Basiliam,
1224 4255 1316 4298 aut
1352 4260 1530 4300 secum
1566 4260 1712 4300 com-

162 4336 415 4390 ntutticare
440 4343 729 4402 cogerent,
755 4343 847 4388 aut
876 4351 969 4389 sua
998 4338 1385 4392 consuetudine
1413 4346 1708 4396 uterentur.

158 4424 277 4477 later
309 4426 403 4481 has
449 4422 733 4479 molestias
774 4423 1000 4481 Basilius
1034 4428 1164 4481 nihil
1192 4430 1256 4482 de
1286 4430 1587 4484 valetudine
1616 4445 1708 4482 sua

1823 1962 1993 2017 neque
2049 1949 2210 2002 etiam
2270 1949 2430 2002 nimis
2497 1947 2750 2013 doleant,
2803 1949 2946 2017 quod
2998 1958 3149 2002 extra
3207 1962 3388 2002 muros

1821 2040 1976 2111 ejecti
2015 2040 2153 2104 sint,
2191 2040 2285 2094 sed
2318 2040 2362 2093 si
2393 2054 2496 2109 qua
2538 2040 2610 2095 sit
2642 2040 2745 2094 hac
2792 2040 2844 2092 in
2879 2054 2934 2095 re
2982 2039 3245 2104 molestia,
3291 2054 3388 2108 spe

1821 2133 2084 2188 mercedis
2124 2142 2179 2188 et
2228 2130 2464 2186 adfuturi
2512 2130 2619 2186 cito
2665 2128 2853 2184 auxilii
2901 2136 3213 2185 constanter
3257 2143 3383 2196 per-

1820 2231 2015 2280 lerant.

1887 2314 2002 2370 Non
2031 2314 2194 2371 multo
2223 2322 2345 2383 post
2372 2314 2628 2381 scriptam
2656 2312 2890 2367 Eusebio
2929 2311 3213 2381 epistolam
3240 2311 3368 2377 Q37,

1817 2408 2114 2462 Antiochus
2147 2422 2213 2462 ex
2239 2406 2459 2462 Oriente
2494 2407 2546 2460 in
2584 2404 2867 2459 Thraciam
2904 2404 3238 2459 contendens
3264 2403 3384 2459 Cte-

1816 2514 1973 2553 sarea
2011 2500 2247 2565 transiit,
2278 2514 2341 2553 ac
2371 2513 2524 2552 novae
2552 2497 2794 2567 epistolae
2815 2498 3152 2552 occasionem
3186 2495 3385 2549 Basilio

1817 2591 2013 2646 attulit.
2066 2592 2216 2647 Hanc
2257 2592 2570 2662 epistolam,
2616 2604 2735 2659 qua:
2779 2599 2860 2644 est
2902 2588 3005 2644 259
3030 2630 3045 2655 ,
3079 2604 3182 2642 non
3216 2587 3383 2641 multo

1815 2693 1937 2753 post
1956 2699 2073 2739 eam
2112 2698 2233 2754 quae
2258 2694 2343 2738 est
2370 2684 2498 2749 237,
2534 2684 2788 2752 scriptam
2824 2696 2944 2737 esse
2974 2680 3295 2751 perspicitur
3316 2694 3383 2733 ex

1816 2778 1930 2846 ipso
1964 2776 2116 2829 initio
2149 2792 2165 2830 :
2197 2775 2353 2829 Dedit
2376 2775 2522 2829 nobis
2548 2775 2797 2828 Dominus
2825 2775 2981 2827 etiam
3017 2788 3220 2827 nunc...
3242 2773 3387 2827 salu-

1816 2880 1924 2921 tare
1980 2870 2313 2921 sanctitatem
2362 2880 2548 2933 tuam,
2599 2878 2702 2923 etc.
2759 2867 2967 2922 Statum
3020 2867 3382 2924 Ecclesiarurn

1814 2959 2095 3026 deplorat,
2139 2975 2203 3014 ac
2234 2961 2299 3013 de
2352 2959 2540 3028 legatis
2568 2957 2791 3013 Romam
2825 2960 3099 3014 mittendis
3129 2960 3386 3013 nonnulla

1815 3050 2069 3116 disserit,
2101 3066 2221 3120 qum
2250 3054 2409 3105 modo
2449 3051 2899 3105 examinahimus.
2938 3050 3042 3105 Sed
3090 3059 3383 3118 antequam

1814 3144 1881 3196 ad
1914 3142 2052 3196 hanc
2099 3142 2423 3213 legationem
2452 3142 2735 3197 veniamus
2756 3183 2769 3207 ,
2801 3158 2919 3209 quae
2948 3140 3130 3195 multis
3157 3140 3386 3194 ditlicul-

1822 3234 2017 3287 tatihus
2056 3234 2335 3303 implicata
2391 3242 2507 3298 est,
2561 3232 2663 3285 alia
2694 3232 2876 3285 Basilii
2911 3233 3383 3285 commemoranda

1818 3326 1885 3380 ad
1917 3326 2317 3394 Nicopolitanos
2359 3324 2705 3395 presbyteros
2735 3323 2978 3395 epistola.
3020 3322 3156 3377 Cum
3189 3337 3381 3393 parum

1816 3417 2008 3471 beatus
2034 3416 2135 3470 sibi
2160 3416 2435 3471 videretur
2454 3417 2656 3472 Fronto
2681 3433 2864 3472 vacum
2890 3416 3146 3472 Ecclesiae
3171 3432 3386 3487 posses-

1815 3508 1987 3573 sione,
2025 3523 2139 3562 rem
2176 3520 2298 3563 astu
2327 3518 2565 3565 tractare
2599 3519 2653 3563 et
2684 3510 2839 3563 ﬁdem
2872 3510 3189 3563 catholicam
3222 3509 3387 3578 proﬂ-

1817 3604 1913 3656 teri
1959 3603 2124 3669 erepit
2158 3619 2172 3657 :
2203 3618 2377 3671 neque
2407 3620 2529 3657 eum
2574 3604 2688 3657 haec
2744 3604 2865 3656 alea
2901 3602 3123 3656 omnino
3159 3599 3380 3665 fefellit;

1814 3708 1939 3747 nam
1968 3693 2211 3747 nonnulli
2238 3695 2486 3751 dubitare
2519 3711 2583 3751 ac
2611 3695 2873 3751 fluctuare
2906 3705 3206 3765 coeperunt.
3240 3693 3383 3748 Inte-

1815 3787 1917 3841 rim
1953 3789 2088 3842 varii
2121 3799 2175 3843 et
2204 3790 2398 3844 incerti
2432 3805 2679 3844 rumores
2714 3789 2968 3842 Basilittm
3010 3788 3377 3842 sollicitudine

1812 3879 2225 3949 distringebanl,
2277 3889 2331 3933 et
2367 3891 2516 3935 certo
2567 3883 2710 3935 scire
2758 3880 3020 3948 majorem
3064 3878 3116 3931 in
3163 3880 3380 3932 modum

1813 3973 2027 4035 avebat,
2064 3971 2193 4041 quid
2232 3970 2473 4039 Nicepoli
2512 3980 2796 4040 ageretur;
2828 3984 2947 4043 cum
2984 3979 3382 4038 peropportune

1814 4067 1880 4119 ad
1906 4081 2027 4119 eum
2052 4066 2354 4136 presbyteri
2375 4065 2731 4136 Nicepolitani
2759 4066 3022 4118 miserunt
3044 4078 3165 4117 cum
3190 4061 3381 4114 litteris

1813 4155 2173 4211 Theodosium
2204 4159 2724 4229 compresbyterum,
2756 4171 2821 4210 ex
2857 4170 2963 4225 quo
2988 4153 3199 4224 singula
3222 4168 3377 4206 aecu-

1813 4257 1927 4301 rate
1973 4252 2248 4316 c0gnovit.
2287 4248 2377 4300 Sic
2427 4246 2718 4315 respondet
2738 4247 2965 4299 Basilius
2988 4284 3003 4309 ,
3033 4255 3091 4297 ut
3118 4260 3235 4312 qua:
3264 4246 3380 4311 ipse

1812 4339 1914 4393 sibi
1965 4339 2247 4403 suadebat,
2298 4338 2483 4392 eadem
2531 4338 2639 4390 illis
2674 4347 2978 4408 proponat:
3020 4331 3212 4405 nempe
3240 4336 3379 4390 hanc

1812 4433 2239 4501 persecutionem
2290 4434 2534 4485 eumdem
2590 4434 2790 4485 exitum
2838 4430 3180 4494 habituram,
3220 4444 3377 4497 quem

159 4518 371 4573 scribere
424 4518 669 4572 audebat
719 4514 968 4581 Eusebio,
1015 4535 1081 4573 ne
1122 4535 1244 4573 vera
1293 4522 1516 4576 dicendo
1572 4524 1708 4577 allli~
1740 4524 1991 4614 Dmultae
2030 4526 2147 4577 aliae
2182 4522 2490 4593 superiores
2544 4523 2889 4589 habuerant;
2938 4522 3288 4590 quamobrem
3330 4517 3379 4572 si

160 4622 305 4677 geret.
351 4611 689 4665 Jatndudutn
735 4608 905 4661 nullas
947 4611 1174 4666 Eusebio
1214 4611 1419 4667 litteras
1464 4615 1705 4680 miserat,

156 4718 242 4757 non
282 4704 618 4772 negligentia
663 4713 753 4755 aut
788 4700 1084 4768 oblivione,
1130 4706 1220 4760 sed
1261 4707 1383 4775 quia
1414 4723 1533 4759 cum
1576 4708 1713 4761 serie

155 4798 323 4863 psisset
366 4809 464 4862 per
509 4791 760 4845 Thracia:
802 4793 1057 4846 vicarium
1082 4835 1095 4857 ,
1135 4806 1189 4849 et
1230 4812 1324 4864 per
1367 4798 1707 4865 praepositum

158 4887 526 4960 Philippoltolis
593 4888 1003 4951 thesaurorum,
1065 4885 1255 4941 littera:
1319 4887 1538 4941 redditae
1601 4904 1706 4941 non

155 4981 364 5035 luerunt.
413 4978 757 5043 Peragrante
809 4978 947 5029 enim
1000 4978 1286 5041 parmeiam
1348 4978 1566 5043 Basilio,
1611 4981 1706 5033 ad—

155 5077 277 5129 venit
319 5088 553 5144 vespere
590 5070 643 5124 in
692 5070 879 5123 urbem
918 5071 1171 5133 vicarius,
1203 5080 1257 5124 et
1302 5088 1511 5127 summo
1548 5088 1702 5128 mane

156 5170 280 5231 abiit,
308 5172 541 5239 eius‘Iue
590 5164 854 5217 adventus
892 5176 1201 5219 (BCOIIUIIIOS
1245 5166 1483 5221 ecclesiae
1520 5166 1694 5220 latuit.

155 5258 451 5327 Praepositus
522 5269 685 5317 vero,
729 5270 886 5325 quem
922 5252 1146 5311 Basilius
1195 5267 1469 5325 rogaverat
1513 5270 1569 5311 ut
1610 5258 1701 5312 lit—

154 5365 274 5410 teras
323 5361 610 5416 sumeret,
664 5359 887 5417 urgente
940 5350 1168 5405 fortasse
1225 5352 1401 5419 aliquo
1463 5355 1697 5422 negotio,

152 5450 389 5518 prolectus
420 5459 508 5503 est
548 5459 653 5499 nec
683 5444 944 5511 susceptis
977 5441 1166 5498 litteris
1198 5460 1295 5498 nec
1340 5442 1566 5499 salutato
1601 5445 1703 5499 Ba-

154 5546 263 5597 silio.
292 5542 361 5597 Eo
404 5540 731 5594 molestiora
769 5536 880 5589 hanc
921 5544 1104 5597 erant,
1146 5538 1283 5603 quod
1332 5537 1567 5605 quotidie
1613 5554 1697 5593 res

154 5646 275 5686 nam
300 5632 618 5691 evenirent,
647 5627 841 5693 quibus
870 5626 1101 5681 Eusebio
1130 5626 1425 5680 scribendis
1458 5627 1691 5682 dolorem

203 5818 266 5888 (ιι)
298 5821 386 5886 sp.
417 5819 544 5877 2:38,
578 5814 707 5865 240.

1810 4616 1990 4684 gravis
2024 4618 2117 4678 sit,
2158 4630 2253 4683 spe
2285 4628 2498 4668 coronae
2532 4613 2906 4683 perferendam
2935 4630 2947 4664 :
2973 4613 3018 4665 si
3063 4611 3196 4664 levis
3220 4652 3233 4675 ,
3272 4624 3377 4663 non

1807 4707 1964 4759 valde
2011 4707 2061 4759 iu
2122 4722 2290 4775 parvo
2329 4705 2671 4760 incommodo
2700 4705 3007 4774 lugendum.
3035 4702 3289 4757 Hortatur
3321 4710 3379 4753 ut

1810 4797 2159 4850 meminerint
2183 4813 2241 4852 se
2271 4805 2565 4865 martyrum
2597 4804 2652 4849 et
2679 4795 3047 4850 confessorum
3075 4791 3211 4845 ﬁlios
3235 4804 3374 4854 esse,

1809 4902 1874 4941 ac
1904 4888 2216 4942 domesticis
2246 4886 2508 4955 exemplis
2537 4895 2778 4941 utantur.
2813 4885 2946 4938 lllud
2990 4894 3173 4937 autem
3212 4883 3374 4934 etiam

1814 4990 1976 5046 atque
2000 4980 2162 5033 etiam
2200 4987 2401 5042 monet,
2432 4993 2500 5033 ne
2529 4991 2688 5033 rectae
2719 4977 2841 5031 fidei
2866 4975 3205 5031 simulatione
3228 4971 3376 5027 delu-

1812 5070 2027 5122 dantur.
2073 5069 2244 5138 Negat
2300 5085 2360 5124 se
2413 5070 2850 5136 commissurum,
2927 5076 2986 5121 ut
3048 5064 3374 5119 Frontonen‘t

1807 5162 2120 5231 episc0pum
2152 5174 2431 5230 agnoscat;
2458 5166 2617 5233 idque
2637 5178 2823 5218 eorum
2852 5158 3187 5231 potissimum
3213 5170 3373 5210 causa

1814 5254 2070 5318 declarat,
2108 5270 2243 5325 quos
2292 5258 2539 5311 audierat
2568 5256 2868 5311 ﬂuctuare:
2906 5268 2972 5306 ne
3015 5254 3136 5319 quis
3165 5265 3231 5301 ex
3264 5246 3370 5301 illis

1809 5347 2187 5401 communione
2213 5347 2505 5405 Frontonis
2522 5357 3015 5416 praeoccuparetur,
3039 5353 3131 5397 aut
3154 5352 3371 5408 accepta

1809 5442 1876 5499 ab
1903 5459 1968 5497 eo
1997 5445 2333 5501 ordinatione
2355 5484 2370 5511 ,
2404 5454 2585 5513 postea
2618 5444 2822 5498 reddita
2854 5456 2983 5512 pace
3021 5439 3127 5491 vim
3166 5437 3372 5488 facer“

1805 5539 2003 5606 gradus
2034 5540 2298 5591 retinendi
2328 5552 2508 5591 causa.
2540 5536 2885 5605 Perspicuum
2917 5542 2999 5584 est
3030 5534 3140 5583 hare
3168 5527 3366 5589 scripta

1803 5644 1955 5692 esse,
2011 5636 2298 5697 antequam
2347 5628 2734 5696 persecutionis
2766 5622 3029 5694 .violentia
3069 5624 3359 5673 cresceret.
