4080 6312
665 336 825 380 Gil."

2011 317 2539 376 PROLEGOHENA.

671 433 918 487 Nondum
952 428 1095 484 enim
1126 428 1344 483 inﬂicta
1370 435 1525 483 erant
1551 425 1743 496 plaga,
1764 429 1997 483 nondum
2026 434 2239 496 exsilia,
2268 435 2313 491 Α
2343 429 2551 485 duabus
2613 431 2823 497 litteris,
2890 447 3007 501 qua
3063 447 3090 487 a
3142 436 3469 507 presbyteris
3525 437 3795 496 Dorotheo
3841 449 3893 499 et

672 522 910 579 nondum
947 534 1217 574 carceres.

745 636 827 689 Ad
848 634 949 687 hoc
991 640 1198 700 tempus
1227 633 1458 701 pertinet
1491 634 1807 691 brevissima
1847 638 1911 692 ad
1950 639 2236 695 Eusebium

672 725 921 795 epistola,
951 739 1069 793 qua
1100 732 1184 777 est
1215 726 1579 779 ducentesima
1609 729 2236 800 quadragesimalprima.

676 816 898 869 Videtur
954 824 1179 884 questus
1231 828 1351 868 esse
1398 815 1701 884 Eusebius,
1752 823 1892 887 quod
1944 822 1995 873 in
2051 822 2241 879 litteris

675 907 856 961 Basilii
894 908 1025 960 nihil
1063 907 1164 961 nisi
1200 922 1434 962 maerore
1468 917 1521 963 et
1562 910 1816 981 lacrymis
1851 914 2065 982 dignum
2104 915 2244 985 lege-

676 1010 757 1052 ret
794 1019 808 1052 :
845 1000 986 1067 quod
1043 1000 1260 1067 quidem
1302 1001 1670 1068 superioribus
1704 1004 1915 1058 duabus
1955 1010 2020 1058 ad
2070 1008 2240 1061 Euse-

684 1088 831 1141 bium
873 1088 1113 1155 epistulis
1146 1091 1343 1154 optime
1376 1090 1642 1158 congruit.
1676 1091 1985 1159 Respondet
2018 1092 2244 1149 Basilius

674 1193 733 1233 se
786 1177 853 1231 de
887 1178 1127 1232 molestis
1174 1180 1336 1232 rebus
1383 1194 1522 1250 sape
1565 1185 1833 1248 scribere,
1864 1200 1968 1238 nou
2019 1194 2077 1237 ut
2107 1186 2246 1239 illius

675 1269 911 1324 dolorem
950 1278 1176 1339 augeat,
1206 1272 1298 1323 sed
1329 1282 1383 1323 ut
1408 1288 1560 1325 suum
1596 1275 1707 1342 ipse
1754 1275 1939 1338 leniat,
1978 1289 2041 1329 ac
2078 1275 2244 1329 Euse-

675 1359 823 1415 bium
858 1360 922 1413 ad
952 1360 1272 1414 intentiores
1298 1375 1394 1428 pro
1417 1361 1653 1418 Ecclesia
1686 1380 1871 1433 preces
1893 1370 2111 1421 excitet.

753 1469 815 1526 ιν.
871 1471 987 1527 Duo
1012 1472 1443 1540 praestantissimi
1478 1474 1731 1529 Ecclesia
1756 1476 2102 1530 Antiochena
2126 1492 2246 1544 pre-

677 1564 905 1635 sbyteri,
934 1566 1234 1623 Dorotheus
1260 1576 1313 1621 et
1344 1566 1749 1627 Sanctissimus.
1781 1582 1973 1636 magno
1996 1568 2245 1623 Ecclesia

680 1658 1023 1725 paciﬁcanda
1055 1658 1233 1714 studio
1261 1657 1598 1728 ﬂagrabant;
1646 1672 1875 1725 cumque
1905 1659 2154 1724 precibus
2190 1668 2244 1713 et

683 1747 989 1802 hortatibus
1038 1749 1275 1817 egissent
1304 1747 1444 1815 apud
1485 1747 1764 1816 episcopos
1807 1746 2139 1813 Orientales,
2188 1758 2247 1801 ut
2276 1778 2318 1832 Β

678 1833 876 1901 legatio
906 1836 959 1890 in
989 1835 1332 1892 Occidentem
1366 1838 1696 1901 mitteretur,
1725 1836 2009 1890 commissa
2032 1837 2244 1905 utrique

680 1927 795 1980 hac
821 1928 1093 1996 provincia
1121 1930 1265 1983 circa
1292 1929 1494 1984 Pascha
1524 1928 1683 1994 huius
1710 1930 1835 1982 anni
1868 1928 1991 1984 576.
2023 1929 2245 1983 Videtur

680 2019 985 2075 Dorotheus
1019 2021 1294 2089 superiore
1324 2033 1583 2075 autumno
1606 2021 1829 2075 Romam
1860 2022 2123 2089 cogitasse
2146 2018 2244 2090 (a),

681 2111 765 2165 vel
792 2113 978 2167 saltem
1013 2113 1273 2168 Basilium
1318 2115 1565 2168 hortatus
1607 2112 1795 2179 fuisse,
1831 2121 1889 2165 ut
1927 2112 2244 2181 Gregorium

679 2201 983 2274 Nyssenum
1020 2205 1071 2259 in
1106 2206 1451 2261 Occidentem
1488 2206 1721 2275 legatum
1765 2206 2021 2258 mitteret.
2061 2203 2249 2259 Caruit

681 2295 832 2349 exitu
866 2296 966 2351 hoc
989 2297 1297 2364 consilium,
1323 2298 1437 2353 sive
1466 2299 1591 2368 quia
1626 2297 1940 2369 Gregorius,
1969 2305 2025 2349 ιιι
2058 2298 2249 2365 pravi-

682 2384 835 2439 derat
881 2384 1143 2454 Basilius,
1188 2388 1289 2443 hoc
1321 2406 1514 2444 munus
1558 2390 1834 2457 suscipere
1865 2390 2072 2454 noluit,
2105 2389 2247 2459 quod

683 2475 829 2530 illius
873 2480 1133 2533 stomachi
1168 2496 1273 2534 non
1314 2493 1463 2544 erat,
1512 2481 1627 2536 sive
1656 2482 1761 2535 alia
1804 2482 1872 2536 de
1915 2496 2099 2534 causa.
2133 2481 2239 2535 Sed

684 2575 863 2622 tamen
918 2569 1243 2625 Dorotheum
1294 2572 1343 2625 in
1399 2572 1685 2626 Thraciam
1731 2573 1978 2637 venisse,
2022 2580 2070 2623 et
2125 2586 2244 2624 cum

682 2661 914 2715 Eusebio
946 2665 1308 2718 Samosatensi
1355 2663 1521 2719 fuisse
1567 2679 1704 2718 anno
1747 2664 1854 2719 575
1883 2673 2114 2718 exeunte
2162 2664 2245 2715 vel

680 2753 787 2809 576
810 2756 1025 2810 ineunte
1047 2796 1063 2821 ,
1108 2756 1365 2811 discimus
1394 2771 1461 2812 ex
1491 2757 1713 2826 epistola
1740 2756 1875 2823 259,
1906 2772 2024 2825 qua
2047 2755 2246 2823 scripta

684 2857 770 2901 est
804 2864 907 2901 non
948 2848 1117 2903 multo
1140 2858 1261 2918 post
1292 2849 1503 2904 initium
1530 2850 1655 2903 anni
1685 2848 1811 2903 376.
1844 2849 1971 2902 Erat
1993 2864 2114 2903 cum
2146 2846 2249 2900 Bac

686 2939 806 2992 silio
834 2940 918 2992 vel
969 2941 1023 2994 in
1055 2941 1300 2994 ﬁnitimis
1353 2942 1525 3004 locis,
1572 2955 1694 2993 cum
1728 2941 1952 2994 Basilius
2003 2942 2247 2993 eamdem

684 3032 971 3099 epistolam
1022 3033 1261 3101 scripsit.
1322 3033 1494 3101 Rogat
1539 3030 1683 3085 enim
1733 3031 2019 3084 Eusebium
2062 3031 2249 3098 quales

685 3125 926 3179 redeunti
962 3124 1232 3181 Dorotheo
1261 3125 1447 3179 danda
1491 3124 1601 3179 sint
1643 3123 1835 3175 littera
1876 3140 1889 3175 :

685 3218 934 3271 comitem
987 3218 1134 3269 illum
1187 3216 1426 3270 futurum
1478 3215 1681 3283 optimo
1735 3212 2112 3277 Sanctissitno,
2156 3211 2249 3281 qui

690 3320 888 3375 magno
922 3307 1085 3359 animi
1129 3308 1320 3361 ardore
1365 3308 1641 3362 Orientem
1698 3309 2053 3375 peragrabat,
2094 3313 2148 3358 et
2185 3304 2252 3359 ab

691 3394 993 3464 insignibus
1060 3396 1360 3465 quibusque
1413 3396 1678 3469 episcopis
1728 3394 2153 3465 subscriptiones
2198 3400 2253 3447 et

687 3489 947 3558 epistolas
969 3490 1277 3559 colligebat.

755 3620 988 3690 Legatos
1018 3622 1071 3675 in
1097 3621 1439 3676 Occidentem
1490 3623 1630 3674 mitti
1665 3638 1770 3675 non
1804 3622 2025 3675 multum
2058 3624 2254 3690 proba-

690 3714 781 3768 bat
824 3713 1053 3768 Basilius
1083 3729 1098 3768 :
1129 3714 1176 3769 si
1221 3714 1364 3769 enim
1412 3713 1672 3767 Dominus
1721 3713 1985 3783 propitius
2011 3713 2125 3777 ﬁat,
2151 3715 2256 3767 alio

689 3820 825 3874 Opus
858 3822 961 3860 non
1011 3806 1124 3861 fore
1151 3808 1352 3862 auxilio
1387 3825 1399 3860 :
1443 3808 1486 3862 si
1521 3807 1612 3861 Dei
1650 3808 1728 3860 ira
1758 3816 2107 3876 perseveret,
2148 3822 2252 3857 non

691 3912 885 3965 magno
930 3898 1178 3967 prasidio
1228 3898 1467 3950 futurum
1510 3896 1855 3952 Occidentalc
1891 3895 2254 3965 supercilium.

692 3988 914 4043 Frustra
943 3989 1202 4058 ejusmodi
1237 3991 1479 4042 homines
1511 3991 1654 4041 orari
1683 3993 2051 4054 demOnstrat,
2099 3988 2257 4041 allato

692 4082 745 4135 in
770 4096 887 4136 eam
934 4083 1252 4135 sententiam
1279 4096 1433 4136 versu
1488 4080 1790 4135 llomerico.
1823 4079 2064 4133 Nondum
2111 4082 2255 4135 enim

693 4174 866 4229 callus
897 4175 1165 4229 obductus
1210 4185 1327 4229 erat
1354 4175 1564 4238 dolori,
1604 4190 1761 4244 quem
1797 4188 1860 4225 ex
1911 4172 2082 4224 inutili
2119 4173 2258 4225 litte-

697 4280 876 4317 rarum
908 4267 1033 4317 anni
1062 4266 1165 4319 2.72
1207 4266 1378 4329 exitu,
1409 4275 1463 4318 et
1494 4282 1558 4319 ex
1591 4265 1862 4335 responsis
1886 4278 2071 4333 parum
2094 4263 2260 4329 aquis

695 4372 790 4427 per
838 4356 1123 4426 Evagrium
1185 4372 1326 4410 anno
1360 4358 1463 4411 575
1499 4357 1671 4411 allatis
1716 4366 2056 4424 conceperat.
2120 4354 2257 4417 Quin

1938 3120 2074 3173 forte
2112 3120 2251 3172 enim
2282 3116 2323 3172 C

2345 518 2702 575 Sanctissinto
2745 521 2962 590 perlata
2986 531 3197 589 Optatos
3224 527 3399 577 exitus
3424 527 3743 583 habuerunt.

2420 610 2558 664 Sunt
2587 610 2669 665 ha
2696 611 2888 666 littera
2926 611 3033 665 242
3074 623 3129 666 et
3175 613 3297 667 245.
3339 614 3513 669 Prima
3549 615 3889 676 Orientalium

2342 702 2563 757 nomine
2629 703 3062 758 Occidentalibus
3118 705 3336 772 scripta.
3392 708 3627 761 Alteram
3675 710 3893 769 Basilius

2341 795 2594 863 privatim
2633 796 2847 863 scripsit
2881 797 2946 848 ad
2989 796 3152 849 Italia
3198 806 3247 849 et
3283 796 3468 851 Gallia
3512 801 3809 869 episcopos.
3842 807 3891 859 ln

2342 887 2514 954 prima
2580 886 2882 954 significant
2940 886 3240 942 Orientales
3280 903 3339 941 se
3367 890 3514 960 inter
3557 896 3893 960 gravissimas

2344 974 2604 1043 procellas
2636 976 2701 1027 ab
2736 973 3092 1029 Ecclesiarnm
3132 974 3449 1030 defensione
3484 993 3587 1031 non
3619 981 3890 1045 dimoveri,

2344 1080 2444 1119 nec
2496 1080 2733 1118 animum
2788 1065 3161 1133 despondere,
3211 1077 3264 1120 et
3304 1069 3500 1123 idcirco
3534 1072 3791 1124 auxilium
3833 1077 3894 1128 ab

2347 1155 2631 1211 Occidente
2674 1155 2787 1224 jam
2837 1172 2979 1226 sape
3024 1169 3389 1226 exspectatum
3432 1176 3668 1229 poscere.
3704 1160 3895 1216 Nume-

2354 1259 2475 1301 rant
2499 1249 2762 1301 decimum
2803 1249 3022 1305 tertium
3054 1252 3440 1318 persecutionis
3470 1268 3691 1319 annum,
3721 1256 3771 1307 in
3798 1272 3895 1324 qua

2344 1339 2523 1408 plures
2574 1340 2831 1396 Ecclesiis
2885 1342 3130 1396 evenisse
3178 1340 3495 1399 alllictiones
3555 1358 3895 1411 asseverant,

2344 1442 2503 1494 quam
2552 1430 2793 1484 evenisse
2835 1440 3225 1495 memorantur,
3270 1446 3333 1483 ex
3387 1447 3495 1500 quo
3553 1434 3894 1503 Evangelinnt

2344 1518 2543 1572 Christi
2592 1522 2956 1575 annuntiatur.
3006 1520 3218 1591 Rogant
3263 1536 3395 1589 ergo
3437 1534 3495 1576 ut
3545 1527 3765 1580 tandem
3796 1527 3893 1581 ali-

2344 1610 2557 1679 quando
2587 1611 2864 1664 mittantur
2890 1628 2952 1665 cx
2982 1612 3291 1677 Occidente,
3313 1614 3404 1681 qui
3436 1613 3691 1671 Orientali
3718 1616 3898 1673 Ecclc‘

2347 1703 2439 1756 sia
2466 1715 2619 1769 Opem
2654 1701 2846 1757 ferant.

2419 1793 2629 1862 Scripta
2674 1803 2758 1847 est
2791 1793 2843 1846 in
2872 1794 3111 1847 eamdem
3151 1796 3474 1848 sententiam
3521 1796 3743 1865 epistola
3776 1799 3897 1855 245.

2349 1886 2519 1955 Rogat
2545 1885 2775 1940 Basilius
2812 1896 2869 1939 ut
2896 1886 3267 1955 imperatorem
3292 1886 3597 1941 Occidentis
3619 1890 3899 1943 certiorem

2348 1977 2547 2031 faciant
2577 1979 2641 2032 de
2690 1978 2755 2032 iis
2792 1993 2912 2048 qua
2946 1988 3207 2047 geruntur
3242 1980 3292 2031 in
3342 1981 3597 2047 Oriente;
3644 1984 3727 2034 vel
3770 1983 3813 2035 si
3855 1982 3902 2035 id

2348 2065 2559 2121 dillicile
2588 2068 2770 2136 fuerit,
2808 2069 2997 2124 saltem
3034 2070 3131 2139 ipsi
3180 2070 3394 2124 mittant
3425 2074 3515 2141 qui
3559 2073 3903 2128 consolentur

2350 2153 2586 2212 aﬂlictos.
2640 2157 2949 2213 Persecutio
2999 2158 3219 2213 uberius
3262 2159 3605 2226 describitur,
3635 2176 3799 2226 quam
3854 2163 3903 2213 in

2349 2248 2612 2312 superiori
2640 2248 2887 2315 epistola.
2917 2248 3110 2302 Narrat
3149 2248 3375 2302 Basilius
3405 2251 3681 2320 episc0pos
3709 2251 3903 2304 indicta

2349 2353 2510 2391 causa
2552 2338 2831 2404 damnari;
2869 2338 2975 2391 imo
3004 2340 3286 2393 nonnullus
3317 2342 3433 2395 sine
3463 2342 3866 2395 accusatoribus
3888 2379 3903 2403 ,

2348 2430 2465 2485 sine
2495 2429 2868 2489 tribunalibus.
2904 2431 3220 2496 intempesta
3256 2442 3409 2483 nocte
3449 2441 3626 2499 raptos
3650 2472 3666 2497 ,
3698 2434 3750 2485 in
3790 2434 3905 2485 lon-

2349 2522 2576 2591 ginquas
2626 2519 2867 2589 regiones
2903 2518 3112 2587 fugatos
3137 2518 3317 2571 fuisse.
3351 2518 3481 2570 lline
3515 2519 3648 2587 fugae
3683 2523 3909 2591 presby-

2352 2624 2586 2667 terorum
2613 2620 2667 2667 et
2698 2613 3049 2665 diaconorum
3074 2650 3090 2677 ,
3119 2610 3245 2663 cleri
3275 2611 3612 2677 depopulatio
3634 2650 3651 2675 ,
3687 2615 3907 2681 populo-

2352 2718 2468 2755 rum
2495 2703 2749 2771 gemitus,
2776 2704 2965 2755 altaria
3002 2701 3263 2771 spirituali
3296 2701 3437 2753 cultu
3467 2704 3734 2767 vacantia,
3773 2705 3907 2758 ades

2352 2793 2679 2863 precationis
2705 2792 2901 2847 clausa
2945 2795 3059 2848 sine
3088 2796 3440 2847 concionibus
3479 2807 3543 2847 ac
3571 2795 3867 2864 synaxihus
3894 2817 3907 2850 :

2350 2889 2476 2943 dum
2508 2886 2761 2942 Ecclesia
2808 2887 3071 2941 columna
3103 2888 3358 2955 dispersa
3402 2896 3524 2939 sunt
3547 2926 3561 2947 .
3598 2888 3821 2940 haresis
3851 2885 3911 2939 li-

2352 2981 2614 3033 bertatem
2662 2988 2854 3042 nacta,
2896 2978 3292 3031 multitudinem
3336 2980 3537 3031 inducit
3564 2980 3825 3040 deorum,
3860 2988 3911 3032 et

2357 3066 2615 3135 Spiritum
2640 3079 2889 3120 sanetum
2924 3066 3115 3131 reiicit,
3148 3082 3209 3119 ac
3239 3069 3360 3119 dum
3402 3068 3580 3118 omnia
3609 3068 3716 3121 sibi
3743 3068 3911 3122 eccle-

2357 3156 2573 3209 siastica
2621 3154 2803 3208 munia
2849 3162 3105 3221 arrogat,
3162 3154 3479 3221 baptismata
3506 3193 3519 3214 ,
3565 3156 3914 3210 deductiones

2353 3244 2804 3315 proﬁciscentium
2830 3283 2843 3305 ,
2873 3244 3274 3298 consolationes
3311 3244 3686 3311 agrotnntium
3706 3285 3722 3308 ,
3766 3263 3913 3299 com-

2354 3351 2635 3391 nmmoues
2702 3338 3099 3406 mysteriorum,
3135 3334 3387 3389 Ecclesia
3434 3333 3569 3387 lilios
3601 3336 3780 3402 impia
3819 3338 3915 3389 do-

2349 3432 2540 3485 ctrina
2576 3429 2887 3484 assuel‘acit.
2928 3428 3052 3483 l‘lac
3076 3442 3140 3482 eo
3166 3426 3468 3481 molestiora
3488 3435 3641 3479 erant
3670 3424 3917 3481 Orienta-

2353 3523 2535 3587 libus,
2588 3522 2729 3591 quod
2780 3532 3076 3575 metuerent
3122 3536 3190 3575 ne
3246 3519 3551 3574 incendium
3594 3530 3918 3587 consumpto

2352 3614 2573 3669 Oriente.
2596 3615 2940 3670 Occidentem
2963 3614 3124 3666 etiam
3154 3613 3487 3683 pervaderet.

2426 3708 2512 3761 Vl.
2556 3707 2698 3760 Duos
2752 3707 2870 3759 illos
2913 3707 3257 3774 presbyteros
3323 3704 3479 3774 paulo
3528 3718 3649 3773 post
3701 3703 3909 3757 Pascha

2355 3799 2511 3867 hujus
2540 3797 2664 3852 anni
2707 3798 2809 3849 576
2864 3798 2915 3848 in
2969 3796 3308 3849 Occidentem
3373 3812 3474 3847 non
3507 3798 3681 3850 serius
3741 3797 3921 3865 prole-

2356 3900 2471 3942 CIOS
2504 3903 2623 3941 esse
2644 3927 2660 3952 ,
2694 3889 2793 3941 hoc
2836 3886 3067 3939 maxime
3095 3895 3408 3953 argumento
3459 3890 3611 3941 nixus
3643 3891 3920 3952 existimo,

2356 3982 2497 4049 quod
2532 3979 2669 4032 idem
2707 3977 3000 4045 legatorum
3034 3992 3227 4029 munus
3252 3977 3444 4029 iterum
3474 3978 3731 4043 obierint,
3759 3993 3816 4034 et
3853 3982 3919 4035 ab

2356 4087 2541 4128 eorum
2567 4087 2630 4123 ex
2664 4069 2899 4123 secunda
2926 4069 3190 4138 legatione
3220 4067 3392 4119 reditu
3420 4082 3590 4136 usque
3613 4070 3681 4121 ad
3708 4069 3921 4124 initium

2360 4165 2488 4217 anni
2519 4160 2643 4223 378,
2673 4160 2927 4216 nonnulla
2957 4158 3255 4221 evenerint,
3280 4172 3395 4224 qua
3422 4170 3543 4227 apte
3574 4159 3791 4228 disponi
3820 4178 3923 4214 non

2358 4264 2599 4321 possent,
2631 4255 2674 4306 si
2711 4253 2884 4320 prima
2914 4250 3107 4318 legatio
3138 4247 3313 4299 serius
3342 4248 3673 4313 contigisset.

2431 4343 2612 4410 Neque
2644 4343 2806 4394 etiam
2847 4340 3003 4391 citius
3034 4336 3145 4389 hac
3191 4335 3383 4404 legatio
3416 4336 3580 4404 possit
3622 4335 3887 4390 collocari
3909 4380 3924 4403 ,

695 4452 856 4505 etiam
876 4453 1070 4504 vulnus
1100 4448 1461 4503 refricuerant
1488 4448 1789 4501 novissima
1815 4448 2022 4501 Damasi
2050 4446 2254 4505 littera,

2369 4433 2419 4484 in
2453 4448 2560 4501 quo
2597 4445 2722 4485 sane
2748 4426 3122 4482 aTillemontii
3152 4429 3411 4481 sententia
3454 4424 3605 4492 longe
3642 4425 3927 4481 distamus.

696 4559 814 4610 qua
846 4543 1069 4597 Paulino
1096 4543 1465 4612 episcopatum
1499 4540 1862 4593 attrihuehant
1888 4578 1904 4602 ,
1941 4538 2264 4591 defraudato

698 4632 933 4687 Meletio.
1001 4631 1198 4686 Narrat
1260 4634 1314 4685 in
1374 4633 1561 4685 eadem
1619 4628 1841 4697 epistola
1896 4627 1999 4681 239
2053 4629 2150 4681 sibi
2208 4629 2262 4680 in

700 4736 935 4779 mentem
965 4726 1182 4779 venisse
1220 4724 1473 4793 privatim
1512 4723 1577 4776 ad
1624 4721 1966 4790 coryphaum
1998 4718 2262 4775 Occiden-

700 4815 886 4870 talium
914 4815 1172 4877 scribere,
1195 4814 1263 4867 de
1286 4815 1442 4868 rebus
1465 4813 1679 4881 quidem
1703 4809 2087 4865 ecclesiasticis
2111 4808 2261 4873 nihil,

701 4908 806 4961 nisi
830 4912 968 4974 quod
995 4904 1348 4967 insinuasset,
1382 4920 1555 4971 neque
1580 4904 1697 4957 illos
1727 4904 1791 4957 de
1832 4902 1991 4956 rebus
2024 4901 2261 4956 Orientis

702 5013 829 5053 vera
860 5013 1039 5063 nosse,
1087 5010 1262 5068 neque
1295 4997 1460 5059 viam,
1500 5011 1603 5063 qua
1631 4997 1835 5064 possint
1879 4995 2082 5049 discere
2106 5036 2119 5058 ,
2149 5010 2265 5046 am-

705 5091 862 5159 plecti
890 5108 905 5155 ;
932 5106 996 5145 ac
1024 5090 1319 5159 generatim
1347 5129 1362 5150 ,
1398 5088 1705 5142 hominibus
1726 5126 1741 5150 ,
1771 5102 1908 5156 quos
1947 5088 2267 5140 teutationes

706 5180 972 5251 allligunt,
1006 5182 1368 5235 insultandum
1404 5196 1506 5233 non
1555 5193 1674 5232 esse
1702 5219 1714 5242 ,
1748 5193 1918 5248 neque
1955 5177 2266 5246 dignitatem

708 5273 1122 5329 existimandum
1169 5287 1288 5327 esse
1316 5273 1639 5343 superbiam.
1684 5269 1795 5322 Non
1846 5281 2022 5323 tamen
2065 5268 2270 5323 obstitit

712 5367 965 5436 legationi
999 5367 1263 5431 Basilius;
1297 5382 1469 5436 neque
1494 5368 1637 5421 enim
1678 5366 1721 5417 is
1749 5376 1888 5429 erat,
1922 5363 2011 5431 qui
2046 5362 2133 5414 ulli
2168 5363 2266 5415 Ec.

714 5461 892 5514 clesia
921 5460 1200 5514 commodo
1228 5475 1429 5515 moram
1449 5458 1695 5512 aderret:
1721 5457 1812 5509 sed
1842 5456 2018 5523 ponus
2046 5452 2275 5506 libenter

718 5552 986 5606 communi
1017 5565 1189 5605 causa
1210 5552 1397 5607 stilum
1438 5566 1593 5606 suum
1626 5549 1884 5618 impendit
1918 5548 1967 5601 in
1997 5545 2277 5600 exarandis

790 5726 864 5796 (a)
904 5726 999 5792 Ep.
1028 5727 1151 5778 215.

2368 4525 2415 4578 Is
2462 4525 2603 4578 enim
2638 4523 2866 4591 legatum
2918 4536 3057 4572 anno
3101 4519 3204 4574 575
3237 4530 3326 4571 aut
3379 4516 3484 4570 574
3538 4517 3767 4572 missum
3810 4534 3931 4574 esse

2370 4618 2699 4671 Dorotheum
2730 4614 3022 4675 existimat,
3054 4623 3109 4666 et
3146 4628 3287 4665 anno
3318 4609 3455 4673 575,
3503 4611 3600 4661 sub
3628 4611 3799 4665 linem
3835 4628 3929 4664 au-

2366 4710 2530 4762 tumni
2585 4705 2828 4761 rediisse.
2894 4706 2946 4758 l°
3004 4704 3273 4758 Neminem
3328 4716 3470 4753 anno
3538 4700 3643 4754 ’575
3711 4704 3933 4755 missurn

2369 4798 2536 4853 fuisse
2563 4798 2673 4867 jam
2705 4810 2862 4863 supra
2892 4795 3021 4849 satis
3055 4795 3359 4863 probatum.
3394 4790 3600 4844 Nullum
3647 4794 3936 4860 legationis

2365 4890 2646 4958 vestigium
2687 4887 2885 4942 habent
2943 4890 3068 4940 anni
3122 4886 3225 4938 373
3267 4894 3357 4937 aut
3404 4884 3505 4937 ’574
3554 4883 3767 4937 Fncum
3816 4884 3938 4939 fecit

2370 4986 2595 5040 eruditis
2619 4986 2747 5039 viris
2772 4986 3022 5056 opinatus
3049 4981 3297 5035 Dorothei
3321 4997 3383 5035 ex
3411 4981 3707 5035 Occidente
3736 4981 3939 5035 reditus

2372 5094 2513 5132 anno
2562 5077 2688 5140 575,
2740 5092 2900 5146 quem
2955 5072 3211 5141 colligunt
3240 5088 3306 5126 ex
3354 5073 3437 5127 his
3464 5072 3646 5125 verbis
3697 5072 3939 5137 epistola

2370 5174 2510 5230 239:
2551 5174 2626 5227 De
2658 5178 2807 5227 rebus
2849 5182 3019 5224 autem
3046 5166 3466 5223 Occidentalibus
3491 5164 3636 5229 prius
3658 5164 3775 5228 ipse
3800 5166 3940 5218 didi-

2375 5267 2490 5321 cisti
2518 5304 2533 5329 ,
2572 5276 2818 5319 narrante
2866 5263 3038 5315 omnia
3088 5261 3252 5329 fratre
3295 5258 3592 5319 Dorotheo,
3641 5257 3733 5307 cui
3761 5258 3939 5326 quales

2376 5360 2565 5413 danda:
2610 5372 2828 5419 rursus,
2878 5355 3062 5408 littera
3090 5351 3345 5405 abeunti?
3388 5348 3462 5401 Ex
3498 5347 3579 5399 his
3609 5349 3942 5402 COllL'ludunl

2380 5453 2705 5506 Dorothenin
2731 5451 2895 5503 [iunia
2922 5450 3253 5510 redeuntem,
3272 5440 3412 5513 apud
3438 5439 3731 5494 Eusebium
3752 5441 3939 5500 fuisse,

2369 5548 2527 5614 eique
2566 5548 2631 5600 de
2689 5543 2848 5598 rebus
2887 5544 2938 5598 in
2975 5540 3265 5597 Occidente
3315 5532 3612 5606 perspectis
3662 5543 3939 5589 narrasse.
