4080 6312
1501 365 1661 420 νιτΑ
1702 366 1761 422 S.
1807 366 2065 422 BASILII.

3260 376 3394 418 CXLV

171 481 267 537 Sed
308 479 580 550 quomodo
623 480 954 543 Dorotlieus,
992 477 1082 546 qui
1130 477 1229 531 sub
1273 479 1481 532 initium
1536 478 1724 533 hiemis
1754 484 1800 543 Α
1830 478 2042 542 rabant,
2089 494 2401 549 quamcum
2434 480 2657 548 imperio
2689 460 2923 532 Valentis
2956 477 3199 533 sciebant
3244 479 3394 537 ince-

172 588 306 628 anno
342 572 450 626 575
494 573 720 625 Romam
759 572 975 639 quidem
1007 569 1275 638 cogitabat
1304 568 1406 639 (α),
1433 570 1523 624 sed
1551 579 1725 623 tamen

170 668 402 721 nondum
445 664 644 718 litteris
664 664 1038 732 episcoporum
1080 662 1374 717 instructus
1403 671 1520 716 erat
1547 700 1563 727 ,
1592 676 1729 715 non-

170 760 291 813 dum
337 759 625 827 episcopos
682 766 873 809 nactus
929 768 1088 819 erat,
1123 756 1316 825 quibus
1368 755 1615 809 comitem
1672 768 1731 807 se

168 851 374 905 itineris
404 862 526 903 esse
559 848 808 916 optabat;
856 847 1124 914 quomodo
1147 887 1162 911 ,
1206 846 1448 915 inquam,
1486 854 1591 897 tam
1618 845 1730 897 cito

172 943 340 994 redire
374 941 549 1007 potuit
576 978 590 998 ,
642 947 702 992 ut
733 938 783 990 in
814 937 1047 993 Thracia
1091 939 1229 1005 apud
1268 936 1549 990 Eusebium
1588 946 1732 989 esset

170 1032 315 1085 initio
353 1031 482 1083 anni
516 1028 660 1083 576?
694 1027 808 1083 Non
862 1031 1003 1083 enim
1053 1029 1268 1083 dubium
1315 1035 1397 1083 est
1425 1030 1575 1098 quin,
1608 1042 1729 1081 cum

177 1123 410 1175 Basilius
482 1120 742 1175 scriberet
788 1121 1066 1190 epistolam
1132 1118 1236 1172 259
1283 1118 1520 1189 (scripsit
1554 1130 1730 1171 autem

170 1230 266 1268 non
301 1213 476 1266 multo
519 1224 639 1281 post
676 1213 885 1267 initium
918 1214 1042 1266 anni
1076 1212 1202 1279 576',
1232 1251 1246 1273 ,
1275 1212 1386 1279 jam
1420 1220 1530 1264 tum
1564 1212 1732 1265 Doro.

170 1306 320 1359 theus
361 1307 433 1357 ab
468 1303 701 1358 Eusebio
738 1303 1072 1356 discessisset
1100 1312 1153 1356 et
1189 1302 1240 1354 iu
1269 1300 1609 1369 Cappadocia
1640 1307 1732 1352 aut

172 1398 415 1450 ﬁnitimis
449 1396 584 1449 locis
621 1403 949 1448 versaretur.
990 1394 1144 1449 Unde
1184 1396 1458 1463 quaerebat
1502 1393 1731 1449 Basilius

168 1507 411 1562 quaenam
439 1490 486 1544 ei
510 1488 697 1542 danda:
722 1497 902 1541 essent
925 1487 1140 1541 abeunti
1166 1487 1375 1541 litterae.
1402 1486 1533 1540 lllud
1553 1496 1730 1539 autem

171 1600 268 1636 non
295 1582 475 1634 minus
509 1580 841 1648 exploratum
883 1589 938 1633 et
968 1591 1175 1633 certum
1208 1588 1309 1642 est,
1346 1578 1595 1632 Dorothei
1625 1575 1731 1629 Ro-

168 1687 303 1725 mam
349 1670 642 1732 cogitantis
696 1669 801 1724 iter
853 1671 1088 1724 nondum
1129 1672 1227 1725 sub
1280 1671 1490 1723 initium
1538 1670 1729 1723 hiemis

165 1752 380 1819 omnino
412 1770 678 1815 statutum
725 1761 921 1827 fuisse;
955 1763 1217 1832 siquidem
1250 1762 1479 1817 Basilius
1509 1762 1560 1814 in
1608 1761 1724 1828 epi-

164 1856 297 1910 stola
329 1853 437 1907 2I5
468 1864 625 1925 negat
658 1869 778 1908 eum
806 1855 904 1908 hoc
930 1857 1027 1909 iter
1058 1857 1234 1908 hieme
1257 1853 1523 1908 coniicere
1547 1868 1721 1921 posse,

165 1948 263 2000 nisi
320 1949 456 2001 mari
512 1959 710 2013 utatur,
758 1958 812 2004 et
855 1966 975 2005 cum
1021 1950 1318 2004 Dorotheus
1367 1950 1616 2003 comitem
1669 1964 1727 2003 se

166 2039 425 2109 Gregorio
446 2040 690 2113 Nysseno
714 2042 949 2096 futurum
979 2053 1243 2112 speraret,
1278 2052 1387 2096 tota
1413 2059 1498 2097 res
1531 2042 1728 2097 Basilio

165 2132 413 2201 plurimis
467 2136 747 2189 obSIructa
799 2133 1204 2189 difﬁcultatibus
1267 2136 1497 2194 videtur.
1551 2135 1730 2202 Quare

168 2226 304 2293 quod
337 2228 415 2280 ait
444 2226 675 2280 Basilius
708 2225 998 2281 Eusebium
1038 2230 1102 2282 de
1140 2229 1297 2283 rebus
1329 2228 1635 2285 Occidentis
1662 2241 1727 2282 ex

168 2318 435 2372 Dormbeo
465 2318 738 2385 didicisse,
764 2320 815 2374 id
842 2321 907 2376 de
942 2323 1097 2376 rebus
1129 2322 1179 2374 in
1205 2321 1495 2377 Occidente
1531 2322 1727 2376 auditis

165 2420 250 2461 aut
282 2408 581 2478 perspectis
608 2412 780 2481 accipi
809 2427 912 2465 non
941 2412 1119 2477 debet,
1150 2413 1241 2465 sed
1269 2413 1334 2466 de
1369 2411 1434 2464 iis
1464 2427 1583 2475 quia:
1617 2410 1724 2462 Do-

164 2498 379 2551 rotheus
410 2512 475 2551 ex
509 2497 718 2555 Damasi
749 2500 944 2554 litteris
984 2502 1083 2553 sub
1128 2501 1331 2554 sistatis
1362 2500 1520 2553 linem
1550 2500 1728 2555 allatis

163 2599 501 2658 cognoverat.
553 2591 695 2645 Petit
750 2607 928 2646 autem
990 2591 1218 2645 Basilius
1281 2592 1465 2661 quales
1541 2608 1728 2647 rursus

166 2679 346 2733 danda:
389 2682 501 2734 sint
542 2682 736 2737 litterae
768 2681 1037 2739 Dorotbeo
1085 2685 1303 2738 abeunti
1348 2685 1399 2739 in
1426 2684 1723 2741 Orientem.

166 2770 479 2825 Meminerat
529 2774 673 2826 enim
714 2775 998 2829 consilium
1046 2775 1313 2829 scribendi
1356 2778 1422 2829 ad
1469 2774 1730 2830 Occiden-

165 2860 285 2915 tales
318 2878 464 2916 anno
512 2863 639 2928 575,
698 2866 838 2934 quod
894 2881 958 2920 ex
1018 2876 1204 2919 sancto
1259 2866 1489 2919 Eusebio
1551 2859 1726 2919 ortu'm

164 2948 325 3003 iuerat
348 2990 365 3016 ,
396 2960 474 3003 tot
509 2953 847 3006 obstructum
890 2949 1289 3007 difﬁcultatibus
1328 2951 1495 3007 fuisse
1519 2992 1534 3017 ,
1566 2963 1623 3007 ut
1667 2954 1721 3007 in

164 3057 267 3093 rem
299 3044 525 3095 minime
556 3043 809 3095 collatum
842 3041 1025 3094 fuerit.

222 3135 277 3186 2ο
316 3135 456 3228 Duae
483 3134 815 3187 exstiterunt
846 3135 1094 3189 Dorothei
1128 3136 1179 3189 iu
1215 3135 1565 3191 Occidentem
1591 3138 1731 3206 lega-
1755 3171 1798 3228 ο

165 3226 345 3285 tiones,
376 3224 553 3291 prima
599 3224 814 3292 quidem
844 3266 858 3289 ,
889 3242 1009 3281 eum
1039 3225 1245 3282 litteras
1267 3228 1374 3281 242
1405 3237 1457 3280 et
1487 3228 1592 3282 9.45
1633 3231 1721 3283 de-

164 3313 294 3380 tulit,
335 3315 509 3366 altera
553 3329 676 3369 cum
725 3317 1007 3385 epistolam
1046 3318 1171 3372 265.
1224 3316 1417 3373 Prima:
1444 3318 1728 3388 legationis

164 3406 532 3474 optatissimus
556 3409 733 3462 exitus
765 3409 883 3475 fuit,
912 3425 1014 3464 non
1044 3411 1185 3480 quod
1213 3412 1471 3465 auxilium
1496 3410 1726 3466 Romani

166 3514 218 3553 re
248 3516 368 3553 vera
406 3499 617 3554 Orienti
650 3501 903 3568 tulerint,
928 3504 1020 3557 sed
1058 3504 1180 3571 quia
1213 3504 1478 3557 sinceram
1517 3501 1725 3559 ferendi

165 3592 487 3645 voluntatem
552 3593 941 3661 signiticarnnt.
1003 3594 1151 3648 Unde
1205 3594 1544 3659 Orientales,
1599 3597 1725 3650 dum

165 3683 481 3739 Dorotbeum
534 3685 724 3738 iterum
776 3686 993 3739 mittunt
1029 3685 1128 3757 (b),
1164 3688 1366 3757 gratias
1410 3696 1574 3758 agunt
1613 3704 1726 3744 am—

163 3778 427 3844 plissimas
480 3777 938 3833 Occidentalibus.
1002 3779 1138 3834 Hine
1200 3781 1361 3836 etiam
1411 3782 1636 3837 Basilius
1671 3783 1724 3837 in

165 3871 326 3925 tribus
358 3872 627 3941 epistolis,
661 3888 792 3942 quas
820 3885 1125 3929 revertente
1157 3891 1223 3930 ex
1254 3878 1425 3945 prima
1458 3876 1725 3947 legatione

166 3963 431 4018 Dorotlieo
484 3965 738 4035 scripsit,
786 3965 968 4019 lattitia
1003 3968 1279 4034 exsultat,
1309 3977 1365 4022 ut
1394 3968 1447 4023 in
1478 3970 1634 4025 rebus
1656 3985 1722 4023 ex

162 4058 421 4110 sententia
454 4056 740 4112 coniectis.
764 4058 842 4112 Ex
882 4058 965 4111 his
991 4057 1268 4113 evidenter
1295 4062 1550 4129 probatur
1583 4064 1723 4117 hanc

162 4145 475 4214 legationem
516 4161 619 4199 nou
647 4149 805 4202 citius
835 4162 1138 4220 susceptam
1169 4164 1290 4205 esse
1311 4193 1325 4215 ,
1367 4167 1525 4219 quam
1564 4154 1721 4207 modo

159 4236 407 4298 diximus,
443 4250 635 4304 nempe
663 4237 805 4291 circa
838 4240 1039 4294 Pascha
1089 4240 1247 4308 hujus
1279 4243 1404 4293 anni
1433 4242 1556 4295 576.
1586 4241 1718 4296 Nam

158 4321 384 4381 Basilius
408 4368 424 4391 ,
462 4342 584 4380 cum
626 4326 885 4382 scriberet
930 4330 1206 4397 epistolam
1235 4330 1339 4385 9.59
1363 4371 1378 4395 ,
1409 4346 1590 4386 mense
1622 4332 1720 4390 Fe-

165 4416 379 4468 bruario
411 4426 502 4469 aut
528 4416 720 4470 Martio
742 4417 977 4485 ejusdem
1004 4421 1126 4473 anni
1145 4461 1159 4484 ,
1194 4436 1298 4475 non
1326 4422 1482 4475 valde
1517 4424 1717 4490 proba—

1834 570 1998 638 pisse.
2045 568 2117 623 At
2158 566 2526 625 Tillemoutius
2570 570 2778 624 initium
2830 568 3081 623 tredecim
3131 584 3394 626 annorum

1834 665 2027 732 repetit
2059 664 2126 718 ab
2155 679 2296 718 anno
2334 663 2461 728 56l,
2484 664 2572 718 alii
2595 664 2662 717 ab
2694 678 2835 718 anno
2860 662 2984 717 560.
3014 662 3117 717 Sed
3152 675 3395 720 extrema

1834 756 2225 822 persecutionis
2278 755 2578 810 Constantii
2636 756 2813 809 minus
2869 766 3016 810 recte
3048 769 3169 809 cum
3226 755 3395 812 initiis

1834 844 2070 901 Valentis
2128 846 2544 916 conjunguntur.
2590 847 2729 901 Inter
2756 856 3041 915 utramque
3068 850 3398 915 persecutio-

1833 951 1952 990 nem
1986 938 2190 1005 aliquot
2217 938 2341 991 anni
2400 936 2667 1004 interjecti
2723 945 2887 1003 sunt,
2947 934 3245 992 Catholicis
3291 934 3397 992 sub

1830 1028 2044 1085 Juliano
2070 1032 2121 1085 in
2156 1031 2311 1086 sedes
2341 1045 2467 1085 suas
2493 1029 2780 1085 restitutis.
2816 1027 3079 1081 Pratterea
3102 1027 3148 1081 si
3184 1027 3250 1083 de
3270 1042 3394 1095 per-

1832 1125 2109 1179 secutione
2136 1123 2434 1179 Constantii
2466 1121 2767 1178 Orientales
2799 1120 2962 1176 locuti
2993 1118 3240 1186 fuissent,
3289 1134 3395 1175 non

1827 1215 1937 1283 jam
1968 1217 2223 1270 tredecim
2250 1231 2421 1270 annos
2446 1222 2848 1280 numerassent,
2873 1214 2966 1268 sed
2990 1212 3201 1285 longius
3228 1213 3397 1269 multo

1834 1309 1981 1363 initia
2020 1306 2409 1376 persecutionis
2439 1306 2802 1376 repetiissent.

1901 1402 1960 1456 4ο
1995 1401 2049 1456 In
2088 1400 2339 1470 Opinione
2381 1398 2705 1453 Tillemoutii
2746 1398 2992 1452 turbatur
3020 1405 3074 1450 et
3111 1396 3398 1453 confundi-

1832 1501 1919 1547 tur
1958 1508 2135 1545 rerum
2170 1500 2440 1561 gestarum
2474 1490 2662 1544 series.
2695 1489 3063 1543 Proﬁciscitur
3094 1490 3396 1545 Darotheus

1832 1598 1974 1635 anno
1999 1581 2102 1635 575
2124 1591 2218 1635 aut
2252 1579 2392 1645 574;
2430 1593 2535 1633 non
2562 1579 2699 1635 redit
2719 1579 2816 1632 nisi
2838 1592 2977 1631 anno
3000 1576 3106 1631 575
3146 1589 3394 1633 exeunte.

1830 1654 2062 1724 Nimium
2088 1686 2220 1723 sane
2249 1671 2349 1725 hoc
2393 1669 2735 1725 intervallum
2770 1670 2821 1722 in
2869 1684 2927 1722 re
2957 1683 3059 1720 non
3092 1666 3290 1719 ditllcili
3327 1667 3395 1721 ad

1830 1762 2228 1816 deliberandum
2262 1771 2314 1815 et
2342 1763 2761 1829 dijudicandum,
2798 1776 2898 1814 nec
2929 1759 3153 1813 multum
3184 1768 3392 1829 tempo-

1829 1856 1902 1907 ris
1958 1854 2286 1923 requirente.
2352 1853 2494 1907 Idem
2558 1855 2860 1908 Dorotheus
2921 1852 3115 1905 iterum
3165 1851 3394 1904 mittitur

1826 1959 1966 1997 anno
1986 1943 2109 1997 577.
2139 1946 2210 1998 At
2244 1946 2383 1997 inter
2407 1955 2690 2013 utramque
2712 1944 3026 2012 legationem
3051 1955 3153 1993 non
3182 1950 3391 1995 tantum

1826 2035 1985 2103 apatii
2042 2036 2252 2088 videtur
2310 2033 2604 2089 efﬂuxisse.
2663 2032 2794 2091 Nam
2844 2046 2964 2086 cum
3020 2031 3391 2101 promisissent

1826 2127 2197 2183 Occidentales
2224 2143 2282 2181 se
2302 2125 2755 2181 Orientis‘auxilio
2780 2133 3064 2189 venturos,
3094 2122 3139 2175 si
3166 2123 3232 2177 ab
3251 2134 3396 2177 anno

1826 2220 1931 2274 575
1971 2235 2141 2288 usque
2179 2220 2246 2273 ad
2278 2219 2378 2275 577
2415 2219 2546 2273 nihil
2571 2217 2966 2288 praestitissent,
2998 2214 3194 2269 merito
3218 2212 3392 2282 questi

1827 2316 2008 2358 essent
2045 2303 2343 2359 Orientales
2370 2346 2385 2369 ,
2416 2306 2508 2372 qui
2543 2312 2721 2359 tamen
2771 2302 2823 2355 in
2864 2302 3021 2369 epist.
3053 2300 3159 2354 265
3181 2340 3195 2361 ,
3228 2314 3390 2367 quam

1827 2392 2126 2449 Dorotlieus
2160 2398 2356 2449 iterum
2395 2396 2592 2449 missus
2625 2390 2849 2459 detulit,
2889 2392 3091 2462 gratias
3118 2401 3281 2462 agunt
3319 2386 3390 2447 ob

1827 2486 2045 2556 prolixa:
2075 2487 2365 2542 voluntatis
2388 2485 2858 2556 signiﬁcationem,
2894 2501 2957 2541 ac
2992 2488 3254 2553 promissa
3285 2482 3394 2542 Oe-

1832 2579 2177 2634 cidentalium
2218 2589 2523 2650 reposcunt,
2549 2588 2606 2632 ut
2636 2592 2856 2645 prorsus
2891 2576 3148 2631 recentia.

2350 2669 2578 2725 CAPUT
2616 2667 2855 2723 XXXVI.

1828 2750 1870 2806 I.
1914 2751 2263 2821 Reprehensus
2291 2770 2321 2805 α
2353 2751 2660 2817 Patrophilo
2692 2752 2923 2805 Basilius
2956 2750 3018 2803 ob
3050 2746 3389 2821 bellum_cum

1901 2817 2200 2886 Eustathio.
2226 2840 2398 2876 cauam
2420 2839 2530 2876 sua:
2553 2822 2819 2892 justitiam
2843 2821 3097 2888 defendit.
3131 2818 3194 2872 II.
3212 2817 3388 2892 Ilico-

1898 2894 2040 2962 philo
2069 2894 2293 2961 injurias
2326 2888 2568 2956 redonat,
2590 2894 2678 2945 sed
2723 2892 2925 2959 roganti
2953 2898 3027 2962 _tt_t
3057 2902 3172 2962 sunt
3202 2888 3393 2962 Eusta-

1901 2954 2009 3016 im'o
2044 2954 2379 3015 communicet
2406 3002 2420 3024 ,
2448 2954 2658 3014 minime
2704 2954 2907 3014 annuit.
2953 2959 3034 3013 Ill.
3088 2954 3391 3012 I’ersecutio

1904 3031 2392 3098 Nicopolitanorum
2425 3033 2752 3099 ingravescit.
2808 3030 2882 3083 De
2916 3028 3133 3099 epistola
3168 3032 3235 3099 ad
3262 3033 3389 3080 Ans-

1901 3096 2248 3170 pltiloehiitnt,
2282 3112 2329 3155 et
2378 3096 2499 3155 alia
2529 3102 2638 3154 sine
2675 3096 3026 3170 inscriptione.
3070 3097 3155 3153 IV.
3192 3096 3387 3170 ξενιωι

1898 3167 2086 3224 iterant
2108 3170 2340 3224 Basilius
2386 3172 2708 3235 PatrOphilo.
2744 3169 2820 3223 De
2852 3169 3041 3222 litteris
3084 3170 3151 3221 ad
3187 3167 3389 3221 Euru-

1899 3257 1992 3294 ποι
2036 3252 2084 3292 et
2123 3243 2275 3293 initio
2307 3242 2433 3293 anni
2476 3240 2614 3306 apud
2652 3238 3000 3306 Cappadoces.
3039 3238 3113 3291 De
3142 3255 3223 3307 ep.
3260 3238 3388 3291 252.

1904 3309 1968 3366 ν.
2024 3309 2250 3363 Redeunt
2307 3310 2593 3363 Dorotheus
2649 3319 2696 3361 et
2748 3307 3142 3363 Sanctissimae.
3206 3307 3390 3361 Pimes

1904 3379 2089 3433 Basilii
2121 3380 2313 3435 litterae
2342 3397 2434 3446 per
2468 3378 2871 3433 Sanctissimum
2897 3382 3157 3446 ferantur.
3188 3376 3389 3431 Conso-

1901 3452 2043 3504 latnr
2083 3449 2379 3503 Berteenses
2424 3452 2737 3511 monac/ws,
2763 3464 2983 3515 quarunt
3024 3456 3160 3500 ades
3204 3449 3389 3501 Ariani

1897 3521 2257 3574 incenderant.
2289 3520 2419 3572 Item
2445 3520 2577 3570 alios
2608 3518 2887 3571 monachos
2914 3518 2977 3570 ab
3003 3518 3212 3571 Arionis
3235 3533 3389 3570 vexa-

1897 3601 1997 3645 tos.
2034 3591 2117 3645 Vl.
2149 3589 2384 3657 Epistula
2402 3591 2469 3641 ad
2504 3587 2853 3657 Epiphaniam
2884 3590 2946 3640 de
2978 3588 3072 3657 Api
3092 3586 3305 3657 llimtrio
3334 3597 3384 3637 et

1900 3664 1963 3714 de
1996 3663 2146 3714 rebus
2174 3655 2525 3713 Antiocltenis.
2552 3655 2749 3712 Scribit
2783 3656 3012 3711 Basilius
3049 3655 3297 3709 Palladio
3335 3665 3386 3708 et

1896 3731 2223 3783 Innocentio.
2294 3728 2399 3781 VII.
2457 3729 2738 3780 Consultus
2798 3729 2861 3778 ab
2909 3726 3115 3790 Optimo
3162 3728 3385 3793 explicat

1896 3800 2187 3865 Scriptura:
2217 3798 2389 3851 locum
2431 3797 2709 3866 difﬁcilem.
2740 3796 2867 3849 VIII.
2909 3793 3157 3861 Epistolis
3190 3792 3262 3866 ad
3286 3792 3383 3866 8o-

1897 3864 2223 3939 zOpolitanos
2254 3880 2299 3921 et
2329 3870 2397 3921 ad
2430 3864 2701 3921 Ufbicium
2732 3868 2794 3919 de
2836 3867 3019 3919 ltwresi
3045 3864 3384 3934 Apollinaris}

1894 3960 1936 4015 I.
1980 3961 2317 4032 Patrophilus
2346 3959 2634 4030 Ege-arum
2676 3960 2727 4013 in
2766 3959 2947 4014 Cilicia
2964 3959 3244 4030 episcopus
3281 3955 3387 4011 Ba-

1824 4056 1947 4111 silio
1972 4056 2176 4109 amicus
2200 4061 2335 4120 erat,
2358 4064 2415 4108 et
2442 4051 2562 4106 lidei
2592 4050 2867 4105 catholica:
2896 4050 3175 4113 addictus;
3203 4052 3296 4103 sed
3330 4050 3386 4103 in

1823 4148 2163 4203 Eustathium
2208 4147 2324 4218 plus
2360 4158 2513 4213 aequo
2545 4142 2877 4214 pr0pensior.
2918 4141 2965 4196 Is
2999 4141 3086 4195 ubi
3122 4140 3254 4194 vidit
3285 4139 3387 4193 Ba-

1822 4244 1999 4297 silium
2037 4243 2086 4294 in
2124 4248 2339 4309 apertas
2384 4248 2567 4293 contra
2610 4235 2951 4289 Eustatltium
2981 4233 3229 4303 querelas
3259 4248 3385 4287 eru-

1822 4335 1982 4404 pisse,
2016 4334 2147 4388 satis
2179 4333 2268 4387 diu
2308 4331 2472 4385 siluit.
2518 4328 2623 4383 Sed
2669 4328 2882 4382 tandem
2926 4329 3070 4379 misit
3111 4326 3386 4397 presbyte-

1824 4440 1939 4478 rum
1992 4422 2317 4492 Strategium
2362 4436 2482 4475 cum
2539 4421 2750 4484 litteris,
2791 4419 2845 4473 in
2880 4418 3073 4488 quibus
3117 4431 3219 4470 non
3269 4416 3387 4470 sine

164 4505 249 4558 hat
294 4508 507 4576 legatos
557 4512 609 4561 in
660 4510 1003 4565 Occidentem
1052 4514 1214 4577 mitti,
1275 4531 1371 4571 nec
1425 4515 1717 4584 quidquam
1752 4505 1796 4560 Ῐ)
1826 4516 2238 4586 reprehensione
2282 4524 2336 4569 et
2380 4516 2696 4587 quibusdam
2728 4512 2928 4568 aculeis
2957 4519 3229 4580 stuporem
3265 4509 3381 4563 ani-

158 4599 405 4663 sperabat
443 4612 473 4649 a
498 4603 808 4669 supercilio,
837 4613 898 4654 ut
928 4604 1038 4671 ipse
1072 4606 1324 4676 appellat,
1358 4607 1721 4667 Occidentali:

160 4691 393 4744 nondum
426 4691 573 4745 enim
607 4693 932 4761 deposuerat
964 4696 1231 4764 dolorem,
1268 4716 1429 4767 quem
1474 4702 1520 4756 ei
1576 4703 1724 4759 inus-

156 4792 336 4836 seraot
392 4793 449 4836 et
492 4781 791 4840 litterarum
843 4787 966 4841 anui
1002 4787 1107 4841 572
1170 4791 1374 4844 inutilis
1419 4794 1618 4858 exitus,
1668 4805 1723 4850 et

157 4886 413 4941 respoosa
444 4890 539 4943 per
562 4875 842 4945 Evagrium
885 4895 1025 4933 anno
1056 4881 1160 4936 575
1196 4884 1357 4938 allata
1382 4923 1397 4949 ,
1450 4896 1505 4941 et
1537 4891 1717 4944 noris-

157 4964 296 5019 sime
330 4969 545 5022 Damasi
578 4970 769 5024 litterte
794 4986 934 5026 anno
964 4972 1088 5028 575.

218 5057 273 5109 5°
306 5060 385 5127 (ε)
424 5055 719 5113 Numerant
754 5057 1053 5119 Orientales
1086 5078 1257 5119 annos
1305 5066 1561 5123 tredecim
1594 5087 1715 5140 per-

158 5150 487 5213 secutionis;
524 5154 663 5217 quod
692 5153 904 5220 quidem
935 5154 1133 5223 optime
1166 5159 1393 5223 quadrat
1422 5175 1540 5213 cum
1573 5177 1716 5219 anno

155 5239 267 5294 576.
298 5244 527 5309 Inctnpit
554 5242 697 5296 enim
727 5242 918 5299 Valens
955 5246 1222 5301 decimum
1253 5251 1466 5303 tertium
1499 5253 1708 5322 imperii

157 5347 349 5385 annum
397 5349 583 5388 mense
620 5333 807 5389 Martio
841 5336 998 5406 hujus
1027 5340 1171 5391 anni.
1209 5337 1388 5405 Quare
1426 5358 1545 5397 cum
1577 5347 1717 5398 scri-

156 5434 245 5488 pta:
280 5426 394 5477 sint
420 5426 538 5477 duae
574 5426 675 5479 illa:
704 5426 940 5495 epistolae
969 5439 1086 5498 post
1116 5428 1318 5484 Pascha
1342 5471 1357 5494 ,
1394 5448 1498 5487 non
1528 5435 1715 5489 imme-

155 5513 250 5568 rito
285 5514 594 5570 Orientales
624 5517 845 5571 totidem
892 5534 1061 5575 annos
1098 5522 1491 5590 persecutionis
1527 5539 1715 5580 nume-

214 5717 289 5859 ?)
328 5718 419 5785 Ep.
458 5718 587 5772 215.

240 5793 289 5858 b}
328 5788 424 5859 Ep.
455 5788 584 5856 265,

240 5788 289 5858 ὁ)
328 5788 424 5859 Ep.
455 5788 584 5856 265,
616 5805 673 5843 ιι.
714 5788 765 5843 1.

1827 4609 1896 4661 mi
1946 4608 2025 4659 sui
2071 4606 2424 4675 signiﬁcabat,
2448 4608 2590 4675 quod
2625 4605 2880 4669 Basilius,
2911 4603 2998 4670 qui
3028 4618 3056 4655 a
3092 4616 3255 4671 puero
3294 4601 3387 4655 de-

1824 4699 1973 4752 derat
2007 4713 2065 4753 se
2094 4698 2393 4765 Eustathio,
2422 4709 2475 4754 et
2504 4699 2643 4752 illius
2670 4711 2830 4751 causa
2870 4704 2947 4748 tot
2978 4711 3042 4750 ac
3076 4706 3215 4749 tanta
3246 4693 3388 4748 fece-

1826 4802 1931 4857 rat,
1963 4798 2041 4846 tot
2077 4791 2213 4845 bella
2241 4806 2359 4845 cum
2390 4789 2686 4843 innumeris
2714 4788 2832 4843 aliis
2862 4789 3210 4850 sustinuerat,
3244 4799 3387 4839 nunc

1821 4900 1939 4941 cum
1988 4887 2101 4953 ipso
2141 4884 2331 4939 bellum
2381 4891 2611 4953 gereret.
2652 4882 2794 4937 Nihil
2841 4884 3092 4935 laeserunt
3127 4878 3381 4933 Basilinm

1817 4977 2081 5045 ejusmodi
2113 4976 2555 5044 reprehensiones
2591 4993 2605 5031 :
2639 4976 2767 5043 quin
2799 4974 2959 5027 etiam
2991 4972 3166 5027 ridere
3198 4970 3383 5029 subiit.

1821 5072 1961 5138 quod
2002 5067 2360 5137 Patropliilus,
2395 5082 2626 5137 quocum
2679 5067 2779 5121 sibi
2823 5066 3113 5119 amicitiam
3156 5071 3232 5117 tot
3272 5065 3387 5114 vin-

1820 5163 1955 5217 culis
1985 5163 2292 5216 adstrictam
2326 5160 2565 5230 putabat,
2597 5159 2803 5213 levibus
2841 5158 2907 5212 de
2942 5158 3122 5211 causis
3166 5157 3216 5208 in
3260 5163 3385 5209 tau-

1820 5265 1929 5309 tum
1970 5264 2237 5321 stuporem
2275 5254 2528 5307 incidisse
2574 5267 2633 5307 se
2673 5253 2897 5305 diceret.
2932 5251 3036 5303 Sed
3065 5249 3186 5319 quia
3228 5262 3385 5301 nemo

1821 5361 2038 5413 prorsus
2061 5356 2196 5410 erat,
2224 5345 2377 5412 cuius
2406 5360 2509 5399 non
2536 5343 2963 5397 connnuni0uem
3008 5350 3058 5395 et
3094 5340 3384 5393 amicitiam

1818 5435 2114 5502 perinvitus
2169 5437 2439 5489 amitteret
2487 5433 2748 5496 Basilius;
2808 5428 3031 5497 exponit
3077 5425 3388 5495 Patrophilo

1817 5542 2028 5583 omnem
2078 5544 2228 5584 suam
2274 5530 2342 5586 ab
2379 5529 2585 5601 origine
2624 5528 3011 5585 dissensionem
3045 5540 3165 5580 cum
3200 5522 3387 5577 Eusta-

1898 5729 1966 5801 (ε)
2010 5732 2105 5801 Ep.
2136 5732 2260 5787 249..
