4074 6312
731 348 892 389 CXLVI

2082 334 2608 406 PROLEGOMENA.

727 448 843 502 thio
875 464 889 501 :
926 448 1257 501 demonstrat
1295 463 1453 518 quam
1505 452 1712 521 injustas
1742 454 2001 511 Eustatbii
2033 459 2279 527 querelae,
2312 468 2359 520 Α
2387 478 2491 515 non
2523 465 2768 535 dignatus
2806 477 2901 535 est,
2932 486 3031 523 non
3060 480 3164 524 tam
3192 480 3421 525 metuens
3457 477 3521 525 ne
3546 487 3610 525 ea:
3635 472 3830 527 litteris
3860 489 3938 525 er-

723 555 883 607 quam
914 554 1100 607 graves
1135 539 1341 607 injuria:
1373 552 1427 595 et
1453 544 1753 615 calumniae,
1784 564 1943 617 quam
1981 551 2287 607 inconstans

721 647 863 686 nunc
900 633 998 687 hac
1052 651 1193 689 nunc
1236 637 1321 691 illa
1369 638 1470 693 fide
1515 641 1741 694 tenenda
1781 652 1834 695 et
1877 642 2283 709 subscribenda,

722 738 862 777 nunc
890 723 974 778 his
1001 741 1142 779 nunc
1173 727 1275 781 illis
1306 730 1545 797 partibus
1572 733 1780 785 tuendis
1808 733 2045 797 animus;
2071 748 2134 787 ac
2166 744 2286 787 tan-

717 813 838 867 dem
874 826 1024 885 rogat
1062 828 1116 871 ut
1160 818 1257 873 sibi
1289 836 1385 889 per
1410 823 1654 876 eumdem
1686 820 2013 895 Strategium
2045 827 2281 895 perscri-

715 903 825 970 bat,
875 918 1053 961 utrum
1106 910 1245 965 idem
1287 927 1411 982 erga
1460 928 1518 967 se
1568 927 1893 981 permaneat,
1932 934 1999 971 an
2042 933 2107 973 ex
2154 933 2282 974 con-

711 1011 899 1063 gressu
939 1014 1057 1053 cum
1092 1001 1373 1061 Eustathio
1408 1009 1720 1064 immutatus
1747 1012 1835 1065 sit.

784 1087 1144 1147 Novissimum
1201 1096 1483 1152 Eustathio
1534 1101 1743 1156 facinus
1798 1102 1849 1155 in
1906 1103 2007 1157 hac
2055 1104 2277 1173 epistola

711 1182 788 1246 (η.
834 1183 889 1253 5)
920 1188 1294 1254 exprobratur.
1338 1190 1590 1247 Viderunt
1624 1196 1754 1247 enim
1792 1192 2063 1264 Cyzicum,
2102 1196 2278 1264 inquit

708 1273 786 1343 (n.
832 1274 909 1345 9),
960 1288 1005 1329 et
1054 1295 1170 1331 cum
1212 1282 1318 1334 alia
1358 1283 1460 1349 ﬁde
1505 1288 1693 1339 reversi
1732 1298 1871 1341 sunt.
1916 1285 2031 1340 Non
2072 1289 2276 1343 viderat

708 1366 844 1422 hanc
879 1368 1031 1422 fidem
1057 1368 1303 1437 Basilius,
1335 1375 1425 1427 sed
1460 1376 1559 1428 hoc
1596 1384 1798 1430 tantum
1830 1379 2070 1432 audierat
2097 1379 2274 1433 silen—

704 1460 836 1513 tium
881 1462 1320 1517 consubstantiali
1373 1465 1705 1531 impositum,
1756 1469 1931 1521 simile
1979 1471 2269 1524 secundum

701 1549 989 1602 essentiam
1026 1551 1298 1605 inductum
1345 1552 1527 1607 fuisse.
1559 1552 1688 1608 Ilaec
1732 1554 1959 1609 formula
2006 1557 2145 1610 inter
2178 1573 2272 1611 va-

699 1641 813 1693 rias
864 1638 1155 1706 formulas,
1211 1643 1405 1712 quibus
1449 1646 1769 1715 subscripsit
1815 1646 2165 1713 Eustathius,
2213 1660 2271 1704 ut

700 1733 1064 1788 recentissima
1113 1736 1314 1804 pariter
1357 1750 1665 1793 recensetur
1717 1741 1769 1794 in
1812 1755 1897 1808 ep.
1941 1741 2066 1805 251,
2110 1758 2165 1796 n.
2210 1741 2265 1795 4.

2385 566 2645 623 gueretur,
2688 575 2840 627 quam
2882 563 3133 616 sollicitus
3164 581 3226 616 ne
3270 580 3362 617 nos
3405 580 3602 617 necesse
3641 565 3852 617 haberet
3890 576 3935 618 st

2383 649 2645 718 episcopos
2676 652 2939 716 salutare;
2969 657 3056 708 sed
3085 666 3220 709 certe
3246 658 3397 709 verba
3427 668 3572 709 erant
3601 660 3934 723 vehementia,

2381 750 2428 794 et
2476 757 2540 795 ea:
2580 752 2782 809 pectore
2824 746 3045 813 fervente
3083 748 3327 811 prolata;
3372 750 3424 800 in
3466 750 3544 801 his
3582 750 3928 802 discessimus.

2380 831 2548 885 Antea
2577 848 2682 885 non
2714 844 2820 887 tam
2862 832 3052 887 leniter
3090 850 3213 890 cum
3267 851 3335 891 eo
3370 838 3560 906 agebat
3589 836 3817 891 Basilius
3842 840 3932 909 (ὁ),

2380 937 2499 976 cum
2533 936 2869 991 quereretur,
2893 926 3033 993 quod
3066 940 3123 978 se
3149 926 3457 982 Eustathius
3482 945 3586 981 una
3621 947 3740 982 cum
3774 928 3935 984 Thea-

2378 1011 2514 1079 philo
2556 1012 2713 1066 Citice
2752 1014 2805 1066 in
2848 1013 3275 1084 frequentissimis
3307 1021 3636 1073 conventibus
3671 1021 3935 1077 dilacera-

2379 1112 2478 1154 ret.
2514 1100 2610 1155 Ubi
2646 1103 2793 1157 vides
2834 1103 3186 1173 TheOphilum
3219 1120 3317 1161 nec
3347 1107 3564 1163 fratrem
3596 1124 3695 1165 nec
3724 1112 3931 1180 episca-

2375 1204 2500 1259 pum
2532 1192 2802 1258 appellari.

2443 1280 2531 1335 lll.
2574 1281 2705 1335 Cum
2751 1299 2934 1353 parum
2971 1286 3167 1341 Fronto
3200 1290 3551 1356 promovisset
3597 1288 3719 1343 ficta
3769 1300 3930 1345 recte

2374 1374 2493 1426 fidei
2522 1375 2872 1441 professione,
2907 1379 2958 1430 in
2991 1390 3231 1446 apertum
3264 1379 3521 1447 furorem,
3556 1381 3756 1435 relictis
3791 1394 3931 1435 asto-

2373 1460 2483 1522 tiis,
2520 1463 2712 1527 erupit.
2769 1461 2948 1516 Facta:
2997 1467 3395 1535 magistratibus
3442 1470 3779 1523 contumeliae
3833 1470 3928 1540 (ε),

2368 1551 2593 1605 verbera
2630 1552 2847 1615 inﬂicta,
2879 1560 3019 1609 aedes
3055 1558 3327 1625 expilata,
3362 1560 3547 1614 civitas
3570 1569 3800 1625 vastata,
3840 1577 3929 1614 sa-

2367 1642 2611 1695 cerdotes
2658 1641 2887 1710 expulsi,
2928 1654 2983 1697 et
3033 1644 3359 1703 irruentibus
3392 1648 3526 1717 lupis
3555 1665 3683 1720 grex
3716 1651 3929 1719 disper-

2365 1746 2474 1787 sus.
2520 1732 2745 1789 Basilius
2784 1736 3017 1805 acceptis
3059 1752 3123 1791 ea
3162 1738 3228 1792 de
3260 1754 3318 1792 re
3350 1740 3542 1795 litteris
3573 1743 3920 1813 presbytero‘

694 1820 964 1879 Iudicatur
1001 1828 1160 1881 etiam
1205 1827 1256 1881 in
1288 1842 1373 1897 ep.
1412 1828 1538 1883 226,
1572 1830 1689 1897 Quo
1726 1841 1965 1901 tempore
2002 1832 2053 1886 td
2086 1833 2263 1887 comi-
2297 1820 2335 1874 Β
2366 1836 2480 1875 rum
2511 1833 2565 1876 et
2593 1826 3016 1893 magistratuum,
3055 1827 3241 1881 tribuit
3277 1841 3461 1883 eorum
3502 1835 3722 1902 tempori
3765 1834 3927 1901 quid-

694 1916 853 1983 gerit,
898 1931 1003 1971 non
1053 1917 1284 1974 declarat
1334 1920 1593 1987 Basilius;
1640 1923 1732 1977 sed
1773 1939 1892 1975 cum
1928 1938 2114 1977 recens
2145 1940 2262 1980 esse

695 2006 893 2061 factum
942 2008 1142 2063 indicet
1173 2029 1187 2064 ς
1225 2027 1366 2063 anno
1392 2012 1517 2076 575,
1547 2014 1792 2067 evenisse
1828 2028 1991 2083 supra
2033 2016 2261 2070 diximus

692 2106 817 2151 ante
850 2101 1136 2153 concilium
1176 2102 1543 2171 Ancyranum.

762 2190 824 2245 ll.
867 2188 1192 2260 Theophilus
1220 2193 1513 2251 Castabalte
1542 2197 1593 2251 in
1619 2197 1802 2253 Cilicia
1840 2199 2139 2268 episcopus,
2169 2216 2261 2256 ve-

690 2285 909 2339 hemens
951 2282 1127 2338 fuerat
1175 2287 1225 2340 in
1272 2304 1433 2343 causa
1482 2290 1745 2344 Eustathii
1793 2291 2021 2357 tuenda;
2057 2295 2109 2345 in
2144 2293 2256 2363 pri-

688 2375 915 2430 mordiis
964 2377 1319 2433 dissensionis
1369 2382 1591 2435 miserat
1639 2382 1871 2453 aliquem
1925 2399 1993 2437 ex
2045 2385 2257 2442 clericis

685 2471 821 2533 suis,
850 2468 940 2539 qui
980 2468 1175 2524 Basilio
1214 2472 1445 2539 indignis
1471 2475 1641 2529 modis
1678 2474 2070 2529 conviciaretur
2100 2494 2113 2529 :
2155 2492 2256 2531 nec

684 2562 935 2631 dignatus
962 2572 1081 2617 erat
1109 2561 1175 2616 ad
1208 2577 1331 2617 eum
1367 2564 1627 2628 scribere,
1661 2580 1728 2619 ne
1765 2566 2073 2635 episcopum
2106 2567 2251 2623 illum

682 2654 922 2709 salutare
957 2666 1262 2723 cogeretur.
1291 2655 1482 2710 Postea
1514 2656 1590 2724 (a)
1618 2656 1820 2712 socium
1847 2656 2164 2725 adjuuxerat
2193 2675 2252 2715 se

682 2746 966 2803 Eustathio
997 2746 1048 2800 in
1084 2745 1285 2802 Basilio
1320 2746 1766 2813 frequentissimis
1805 2750 1860 2806 in
1900 2752 2252 2808 conventibus

677 2839 1045 2896 dilaceranda.
1075 2839 1181 2894 Sed
1219 2849 1396 2895 tamen
1427 2841 1515 2894 ubi
1556 2840 1688 2894 vidit
1714 2857 1931 2896 causam
1965 2857 2115 2897 suam
2147 2842 2250 2899 Ba-

672 2934 857 3007 silium
900 2936 954 2989 in
999 2934 1296 2989 clarissima
1347 2932 1465 2987 luce
1506 2941 1561 2987 et
1604 2933 1841 2987 omnium
1880 2935 2052 2990 oculis
2084 2952 2248 3005 expo—

677 3042 830 3092 nere,
884 3042 1037 3081 suam
1084 3040 1225 3086 vero,
1265 3025 1605 3078 Enstathium
1654 3024 1794 3092 turpi
1851 3040 1970 3078 cum
2028 3026 2247 3079 Arianis

675 3119 1053 3179 coniunctione
1091 3116 1350 3187 prodere;
1393 3125 1502 3169 tum
1552 3130 1681 3171 vero
1723 3115 1904 3171 Basilii
1948 3117 2240 3172 amicitiam
2268 3150 2310 3207 ε

676 3210 988 3279 recolligere
1013 3219 1242 3262 conatus
1269 3216 1387 3270 est,
1424 3206 1503 3260 sic
1530 3218 1704 3261 tamen
1745 3217 1801 3259 ut
1830 3222 1927 3276 pro
1956 3206 2239 3263 Eustathio

673 3303 891 3371 petiisse
935 3302 1197 3353 videatur.
1239 3297 1547 3365 Respondet
1594 3298 1641 3352 ei
1688 3298 1921 3354 Basilius
1956 3315 2013 3355 se
2051 3302 2239 3355 amici-

674 3395 802 3445 tiam
835 3391 977 3444 illius
1005 3390 1181 3457 magni
1213 3401 1426 3453 semper
1456 3385 1670 3451 fecisse,
1702 3403 1803 3441 nec
1842 3389 1910 3445 ab
1945 3405 2032 3455 ea,
2063 3406 2236 3460 quan-

674 3492 785 3537 tum
833 3482 900 3537 ad
959 3480 1124 3535 animi
1181 3476 1521 3531 aﬂ’ectionem
1583 3478 1833 3545 pertinet,
1886 3480 2046 3534 ullum
2094 3483 2233 3537 diem

670 3575 1023 3639 discessisse;
1050 3572 1299 3642 quamvis
1331 3568 1508 3624 multae
1536 3583 1599 3622 ac
1630 3583 1832 3639 magnae
1873 3570 2072 3625 doloris
2114 3589 2235 3626 cau-

667 3682 743 3721 sa:
765 3665 1056 3720 acciderint
1084 3682 1098 3717 :
1128 3663 1221 3718 sed
1249 3679 1371 3717 cum
1401 3662 1632 3730 jucunda
1658 3677 1778 3718 cum
1806 3661 2061 3727 molestis,
2092 3664 2234 3719 velut

669 3760 721 3812 in
764 3758 985 3821 trutina,
1030 3765 1274 3825 poneret,
1310 3754 1429 3823 plus
1461 3754 1600 3822 apud
1630 3769 1689 3807 se
1711 3754 1943 3822 jucunda
1981 3757 2232 3825 ponderis

669 3849 940 3902 habuisse.
997 3848 1147 3912 Quod
1204 3854 1415 3915 spectat
1462 3845 1528 3899 ad
1581 3844 1958 3911 Eustathium,
2012 3850 2149 3903 hanc
2199 3865 2229 3903 a

668 3938 965 4009 Theophilo
1006 3939 1216 3993 veniam
1262 3938 1395 4007 petit
1438 3937 1695 4003 Basilius,
1724 3946 1783 3993 ut
1809 3953 1930 3993 cum
1965 3938 2227 3995 Eustathii

663 4032 969 4089 communio
1000 4044 1213 4100 semper
1251 4029 1354 4083 sibi
1401 4029 1734 4097 optatissima
1769 4028 1952 4093 fuerit,
1994 4034 2225 4100 quandin

664 4125 711 4179 is
746 4140 775 4177 a
808 4123 1110 4177 sanioribus
1155 4121 1331 4175 stabat
1375 4121 1654 4190 partibus;
1698 4137 1840 4176 nunc
1874 4137 1939 4175 eo
1977 4137 2100 4176 cum
2134 4122 2216 4175 ad-

664 4212 914 4267 versariis
944 4212 1115 4279 palam
1153 4221 1207 4265 et
1232 4222 1417 4275 aperte
1453 4211 1760 4279 conjuncta,
1800 4213 1958 4269 liceat
1996 4214 2097 4268 sibi
2148 4217 2229 4267 ni-

660 4308 735 4361 hil
769 4304 983 4362 veritati
1017 4318 1351 4374 praeponere.

725 4402 1045 4458 Iamdudum
1094 4399 1387 4468 scripserat
1429 4396 1781 4467 TheOphilus,
1838 4396 2222 4466 molestumque

2362 1914 2488 1979 quid
2519 1914 2571 1968 in
2601 1930 2660 1970 se
2698 1916 2859 1970 situm
2894 1928 3030 1982 erat,
3059 1933 3238 1973 coram
3269 1920 3586 1989 supplicavit
3613 1925 3924 1993 potentibus

2360 2008 2511 2072 viris,
2548 2018 2602 2063 et
2640 2024 2736 2079 per
2777 2010 2985 2066 litteras
3017 2012 3082 2067 iis
3113 2026 3142 2065 a
3177 2014 3370 2083 quibus
3407 2014 3457 2067 in
3499 2016 3615 2068 aula
3656 2017 3921 2083 diligeba-

2360 2108 2468 2165 tur,
2517 2110 2575 2154 ut
2624 2103 2789 2157 rabidi
2831 2106 3062 2160 hominis
3102 2106 3247 2161 furor
3286 2108 3748 2176 comprimeretur.
3780 2108 3917 2163 Cum

2359 2201 2535 2244 autem
2592 2193 3058 2252 animadvertisset
3118 2200 3170 2253 in
3229 2201 3658 2270 presbyterorum
3719 2200 3919 2257 litteris

2356 2284 2591 2338 animum
2640 2286 2780 2341 inter
2827 2298 2902 2343 tot
2942 2304 3205 2345 aerumnas
3252 2292 3448 2347 lassum
3485 2308 3547 2348 ac
3574 2294 3753 2349 minus
3783 2310 3916 2350 con-

2356 2380 2588 2425 stantem
2613 2414 2628 2439 ,
2662 2375 2969 2431 consolatur
2992 2392 3084 2433 eos
3124 2393 3218 2445 spe
3254 2384 3437 2435 auxilii
3473 2399 3501 2436 a
3536 2383 3645 2438 Deo
3676 2386 3916 2449 venturi,

2354 2484 2417 2525 ac
2465 2471 2708 2526 hortatur
2752 2480 2811 2523 ut
2850 2471 3118 2540 precando
3166 2487 3232 2526 ne
3274 2472 3650 2541 defatigentur,
3695 2488 3751 2532 et
3792 2492 3917 2547 qua

2354 2563 2610 2618 hactenus
2644 2563 2821 2619 verbis
2854 2564 3099 2627 docuere,
3132 2579 3191 2617 ea
3230 2578 3371 2618 nunc
3409 2579 3569 2633 opere
3608 2568 3910 2633 perficiam.

2354 2653 2613 2710 Similiter
2659 2655 3056 2725 magistratibus
3105 2655 3334 2711 celerem
3384 2671 3415 2710 a
3460 2656 3570 2711 Deo
3596 2658 3907 2711 adfuturam

2350 2764 2501 2819 opem
2530 2748 2827 2818 pollicetur.

2420 2841 2645 2897 Basilius
2687 2855 2795 2910 pra:
2836 2855 3046 2896 summo
3093 2856 3192 2896 suo
3243 2840 3600 2910 Amphilochii
3639 2841 3911 2896 desiderio

2348 2937 2574 2988 moleste
2615 2932 2818 2987 ferebat
2862 2948 2921 2988 se
2961 2943 3067 2987 tam
3098 2933 3254 3003 longe
3297 2934 3365 2987 ab
3401 2948 3465 2986 eo
3502 2932 3767 3003 disjuugi;
3812 2935 3908 2987 sed

2348 3038 2471 3075 cum
2509 3021 2865 3089 Amphilochii
2902 3022 3338 3089 tranquillitatem
3366 3023 3753 3086 consideraret,
3783 3038 3909 3093 gra-

2349 3121 2448 3174 tias
2485 3120 2677 3187 agebat
2710 3116 2837 3180 Deo,
2865 3127 3006 3184 quae
3040 3116 3087 3169 is
3119 3125 3352 3169 remotus
3384 3126 3525 3170 esset
3556 3114 3624 3169 ab
3656 3116 3907 3170 incendio

2340 3210 2731 3281 Cappadociam
2757 3219 2809 3261 et
2832 3207 3035 3259 vicinas
3076 3207 3376 3274 provincias
3408 3216 3672 3269 vastante,
3706 3208 3906 3275 quibus

2338 3306 2555 3379 angelus
2599 3301 2812 3356 Satanae
2849 3296 3045 3352 bellum
3080 3294 3364 3358 inferebat,
3412 3306 3466 3347 ut
3498 3295 3741 3349 haeresim
3778 3312 3905 3364 pro-

2336 3406 2574 3471 pagaret,
2617 3408 2679 3448 ac
2728 3407 2796 3446 ne
2825 3387 3072 3457 sanguini
3100 3386 3315 3456 quidem
3352 3384 3585 3439 fidelium
3620 3390 3900 3454 parcebat.

2335 3490 2470 3542 Nam
2498 3483 2777 3552 Asclepios
2804 3480 3042 3549 quidam,
3066 3490 3130 3530 eo
3156 3475 3295 3544 quod
3323 3474 3753 3528 communionem
3777 3490 3903 3529 cum

2338 3583 2497 3643 DOeC,
2537 3578 2587 3631 id
2628 3586 2730 3640 est,
2756 3591 2875 3629 cuin
2910 3572 3176 3627 Frontone
3205 3572 3341 3626 inire
3368 3570 3554 3635 nollet,
3584 3570 3653 3626 ab
3685 3570 3902 3626 haereti—

2332 3670 2412 3722 cis
2459 3669 2795 3728 verberatus,
2847 3679 2911 3716 ex
2962 3663 3131 3731 plagis
3173 3663 3398 3719 obierat.
3451 3662 3569 3716 Non
3616 3665 3901 3719 dubitabat

2332 3752 2581 3822 Basilius,
2612 3757 2737 3825 quin
2765 3755 2919 3822 hujus
2950 3755 3025 3808 rei
3049 3756 3189 3807 fama
3224 3757 3291 3809 ad
3322 3757 3749 3825 Amphilochium
3776 3773 3902 3827 per-

2334 3851 2587 3903 venisset.
2620 3844 2823 3899 Cactera
2855 3842 3032 3896 omnia
3058 3841 3183 3893 huic
3216 3841 3439 3896 facinori
3474 3849 3893 3913 respondebant,

2330 3939 2731 4009 persecutiones
2775 3934 3211 4004 presbyterorum
3258 3940 3313 3984 et
3363 3934 3796 4001 magistratuum,
3840 3946 3896 3991 et

2328 4029 2584 4096 quidquid
2635 4027 2703 4080 ab
2756 4024 3065 4078 hominibus
3116 4021 3440 4075 auctoritate
3488 4023 3555 4077 ad
3607 4024 3895 4081 arbitrium

2327 4121 2667 4175 abutentibus
2707 4119 2972 4189 proficisci
3006 4122 3193 4184 possit.

2395 4210 2513 4265 Jam
2560 4213 2832 4266 absolutus
2859 4219 2975 4263 erat
3014 4208 3151 4262 liber
3177 4208 3253 4263 De
3283 4209 3483 4279 Spiritu
3519 4221 3722 4273 sancto,
3764 4227 3889 4265 cum

2325 4311 2541 4356 sanctus
2585 4299 2993 4370 Amphilochius
3034 4298 3333 4357 Caesaream
3388 4301 3533 4356 venit
3584 4315 3725 4353 anno
3751 4314 3891 4369 prae.

2327 4393 2484 4447 terito
2518 4394 2585 4447 ad
2630 4394 2769 4447 diem
2806 4392 2999 4446 festum
3030 4390 3085 4447 S.
3130 4392 3439 4464 Eupsychii.
3477 4390 3655 4444 Maras
3684 4393 3886 4445 attule-

656 4506 773 4553 erat
815 4496 1011 4550 Basilio
1040 4492 1180 4563 quod
1217 4493 1529 4546 occasiones
1567 4492 1815 4545 deessent
1850 4490 2217 4557 respondendi.
2253 4490 2297 4545 D
2329 4498 2452 4540 runt
2504 4485 2739 4539 librariis
2779 4488 3023 4541 mandata
3072 4484 3469 4556 Amphilochii,
3518 4485 3607 4554 qui
3656 4500 3780 4539 eum
3827 4486 3885 4540 in

658 4588 764 4643 Sed
797 4588 1006 4641 tandem
1049 4596 1242 4640 nactus
1289 4583 1642 4653 Strategium,
1682 4580 1954 4637 commisit
1995 4579 2042 4633 ei
2087 4579 2225 4634 hanc

654 4676 934 4748 epistolam
975 4690 1097 4730 cum
1141 4673 1481 4742 praecedenti.
1518 4672 1608 4726 Bis
1633 4670 1849 4738 quidem
1878 4667 2026 4723 venit
2073 4666 2222 4722 Stra-

2324 4575 2650 4631 membranis
2697 4576 3018 4646 descriptum
3063 4576 3253 4631 voluit.
3304 4574 3415 4629 Sub
3450 4577 3607 4630 linem
3640 4575 3883 4645 ejusdem

2321 4669 2446 4722 anni
2506 4667 2774 4737 promittit
2820 4685 2880 4724 se
2930 4670 3220 4725 missurum
3270 4666 3395 4721 illud
3418 4683 3572 4738 opus,
3626 4669 3669 4722 si
3717 4681 3882 4735 quem

655 4780 847 4840 tegtus,
875 4777 933 4823 ut
957 4768 1115 4821 modo
1143 4765 1473 4828 videbimus;
1504 4762 1596 4816 sed
1635 4763 1808 4831 primo
1832 4760 1950 4829 ejus
1990 4758 2221 4813 adventu
2318 4758 2568 4815 idoneum
2625 4760 2878 4824 inveniat,
2940 4761 3028 4815 cui
3083 4757 3458 4827 perferendum
3484 4758 3877 4814 committatur.

653 4862 885 4916 Basilius
909 4856 1206 4927 Theophila
1227 4855 1443 4928 scripsit
1477 4872 1490 4908 :
1523 4857 1599 4918 sic
1627 4856 1767 4909 enim
1795 4856 1850 4908 in
1898 4851 2219 4922 praecedenti

650 4953 872 5023 epistola
916 4953 982 5007 de
1038 4946 1335 5019 Theophila
1384 4957 1439 5001 et
1492 4949 1727 5013 acceptis
1775 4947 1841 5000 ab
1883 4960 1947 5000 eo
1999 4944 2210 5011 injuriis

649 5045 883 5114 loquitur
930 5054 988 5097 ut
1027 5042 1139 5112 jam
1183 5051 1291 5094 tum
1343 5042 1585 5093 videatur
1614 5038 1941 5106 Theophilus
1985 5036 2049 5088 ad
2094 5036 2208 5102 ejus

647 5137 1077 5191 communionem
1100 5143 1153 5186 et
1173 5131 1462 5186 amicitiam
1488 5129 1726 5185 rediisse.
1742 5131 1827 5181 Ait
1846 5131 1988 5183 enim
2012 5127 2089 5197 (ιι.
2108 5125 2163 5194 2)
2190 5145 2204 5181 :

646 5227 779 5282 Cum
818 5228 957 5279 omni
995 5226 1123 5277 mihi
1160 5222 1444 5277 reverentia
1479 5235 1527 5274 et
1573 5222 1768 5274 honore
1811 5222 1996 5289 dignus
2042 5220 2208 5287 frater

648 5319 958 5388 Theophilus
988 5334 1091 5370 uno
1124 5329 1187 5368 ea:
1224 5315 1303 5368 his
1332 5316 1419 5383 qui
1465 5330 1581 5366 cum
1623 5329 1681 5365 eo
1718 5325 1833 5363 sunt
1860 5315 2040 5376 misso,
2071 5325 2201 5363 non-

645 5412 788 5463 nuh’a
831 5408 1163 5469 declarasset,
1205 5422 1319 5477 quia
1368 5421 1457 5457 nec
1504 5405 1603 5457 sibi
1654 5403 1898 5456 indecora
1938 5402 2103 5463 dictu,
2153 5412 2202 5455 et

643 5501 788 5556 nobis
820 5502 1004 5554 auditu
1029 5498 1361 5567 congruentia
1395 5512 1504 5551 esse
1529 5497 1783 5560 ducebat;
1808 5495 2031 5549 scribere
2063 5494 2198 5547 enim

719 5704 790 5766 in)
829 5703 923 5769 Ep.
951 5702 1071 5754 150.

722 5771 791 5837 te;
832 5770 926 5837 Ep.
950 5770 1072 5825 578.
1106 5787 1159 5823 n.
1190 5772 1237 5822 l.

2319 4846 2490 4918 Hujus
2523 4852 2665 4905 enim
2702 4854 2968 4908 cautionis
3004 4853 3377 4907 necessitatem
3407 4850 3663 4906 afferebat
3695 4864 3882 4918 perae.

2314 4945 2478 4997 cutio.
2524 4943 2656 4998 Cum
2705 4947 2970 5000 neminem
3020 4947 3285 5013 ejusmodi
3334 4946 3591 4998 hactenus
3636 4943 3874 4997 iuvenis-

2311 5043 2428 5097 set,
2477 5046 2643 5103 ragat-
2672 5036 3103 5103 Amphilochium
3152 5036 3204 5090 in
3256 5037 3356 5090 hac
3392 5035 3613 5103 epistola
3656 5032 3789 5097 248.
3818 5044 3879 5089 ut

2312 5125 2354 5179 si
2393 5139 2550 5191 quem
2584 5128 2697 5195 ipse
2725 5130 2975 5195 reperiat,
3013 5142 3145 5196 opus
3176 5138 3436 5182 accersat.
3470 5125 3693 5180 Nolebat
3722 5130 3876 5181 enim

2311 5215 2535 5271 Basilius
2573 5218 2699 5271 illud
2745 5220 3015 5272 hominum
3052 5220 3270 5290 judiciis
3310 5220 3672 5284 committere,
3719 5230 3878 5272 ante-

2308 5323 2465 5376 quam
2499 5310 2873 5376 Ampbilochio
2899 5312 3183 5378 probatum
3220 5309 3426 5366 fuisset.

2378 5402 2618 5471 Sequens
2660 5405 2902 5474 epistola,
2954 5419 3073 5473 quae
3119 5404 3466 5472 inscriptione
3510 5415 3683 5467 caret,
3727 5402 3875 5454 inter

2306 5496 2404 5550 hos
2445 5494 2701 5550 tumultus
2747 5497 2961 5552 videtur
3003 5497 3229 5565 scripta.
3277 5493 3413 5550 Num
3457 5510 3580 5551 cum
3632 5496 3873 5564 aliquem

2379 5704 2450 5771 (ο)
2491 5703 2584 5772 Ep.
2618 5704 2741 5757 an.
