4080 6312
1500 334 1652 390 νιτΑ
1694 336 1754 389 S.
1794 336 2059 393 BASILII.

3186 359 3365 398 CXLVII

150 451 263 505 vita:
296 452 607 506 monasticae
637 448 883 516 cupidum
912 446 1196 515 praeposito
1229 450 1540 502 monasterii
1563 466 1708 504 com-
1736 456 1783 513 Α
1811 460 1948 514 rent,
2003 464 2067 503 ac
2121 448 2367 516 exiguam
2418 463 2539 503 esse
2588 457 2795 518 partem
2841 448 3207 513 considerent,
3257 466 3377 516 qua:

150 545 447 603 mendaret,
480 538 737 607 praeclare
763 554 885 593 cum
918 554 983 591 eo
1016 538 1129 591 viro
1156 539 1238 607 agi
1268 540 1561 606 existimat,
1604 558 1708 596 non

148 633 317 684 Solum
350 631 493 696 quod
524 628 719 684 bonum
748 629 846 683 sibi
868 628 933 680 ad
963 626 1194 682 futuram
1235 631 1394 683 vitam
1430 630 1707 694 viaticum,

149 724 341 777 bonum
372 736 498 775 cum
540 721 842 775 hominibus
873 719 1155 773 Dominum
1190 721 1500 775 timentibus
1525 724 1710 775 convi-

149 825 287 867 ctum
338 812 522 883 eligat,
566 815 657 867 sed
693 812 851 865 etiam
890 812 1028 881 quod
1076 813 1236 874 hisce,
1281 810 1471 879 inquit,
1521 813 1709 866 nostris

150 903 455 958 tumultibus
490 906 764 958 liberetur.

211 994 304 1049 ιν.
346 997 666 1066 Superiores
693 994 877 1050 Basilii
906 998 973 1051 ad
1003 995 1368 1063 Patropbilum
1400 996 1586 1052 littera:
1621 1011 1709 1050 ce-

148 1087 312 1142 lerem
355 1088 761 1155 reSpousionem
812 1090 1173 1143 merebantur.
1224 1086 1530 1159 Rogabatur
1565 1091 1708 1143 enim

153 1179 509 1249 Patmpbilus,
541 1190 597 1232 ttt
627 1182 788 1235 misso
820 1182 1011 1234 iterum
1042 1179 1309 1251 Strategio
1341 1185 1704 1252 responderet,

150 1281 323 1325 utrum
353 1272 405 1323 iu
434 1269 614 1324 Basilii
647 1280 887 1325 maneret
918 1273 1313 1337 communione,
1343 1290 1408 1328 an
1448 1284 1613 1327 totum
1650 1289 1708 1328 se

151 1362 408 1414 Eustatliii
462 1364 702 1431 partibus
755 1362 1066 1415 addixisset.
1108 1362 1312 1419 Tardus
1359 1366 1458 1419 fuit
1507 1368 1573 1418 ad
1623 1382 1709 1420 re-

151 1454 515 1520 Spondendum
540 1453 823 1522 [Egeeusis
845 1460 1144 1525 episcopus.
1171 1456 1432 1520 Tandem,
1462 1458 1547 1511 ubi
1577 1459 1707 1513 satis

151 1544 477 1600 deliberasse
520 1545 621 1598 sibi
658 1546 801 1599 visus
838 1558 939 1615 est,
975 1566 1070 1618 per
1100 1552 1343 1604 eumdem
1384 1548 1705 1619 Strategium

150 1639 356 1707 scripsit
398 1653 457 1690 se
492 1638 739 1693 eumdem
779 1632 897 1694 esse
932 1654 1055 1709 erga
1082 1640 1360 1703 Basiliam,
1392 1640 1481 1708 qui
1526 1641 1705 1694 hacte-

152 1750 242 1788 nus
283 1733 484 1799 fuerat,
516 1734 589 1787 ita
618 1744 791 1787 tamen
835 1747 891 1787 ut
919 1750 949 1788 a
983 1750 1075 1788 sua
1114 1736 1164 1787 in
1194 1732 1535 1789 Eustathium
1583 1751 1708 1805 pro-

1812 542 1998 597 morbo
2027 540 2249 595 haeresis
2274 538 2499 602 laborat,
2528 541 2785 609 reliquam
2824 552 2951 593 vero
2988 538 3285 594 Ecclesiam
3321 542 3373 593 in

1812 648 1940 687 sane
1974 645 2029 688 et
2065 636 2375 700 incorrupta
2408 632 2651 686 doctrina
2687 633 2913 689 versari.

1886 724 2139 779 Numerat
2170 722 2400 777 Basilius
2429 724 2505 794 (η.
2532 722 2587 792 2)
2626 737 2793 778 annos
2831 726 3013 779 decem
3056 730 3112 777 et
3157 731 3362 789 septem

1814 834 1917 872 non
1948 828 2166 872 exactos
2196 832 2224 871 a
2260 817 2491 870 concilio
2529 815 3138 885 Constantinopolitano,
3179 818 3231 871 in
3261 831 3369 885 quo

1812 910 2082 979 depositus
2116 920 2199 965 est
2236 908 2547 962 Eustathius
2584 923 2726 961 anno
2754 906 2858 960 ’560
2886 910 3119 965 ineunte.
3150 911 3224 964 Ex
3253 924 3361 978 quo

1811 1012 1957 1070 patet
1985 1000 2123 1053 hanc
2152 998 2432 1069 epistolam
2477 988 2617 1052 anno
2648 998 2751 1053 576
2780 998 3034 1067 scriptam
3070 1016 3210 1054 esse.
3254 1001 3360 1056 Sed

1812 1108 1932 1146 cum
1970 1091 2346 1146 Tillemontius
2378 1093 2609 1145 Arianos
2654 1092 2928 1145 existimet
2962 1107 2992 1146 e
3030 1091 3237 1145 Galatia
3279 1108 3368 1146 ac-

1808 1184 2037 1237 cersitos
2075 1184 2141 1235 ab
2168 1182 2447 1236 Eustatltio
2481 1180 2648 1233 fuisse
2680 1197 2823 1235 anno
2852 1181 2976 1247 576,
3013 1182 3063 1235 in
3093 1181 3270 1234 varias
3313 1195 3373 1235 se

1810 1272 2027 1340 conjicit
2064 1273 2337 1342 ambages,
2372 1282 2430 1325 ut
2464 1273 2696 1340 explicet
2742 1272 2885 1339 quod
2934 1272 3009 1325 ait
3037 1273 3288 1335 Basilius,
3320 1271 3373 1325 id

1814 1366 2009 1420 factum
2059 1382 2194 1418 anno
2239 1366 2505 1431 prwterito
2568 1364 2753 1422 fuisse.
2802 1363 3127 1433 Suspicatur
3176 1364 3370 1419 Orien-

1812 1460 1945 1513 tales
1983 1472 2180 1509 anunm
2230 1456 2465 1523 incipere
2508 1454 2680 1509 solere
2725 1471 2752 1507 a
2797 1469 2980 1508 mense
3028 1454 3369 1523 Septembri,

1810 1566 1873 1605 ac
1902 1547 2142 1621 proinde,
2176 1548 2219 1603 si
2254 1548 2367 1602 haec
2396 1548 2619 1617 epistola
2660 1547 2934 1613 rejiciatur
2961 1554 3081 1615 post
3130 1559 3367 1598 mensem

1813 1640 2217 1710 Septembrem,
2266 1638 2518 1693 Basilium
2566 1637 2619 1691 id
2669 1638 2937 1705 praeterito
2982 1651 3123 1690 anno
3170 1635 3370 1689 factum

1812 1735 1989 1787 dicere
2024 1733 2277 1801 potuisse,
2303 1733 2443 1798 quod
2473 1745 2635 1784 verno
2672 1738 2911 1797 tempore
2941 1729 3063 1780 anni
3108 1727 3212 1780 376
3244 1740 3369 1780 eve-

150 1827 399 1894 pensione
450 1840 556 1879 non
609 1826 828 1878 multum
867 1827 1187 1891 discederet,
1219 1842 1281 1880 ac
1309 1825 1488 1881 Basilii
1527 1829 1579 1881 in
1617 1829 1708 1881 de-
1738 1831 1781 1886 B
1811 1835 1984 1881 uerat.
2020 1823 2277 1890 Quamvis
2308 1833 2484 1875 autem
2532 1822 2942 1891 probaverimus
2975 1822 3032 1873 in
3073 1819 3250 1889 capite
3301 1818 3371 1870 54

151 1919 696 1988 neganda-Eustatbio
725 1920 1099 1974 communione
1129 1922 1485 1975 constantiam
1534 1921 1711 1975 minus

150 2011 416 2080 probaret.

211 2102 430 2160 Gratias
473 2106 587 2175 agit
626 2103 858 2161 Basilius
898 2107 1038 2174 quod
1073 2105 1211 2160 Idem
1240 2120 1365 2175 erga
1402 2120 1462 2161 se
1494 2120 1705 2175 perma-

152 2207 281 2247 neat.
319 2196 427 2249 Sed
474 2198 539 2249 iis
572 2196 813 2257 omissis,
835 2210 952 2262 quae
988 2196 1053 2248 de
1079 2194 1354 2248 Eustathio
1382 2196 1711 2249 disseruerat

152 2281 506 2352 Patropbilus,
566 2284 766 2337 factum
816 2299 969 2337 suum
1030 2283 1131 2335 boc
1174 2298 1283 2336 uno
1325 2284 1546 2337 rationis
1595 2300 1710 2340 mo-

154 2383 324 2426 mento
345 2372 613 2439 defendit,
639 2374 781 2442 quod
807 2388 926 2427 cum
952 2372 1263 2427 Eustathius
1286 2373 1460 2443 palam
1486 2384 1538 2428 et
1564 2390 1712 2442 aper-

153 2475 199 2518 te
239 2465 724 2519 eomniunicaverit
759 2480 879 2520 cum
922 2464 1149 2531 Calatis,
1190 2466 1281 2536 qui
1326 2466 1393 2520 ab
1423 2466 1708 2534 insignium

152 2557 464 2610 Arianorum
520 2558 762 2627 partibus
804 2558 1040 2622 stabant,
1080 2558 1123 2612 si
1164 2572 1285 2611 cum
1330 2560 1588 2626 ejusmodi
1617 2561 1712 2612 bo-

152 2648 375 2703 minibus
398 2651 802 2705 communicare
843 2650 1026 2713 liceat,
1058 2651 1218 2704 etiam
1247 2665 1368 2705 cum
1397 2666 1581 2705 eorum
1611 2652 1712 2704 duo

150 2738 291 2791 cibus
312 2750 365 2794 et
396 2742 673 2809 magistris
702 2742 885 2805 liceat,
913 2756 1141 2811 quorum
1167 2751 1344 2797 tamen
1373 2744 1711 2798 communio-

151 2843 262 2879 nem
292 2828 532 2899 fugiebat
565 2830 928 2900 Patropliilus.

218 2921 532 2977 Evazseuam
561 2922 881 2986 Ecclesiam,
922 2939 1041 2992 quae
1074 2925 1245 2979 vicina
1288 2935 1405 2980 erat
1429 2924 1706 2989 Caesareae,

152 3015 275 3069 nihil
305 3016 519 3069 laserat
544 3022 840 3082 tenumrum
866 3013 1172 3077 difﬁcultas,
1214 3016 1264 3069 id
1301 3018 1441 3085 quod
1482 3019 1711 3070 maxime

153 3122 323 3160 rarum
357 3118 482 3160 erat
524 3115 578 3161 et
619 3107 836 3161 inventu
871 3106 1083 3161 difficile
1117 3124 1130 3160 :
1170 3106 1376 3175 integra
1411 3117 1528 3161 erat
1572 3107 1709 3176 apud

149 3214 234 3252 eos
273 3208 326 3251 et
368 3199 571 3251 intacta
613 3199 743 3252 fides
776 3199 1100 3267 apostolica;
1145 3215 1209 3254 ac
1253 3215 1408 3255 suum
1468 3200 1711 3255 veritatis

152 3306 381 3345 amorem
415 3292 635 3361 egregie
681 3292 1045 3355 declararunt,
1082 3306 1206 3345 cum
1240 3302 1479 3347 structas
1516 3292 1711 3347 Basilio

150 3383 441 3438 calumnias
468 3383 522 3435 in
560 3383 928 3436 mentientium
956 3384 1129 3451 capita
1161 3384 1479 3450 rejecerunt.
1512 3383 1712 3438 Praeter

150 3472 370 3537 libellos,
401 3472 597 3541 quibus
625 3471 878 3526 Basiliam
910 3472 1220 3527 Eustathius
1254 3483 1377 3527 ante
1404 3483 1516 3529 tres
1542 3490 1712 3529 annos

153 3568 496 3629 laceraverat,
539 3565 748 3618 videtur
798 3566 1082 3620 recentiori
1125 3566 1319 3619 astutia
1378 3566 1458 3618 vel
1514 3580 1609 3635 per
1654 3581 1712 3621 se

150 3656 272 3724 ipse,
320 3657 405 3712 vel
454 3673 551 3727 per
588 3657 894 3711 emissarios
931 3672 1058 3712 suos
1095 3659 1420 3727 persuadere
1442 3657 1711 3712 Evtesenis

151 3751 375 3804 voluisse
413 3752 491 3818 (ιι.
546 3750 623 3814 4),
668 3751 907 3805 ordinem
954 3762 1156 3805 sancta:
1204 3749 1483 3805 Trinitatis
1531 3766 1561 3805 a
1611 3752 1710 3804 Ba-

150 3841 259 3893 silio
306 3840 606 3903 immutari,
649 3854 713 3895 ac
762 3838 1021 3909 Spiritum
1073 3840 1221 3894 Patri
1272 3850 1329 3896 et
1384 3841 1520 3896 Filio
1570 3857 1707 3911 pra:-

149 3933 282 4001 poni.

215 4024 536 4079 Persuasum
567 4023 727 4078 habet
756 4020 986 4078 Basilius
1013 4039 1257 4095 magnam
1284 4022 1399 4079 fore
1426 4023 1709 4080 Euseno—

151 4132 257 4168 rum
283 4117 611 4179 mercedem,
639 4118 781 4184 quod
806 4115 1091 4169 calumniis
1118 4116 1319 4170 aditum
1346 4118 1398 4170 in
1428 4118 1585 4170 corda
1613 4133 1705 4170 sua

152 4223 244 4259 non
285 4207 536 4262 dederint
581 4225 597 4262 :
642 4222 841 4275 eosque
877 4208 1081 4271 laudat,
1119 4208 1259 4276 quod
1306 4207 1559 4277 praclare
1592 4210 1708 4262 ani-

152 4301 547 4366 madverterint,
562 4299 892 4369 iniquitatem
920 4305 975 4352 et
999 4299 1406 4353 inconstantiam
1423 4300 1706 4366 Eustatbii,

152 4395 229 4458 qui
254 4408 379 4448 cum
418 4389 651 4444 Nicanore
688 4390 808 4443 fidei
840 4388 1251 4457 subscripsissct
1286 4388 1490 4456 Romae,
1523 4402 1705 4461 postea

1812 1920 2072 1974 Eustatltii
2126 1917 2562 1988 conjunctionem
2616 1931 2739 1971 cum
2795 1915 3009 1969 Arianis
3073 1928 3213 1968 anno
3266 1912 3371 1966 375

1810 2022 1935 2067 ante
1967 2012 2153 2066 Natale
2183 2010 2391 2066 Domini
2422 2010 2671 2065 evenisse
2692 2048 2707 2073 ,
2748 2009 2863 2063 haec
2911 2018 3089 2063 tamen
3129 2010 3194 2061 ad
3225 2008 3373 2061 Eva:-

1810 2119 1969 2160 senos
2011 2104 2235 2172 epistola
2270 2112 2390 2172 post
2431 2102 2804 2171 Septembrem
2855 2098 3149 2167 rejicienda
3200 2109 3365 2161 esset,

1809 2199 1853 2253 si
1887 2195 2251 2265 Cappadoces,
2286 2205 2342 2247 ut
2375 2195 2651 2248 existimat
2696 2192 3078 2247 Tillemoutius
3103 2231 3118 2255 ,
3169 2204 3368 2245 annum

1810 2291 2161 2359 inctepissent
2206 2303 2237 2341 a
2305 2301 2494 2340 mense
2529 2284 2851 2354 Septembri.
2896 2285 3001 2338 Sed
3034 2285 3148 2338 haec
3190 2282 3371 2351 Opinio

1813 2396 1915 2435 non
1948 2381 2158 2450 magnis
2194 2380 2386 2433 nititur
2414 2376 2718 2436 momentis,
2750 2374 3010 2444 longeque
3034 2373 3371 2443 probabilius

1811 2478 1892 2522 est
1926 2471 2137 2522 initium
2170 2469 2297 2522 anni
2336 2468 2478 2536 apud
2520 2466 2865 2535 Cappadoces
2904 2480 2931 2516 a
2964 2478 3145 2519 mense
3179 2462 3371 2518 Martio

1811 2560 2097 2628 repetitum
2149 2557 2335 2612 fuisse.
2377 2558 2515 2611 Nam
2554 2557 2794 2612 Basilius
2834 2557 2886 2609 in
2931 2557 3087 2628 epist.
3124 2557 3214 2621 69,
3252 2571 3373 2626 qus

1811 2650 1967 2705 citius
1997 2662 2179 2703 mense
2218 2648 2523 2716 Septembri
2561 2649 2719 2702 scribi
2756 2662 2860 2701 non
2905 2650 3095 2716 potuit,
3125 2660 3370 2704 sanctum

1810 2738 2162 2793 Athanasium
2206 2745 2381 2815 rogat,
2405 2726 2819 2790 ut’Dorotheum
2850 2739 2916 2791 ad
2950 2740 3177 2807 primam
3217 2740 3371 2793 navi-

1809 2832 2078 2900 gationem
2124 2829 2390 2891 dimittat,
2437 2838 2493 2881 ut
2523 2830 2708 2883 saltent
2756 2832 2945 2897 possit,
2993 2831 3193 2899 inquit,
3232 2846 3371 2883 anno

1810 2925 2037 2993 sequenti
2077 2923 2278 2992 aliquid
2326 2923 2439 2990 ﬁeri
2481 2938 2658 2977 eorum
2704 2939 2821 2993 quae
2875 2939 3169 2991 precamur.
3207 2923 3371 2978 Plana

1810 3025 1895 3067 est
1929 3023 1983 3066 et
2019 3025 2201 3082 aperta
2237 3016 2348 3066 haec
2378 3014 2570 3077 oratio,
2604 3014 2646 3067 si
2678 3018 2801 3066 anni
2837 3014 3048 3067 initium
3084 3025 3199 3069 erat
3229 3014 3370 3081 apud

1812 3105 2155 3174 Cappadoces
2210 3106 2408 3158 mensis
2460 3104 2720 3169 Martius;
2763 3104 2856 3158 sed
2904 3106 2947 3158 si
3000 3104 3367 3175 Septembris.

1813 3196 2081 3266 quomodo
2130 3196 2360 3250 Basilius
2406 3196 2559 3249 initio
2602 3196 2727 3250 anni
2774 3197 3037 3261 scribens,
3084 3210 3188 3249 non
3238 3198 3373 3251 satis

1811 3300 2091 3356 superesse
2119 3286 2481 3341 existimasset
2528 3288 2823 3353 temporis,
2878 3286 3115 3354 satisque
3156 3286 3371 3341 habuis-

1810 3388 1911 3443 set,
1943 3381 1985 3433 si
2028 3379 2217 3433 saltem
2268 3392 2409 3431 anno
2444 3376 2689 3447 sequenti
2738 3386 2985 3445 suscepta
3026 3377 3250 3432 consilia
3299 3376 3369 3430 ad

1810 3472 2012 3525 exitum
2048 3472 2466 3540 perducerentur
2490 3470 2513 3523 ‘f

1880 3563 2168 3617 Existimat
2210 3563 2585 3618 Tillemoutius
2612 3561 2689 3633 (α)
2724 3561 3025 3615 orationem
3077 3560 3261 3615 Basilii
3314 3559 3369 3614 in

1811 3664 2056 3707 sanctum
2089 3654 2408 3707 Mamantem
2432 3654 2606 3722 primo
2642 3654 2767 3707 anni
2795 3654 2879 3707 die
2910 3653 3142 3707 habitam
3169 3653 3367 3717 fuisse;

1808 3755 1865 3799 et
1912 3760 2032 3798 cum
2087 3743 2143 3798 S.
2188 3746 2441 3815 martyris
2490 3743 2689 3799 festum
2738 3745 2876 3815 apud
2914 3744 3132 3799 Graecos
3185 3759 3371 3798 mense

1813 3835 2114 3905 Septembri
2166 3837 2483 3902 celebretur,
2532 3838 2744 3891 initium
2798 3838 2924 3890 anni
2971 3838 3111 3905 apud
3159 3836 3369 3904 Cappa-

1809 3927 1968 3981 doces
1996 3943 2023 3980 a
2060 3929 2232 3997 primo
2272 3928 2605 3998 Septembris
2634 3928 2719 3981 die
2762 3927 2973 3994 repetit.
3017 3927 3124 3981 Sed
3166 3927 3365 3981 festunt

1810 4016 1867 4072 S.
1911 4018 2196 4073 Mamautis
2244 4019 2481 4072 secundo
2510 4017 2843 4087 Septembris
2884 4017 2988 4080 die,
3034 4033 3136 4071 non
3170 4018 3367 4087 primo,

1808 4111 1944 4178 apud
1996 4108 2211 4163 Grazcos
2242 4109 2569 4174 celebratur,
2604 4109 2922 4178 vigebatque
2970 4108 3086 4163 Itth
3132 4124 3363 4163 consue-

1807 4203 1934 4257 tudo
1951 4200 2436 4269 Constantiuopoli,
2466 4211 2522 4254 ut
2547 4197 3206 4265 observatTiIlemontius,
3236 4210 3368 4254 temo

1807 4308 1937 4361 pore
1963 4291 2159 4347 Leonis
2191 4291 2435 4347 Thracis.
2469 4293 2667 4347 Deinde
2704 4307 2832 4345 vero
2857 4291 3039 4347 Basilii
3067 4295 3229 4348 verba
3262 4310 3366 4349 non

1808 4384 1887 4439 sic
1930 4385 2098 4453 accipi
2138 4384 2368 4449 debent,
2416 4385 2568 4452 quasi
2619 4384 2734 4440 dies
2780 4383 2951 4439 festus
2989 4384 3045 4440 S.
3086 4384 3370 4442 Mamantis

150 4482 336 4539 Basilio
362 4481 583 4554 .beflum
626 4481 803 4535 intulit
834 4497 899 4535 eo
924 4483 1086 4550 quod,
1118 4480 1282 4549 ipsius
1312 4484 1503 4551 petitu,
1533 4484 1705 4537 eidem
1743 4502 1785 4556 ο
1810 4478 1985 4544 primo
2029 4476 2153 4529 anui
2189 4476 2365 4529 civilis
2410 4476 2495 4530 die
2544 4475 2939 4542 celebraretur;
2986 4477 3079 4531 sed
3125 4492 3248 4530 cum
3302 4477 3368 4529 ad

152 4574 381 4630 formulae
396 4576 593 4629 iterum
611 4572 1013 4642 subscripsisset
1028 4590 1043 4640 ;
1060 4583 1113 4628 et
1138 4588 1257 4626 cum
1274 4574 1499 4629 Arianos
1518 4590 1710 4643 negas-

150 4678 223 4720 set
244 4671 533 4736 episcopos
558 4679 696 4728 esse,
737 4682 877 4720 nunc
904 4666 969 4719 iis
999 4666 1265 4735 supplicat
1293 4681 1430 4736 quos
1460 4666 1534 4720 illi
1564 4668 1707 4721 ordi-

151 4773 373 4823 navere;
413 4768 470 4812 et
507 4771 628 4811 cum
669 4756 925 4811 violenter
955 4759 1278 4827 esagitasset
1311 4772 1424 4823 eos,
1458 4761 1547 4828 qui
1582 4774 1703 4813 cum

151 4848 355 4902 Arianis
393 4848 886 4911 comtnunicabant,
929 4862 1068 4901 nunc
1108 4849 1430 4903 Arianorum
1465 4864 1702 4903 commu-

152 4942 355 4993 nionem
398 4939 757 5008 persequitur.
810 4938 1029 4994 Fatetur
1073 4940 1300 4995 Basilius
1342 4941 1593 4995 humilem
1641 4954 1700 4994 se

150 5043 256 5083 esse
292 5040 349 5082 et
392 5043 635 5097 parvum,
680 5031 770 5082 sed
818 5037 996 5081 tamen
1025 5031 1270 5085 eumdem
1308 5045 1519 5097 semper
1556 5044 1696 5092 esse.

152 5134 236 5172 nec
257 5132 499 5186 unquam
527 5132 649 5169 cum
676 5118 833 5173 rebus
859 5116 1350 5172 imtnutatumINou
1374 5120 1531 5171 aliam
1560 5120 1697 5187 apud

152 5224 201 5262 se
256 5210 417 5263 fidem
474 5218 601 5260 esse
646 5203 932 5271 Seleuciae,
995 5207 1154 5260 aliam
1207 5204 1699 5276 Constantitmpoli,

151 5301 291 5353 aliam
324 5298 470 5353 Zelis
490 5306 546 5350 et
573 5295 851 5365 Lampsaci
882 5298 1064 5363 aliam,
1090 5309 1143 5352 et
1170 5295 1355 5350 Romae
1391 5297 1571 5359 aliam,
1604 5311 1701 5352 nec

153 5410 280 5450 nunc
342 5408 538 5449 novam
593 5388 933 5445 circumferri
987 5405 1017 5444 a
1078 5387 1353 5459 prioribus
1411 5387 1697 5441 diversam.

154 5487 396 5543 flortatur
427 5487 736 5550 Eusenos,
767 5492 825 5537 ut
869 5485 922 5538 in
962 5484 1063 5539 fide
1104 5491 1413 5539 constanter
1455 5494 1702 5551 perseve-

214 5675 282 5746 (α)
326 5674 479 5729 Tom.
505 5670 596 5735 IV,
634 5684 686 5736 ρ.
714 5667 840 5723 353-

1815 4566 1956 4619 bunc
1999 4566 2140 4620 diem
2190 4581 2378 4634 magna
2420 4566 2693 4630 hominum
2744 4566 3031 4620 multitudo
3075 4568 3370 4635 quotannis

1813 4651 2141 4719 conflueret,
2178 4662 2295 4707 erat
2341 4654 2427 4708 ille
2458 4655 2571 4709 dies
2607 4664 2660 4708 et
2700 4656 2957 4722 praeteriti
2988 4657 3113 4710 anni
3159 4657 3279 4711 fluis
3316 4665 3373 4711 et

1810 4746 1930 4797 novi
1960 4744 2354 4812 quodammodo
2402 4744 2633 4798 initium.
2678 4743 2768 4797 Sic
2813 4743 3045 4811 loquitur
3091 4744 3366 4800 Basilius:

1820 4834 1876 4887 Ὀ
1926 4834 1983 4887 δὲ
2030 4832 2379 4905 περιαγαγὼν
2438 4835 2595 4905 ἡμῶν
2640 4834 2735 4905 τὴν
2788 4836 3091 4907 πανήγυριν
3144 4836 3369 4906 ταύτην,

1807 4926 1900 4977 καὶ
1927 4924 2098 4996 πέρας
2131 4925 2253 4986 δοὺς
2280 4927 2400 4985 ταῖς
2427 4926 2739 4994 περυσιναῖς
2766 4924 2967 4993 εὐχαῖς,
2998 4926 3089 4977 καὶ
3129 4926 3371 4996 κεφαλὴν

1805 5017 1927 5079 δσὺς
1966 5016 2043 5087 τῷ
2076 5017 2280 5067 amem
2326 5017 2502 5087 χρόνῳ
2647 5015 2753 5087 γὰρ
2794 5017 2931 5087 αὑτὴ
2976 5017 3154 5087 ἡμέρα
3197 5018 3369 5089 ὀρέξει

1806 5111 1934 5180 ἡμῖν
1969 5111 2059 5161 τὸν
2107 5108 2439 5180 παρελθόντα
2477 5107 2693 5173 κύκλον,
2747 5110 2842 5162 καὶ
2892 5110 3098 5180 κεφαλὴ
3159 5110 3369 5178 γίνεται

1805 5201 1966 5255 πάλιν
2006 5200 2081 5271 τῷ
2129 5200 2509 5271 ὲπερχομέμῳ)
2684 5200 3054 5270 διαφυλάξειεν
3105 5202 3252 5271 ἡμᾶς
3312 5204 3368 5253 ὲν

1804 5293 1950 5363 αὐτῷ
1976 5294 2249 5355 ἀϐλαϐεῖς.
2287 5292 2389 5357 Qui
2424 5308 2539 5345 vero
2575 5293 2709 5345 hanc
2740 5302 2972 5347 nostram
3013 5291 3366 5344 celebritatem

1804 5387 2037 5447 reduxit,
2062 5395 2107 5438 et
2139 5385 2389 5454 praeteriti
2418 5384 2542 5435 anni
2573 5384 2702 5436 votis
2735 5383 2892 5450 linem
2928 5382 3072 5435 dedit
3106 5392 3157 5435 et
3184 5399 3366 5435 succe-

1804 5477 1948 5531 denti
1977 5476 2194 5545 tempori
2221 5476 2430 5529 initium
2460 5475 2684 5546 largitus
2727 5485 2799 5530 est
2842 5474 3044 5544 (eodem
3084 5474 3219 5527 enim
3256 5475 3367 5527 dies
