4080 6312
717 342 918 386 CXLVIII

2070 333 2573 393 PliOLEGOMENA
2587 376 2599 390 .

715 452 1039 516 pre-teritum
1077 451 1328 507 circulum
1363 456 1508 511 nobis
1546 459 1792 513 terminat
1828 468 1874 515 et
1909 475 2093 514 rursus
2146 464 2281 515 inse-
2313 462 2358 518 Δ
2388 468 2531 511 terea
2577 472 2715 511 anno
2745 457 2848 512 575
2900 468 2955 514 et
2995 460 3336 529 sequentibus
3359 466 3688 533 querebatur
3714 462 3937 522 Basilius

716 553 919 612 qucum
952 544 1010 611 ﬁt
1056 545 1299 616 initium)
1325 584 1340 599 .
1362 584 1376 601 .
1397 586 1409 599 .
1434 588 1449 602 .
1479 560 1740 603 conservet
1788 567 1878 605 nos
1908 551 1961 604 in
2007 554 2276 621 semetipso

717 634 935 700 illa'sos,
964 647 1070 692 etc.
1101 637 1231 703 Quae
1282 639 1369 692 hic
1414 639 1481 694 de
1514 642 1618 695 diei
1674 644 1965 709 quotannis
2000 644 2278 700 redeuntis

719 726 1090 782 vicissitudine
1131 728 1403 795 dicuntur,
1446 733 1513 786 de
1552 734 1792 802 quolibet
1835 736 1921 789 die
1951 734 2089 790 festo
2118 747 2278 807 quot-

718 818 877 871 annis
904 818 1158 875 redeunte
1188 822 1292 875 dici
1326 833 1552 893 possunt
1583 843 1597 878 :
1630 827 1924 895 praesertim
1955 826 1998 880 si
2024 831 2090 881 ad
2130 831 2276 883 illum

718 908 858 961 diem
890 924 1078 977 magna
1123 911 1398 969 hominum
1444 914 1728 972 multitudo
1765 918 2054 973 convenire
2084 922 2273 976 soleat.

718 998 869 1053 Nulla
905 1016 1035 1072 ergo
1082 1004 1236 1059 nobis
1285 1006 1533 1073 imposita
1582 1010 1877 1064 necessitas
1928 1012 2166 1081 epistola:
2210 1012 2277 1066 ad

718 1089 1007 1148 Evzesenos
1057 1102 1177 1163 post
1234 1093 1604 1165 Septembrem
1656 1100 1976 1167 rejiciendze.
2029 1104 2158 1157 Nam
2226 1104 2273 1159 si

718 1183 1062 1252 Cappadoces
1108 1198 1336 1253 annum,
1385 1200 1443 1243 ut
1488 1191 1777 1244 verisimile
1809 1203 1930 1259 est,
1964 1209 1993 1247 a
2024 1193 2278 1249 Januario

718 1284 809 1325 aut
844 1274 1036 1328 Martio
1069 1276 1417 1347 incipiebant,
1450 1283 1624 1349 potuit
1656 1281 1910 1350 Basilius,
1938 1303 2057 1341 cum
2094 1300 2277 1340 mense

715 1358 855 1416 Julio
904 1372 995 1417 aut
1042 1364 1281 1437 Augusto
1335 1371 1635 1437 scriberet,
1692 1388 1753 1428 ea
1812 1392 1953 1429 anno
2006 1378 2278 1446 praeterito

718 1452 859 1507 facta
909 1456 1090 1512 dicere
1132 1475 1251 1529 qttae
1288 1460 1565 1516 Decembri
1612 1466 1856 1534 proxime
1889 1466 2070 1534 elapso
2103 1467 2277 1522 conti-

716 1558 926 1615 gerant.

792 1638 1094 1696 Referlmus
1118 1645 1185 1698 ad
1220 1646 1361 1699 hunc
1394 1662 1594 1701 annum
1621 1646 1901 1717 epistolam
1930 1647 2037 1703 252
2080 1648 2133 1704 in
2170 1665 2277 1720 qua

716 1727 945 1786 Basilius
981 1733 1263 1802 episcopos
1288 1735 1438 1789 Ponti
1468 1738 1862 1801 perhonorilice
1892 1750 2065 1810 rogat,
2096 1752 2156 1795 ut
2188 1757 2279 1796 an-

2377 550 2442 603 dc
2473 550 2929 613 Occidentalibus,
2986 568 3119 621 quos
3174 554 3326 622 plena
3357 570 3515 611 manu
3550 559 3603 611 in
3652 556 3737 611 liis
3774 555 3937 611 tribus

2376 639 2620 705 epistolis
2663 641 2862 694 laudat.
2907 643 3041 696 Cum
3078 644 3160 699 his
3184 644 3425 711 epistolis
3467 648 3750 717 conjungit
3777 647 3937 702 etiam

2378 731 2751 789 Tillemontius
2780 733 3059 803 epistolam
3094 737 3197 792 I52
3224 737 3289 791 ad
3309 736 3624 793 Abramium
3648 741 3937 797 Batuorum

2375 822 2704 893 episcopum.
2754 812 2861 880 Sed
2890 838 3010 879 eam
3043 828 3329 897 rejecimus
3355 830 3407 883 iu
3440 843 3638 883 annum
3673 834 3804 888 575.

2448 913 2710 980 Quartam
2756 918 3035 987 epistolam
3099 920 3292 1001 detulit
3343 920 3769 987 Sanctissimus,
3827 940 3940 996 quae

2376 1006 2706 1077 presbyteris
2728 1009 2949 1075 Acacio,
2977 1009 3153 1076 Aetio,
3182 1009 3345 1065 Paulo
3374 1023 3428 1067 et
3449 1016 3705 1085 Sylvano,
3736 1016 3940 1075 Silviae

2377 1108 2433 1152 et
2464 1096 2627 1153 Lucio
2677 1100 2956 1166 diaconis,
3008 1102 3326 1172 ueterisque
3365 1104 3623 1163 fratribus
3660 1114 3938 1166 monachis

2378 1186 2633 1257 inscripta
2664 1198 2766 1243 est.
2803 1190 3260 1247 Verisimillimum
3289 1202 3372 1249 est
3398 1195 3677 1269 Acacium,
3709 1200 3806 1269 qui
3838 1203 3941 1268 pri-

2376 1290 2497 1330 mus
2532 1278 2868 1343 nominatur,
2909 1295 3014 1334 non
3039 1282 3201 1337 alium
3231 1298 3353 1339 esse
3382 1284 3450 1337 ab
3486 1300 3551 1339 eo
3579 1288 3782 1345 Acacio
3805 1333 3819 1357 ,
3854 1292 3938 1359 qui

2377 1367 2630 1423 Basilium
2665 1384 2805 1424 anno
2847 1372 2952 1428 575
3000 1373 3305 1431 Beraaensis
3345 1374 3599 1432 Ecclesiae
3642 1394 3698 1436 et
3730 1383 3941 1439 Chalci-

2377 1460 2559 1514 densis
2590 1463 2804 1535 nomine
2848 1463 3054 1529 invisit,
3085 1481 3147 1519 ac
3185 1476 3365 1535 postea
3407 1469 3461 1523 in
3497 1471 3810 1541 episcOpatu
3848 1476 3942 1530 Be-

2380 1556 2576 1610 rtBensi
2608 1555 2988 1609 celeberrimus
3017 1559 3247 1620 exstitit,
3277 1560 3371 1613 sed
3398 1564 3702 1628 praeteritos
3727 1566 3941 1622 labores

2380 1645 2599 1700 nefariis
2629 1647 2679 1700 in
2709 1648 2765 1701 S.
2787 1645 3048 1703 Joannem
3080 1650 3526 1721 Chrysostomum
3568 1655 3938 1713 tnolition'rbos

2378 1730 2675 1791 dedecorav
2686 1739 2746 1794 it.

717 1818 924 1884 tiquum
969 1837 1169 1877 morem
1224 1835 1497 1879 resutnant
1559 1828 1839 1883 visitandas
1886 1806 1979 1886 ad-
2000 1831 2141 1886 diem
2194 1835 2274 1888 fe.

2446 1826 2766 1882 Iamdudum
2811 1830 3106 1888 Ecclesiam
3147 1832 3487 1892 Berteensem
3533 1848 3590 1894 et
3618 1838 3946 1896 Chalciden-

716 1920 859 1962 sium
890 1908 1073 1964 Sancti
1120 1911 1407 1985 Eupsychii
1432 1917 1675 1972 ecclesiae
1703 1920 2074 1980 Caesariensis.
2106 1924 2278 1982 Citius

717 1998 974 2053 collocari
1008 2013 1331 2072 nonopotest
1364 2006 1477 2060 haec
1503 2008 1761 2076 epistola;
1813 2027 1935 2065 nam
1980 2029 2125 2070 anno
2168 2019 2281 2088 qui-

718 2090 838 2143 dem
870 2092 1147 2158 superiore
1184 2109 1285 2163 pax
1340 2097 1479 2151 inter
1511 2098 1765 2154 Basilium
1796 2113 1850 2155 et
1884 2101 2035 2160 Ponti
2064 2122 2278 2177 episco-

718 2194 815 2249 pos
838 2191 1007 2246 sarta,
1042 2184 1133 2236 sed
1179 2195 1298 2254 post
1332 2185 1526 2241 festum
1559 2187 1616 2245 S.
1647 2190 1957 2264 Eupsychii.

792 2270 856 2325 ν.
906 2273 1208 2331 Dorotheus
1256 2288 1308 2331 et
1349 2278 1735 2339 Sanctissimus
1779 2285 1949 2340 Roma
2006 2291 2278 2345 redierunt

718 2365 819 2418 hoc
841 2381 1020 2432 anno,
1058 2368 1249 2436 rebus,
1284 2386 1511 2439 quarum
1548 2388 1709 2428 causa
1742 2376 1967 2445 profecti
2000 2390 2154 2434 erant
2175 2421 2191 2448 ,
2229 2384 2275 2437 si

715 2456 893 2509 minus
927 2458 993 2510 ad
1025 2468 1267 2527 optatum
1296 2463 1521 2525 exitum,
1557 2464 1748 2519 saltem
1786 2468 1850 2520 ad
1901 2470 2097 2525 bonam
2128 2489 2275 2541 spem

720 2547 1010 2614 perductis.
1061 2549 1136 2619 (α)
1185 2548 1408 2621 Magnos
1452 2552 1665 2608 labores
1706 2555 1757 2608 in
1802 2561 1901 2612 hoc
1948 2561 2281 2622 conficiendo

720 2636 913 2689 itinere
939 2638 1272 2695 tolerarunt:
1296 2644 1390 2697 sed
1414 2659 1681 2698 summam
1705 2648 1943 2705 laetitiam
1968 2654 2063 2710 toti
2077 2654 2280 2712 Orienti

717 2727 1035 2795 attulerunt,
1064 2745 1189 2787 cum
1224 2745 1281 2788 et
1321 2738 1619 2793 sententias
1650 2739 2074 2799 Occidentalium
2106 2756 2162 2800 et
2191 2764 2278 2803 re-

718 2836 836 2874 rum
867 2828 1065 2877 statum
1096 2835 1349 2884 accurate
1374 2842 1713 2900 perspectum
1740 2837 2071 2890 nuntiarent.
2116 2839 2277 2893 Doro-

719 2913 876 2968 theus
906 2916 958 2969 in
989 2920 1217 2984 epistola
1244 2920 1594 2975 Orientalium
1627 2924 1773 2978 solus
1803 2927 2127 2994 nominatur,
2152 2933 2277 2999 quia

718 3002 766 3057 is
818 3005 960 3059 solus
1000 3009 1263 3062 nominari
1319 3012 1695 3087 solebathqui
1753 3017 2051 3086 praecipuas
2099 3034 2279 3089 partes

718 3096 999 3167 legationis
1034 3101 1354 3157 sustinebat.
1390 3101 1447 3157 lu
1492 3105 1687 3161 litteris
1716 3117 1895 3163 autem
1918 3149 1934 3173 ,
1964 3125 2100 3179 quas
2125 3111 2277 3166 Basi-

718 3186 825 3242 lius
863 3199 982 3257 post
1024 3204 1208 3245 eorum
1269 3195 1493 3248 reditum
1536 3196 1795 3265 scripsit,
1840 3200 1983 3252 nulla
2026 3200 2277 3256 Dorothei

718 3278 943 3343 mentio,
986 3282 1080 3335 sed
1114 3292 1321 3337 tantum
1369 3284 1730 3353 Sanctissimi,
1770 3292 1886 3343 sive
1927 3291 1996 3343 ob
2034 3294 2277 3346 eamdem

716 3384 974 3436 causam,
1028 3372 1142 3427 sive
1188 3375 1357 3442 quod.
1408 3390 1717 3433 remanente
1756 3381 1894 3449 apud
1926 3378 1982 3433 S.
2008 3378 2277 3436 Heletium

721 3461 1013 3529 DorOtbeo,
1060 3464 1445 3522 Sanctissimus
1491 3470 1543 3522 in
1578 3468 1853 3526 Orientem
1890 3473 2087 3528 missus
2115 3485 2276 3541 esset,

719 3563 778 3607 ut
808 3570 894 3610 res
924 3555 1231 3612 Occidentis
1274 3559 1547 3615 nuntiaret
1568 3601 1583 3627 ,
1615 3577 1679 3617 ac
1715 3564 2067 3620 Orientalium
2106 3570 2280 3623 studia

718 3645 786 3695 ad
817 3645 869 3697 id
902 3648 1043 3711 quod
1099 3647 1407 3703 inchoatum
1439 3661 1557 3705 erat
1597 3653 1980 3722 perliciendum
2010 3656 2279 3713 incitaret.

720 3729 983 3787 Videntur
1031 3749 1207 3791 autem
1245 3738 1546 3795 Dorotheus
1580 3753 1634 3796 et
1674 3743 2054 3800 Sanctissimus
2093 3750 2282 3817 praaci-

720 3840 823 3895 pue
857 3841 944 3881 res
966 3827 1330 3882 Antiochenas
1356 3832 1505 3883 cordi
1541 3832 1814 3898 habuisse,
1864 3846 1973 3889 tum
2010 3839 2134 3906 quia
2166 3854 2281 3891 ma-

724 3920 869 3973 xima
902 3935 1084 3975 eorum
1118 3935 1245 3975 cura
1275 3931 1393 3976 erat
1437 3924 1549 3977 hac
1584 3923 1823 3979 Ecclesia
1850 3965 1865 3990 ,
1898 3943 2055 3995 quam
2093 3930 2283 3985 littena:

721 4006 933 4063 Damasi
970 4026 1109 4065 anno
1135 4011 1241 4065 375
1274 4014 1741 4083 perturbaverant,
1786 4024 1898 4070 tum
1930 4018 2055 4087 quia
2083 4028 2142 4073 ut
2171 4021 2283 4087 ipse

719 4097 1244 4166 rensebatBasilius,
1294 4118 1397 4171 pax
1430 4101 1666 4160 Orientis
1709 4122 1775 4161 ex
1807 4107 2105 4163 Antiochia:
2150 4125 2283 4178 pace

720 4188 1008 4258 plurimum
1057 4194 1342 4261 pendebat.
1391 4194 1571 4260 Quare
1620 4200 1686 4252 ad
1739 4198 1795 4252 S.
1830 4198 2021 4255 Meletii
2057 4217 2274 4256 causam

722 4281 903 4336 refero
948 4285 1087 4350 quod
1137 4286 1214 4339 ait
1254 4284 1487 4343 Basilius
1530 4292 1858 4362 presbyteris
1898 4293 2269 4363 Antiochenis,

722 4365 1136 4425 Sanctissimum
1164 4389 1350 4429 eorum
1375 4376 1786 4435 sollicitudinem
1834 4384 2025 4453 partim
2056 4387 2272 4439 sedatu-

2378 1932 2489 1970 sem
2518 1920 2824 1987 persecutio
2864 1922 3234 1993 impugnabat,
3268 1929 3361 1980 sed
3403 1927 3505 1982 hoc
3528 1944 3672 1983 anno
3703 1930 3811 1985 576
3840 1941 3946 1987 ειε-

2380 2009 2473 2061 tim
2506 2020 2624 2078 post
2650 2009 2853 2067 Pascha
2882 2015 3119 2070 haeretici
3147 2015 3517 2071 Beroeensium
3552 2023 3945 2077 monachorum

2378 2103 2741 2161 tabernaculis
2797 2108 3272 2177 supervenientes,
3326 2126 3511 2166 eorum
3570 2113 3786 2170 labores
3837 2117 3944 2181 igni

2379 2196 2733 2251 tradiderunt.
2771 2198 3033 2268 Ingemuit
3066 2198 3318 2264 Basilius,
3352 2200 3441 2256 ubi
3476 2202 3528 2256 id
3560 2204 3805 2270 rescivit,
3838 2220 3943 2261 non

2375 2296 2555 2342 tamen
2586 2286 2968 2344 monachorum
3021 2306 3223 2357 causa,
3269 2291 3465 2363 quibus
3512 2294 3659 2350 aliud
3709 2296 3765 2351 in
3794 2298 3947 2354 colis

2377 2381 2701 2435 domicilium
2741 2382 2955 2437 videbat
2995 2382 3096 2438 hoc
3133 2384 3341 2440 scelere
3372 2389 3685 2456 prazparari,
3712 2393 3809 2444 sed
3839 2390 3949 2444 bae-

2377 2476 2667 2528 reticorum
2688 2515 2704 2540 ,
2735 2476 2826 2545 qui
2860 2476 3211 2546 sibimetipsis
3255 2478 3394 2548 ignis
3446 2480 3763 2535 thesaurum
3792 2498 3946 2537 corn-

2378 2568 2661 2637 parabant.
2716 2566 3042 2637 Speraverat
3081 2568 3309 2625 Basilius
3350 2572 3500 2636 fore,
3538 2583 3597 2626 ut
3632 2575 3698 2625 ad
3736 2588 3801 2628 se
3837 2584 3950 2628 tam

2379 2671 2541 2725 quam
2570 2658 2635 2711 ad
2660 2665 2904 2725 paratum
2939 2657 3240 2727 perfugium
3266 2673 3455 2712 omnes
3482 2673 3851 2729 accurrerent,
3884 2678 3947 2719 ac

2380 2748 2495 2816 ipse
2548 2762 2735 2801 eorum
2792 2748 3076 2816 complexu
3126 2763 3189 2802 ex
3238 2750 3507 2805 continuis
3561 2751 3841 2809 doloribus
3893 2765 3949 2809 et

2378 2836 2635 2889 aerumnis
2687 2835 2997 2904 respiraret.
3044 2833 3149 2890 Sed
3201 2850 3320 2891 cum
3369 2839 3419 2891 id
3466 2852 3792 2897 consecutus
3840 2859 3947 2898 non

2379 2936 2541 2990 esset,
2564 2928 2787 2997 optabat
2822 2934 2881 2980 ut
2909 2926 3100 2982 saltem
3132 2941 3273 2996 saepe
3301 2929 3569 2985 scribendi
3603 2934 3824 2988 occasio
3855 2936 3950 2988 da-

2381 3030 2551 3075 retur.
2595 3019 2672 3076 Ne
2705 3020 2756 3074 id
2804 3020 3021 3088 quidem
3066 3020 3313 3090 contigit,
3349 3024 3473 3091 quia
3514 3028 3792 3079 nesciebat
3830 3027 3952 3081 ubi-

2309 3131 2352 3188 c
2386 3128 2507 3165 nam
2539 3122 2902 3176 versarentur,
2932 3122 3043 3164 tum
3072 3114 3234 3165 etiam
3267 3116 3391 3182 quia
3423 3130 3527 3170 non
3566 3116 3715 3169 multi
3747 3133 3779 3171 e
3806 3115 3951 3185 Cap‘

2383 3199 2676 3270 padociain
2702 3196 2800 3252 has
2816 3198 3066 3266 regiones
3088 3200 3579 3268 proﬁciscebantur.
3608 3205 3813 3261 Nactus
3836 3216 3952 3260 tan-

2381 3288 2502 3341 dem
2536 3287 2876 3345 Sanctissimi
2921 3289 3265 3360 facultatem,
3314 3294 3562 3349 hortatur
3603 3304 3662 3349 ut
3691 3299 3764 3351 ob
3804 3296 3953 3351 futue

2381 3392 2495 3431 ram
2521 3380 2823 3435 mercedem
2855 3379 3069 3438 fortiter
3090 3397 3149 3438 se
3174 3391 3401 3452 gerant;
3443 3392 3516 3449 et,
3542 3384 3666 3452 quia
3691 3402 3953 3455 persecu—

2383 3471 2526 3525 tione
2568 3472 2749 3541 adepti
2792 3483 2922 3528 sunt
2969 3474 3221 3529 ﬁduciam
3263 3474 3403 3543 apud
3434 3474 3739 3546 Dominum,
3785 3492 3953 3536 noctu

2380 3571 2433 3616 et
2466 3562 2701 3617 interdiu
2731 3580 2828 3635 pro
2850 3566 3091 3621 Ecclesia
3126 3576 3432 3634 precentur.

2455 3652 2534 3705 Ad
2590 3652 2730 3706 idem
2784 3664 2995 3723 tempus
3030 3653 3223 3709 referri
3270 3665 3449 3724 potest
3489 3657 3710 3728 epistola
3742 3657 3852 3715 257
3884 3662 3952 3715 ad

2384 3745 2515 3799 alios
2539 3746 2851 3810 monachos,
2881 3747 3076 3815 quibus
3096 3746 3495 3818 pariterAriani
3526 3749 3721 3806 bellum
3757 3753 3954 3811 infere-

2385 3837 2531 3892 bant.
2557 3839 2661 3892 Eos
2686 3838 2913 3894 Basilius
2940 3839 3248 3894 consolatur
3296 3856 3392 3911 spe
3425 3845 3692 3899 mercedis
3718 3860 3785 3901 eo
3818 3848 3954 3903 ube-

2386 3930 2563 3991 rioris,
2590 3932 2733 4000 quod
2764 3931 2963 3985 bellum
2991 3930 3329 3987 inferebatur
3358 3932 3425 3987 ab
3457 3934 3765 3990 hominibus
3794 3938 3956 3994 Citri-

2385 4020 2589 4074 stianos
2614 4036 2673 4074 se
2709 4036 2828 4076 esse
2862 4022 3261 4089 proﬁtentibus,
3299 4024 3491 4077 nedum
3518 4024 3619 4080 hoc
3645 4042 3869 4097 nomen,
3898 4039 3956 4084 ut

2383 4112 2539 4162 nmlti
2583 4111 2979 4173 existimabant.
3031 4113 3097 4165 de
3131 4127 3341 4180 eorum,
3381 4115 3473 4183 qui
3513 4121 3954 4185 persecutionem

2386 4201 2765 4268 patiebantur,
2803 4202 2996 4256 merito
3019 4203 3312 4260 detrahere
3354 4217 3555 4276 posset.
3601 4208 3868 4264 Hortatur
3897 4223 3957 4265 ut

2388 4307 2485 4346 nec
2513 4294 2884 4363 episcoporum
2919 4293 3144 4357 exsiliis,
3181 4311 3280 4350 nec
3309 4299 3450 4366 quod
3483 4299 3789 4367 proditores
3825 4317 3961 4355 non-

2388 4385 2517 4439 nulli
2554 4400 2616 4440 ex
2649 4387 2764 4455 ipso
2811 4385 2956 4440 clero
3001 4388 3278 4452 exstitere,
3325 4388 3458 4443 ﬁdes
3484 4406 3671 4445 eorum
3707 4393 3955 4457 vacillet,

722 4476 841 4515 rum
877 4462 961 4517 bis
986 4477 1104 4531 quae
1134 4463 1185 4517 in
1216 4465 1505 4522 Occidente
1534 4483 1814 4540 perspecta
1857 4476 2119 4538 narrabit,
2151 4492 2275 4545 par-
2312 4482 2356 4537 Ι)
2384 4492 2483 4531 nec
2508 4490 2600 4530 eos
2628 4490 2819 4543 magna
2864 4474 3041 4544 populi
3072 4474 3357 4529 multitudo
3386 4486 3586 4532 terreat
3618 4498 3631 4533 :
3665 4495 3773 4533 non
3802 4485 3956 4537 enim

722 4554 819 4607 tim
856 4555 1211 4609 excitaturum
1236 4595 1252 4620 ,
1277 4566 1331 4611 et
1359 4569 1617 4627 quantum
1662 4564 1824 4619 studii
1860 4581 1945 4619 res
1989 4581 2282 4634 prmscntes

722 4646 1019 4713 requirant,
1050 4646 1579 4718 demonstraturum;
1622 4667 1683 4707 ac
1719 4654 1842 4709 inde
1868 4657 2062 4726 colligo
2089 4659 2282 4713 Dama-

720 4748 837 4787 sum
860 4750 1023 4803 opera
1047 4736 1272 4791 duorum
1297 4738 1506 4794 illorum
1530 4743 1960 4815 presbyterorum
1987 4750 2279 4817 aequiorem

718 4824 918 4879 factum
942 4841 1060 4881 esse
1092 4827 1325 4883 Heletio.
1365 4830 1501 4893 Hinc
1525 4844 1667 4888 tanta
1703 4836 1885 4890 lthitia
1916 4839 2151 4893 exsultat
2180 4839 2277 4893 Ba-

718 4915 871 4970 silius
904 4931 1010 4971 non
1049 4917 1222 4971 solum
1280 4920 1334 4974 in
1383 4923 1606 4990 epistola
1654 4927 1719 4980 ad
1768 4929 2110 4998 presbyteros
2160 4931 2277 4983 An-

721 5008 1019 5071 tiochenos,
1058 5010 1153 5062 sed
1191 5009 1353 5064 etiam
1412 5015 1464 5067 in
1508 5015 1628 5069 aliis
1670 5019 1907 5083 duabus,
1950 5036 2141 5090 nempe
2172 5039 2277 5077 uua

719 5097 789 5153 ad
816 5096 1089 5169 Pelagium
1124 5100 1518 5168 Laodicenum,
1547 5108 1714 5162 altera
1744 5110 1809 5164 ad
1842 5112 2015 5167 Vitum
2040 5114 2276 5169 Carrbo—

718 5198 838 5242 mm
876 5190 1209 5259 episcopum,
1244 5194 1438 5263 quibus
1478 5197 1607 5263 quid
1650 5208 1829 5252 actum
1862 5215 2005 5257 esset
2037 5204 2088 5257 in
2118 5203 2277 5259 Occi-

719 5280 878 5335 dente
906 5296 999 5350 per
1021 5297 1078 5336 se
1102 5283 1212 5353 ipse
1239 5301 1346 5341 non
1365 5299 1604 5357 enarrat,
1629 5293 1725 5345 sed
1750 5290 2103 5351 Sanctissimo
2120 5312 2278 5352 enar-

720 5375 945 5427 randum
977 5375 1248 5443 relinquit.

789 5459 955 5513 Miror
988 5460 1380 5520 Tillemontium
1411 5468 1509 5524 bas
1545 5480 1653 5527 tres
1688 5474 1945 5542 epistolas
1970 5476 2036 5531 ad
2075 5493 2275 5533 annum

716 5548 822 5603 575
857 5550 1075 5607 referre.
1110 5554 1259 5611 Tunc
1300 5561 1516 5629 quidem
1554 5563 1604 5616 in
1629 5563 1902 5619 Orientem
1951 5568 2109 5622 rediit
2140 5571 2276 5624 San-

717 5638 1012 5704 ctissimus,
1042 5644 1261 5700 minime
1288 5663 1416 5704 vero
1442 5666 1506 5704 ex
1529 5650 1839 5718 Occidente,
1869 5657 1962 5711 sed
1996 5672 2059 5711 ex
2086 5658 2276 5713 Arme-

720 5732 831 5795 nia,
869 5732 920 5785 iu
967 5747 1128 5803 quam
1168 5738 1369 5796 visendi
1405 5742 1598 5799 Mcletii
1651 5762 1809 5802 causa
1845 5758 2082 5804 venerat.
2125 5750 2271 5805 Prie-

790 5843 869 5913 ψ)
895 5839 991 5912 Ep.
1016 5842 1144 5899 255.

2387 4567 2603 4629 nomina
2636 4582 2788 4633 esse,
2824 4581 2941 4636 quae
2970 4581 3066 4621 nos
3094 4566 3271 4621 salvos
3304 4565 3546 4633 faciunt,
3585 4571 3677 4624 sed
3704 4577 3962 4643 proposi.

2382 4668 2491 4712 tum
2536 4659 2703 4712 animi
2737 4668 2792 4713 et
2832 4656 3207 4725 dilectionem;
3256 4673 3356 4713 nec
3406 4661 3808 4718 multitudinem
3846 4669 3956 4721 sal-

2382 4754 2532 4819 vari,
2569 4754 2661 4807 sed
2692 4753 2893 4808 electos
2922 4752 3036 4807 Dei.
3088 4751 3310 4809 Videtur
3340 4753 3565 4809 Basilius
3611 4753 3955 4818 Frontonem

2382 4860 2589 4913 notare,
2618 4865 2739 4903 cum
2770 4848 3076 4916 proditores
3104 4862 3170 4903 ex
3211 4850 3327 4918 ipso
3365 4849 3508 4903 clero
3551 4862 3775 4906 exortus
3802 4869 3959 4910 com-

2380 4950 2660 4993 memorat.
2694 4939 2829 4994 Tota
2858 4940 3081 5009 epistola
3111 4942 3541 5007 persecutionem
3570 4942 3635 4996 ad
3670 4958 3956 5000 summam

2379 5031 2727 5084 acerbitatem
2763 5032 3077 5099 pervenisse
3108 5033 3364 5085 declarat.

2452 5119 2537 5177 VI.
2588 5121 2743 5176 Anno
2783 5122 2888 5176 5'76
2935 5132 3168 5177 exeunte
3206 5123 3266 5179 S.
3294 5123 3624 5195 Epiphanius
3653 5126 3894 5181 clericos
3926 5142 3958 5182 e

2380 5225 2476 5262 sua
2510 5210 2745 5264 Ecclesia
2776 5226 2896 5264 cum
2947 5212 3140 5266 litteris
3175 5212 3241 5266 ad
3277 5211 3536 5268 Basilium
3570 5216 3738 5268 misit.
3782 5214 3957 5271 Dolo-

2380 5316 2492 5354 rem
2537 5317 2692 5355 suum
2725 5302 3099 5372 signiﬁcabat,
3152 5305 3295 5372 quod
3335 5305 3660 5360 dissiderent
3697 5307 3853 5360 inter
3897 5322 3959 5363 se

2377 5392 2575 5447 fratres
2613 5396 2806 5449 montis
2834 5394 3058 5449 Elasonis
3099 5397 3214 5450 sive
3238 5394 3513 5452 Olivarum
3542 5439 3557 5462 ,
3594 5411 3763 5467 seque
3810 5415 3957 5452 nova

2379 5486 2754 5540 nonnullorum
2807 5498 3107 5541 commenta
3144 5490 3600 5558 deprehendisse,
3645 5504 3709 5543 ac
3736 5489 3809 5544 de
3848 5491 3960 5545 illis

2378 5578 2725 5631 emendandis
2786 5579 3198 5634 sollicitudinem
3256 5582 3563 5648 suscepisse
3630 5582 3955 5635 nuntiabat.

2380 5663 2625 5717 Basilium
2654 5669 2890 5734 rogabat,
2917 5678 2975 5720 ut
2998 5668 3063 5721 ad
3092 5669 3187 5720 bas
3214 5669 3649 5736 perturbationes
3672 5671 3959 5723 sedandae

2381 5757 2751 5811 auctoritatem
2780 5773 2931 5812 suam
2979 5759 3368 5816 interponeret.
3400 5759 3534 5813 Illud
3563 5758 3729 5813 etiam
3763 5758 3958 5817 Basilii
