4080 6312
1544 354 1702 409 V'lTA
1744 354 1804 409 S.
1844 352 2111 407 BASILII.

3256 367 3412 408 ειυς

178 469 588 543 cnris_dignum
626 470 937 539 judicabat,
981 479 1035 525 ut
1081 470 1401 526 dissidentes
1438 470 1747 525 Catholicos
1777 484 1821 533 Α
1851 468 2257 524 sollicitudinem
2284 468 2363 521 his
2390 469 2452 522 de
2475 470 2625 523 rebus
2652 477 2986 537 susceperat,
3021 475 3200 537 atque.
3227 476 3285 520 ut
3309 468 3420 536 ipse

181 563 544 619 Antiocheuos
596 564 663 617 ad
717 564 1060 618 concordiam
1114 562 1457 617 adduceret:
1515 576 1741 631 quorum

175 656 236 708 de
270 654 500 708 dissidio
558 654 639 709 sic
680 652 998 722 loquebatur
1035 654 1387 722 Epiphanius,
1438 662 1493 707 ut
1524 667 1743 707 necesse

173 758 291 799 esse
334 753 609 799 statueret
657 752 766 798 tres
824 745 1141 814 bypostases
1186 744 1450 799 coafiteri.
1505 744 1740 797 Alteram

174 835 498 902 adjunxerat
547 834 862 905 epistolam,
910 835 965 888 in
1010 849 1112 904 qua
1145 834 1327 891 Basilii
1358 837 1423 891 de
1460 835 1743 903 blagnszeis

174 928 501 980 sententiam
531 928 921 981 sciscitabatur.

240 1018 459 1073 Gratias
504 1019 554 1071 ei
599 1019 709 1085 agit
737 1018 999 1084 Basilius,
1034 1018 1176 1085 quod
1210 1033 1275 1073 eo
1324 1026 1562 1085 tempore
1585 1060 1599 1083 ,
1637 1034 1744 1087 quo

175 1111 463 1166 refrixerat
510 1113 789 1175 charitas,
857 1127 1154 1181 omnesque
1199 1112 1449 1167 omnibus
1508 1112 1740 1179 quodam

177 1206 331 1259 modo
375 1205 612 1273 suspecti
653 1215 845 1268 erant,
882 1214 937 1260 et
968 1207 1047 1259 sui
1082 1205 1450 1270 meminisset,
1483 1217 1537 1259 et
1568 1213 1646 1257 tot
1676 1220 1739 1256 ac.

174 1293 335 1347 tantis
367 1295 601 1347 marium
643 1301 699 1345 et
743 1301 1009 1347 terrarum
1047 1294 1231 1361 spatiis
1258 1293 1556 1360 disiunctus
1590 1310 1738 1349 sum-

178 1400 314 1438 mam
366 1384 535 1437 animi
580 1383 1017 1453 conjunctionem
1046 1385 1417 1454 signiﬁcasset.
1448 1383 1552 1439 Sed
1574 1400 1741 1440 onera

176 1476 271 1529 sibi
296 1476 367 1529 ab
394 1490 459 1530 eo
492 1475 737 1544 imposita
760 1517 774 1540 ,
817 1484 873 1529 ut
900 1476 1100 1529 viribus
1130 1474 1243 1531 suis
1278 1475 1480 1542 majora
1502 1517 1517 1542 ,
1554 1477 1743 1545 depre-

176 1577 345 1620 catur.
396 1565 519 1620 Jam
547 1568 692 1621 enim
723 1582 780 1621 se
814 1568 1097 1637 scripsisse
1132 1567 1370 1622 Palladio
1399 1580 1453 1622 et
1479 1571 1741 1623 Innocen-

178 1662 264 1720 t‘o,
299 1659 570 1729 integrum
600 1659 700 1713 sibi
730 1674 831 1713 non
860 1675 981 1714 esse
1032 1661 1153 1715 ﬁdei
1188 1659 1417 1715 Nicmnae
1449 1661 1739 1729 quidquam

176 1751 387 1804 addere.
425 1750 556 1817 Quae
582 1763 758 1806 autem
784 1754 849 1807 de
873 1753 1249 1807 lncarnatione
1282 1754 1496 1807 adtexta
1528 1751 1741 1805 fuerant

1854 572 2038 615 narrat
2083 560 2195 630 (α),
2232 560 2459 614 Vitalem
2505 562 2571 615 ad
2620 570 2933 617 accuratam
2976 558 3244 630 dogmatis
3292 574 3419 613 cen-

1853 648 2137 705 fessionem
2171 662 2223 705 et
2247 653 2313 705 ad
2340 652 2683 707 concordiam
2718 666 2839 704 eum
2874 648 3102 704 Paulino
3130 649 3416 703 ineundam

1851 742 2099 797 hortatus
2136 742 2329 797 fuerat.
2372 741 2515 799 Orta:
2542 744 2625 799 bis
2663 745 2728 798 de
2760 744 2916 798 rebus
2958 745 3127 798 turbae
3154 744 3205 797 in
3240 752 3417 796 monte

1854 834 2066 889 Elzeune
2105 847 2157 888 et
2196 835 2316 889 aliis
2359 835 2409 889 in
2443 836 2609 900 locis,
2640 835 2733 889 sed
2764 845 2940 888 tamen
2970 836 3167 888 malum
3200 835 3416 891 insana-

1852 926 1959 980 bile
1991 941 2094 981 non
2125 926 2406 981 videbatur
2456 924 2778 997 Epiphanio,
2811 940 2873 981 ac
2907 926 3159 981 Basilium
3196 928 3417 999 rogabat

1853 1024 1910 1070 ut
1942 1018 2234 1072 remedium
2275 1016 2515 1073 all'erret.

1924 1109 2049 1165 Huac
2081 1120 2259 1165 autent
2290 1112 2516 1167 mirifice
2546 1121 2851 1182 congruunt
2882 1128 3023 1168 anno
3047 1112 3150 1167 576
3175 1114 3415 1169 exeunti.

1850 1200 2096 1256 Nondum
2127 1204 2271 1256 enim
2298 1204 2577 1258 ordinatus
2606 1215 2724 1258 erat
2756 1202 2945 1260 Vitalis
2972 1220 3112 1259 anno
3138 1205 3261 1271 575,
3290 1221 3415 1262 cum

1854 1293 2063 1348 Damasi
2125 1294 2332 1349 litteras
2384 1296 2595 1365 accepit
2650 1296 2909 1351 Paulinus
2971 1296 3113 1352 circa
3178 1312 3415 1351 mensem

1852 1384 2245 1454 Septembrem.
2277 1389 2345 1441 At
2380 1389 2477 1442 hoc
2512 1388 2719 1443 facinus
2746 1390 3094 1444 commissum
3123 1400 3263 1454 erat,
3296 1405 3415 1445 cum

1853 1476 1910 1530 S.
1946 1476 2279 1546 Epiphanius
2334 1477 2676 1533 Antiochiam
2724 1478 2904 1543 venit;
2950 1494 3056 1548 quo
3106 1494 3172 1533 ex
3227 1480 3415 1536 itinere

1852 1576 2100 1627 rerersus
2141 1581 2277 1635 erat,
2322 1587 2445 1627 eum
2479 1574 2697 1643 scripsit
2732 1574 2797 1627 ad
2835 1574 3104 1630 Basilium.
3142 1575 3405 1645 Apollina~

1850 1661 1915 1714 rii
1943 1671 2123 1719 autem
2157 1662 2414 1726 haeresis,
2442 1665 2544 1717 etsi
2582 1666 2634 1717 in
2675 1664 2755 1719 bis
2782 1663 2993 1720 Damasi
3039 1667 3106 1721 ad
3136 1665 3413 1721 Paulinum

1849 1753 2062 1818 litteris,
2090 1770 2152 1809 ac
2181 1756 2522 1825 multoante,
2556 1772 2745 1829 nempe
2780 1774 2923 1813 anno
2950 1758 3073 1825 562,
3106 1761 3157 1813 in
3190 1760 3414 1817 concilio

177 1842 292 1898 huic
336 1844 586 1899 formulas
610 1885 624 1908 ,
659 1860 720 1897 ea
773 1844 1003 1901 Basilius
1036 1863 1133 1900 nec
1168 1846 1604 1905 examinaverat,
1649 1859 1745 1898 nec
1777 1840 1817 1896 Β
1848 1843 2215 1899 Alexandrino
2240 1846 2519 1907 damnata.
2550 1847 2651 1902 etsi
2686 1849 2753 1903 ab
2780 1850 3074 1905 Athanasio
3103 1851 3156 1905 iu
3188 1854 3414 1922 epistola

177 1946 495 2003 receperat;
544 1947 824 2004 propterea
868 1938 1009 2006 quod
1045 1936 1321 1989 metuebat
1354 1950 1419 1987 ne
1446 1975 1460 2000 ,
1492 1935 1535 1987 si
1579 1934 1744 1988 semel

175 2041 201 2078 a
229 2025 349 2081 fidei
376 2029 724 2096 simplicitate
758 2028 1085 2091 discedatur,
1116 2027 1295 2081 nullus
1323 2026 1435 2097 jam
1466 2026 1605 2080 foret
1637 2028 1745 2082 dis-

176 2120 390 2187 putandi
423 2120 549 2173 linis
570 2159 585 2182 ,
624 2134 687 2172 ac
720 2118 1105 2187 simpliciorum
1138 2119 1332 2172 anima:
1380 2119 1742 2185 turbarentur,

175 2218 291 2267 dum
332 2213 457 2266 ﬁdei
491 2211 773 2265 formulam
806 2211 987 2279 augeri
1020 2210 1223 2265 vident.

239 2307 393 2372 Quod
422 2313 636 2373 spectat
660 2304 723 2357 ad
755 2303 1033 2359 dissidium
1065 2305 1481 2371 Antiochenum,
1508 2308 1745 2363 declarat

176 2398 401 2453 Basilius
444 2413 508 2453 se
557 2398 820 2453 hactenus
866 2413 989 2454 cum
1038 2399 1250 2455 Meletin
1290 2402 1741 2469 communicasse,

172 2505 492 2561 semperque
542 2506 662 2545 cum
710 2506 777 2547 eo
828 2490 919 2547 Dei
970 2493 1144 2561 gratia
1194 2496 1740 2560 communicaturum,

174 2594 457 2655 propterea
520 2584 663 2652 quod
710 2585 918 2653 primus
969 2585 1069 2639 sub
1100 2585 1419 2641 Constantio
1466 2589 1742 2657 egregium

173 2689 446 2731 certamen
477 2692 576 2744 pro
609 2677 709 2730 ﬁde
743 2676 966 2731 certavit
987 2717 1002 2739 ,
1054 2677 1276 2745 ejusque
1309 2681 1741 2735 communionem

175 2770 238 2824 ab
264 2770 425 2825 initio
455 2769 809 2824 (lassariensis
836 2769 1075 2823 Ecclesia
1126 2768 1376 2836 amplexa
1408 2782 1529 2834 est;
1570 2773 1742 2841 ipsum

173 2863 330 2917 etiam
361 2862 721 2915 Athanasium
763 2877 883 2915 cum
932 2876 997 2915 eo
1031 2862 1437 2916 communicare
1484 2864 1739 2928 voluisse,

174 2954 260 3008 sed
294 2955 497 3028 remin
536 2953 680 3007 aliud
716 2962 925 3022 tempus
969 2954 1150 3022 pravis
1180 2956 1561 3010 nonnullorum
1599 2971 1741 3011 con-

174 3046 303 3103 sifiis
334 3048 562 3103 dilatam
610 3036 808 3112 fuisse;
864 3062 1051 3102 eorum
1083 3058 1260 3104 autem
1295 3052 1384 3120 qui
1439 3058 1557 3117 post
1582 3048 1744 3103 Mele-

175 3140 298 3193 tium
321 3148 610 3202 venerant,
644 3125 842 3194 nullius
876 3155 936 3195 se
967 3141 1255 3196 admisisse
1281 3140 1740 3207 communionem,

173 3247 272 3286 non
302 3230 451 3301 quod
504 3231 753 3302 indignos
784 3232 1072 3300 judicaret,
1123 3232 1216 3286 sed
1250 3232 1375 3302 quia
1405 3232 1539 3287 nihil
1580 3234 1743 3290 habe-

173 3323 292 3388 bat,
322 3338 425 3377 cur
458 3322 730 3379 Meletium
773 3325 1189 3391 condemnaret;
1241 3324 1422 3395 itaque
1467 3325 1643 3381 facere
1687 3342 1745 3381 se

173 3431 271 3473 non
300 3430 464 3486 posse
500 3426 559 3471 ut
605 3417 670 3471 ad
701 3432 795 3473 eos
822 3418 1040 3473 scribat.
1077 3418 1343 3475 Caeterum
1376 3418 1742 3489 Epiphanium

176 3509 375 3575 laudat,
407 3510 554 3578 quod
597 3520 707 3564 tres
752 3509 1069 3579 hypostases
1098 3508 1343 3564 conﬁteri
1380 3523 1599 3564 necesse
1626 3524 1744 3564 esse

172 3603 445 3657 existimet
475 3618 491 3655 :
519 3602 679 3669 eique
705 3602 966 3671 originem
1006 3611 1059 3656 et
1088 3602 1330 3655 instituta
1357 3600 1741 3673 blagttsteorum

173 3694 409 3761 expauit.
475 3691 695 3746 Summa
738 3693 916 3747 Basilii
984 3695 1260 3749 humilitas
1306 3694 1481 3749 elucet
1539 3696 1593 3750 in
1643 3695 1745 3751 hac

170 3784 394 3854 epistola
432 3801 447 3840 :
490 3786 761 3841 hominem
805 3800 863 3840 se
910 3787 1108 3843 nullius
1144 3788 1300 3859 pretii
1341 3788 1426 3857 (η.
1462 3789 1514 3857 1)
1565 3798 1742 3857 vocat,

172 3884 224 3930 et
269 3877 323 3931 in
376 3878 622 3946 peccatis
675 3878 765 3949 (η.
803 3878 868 3949 2)
919 3881 1227 3947 viventem,
1285 3882 1488 3951 quique
1539 3883 1743 3938 verita-

174 3967 235 4022 tis
254 3970 569 4039 dogmatum
597 3971 831 4025 nondum
865 3970 1115 4025 idoneum
1142 3982 1425 4027 assecutus
1458 3988 1632 4028 usum.

236 4058 390 4115 lianc
416 4061 703 4129 epistolam
749 4063 814 4117 ad
858 4078 1058 4117 annum
1087 4062 1192 4116 576
1227 4072 1512 4120 exeuntem
1556 4063 1744 4119 referi-

174 4167 315 4218 mus,
338 4151 471 4221 quia
511 4165 634 4204 cum
675 4153 791 4208 lnec
831 4154 1093 4209 scriberet
1125 4153 1385 4219 Basilius,
1412 4156 1523 4224 jam
1556 4157 1744 4211 Antio-

173 4243 300 4299 chia:
326 4242 704 4313 episcopatum
731 4242 924 4299 Vitalis
960 4245 1255 4309 invaserat,
1282 4245 1392 4315 jam
1421 4248 1609 4301 turbas
1635 4248 1744 4301 cie-

173 4334 257 4388 bat
283 4336 473 4405 pravis
503 4334 849 4402 opinionibus
872 4337 1253 4405 Apollinarius,
1293 4338 1527 4393 nondum
1564 4349 1741 4395 tamen

173 4424 415 4479 heresim
450 4440 606 4480 suam
634 4424 811 4494 palam
841 4434 895 4479 et
921 4438 1109 4494 aperte
1140 4429 1487 4497 pra-dicabat.
1522 4426 1740 4483 Nullius

1848 1937 1914 1990 ad
1958 1935 2252 2005 Epictetum
2300 1954 2440 1992 anno
2477 1938 2580 1994 569
2631 1943 2843 2011 egregie
2892 1942 3163 1998 cenfutata
3213 1945 3409 2010 fuerat,

1849 2044 1953 2083 non
1989 2039 2164 2085 tamen
2192 2031 2333 2085 illius
2353 2041 2541 2086 auctor
2570 2034 2819 2101 prodibat
2846 2034 3234 2101 Apollinarius.
3271 2036 3401 2093 Cum

1849 2117 2079 2174 Basilius
2108 2134 2417 2176 accusatum
2444 2122 2576 2175 vidit
2607 2124 2672 2176 a'b
2704 2122 2987 2178 Eustathio
3017 2125 3408 2195 Apollinarium

1847 2226 1987 2265 anno
2014 2213 2153 2279 575,
2193 2215 2386 2269 mirum
2419 2216 2469 2269 id
2511 2215 2559 2270 ei
2596 2216 2768 2271 visum
2803 2226 2920 2283 est;
2962 2232 3234 2288 nunquam
3268 2220 3413 2274 enim

1847 2307 1912 2360 de
1941 2321 2005 2360 eo
2027 2307 2318 2376 quidquam
2354 2310 2599 2364 audierat
2623 2310 2913 2377 ejusmodi.
2946 2310 3053 2367 Nec
3089 2322 3266 2367 tamen
3297 2313 3413 2367 hzec

1845 2397 2155 2454 criminatio
2187 2399 2253 2455 ad
2284 2399 2706 2457 lncarnationem
2741 2405 3049 2472 spectabat,
3082 2404 3174 2458 sed
3201 2405 3267 2459 ad
3293 2403 3412 2459 Tri-

1847 2490 2096 2547 nitatem.
2152 2491 2205 2546 In
2257 2492 2518 2563 epistolis,
2555 2509 2691 2564 quas
2735 2494 2952 2566 scripsit
2997 2494 3225 2552 Basilius
3268 2511 3411 2551 anno

1845 2579 1950 2633 375
1976 2593 2028 2635 et
2067 2581 2193 2645 576,
2226 2593 2283 2636 ut
2317 2584 2515 2636 famam
2550 2600 2701 2637 suam
2740 2587 2805 2637 ab
2835 2585 3097 2639 Eustathii
3131 2586 3411 2642 calumniis

1846 2672 2147 2727 vindicaret
2176 2714 2193 2740 ,
2228 2674 2469 2729 declarat
2499 2690 2557 2729 se
2590 2691 2707 2728 cum
2740 2676 3098 2745 Apollinario,
3133 2694 3230 2735 nec
3259 2694 3411 2735 com-

1846 2765 2133 2830 munione,
2191 2780 2289 2820 nec
2341 2768 2603 2821 sententia
2662 2768 3006 2835 conjunctum
3073 2784 3191 2825 esse
3246 2790 3260 2825 :
3313 2775 3407 2827 sed

1844 2855 1979 2910 alios
2009 2872 2036 2907 a
2065 2870 2123 2910 se
2167 2872 2272 2911 non
2321 2859 2597 2927 propulsat
2627 2875 2859 2927 errores,
2895 2872 3089 2932 praeter
3126 2877 3240 2928 eos,
3276 2880 3412 2935 quos

1845 2946 1946 3010 ipsi
1984 2946 2295 3003 Eustathius
2325 2948 2630 3017 aﬂlnxerat,
2691 2950 2816 3005 dum
2860 2953 2908 3007 ei
2954 2953 3112 3023 impia
3156 2957 3410 3023 quaedam

1843 3034 2166 3104 Apollinarii
2198 3036 2343 3091 dicta
2371 3039 2620 3094 attribuit
2647 3041 2721 3111 (ὑ)
2747 3081 2762 3105 ,
2789 3057 3019 3114 eumque
3047 3045 3115 3099 ab
3142 3045 3402 3116 Apollina-

1848 3127 1930 3181 rio
1964 3126 2159 3182 librum
2212 3130 2278 3185 de
2319 3130 2522 3200 Spiritu
2553 3143 2739 3187 sancto
2783 3134 3001 3204 petiisse
3029 3136 3304 3190 mentitur.
3354 3136 3410 3189 In

1846 3218 2069 3286 epistola
2094 3218 2199 3271 243
2229 3219 2466 3275 Orientis
2511 3222 2647 3275 mala
2695 3232 2948 3277 accurate
2988 3224 3364 3280 describuntur
3393 3244 3409 3280 :

1847 3318 1901 3360 at
1934 3307 2073 3361 mdla
2115 3324 2337 3378 prorsus
2369 3312 2433 3365 de
2462 3312 2833 3369 lncarnatione
2862 3314 3083 3371 haeresis
3123 3326 3242 3371 orta
3279 3333 3409 3371 nun-

1848 3400 2028 3454 tiatur.
2070 3400 2250 3468 Quare
2302 3406 2521 3461 hteresis
2560 3407 2876 3476 Apollinarii
2924 3409 3099 3477 palam
3132 3417 3184 3463 et
3227 3418 3409 3479 aperte

1846 3510 1949 3548 non
1984 3496 2185 3567 erupit,
2232 3498 2332 3552 nisi
2378 3508 2499 3567 post
2536 3500 2670 3554 hanc
2697 3499 3051 3557 Orientalium
3086 3504 3365 3573 epistolam
3394 3523 3409 3561 :

1846 3600 1948 3641 nec
1978 3586 2203 3656 proinde
2248 3591 2471 3660 epistola
2520 3593 2585 3647 ad
2619 3592 2974 3665 Epiphaniam
3002 3636 3016 3661 ,
3068 3612 3188 3668 qua:
3227 3599 3409 3656 multis

1843 3681 1953 3752 jam
1990 3684 2145 3739 rebus
2178 3699 2298 3755 post
2326 3698 2566 3743 exortam
2599 3690 2848 3745 bzeresim
2876 3693 3080 3764 scripta
3110 3705 3215 3760 est,
3251 3694 3408 3753 citius

1848 3774 2157 3830 collocanda
2190 3792 2333 3832 anno
2359 3779 2463 3833 576
2498 3793 2751 3837 exeunte.

1915 3867 2216 3938 Antequam
2247 3870 2531 3941 Epiphanii
2590 3873 2798 3931 litteras
2842 3879 3113 3948 acciperet
3156 3881 3407 3952 Basilius,

1846 3959 1980 4014 alias
2028 3972 2314 4031 acceperat
2349 3963 2419 4035 (c)
2462 3980 2492 4019 a
2522 3964 2765 4022 Palladio
2794 3979 2847 4023 et
2879 3968 3189 4027 Innocentio
3214 3973 3394 4044 degen-

1846 4052 1988 4106 tibus
2016 4053 2068 4107 in
2102 4058 2427 4111 monasterio
2466 4059 2663 4113 montis
2696 4060 2972 4117 Olivarqu
2996 4103 3011 4128 ,
3052 4065 3104 4118 in
3156 4081 3265 4135 quo
3298 4066 3405 4122 dis-

1842 4145 2146 4200 sensionem
2172 4148 2407 4218 aliquam
2436 4154 2801 4205 commoverat
2828 4153 3406 4226 hwresisApollinarii.

1846 4234 2082 4306 Rogatus
2109 4239 2176 4294 ab
2203 4240 2282 4294 eis
2308 4240 2557 4304 Basilius,
2596 4252 2654 4297 ut
2691 4258 2750 4298 se
2781 4246 2831 4297 in
2860 4246 3290 4315 paciﬁcationem
3330 4252 3401 4307 in-

1844 4334 2173 4399 terponeret,
2205 4346 2267 4387 ac
2290 4331 2523 4388 Nicaeum.
2554 4334 2671 4387 ﬁdei
2705 4334 2904 4405 aliquid
2939 4338 3006 4393 'de
3033 4338 3403 4399 lncarnatione

1843 4419 2147 4475 addendum
2185 4424 2557 4489 constitueret,
2587 4425 2689 4478 hoc
2723 4443 2862 4483 ornus
2897 4431 3169 4499 suscipere
3214 4432 3403 4489 noluit.

174 4525 359 4580 mm,
390 4516 573 4585 inqui;
603 4517 853 4584 Basilius,
884 4533 949 4571 εχ
982 4519 1045 4570 ii.
1067 4521 1158 4588 qui
1187 4530 1365 4589 poma
1400 4520 1735 4587 ίηινοεεηιηι,
1770 4535 1817 4595 υ
1842 4509 1975 4563 Cum
2008 4513 2150 4566 enim
2182 4513 2231 4567 id
2260 4530 2369 4584 prae
2412 4530 2618 4570 summa
2671 4516 2977 4574 humilitate
3017 4520 3401 4580 altius'lntclli-

174 4607 586 4662 communionem
637 4626 867 4679 unquam
912 4609 1259 4673 admisimus,
1318 4628 1420 4665 non
1461 4614 1599 4681 quod
1649 4629 1735 4665 eos

170 4701 457 4770 iudicemus
496 4700 761 4770 indignos,
802 4705 892 4756 sed
921 4701 1059 4772 quod
1096 4702 1226 4755 nihil
1270 4704 1553 4758 habeamus
1600 4704 1735 4759 unde

174 4795 298 4850 hunc
322 4793 645 4860 (Meletium)
668 4799 1086 4850 condemnemus.
1108 4793 1223 4848 Jam
1246 4810 1374 4867 ergo
1394 4809 1589 4866 praeter
1608 4799 1736 4853 Pau-

174 4889 327 4944 linum
367 4903 543 4944 novus
588 4886 783 4956 aliquis
826 4889 886 4945 S.
914 4888 1128 4946 Mcletio
1166 4902 1556 4958 supervenerat
1589 4909 1736 4949 com—

173 4980 402 5050 petitor,
446 4995 609 5050 quem
649 4993 769 5034 cum
818 4979 1050 5037 Basilius
1094 4983 1403 5052 episcopatu
1458 4984 1731 5053 indignum

173 5089 269 5128 non
297 5071 508 5140 judicet
532 5114 549 5141 ,
586 5072 724 5127 alius
758 5084 880 5125 esse
928 5088 1032 5127 non
1076 5075 1317 5140 videtur,
1353 5089 1512 5141 quam
1547 5074 1734 5130 Vitalis

173 5168 399 5225 nondum
434 5168 489 5223 in
536 5169 725 5225 haeresi
777 5166 951 5237 palam
986 5169 1325 5224 obﬁrniatus.
1363 5167 1550 5237 Neque
1589 5169 1731 5223 enim

173 5272 255 5315 aut
281 5262 347 5318 de
374 5261 581 5315 Euzoio
615 5260 693 5314 sic
746 5260 956 5314 locutus
998 5260 1187 5315 fuisset
1232 5260 1495 5325 Basilius,
1536 5270 1630 5315 aut
1670 5261 1735 5317 de

174 5351 279 5422 ipso
306 5352 467 5406 Vitali
500 5362 621 5423 post
644 5351 987 5407 manifestum
1016 5353 1236 5408 bteresis
1262 5353 1585 5408 incendium.
1615 5352 1731 5409 Non

175 5444 400 5501 latebant
433 5444 797 5516 Epiphanium
836 5463 951 5515 quia
986 5464 1018 5499 α
1050 5446 1313 5502 nonnullis
1354 5446 1489 5500 male
1527 5448 1737 5515 excogi-

178 5547 296 5603 tato,
326 5553 520 5609 nempe
559 5540 626 5595 ab
651 5539 1000 5609 Apollinario,
1035 5542 1226 5610 fratres
1256 5540 1687 5596 conturbauerunt
1712 5556 1729 5594 :

243 5722 316 5784 (α)
358 5719 563 5774 Heres.
596 5717 685 5778 77,
713 5731 763 5769 c.
788 5714 876 5771 20.

243 5789 313 5861 (ὁ)
352 5789 452 5861 Ep.
478 5786 607 5855 2M,
644 5804 699 5843 η.
724 5786 778 5843 3.

444 5883 716 5946 Ριτιιοι..
754 5884 870 5945 Gn.
911 5878 1146 5943 XXIX.

1841 4606 2021 4672 gentia
2053 4620 2147 4660 sua
2176 4608 2422 4672 ducebat,
2458 4618 2568 4660 tum
2612 4608 2774 4663 etiam
2809 4610 3115 4679 verebatur,
3148 4630 3215 4670 ne
3252 4617 3402 4671 novis

1834 4697 2031 4768 jurgiis
2088 4701 2311 4755 materia
2354 4703 2607 4767 daretur,
2658 4720 2720 4759 ac
2774 4706 3162 4775 simpliciorum
3214 4709 3402 4766 anima

1844 4794 1997 4848 novis
2047 4794 2208 4848 rebus
2264 4795 2586 4851 introductis
2634 4797 2981 4854 laederentur.
3032 4800 3403 4858 Caeterum.“

1840 4899 2027 4955 pacem
2051 4901 2143 4941 eos
2168 4886 2509 4943 hortabatur.
2536 4890 2639 4945 Sed
2658 4905 2779 4945 cum
2803 4892 2949 4944 illius
2972 4890 3219 4961 epistola,
3244 4910 3401 4965 quam

1841 4977 2145 5043 amisimus,
2178 4995 2282 5033 non
2308 4982 2528 5035 multum
2555 4983 2937 5050 promovisset,
2967 4982 3162 5038 iterum
3190 4986 3255 5039 ad
3281 5001 3400 5040 eum

1840 5071 2175 5141 scripserunt
2202 5072 2544 5129 Innocentius
2588 5086 2643 5130 et
2671 5075 2939 5130 Palladius
2979 5075 3171 5130 iisdem
3204 5076 3269 5131 de
3313 5091 3394 5131 re.

1840 5166 1960 5231 bus,
1998 5183 2102 5221 non
2135 5168 2253 5222 sine
2281 5168 2460 5238 aliqua
2498 5168 2846 5223 excusatione
2872 5170 3013 5239 quod
3044 5174 3109 5225 ad
3143 5185 3267 5224 eum
3296 5185 3399 5225 nan

1840 5259 2109 5314 venirent.
2140 5259 2392 5315 Libenter
2429 5262 2506 5315 eis
2548 5262 2772 5315 remittit
2796 5260 3024 5317 Basilius
3052 5262 3210 5331 hujus
3240 5262 3379 5317 itiner

1840 5350 1916 5404 ris
1948 5350 2209 5417 laborem,
2244 5361 2303 5405 ut
2333 5352 2637 5407 hominibus
2666 5352 2849 5408 labore
2884 5369 3137 5408 manuum
3173 5355 3395 5409 viventi.

1839 5446 1938 5501 bus
1966 5446 2483 5517 perincommodum,
2506 5446 2773 5517 simulque
2797 5447 3033 5503 dolorem
3057 5462 3211 5502 suum
3242 5446 3378 5517 signi

1841 5538 1988 5605 ficat,
2032 5540 2177 5610 quod
2234 5540 2286 5594 in
2328 5537 2662 5596 concilianda
2696 5554 2826 5609 pace
2860 5553 3047 5610 parum
3089 5534 3379 5611 profecerit

1914 5716 1985 5787 (c)
2026 5716 2122 5787 Ep.
2154 5715 2282 5783 258,
2322 5734 2373 5772 tt.
2399 5720 2453 5773 2.
