4074 6312
655 363 723 404 ει
2028 346 2253 403 PROLE

2360 346 2567 401 MENA.

664 464 731 515 Et
767 479 906 530 pacis
945 461 1176 527 quidem,
1226 461 1420 530 inquit,
1472 478 1673 530 semper
1710 463 1885 531 optaui
1926 462 2236 516 conciliator
2267 466 2310 522 Α
2340 463 2493 517 silius
2514 462 2732 532 quinam
2767 462 2819 517 in
2850 461 3111 527 Ecclesia,
3148 464 3198 516 in
3239 477 3343 533 qua
3374 464 3599 535 degebat
3637 467 3914 533 Urbicius,

664 576 795 621 esse,
830 559 918 613 sed
950 556 1255 625 re.infecta,
1290 572 1513 617 maereo;
1547 556 1804 623 quomodo
1830 556 1963 609 enim
1992 570 2093 608 non
2124 570 2241 606 nue-

666 668 830 705 rerem
856 654 882 703 γ
923 650 1074 715 Quali
1104 660 1281 702 autem
1314 665 1379 701 ex
1410 663 1605 717 genere
1640 647 1712 700 sit
1745 647 2009 701 dissensio
2046 648 2098 699 in
2128 664 2242 701 mo-

665 744 912 800 nasterio
944 742 1033 796 illo
1055 752 1244 797 exorta
1271 742 1577 811 perspicere
1608 754 1898 810 possumus
1921 756 1984 793 ex
2010 740 2096 794 Itis
2126 755 2244 808 quae

668 842 965 903 sequuntur
998 852 1011 887 :
1051 832 1156 889 Sed
1197 844 1366 885 tamen
1398 850 1459 885 ea
1509 849 1671 886 causa
1713 848 2017 885 succensere
2050 834 2243 885 nemini

669 943 917 995 possunt;
956 944 1071 978 cum
1101 928 1259 978 sciant
1298 926 1442 992 pacis
1474 925 1661 979 bonum
1695 925 1814 995 jam
1853 924 1979 978 olim
2025 943 2057 977 a
2099 926 2244 979 nobis

670 1034 781 1071 esse
817 1018 1105 1071 sublatum.
1155 1016 1266 1069 Non
1295 1017 1372 1070 sic
1421 1015 1633 1070 loculus
1677 1015 1869 1071 luisset
1900 1016 2132 1069 Basilius
2154 1056 2168 1079 ,
2201 1016 2243 1071 si

673 1110 937 1180 ejusmodi
965 1110 1210 1164 homines
1232 1123 1416 1163 errore
1436 1109 1753 1176 Apollinarii
1786 1108 1969 1164 infecti
1997 1108 2243 1164 fuissmt.

674 1202 790 1257 Non
824 1202 966 1256 enim
1020 1210 1268 1269 negasset
1307 1215 1365 1253 se
1418 1200 1521 1253 illis
1555 1216 1881 1256 succensere
1918 1216 2113 1269 posse:
2153 1201 2246 1255 sed

676 1294 826 1349 illius
856 1292 1133 1347 lenitatem
1165 1292 1287 1344 inde
1315 1300 1488 1343 ortam
1519 1300 1667 1359 puto,
1699 1295 1839 1357 quod
1860 1291 2246 1358 Apollinarium

672 1387 897 1455 ejusque
932 1382 1187 1436 nonnulla
1228 1381 1368 1435 dicta
1413 1381 1491 1434 sic
1531 1381 1910 1447 defenderent,
1949 1394 2005 1435 ιιι
2035 1390 2251 1435 senten-

680 1479 767 1532 tiae
797 1477 1115 1547 pravitatem
1149 1475 1369 1528 minime
1396 1485 1776 1543 sequerentur.
1824 1474 1966 1528 Idem
1998 1475 2113 1529 fere
2147 1474 2249 1529 sibi

675 1568 920 1625 evenisse
968 1576 1194 1622 testatur
1224 1566 1559 1634 Epiphanius
1591 1562 1689 1634 (α),
1723 1573 2012 1632 antequam
2042 1562 2249 1632 Apolli-

674 1660 817 1718 narii
870 1660 1120 1715 hmresim
1168 1669 1439 1727 cognitam
1497 1665 1550 1710 et
1604 1666 1938 1725 perspectam
2004 1656 2245 1710 haberet.

675 1756 908 1812 Credere
955 1753 1185 1809 malebat
1235 1753 1378 1807 illius
1429 1752 1571 1806 dicta
1637 1751 1814 1804 minus
1862 1759 2117 1805 accurate
2165 1765 2248 1803 re-

680 1846 851 1911 l‘erri,
911 1861 1067 1913 quam
1129 1843 1391 1899 absurdos
1448 1854 1664 1895 errores
1719 1848 1867 1895 tanto
1918 1839 2035 1895 viro
2088 1838 2245 1894 attri—
2280 1825 2321 1879 Β

677 1936 865 1991 buere.

754 2030 863 2085 VII.
901 2030 1055 2083 Circa
1088 2029 1190 2083 hoc
1227 2038 1435 2097 tempus
1464 2029 1712 2099 Optimus
1740 2028 2040 2083 Antiochiae
2070 2027 2122 2082 in
2156 2027 2247 2082 Pi—

680 2124 819 2178 sidia
851 2124 1156 2191 cpisctipus,
1188 2120 1439 2175 Basilium
1465 2120 1736 2174 consuluit
1756 2120 1824 2174 de
1847 2119 1932 2174 his
1956 2118 2251 2187 Scriptura:

683 2219 861 2273 verbis
889 2236 901 2271 :
939 2215 1121 2271 Omnis
1143 2218 1231 2285 qui
1258 2216 1503 2268 occiderit
1536 2213 1713 2279 Cain.,
1743 2225 1844 2268 etc.
1886 2212 1992 2283 (b);
2022 2212 2149 2267 item
2186 2213 2251 2266 de

672 2309 937 2364 .Lamechi
974 2310 1040 2360 ad
1071 2322 1266 2361 uxores
1297 2316 1350 2361 et
1378 2307 1659 2378 Symeonis
1690 2308 1755 2361 ad
1790 2306 2013 2361 Mariam
2048 2306 2249 2363 verbis.

684 2402 1005 2457 Numeratnt
1038 2399 1285 2470 Optimus
1312 2414 1341 2452 a
1369 2399 1711 2453 Theodoreto
1740 2398 1812 2470 (c)
1840 2400 1980 2454 inter
2004 2410 2254 2453 strenuos

682 2494 806 2549 ﬁdei
861 2494 1191 2557 defensores,
1246 2493 1402 2560 eique
1456 2508 1483 2544 a
1541 2492 1743 2561 synodo
1795 2492 2131 2545 meumenica
2172 2506 2256 2546 se-

687 2565 863 2641 cunda
909 2586 1048 2639 idem
1096 2584 1266 2637 honos
1309 2583 1517 2636 delatus
1561 2593 1641 2636 est
1688 2598 1751 2637 ac
1798 2581 2041 2635 Helladio
2081 2584 2257 2638 Cinea-

689 2676 879 2743 riensi,
911 2675 1173 2745 Gregorio
1214 2672 1459 2745 Nysseno
1485 2686 1536 2727 et
1575 2674 1695 2729 aliis
1735 2675 2024 2730 nonnullis.
2064 2675 2256 2729 Eluce-

687 2771 777 2823 bat
816 2767 893 2837 (η.
929 2770 979 2835 I)
1021 2768 1072 2822 in
1106 2766 1251 2820 illius
1286 2765 1351 2819 ad
1385 2765 1636 2820 Basiliunt
1674 2765 1871 2819 litteris
1900 2776 1953 2819 et
1979 2767 2045 2819 de
2074 2766 2259 2821 Eccle-

686 2860 785 2917 siis
815 2859 1118 2914 sollicitudo
1135 2867 1186 2910 et
1210 2856 1503 2924 Scriptum.
1534 2857 1771 2924 legenda:
1797 2858 2052 2911 studium.
2078 2858 2257 2925 Quare

688 2954 915 3009 Basilius
948 2966 1140 3021 pueros
1169 2952 1235 3004 ab
1265 2964 1328 3003 eo
1357 2951 1570 3011 missos,
1600 2963 1736 3017 quos
1766 2949 1895 3004 alias
1926 2951 2155 3004 libenter
2180 2953 2259 3003 vi-

691 3046 849 3101 debat
875 3054 1093 3114 propter
1113 3041 1357 3111 egregios
1380 3040 1486 3093 illot
1503 3056 1588 3091 um
1624 3054 1821 3099 mores.
1844 3054 1904 3090 ac
1928 3054 2112 3091 eorum
2141 3054 2259 3091 cum

2342 554 2459 609 sani
2489 554 2621 615 sint,
2649 562 2706 607 ut
2739 554 2933 622 quibus
2964 555 3307 608 scribendum
3330 555 3403 610 sit
3435 568 3487 611 et
3510 559 3562 611 in
3588 560 3786 627 quibus
3819 577 3909 613 ac-

2343 645 2725 711 quiescendum
2756 655 3067 716 cognoscat.
3102 646 3233 699 Cum
3271 659 3449 701 autem
3476 652 3739 707 audiisset
3778 668 3913 706 non-

2346 736 2516 789 nullos
2544 752 2607 789 ex
2655 738 2718 791 iis
2750 740 2839 805 qui
2883 754 3003 792 cum
3042 737 3261 794 Urbieio
3301 751 3477 805 erant,
3521 742 3685 797 Deum
3735 746 3913 813 ipsum

2348 828 2397 880 in
2440 844 2664 882 carnem
2698 843 3012 883 conversum
3052 832 3249 895 dicere,
3295 832 3528 887 breviter
3557 850 3800 891 errorem
3838 854 3917 894 re-

2349 917 2506 981 fellit,
2549 917 2931 985 Urbiciumqne
2970 919 3213 973 hortatur
3236 929 3293 973 ut
3322 921 3434 975 haec
3464 922 3707 990 impietas
3741 928 3919 981 eccle-

2350 1008 2565 1063 siastica
2590 1011 2965 1064 emendatione
2999 1028 3100 1065 non
3131 1022 3335 1068 careat.
3367 1014 3441 1068 Ex
3482 1030 3586 1083 quo
3610 1017 3792 1083 colligi
3828 1036 3919 1087 po-

2351 1111 2453 1155 test
2484 1103 2624 1155 hune
2659 1101 2932 1157 Urbicium
2960 1105 3041 1157 vel
3081 1108 3389 1161 monasterii
3438 1110 3811 1177 praepositum,
3846 1112 3921 1166 vel

2348 1196 2525 1265 aliquo
2552 1196 2929 1250 ecclesiastica:
2968 1196 3239 1265 dignitatis
3270 1202 3434 1271 gradu
3477 1204 3758 1270 pratditum
3788 1202 3919 1257 fuis-

2349 1304 2426 1343 se.
2458 1287 2625 1341 Nemo
2654 1299 2738 1341 est
2768 1289 2857 1356 qui
2895 1305 2998 1343 non
3025 1290 3206 1345 videat
3229 1293 3278 1345 in
3308 1295 3407 1346 hac
3435 1304 3489 1347 et
3516 1295 3782 1362 superiori
3810 1296 3921 1364 epi-

2348 1380 2482 1434 stola
2531 1379 2848 1448 Apollinarii
2899 1393 3206 1436 commenta
3259 1384 3500 1438 damnari
3549 1402 3692 1439 :uec
3723 1386 3921 1440 mirum

2350 1472 2514 1525 videri
2549 1472 2706 1525 debet
2752 1472 2796 1525 si
2846 1488 2948 1527 non
2992 1490 3130 1529 unus
3166 1484 3220 1528 et
3253 1474 3390 1529 idem
3426 1493 3582 1532 error
3609 1480 3662 1532 in
3688 1490 3925 1549 utraque

2351 1565 2572 1633 epistola
2606 1566 2903 1621 refellatur.
2960 1566 3157 1623 Narrat
3205 1570 3347 1623 enim
3395 1570 3724 1640 Epiphanius
3756 1574 3837 1643 (Ι)
3869 1591 3925 1629 se

2353 1656 2493 1709 inter
2530 1657 2845 1727 Apollinarii
2891 1671 3189 1716 sectatores
3236 1677 3486 1730 magnam
3526 1668 3926 1720 sententiarum

2353 1750 2673 1805 varietatem
2706 1754 3062 1820 perspexisse.

2885 1865 3109 1921 CAPUT
3134 1865 3390 1923 XXXVII.

2351 1951 2390 2007 I.
2420 1954 2713 2009 Dorotheus
2752 1968 2797 2009 et
2830 1956 3212 2013 Sanctissimus
3241 1960 3455 2015 Romam
3483 1962 3670 2015 iterum
3705 1965 3926 2020 mittun-

2421 2034 2530 2078 tur.
2570 2026 2631 2101 II.
2659 2027 2779 2079 Non
2804 2031 3046 2101 ridentur
3066 2034 3348 2101 coniecisse
3374 2036 3511 2101 quod
3536 2035 3797 2101 praecipue
3825 2038 3931 2091 illis

2422 2097 2745 2173 propositum
2789 2107 2925 2173 erat.
2962 2097 3289 2173 III.ALaadat
3327 2097 3560 2157 Basilius
3603 2097 3929 2173 confessores

2425 2164 2705 2234 [Egyptios
2726 2170 2862 2232 quod
2896 2170 3272 2236 Apollinarium
3301 2174 3680 2227 damnaverint.
3706 2164 3800 2230 IV.
3836 2176 3930 2229 Re-

2427 2237 2701 2303 preltendt't
2728 2238 2863 2297 quod
2897 2237 3263 2293 Marce/lituras
3302 2244 3369 2293 ml
3395 2248 3813 2300 communionem
3847 2264 3929 2299 re-

2422 2307 2671 2377 ceperint.
2722 2307 2780 2358 γ.
2816 2306 3128 2373 Iiepreltensi
3173 2314 3328 2363 etiam
3367 2316 3513 2377 [uere
3552 2333 3584 2367 a
3622 2315 3785 2371 Petro
3809 2317 3930 2371 Ale-

2428 2376 2693 2453 {andrino
2738 2377 2805 2429 ad
2854 2393 3005 2453 quem
3054 2380 3230 2453 scribit
3282 2380 3513 2438 Basilius
3564 2403 3643 2453 ep.
3671 2388 3801 2442 266.
3843 2387 3929 2441 \‘I.

2428 2446 2780 2499 Examinatur
2806 2464 2875 2499 an
2903 2446 3026 2513 jure
3048 2446 3275 2502 Basilius
3304 2452 3488 2504 dixerit
3525 2446 3837 2513 Marcellum
3871 2476 3932 2512 ea:

2433 2505 2919 2591 Ecclesiaexiisse:
2937 2517 3068 2591 Quo
3082 2526 3310 2591 tempore
3330 2521 3455 2591 ﬁdei
3479 2505 3738 2591 curifin};
3749 2505 3933 2582 71711;.

2431 2590 2584 2663 nasia
2609 2588 2785 2663 oblata
2809 2605 2839 2639 a
2868 2587 3251 2663 Mttrrtelliattis.
3280 2590 3395 2663 γνιι.
3434 2587 3584 2644 Petri
3617 2600 3847 2663 querelis
3872 2604 3934 2654 de

2430 2657 2694 2710 Dorotlieo
2717 2660 2987 2726 respondet
3013 2658 3248 2712 Basilius
3274 2662 3328 2713 in
3353 2662 3534 2715 eadem
3558 2657 3802 2733 epistola.

2429 2772 2466 2824 I.
2521 2768 2816 2826 Dorotheus
2871 2781 2921 2825 et
2988 2771 3372 2828 Sanctissimus
3425 2775 3748 2846 presbyteri,
3802 2797 3936 2850 quos

2359 2877 2498 2915 anno
2525 2861 2627 2917 576
2651 2864 2700 2915 in
2724 2862 3068 2917 Occidentem
3096 2866 3288 2920 missos
3315 2867 3481 2922 fuisse
3504 2879 3557 2922 et
3580 2870 3767 2923 eodem
3794 2888 3937 2926 anno

2362 2955 2585 3008 rediisse
2617 2956 2873 3017 diximus,
2905 2970 3008 3009 non
3032 2958 3120 3010 diu
3148 2973 3214 3011 ex
3248 2958 3507 3015 molestiis
3536 2962 3747 3018 itineris
3778 2965 3935 3034 quie-

2363 3056 2576 3110 verunt,
2606 3048 2700 3100 sed
2731 3049 2913 3099 statim
2949 3064 3113 3102 novus
3174 3050 3277 3103 illis
3315 3053 3685 3121 suscipiendus
3719 3055 3825 3110 fuit
3861 3059 3938 3111 la-

692 3137 907 3208 Optimo
952 3133 1439 3197 necessitudinem,
1494 3140 1626 3185 tunc
1682 3146 1745 3185 eo
1803 3130 2056 3186 libentius
2107 3131 2256 3195 vidit,
2290 3169 2334 3228 ρ
2368 3140 2486 3200 hor,
2527 3151 2583 3192 ut
2611 3139 2876 3206 episcopis
2909 3140 3144 3192 Orientis
3189 3144 3497 3199 nuntiarent
3528 3161 3647 3214 qua:
3687 3150 3739 3202 in
3782 3149 3934 3206 Occi-

693 3230 836 3299 quod
873 3228 1015 3282 illius
1048 3224 1333 3294 epistolam
1373 3223 1637 3279 lerehant.

768 3317 1037 3387 Scriptam
1066 3316 1209 3369 hanc
1257 3314 1536 3382 epistolam
1563 3318 1684 3382 post
1711 3313 1959 3368 haeresim
1991 3313 2264 3383 Apollina-

697 3412 762 3465 rii
797 3411 1049 3482 probant,
1095 3421 1215 3477 qua:
1243 3404 1310 3459 de
1360 3404 1657 3459 hteresibus
1700 3405 2132 3459 lncarnatiouem
2167 3422 2264 3475 op-

696 3518 938 3574 pugnare
962 3516 1068 3555 non
1100 3497 1440 3554 cessantibus
1475 3496 1743 3563 leguntur.
1782 3512 1931 3552 num.
1962 3496 2015 3552 8.
2048 3497 2158 3551 IIuc
2182 3514 2265 3552 ac-

696 3596 839 3649 cedit
866 3592 1007 3661 quod
1045 3605 1226 3645 senem
1264 3603 1320 3642 sc
1343 3602 1463 3642 esse
1498 3590 1627 3642 dicit
1660 3589 1911 3651 Basilius,
1939 3599 1992 3642 et
2026 3600 2264 3657 tempore

699 3704 766 3743 ac
799 3683 1165 3741 imbecillitate
1188 3681 1427 3750 corporis
1457 3690 1509 3734 et
1541 3680 1881 3733 multitudine
1900 3678 2263 3742 alllictionutn,

702 3795 822 3851 qtue
857 3778 1098 3850 plurima:
1130 3776 1180 3829 in
1214 3790 1334 3828 eum
1364 3774 1649 3828 concitata:
1680 3773 1841 3825 vitam
1873 3770 2013 3824 illius
2037 3785 2266 3840 praegra-

701 3877 983 3930 vaverant,
1014 3868 1361 3919 etnarcuisse.

772 3958 906 4015 VIII.
932 3959 1064 4014 Cum
1101 3957 1409 4026 Apollinarii
1451 3958 1671 4011 hmrcsis
1720 3958 1774 4011 in
1812 3958 1995 4012 urbem
2026 3954 2263 4024 Sozopo-

702 4056 925 4109 litanam
959 4061 1292 4123 penetrasset
1324 4064 1385 4105 ac
1413 4048 2000 4115 nonnullosinlecisset,
2034 4049 2265 4117 scripse-

702 4157 829 4202 runt
862 4160 925 4200 ea
950 4146 1014 4200 de
1046 4162 1104 4199 re
1132 4142 1494 4212 Sozopolitani
1526 4142 1591 4194 ad
1617 4138 1673 4195 S.
1699 4139 1979 4205 Basilium,
2011 4143 2099 4208 qui
2140 4140 2261 4194 bre-

701 4240 839 4291 viter
876 4236 1111 4305 quidem,
1158 4236 1249 4289 sed
1300 4233 1513 4289 eximiis
1572 4232 1866 4287 rationibus
1916 4233 2262 4297 demonstrat,

701 4343 861 4401 quam
905 4327 1194 4383 absurdum
1231 4326 1299 4381 sit
1325 4324 1594 4381 cmlestetr.
1634 4322 1849 4379 Christo
1868 4338 2086 4377 carnem
2116 4321 2265 4377 alliu-

698 4437 843 4492 gere,
873 4429 929 4475 et
956 4421 1223 4475 humanos
1248 4416 1470 4473 allectus
1494 4419 1546 4471 in
1570 4418 1740 4487 ipsam
1768 4418 2104 4471 divinitatem
2132 4432 2262 4470 con-

2365 3232 2523 3286 dente
2564 3232 2811 3285 viderant
2849 3233 2943 3300 (g),
2981 3233 3161 3302 eisque
3194 3238 3575 3301 persuaderent
3610 3255 3811 3310 magno
3835 3252 3939 3297 stu-

2362 3322 2452 3376 dio
2485 3322 2772 3392 praesentia
2823 3324 3033 3390 negotia
3064 3324 3323 3392 indigere.
3356 3324 3488 3379 Nam
3521 3330 3618 3382 etsi
3661 3334 3938 3399 prolixam

2364 3416 2709 3471 succurrendi
2756 3414 3076 3470 voluntatem
3128 3417 3563 3485 sigttillcaverant
3620 3421 3941 3481 Occidenta-

2364 3509 2462 3575 les,
2488 3511 2673 3564 eadem
2716 3511 3007 3565 manebant
3029 3509 3265 3566 Orientis
3293 3511 3510 3566 vulnera
3537 3513 3637 3581 (lit,
3665 3531 3768 3571 nec
3793 3522 3944 3587 quis-

2364 3616 2526 3668 quam
2563 3600 2760 3655 missus
2787 3618 2849 3655 ex
2879 3600 3171 3656 Occidente
3198 3602 3286 3670 qui
3320 3617 3383 3657 ea
3420 3616 3635 3659 sanaret
3670 3625 3683 3659 :
3719 3624 3824 3664 nec
3853 3610 3941 3663 lit-

2370 3702 2516 3756 terat,
2549 3707 2680 3758 quas
2710 3690 3081 3747 Occidentales
3109 3695 3303 3749 misere
3325 3711 3418 3765 per
3441 3695 3859 3755 Sanctissimum
3892 3716 3944 3757 et

2366 3779 2719 3845 Dorotheunt,
2770 3798 3018 3851 magnmn
3057 3786 3347 3839 remedium
3400 3790 3711 3847 attulerant.
3758 3795 3943 3859 Quare

2366 3870 2428 3943 (i)
2462 3888 2595 3926 nova
2635 3888 2768 3942 Opus
2801 3882 2920 3927 erat
2950 3874 3238 3944 legatione,
3280 3892 3341 3931 ac
3381 3881 3530 3933 novis
3557 3883 3941 3954 episcoporum

2365 3966 2875 4034 subscriptionibus,
2911 3983 3137 4038 quarunt
3189 3967 3611 4039 colligendarntn
3661 3991 3831 4033 causa
3861 3982 3942 4034 vi-

2365 4060 2519 4113 detur
2570 4058 2957 4114 Sanctissimus
3014 4058 3289 4114 Orientem
3344 4076 3683 4133 peragrasse.
3736 4068 3941 4126 lterum

2365 4165 2494 4221 ergo
2524 4151 2794 4217 prolectus
2844 4162 2926 4204 est
2971 4154 3021 4204 in
3061 4149 3409 4207 Occidentem
3457 4170 3578 4211 cum
3639 4160 3940 4229 Dorotbeo,

2366 4242 2644 4310 epistolam
2672 4242 3025 4297 Orientalium
3067 4239 3337 4312 deferens,
3370 4246 3422 4299 in
3470 4262 3575 4316 qua
3633 4262 3834 4320 rogant
3887 4265 3943 4307 ut

2369 4334 2579 4388 tandem
2613 4335 2901 4401 aliquando
2944 4333 3319 4407 mittantur(j)
3367 4340 3458 4406 qui
3479 4337 3757 4395 Orientem
3799 4344 3940 4400 invi-

2368 4437 2515 4491 sant;
2545 4428 2647 4492 vel,
2686 4427 2728 4479 si
2786 4425 2838 4477 id
2882 4424 2995 4480 ﬁeri
3029 4442 3133 4481 non
3179 4438 3373 4498 potest,
3398 4428 3586 4483 saltem
3615 4433 3842 4492 veniant
3876 4441 3943 4493 ab

696 4514 859 4567 ferre.
885 4512 1036 4567 Hanc
1063 4510 1343 4581 epistolam
1373 4514 1501 4567 citat
1528 4510 1787 4566 Leontius
1814 4510 1912 4581 (ά),
1944 4522 1998 4566 et
2024 4511 2261 4580 pluribus
2294 4516 2338 4571 D
2368 4516 2659 4575 Occidente
2682 4517 2896 4584 litterae,
2929 4535 3046 4589 quae
3073 4534 3325 4577 auctores
3366 4523 3625 4581 tumultus
3645 4538 3699 4582 et
3723 4541 3941 4597 pertur-

695 4604 831 4660 locis
870 4602 1123 4673 Eulogius
1158 4607 1251 4671 (ε).

766 4694 1017 4755 Urbicius
1044 4695 1356 4759 monachus,
1388 4692 1525 4746 idem
1556 4693 1739 4763 procul
1769 4694 1951 4758 dnhio,
1984 4710 2143 4765 quem
2166 4693 2264 4748 Ba-

698 4793 851 4849 silius
875 4805 1017 4845 anno
1049 4788 1153 4843 373
1186 4788 1432 4843 exsilium
1472 4799 1792 4856 exspectans
1824 4789 1889 4842 ad
1922 4804 1980 4843 se
2015 4804 2263 4843 accerse-

698 4886 813 4953 bat,
844 4883 1061 4954 scripsit
1089 4883 1154 4937 ad
1178 4881 1433 4935 Basilium
1468 4894 1572 4934 non
1598 4880 1714 4936 sine
1744 4882 1922 4951 aliqua
1959 4880 2263 4947 timiditate,

697 4987 759 5031 ut
789 4979 853 5033 ad
882 4976 1053 5031 virum
1086 4974 1224 5029 fama
1255 4983 1309 5028 et
1336 4974 1593 5043 dignitate
1620 4985 1982 5042 praestantem.
2010 4974 2115 5030 Sed
2143 4988 2264 5028 cum

697 5071 946 5126 hortatur
980 5069 1229 5135 Basilius,
1294 5077 1352 5122 ut
1409 5067 1545 5123 hanc
1601 5067 2039 5131 timiditatem.ex
2084 5070 2266 5125 animo

695 5162 899 5233 eiiciat,
929 5176 998 5216 ac
1023 5176 1164 5232 smpe
1187 5160 1252 5214 ad
1285 5175 1344 5214 se
1379 5160 1615 5225 scribat;
1654 5174 1827 5229 neque
1866 5162 2011 5215 enim
2055 5160 2263 5215 nesciri-

698 5270 757 5308 se
783 5253 1060 5309 hominum
1092 5250 1453 5322 praestantiam
1484 5266 1546 5305 ex
1583 5252 1788 5307 timoris
1816 5253 1907 5306 Dei
1942 5253 2108 5325 gradu
2143 5266 2264 5321 pro-

700 5345 888 5410 licisci,
917 5359 1017 5400 nec
1044 5345 1337 5415 quidquam
1373 5345 1649 5412 impedire,
1680 5346 1966 5413 quominus
2009 5360 2068 5399 se
2096 5345 2264 5414 major

701 5437 772 5492 sit
796 5436 1071 5503 Urbicius,
1104 5437 1149 5489 si
1180 5436 1344 5490 Deum
1370 5436 1537 5505 magis
1566 5437 1769 5491 timeat.
1799 5436 1952 5493 Scire
1984 5436 2132 5505 cupit
2165 5435 2265 5492 Ba-

774 5553 854 5689 (αζ
887 5552 1090 5606 Haeres.
1126 5552 1213 5611 77,
1246 5567 1297 5617 p.
1322 5552 1447 5606 996.

777 5622 827 5686 (b
888 5622 1024 5689 ﬁcu.
1060 5635 1136 5677 Iv,
1167 5621 1253 5671 15.

777 5621 851 5686 (b)
888 5622 1024 5673 Cen.
1060 5635 1136 5677 Iv.
1167 5621 1253 5671 I5.

779 5686 851 5752 (c)
887 5686 1031 5737 "ist.
1065 5689 1245 5737 eccles.
1280 5687 1375 5740 lib.
1408 5704 1480 5746 tv,
1508 5703 1555 5737 c.
1590 5688 1681 5739 30.

808 5757 862 5819 εἰ)
898 5752 958 5803 In
982 5753 1191 5805 Nestor.
1211 5764 1256 5803 et
1286 5754 1530 5819 Eutych"
1554 5771 1603 5818 p.
1632 5755 1789 5806 1000.

808 5759 862 5819 ιι)
898 5759 958 5803 In
982 5759 1191 5805 Nestor.
1211 5764 1256 5803 et
1286 5759 1530 5819 Eutych"
1554 5771 1603 5818 p.
1632 5759 1789 5806 1000.

786 5759 859 5886 ie)
898 5821 1048 5874 Pltot.
1100 5825 1216 5875 carl.
1242 5821 1368 5885 2'25,
1401 5838 1452 5889 ι).
1486 5822 1609 5884 700,
1648 5823 1771 5886 801,
1803 5820 1925 5877 808.

2369 4612 2604 4667 bationis
2633 4620 2839 4675 notent,
2877 4626 3077 4683 eosque
3110 4621 3187 4684 (η.
3209 4612 3263 4683 5)
3293 4613 3360 4669 ab
3403 4614 3642 4674 ecclesiis
3672 4626 3942 4676 arcendos

2372 4704 2685 4766 decernant,
2704 4701 2750 4756 si
2774 4703 2826 4759 in
2850 4706 3029 4774 pravis
3051 4705 3380 4760 novitatibus
3404 4722 3775 4777 perseverent.
3798 4714 3942 4768 Inter

2370 4808 2484 4860 eos,
2528 4793 2617 4861 qui
2656 4790 2926 4849 Orientem
2971 4794 3310 4863 perturbant,
3349 4796 3453 4851 duo
3496 4800 3819 4855 nominatim
3857 4818 3941 4859 re-

2369 4898 2658 4943 censentur
2700 4886 3012 4942 Eustathius
3058 4896 3113 4941 et
3166 4886 3549 4956 Apollinarius.
3604 4889 3942 4949 Refer-untur

2366 4984 2534 5036 varia:
2578 4979 2844 5035 Eustathii
2881 4981 3205 5035 mutationes
3243 4984 3473 5051 partium
3518 5003 3531 5037 :
3563 5000 3684 5039 cum
3724 4988 3819 5052 iis,
3852 5006 3939 5059 qut

2367 5073 2831 5130 consubstantiale
2892 5074 3351 5131 anathematizant
3416 5077 3733 5145 coniunctus
3798 5096 3941 5147 esse,

2366 5180 2531 5236 seque
2560 5165 3168 5220 Pneumatomachornm
3223 5167 3444 5223 haeresis
3470 5170 3655 5224 ducent
3694 5176 3940 5241 praebere

2370 5256 2585 5312 dicitur.
2621 5256 2774 5309 Scire
2814 5266 2976 5311 avent
3014 5253 3319 5313 Orientales
3364 5260 3559 5329 quibus
3598 5262 3728 5316 olim
3753 5264 3929 5317 condi-

2373 5349 2604 5403 tionibus
2646 5363 2674 5400 a
2713 5345 2925 5403 Liberio
2958 5358 3240 5417 susceptus
3280 5351 3385 5416 sit;
3431 5362 3593 5421 atque
3635 5354 3751 5407 lucc
3792 5356 3938 5409 addi-

2374 5449 2463 5493 tur
2490 5454 2677 5503 causa,
2724 5453 2819 5491 cur
2859 5442 2927 5494 ad
2964 5454 3085 5493 eum
3128 5443 3525 5513 reprimendum
3565 5445 3937 5502 Occidentales

2464 5553 2518 5621 ί)
2546 5552 2872 5621 Hieres._77,
2908 5567 2959 5618 p.
2991 5552 3113 5607 996.

2556 5622 2652 5686 Ep.
2683 5617 2810 5689 255.

2444 5687 2520 5756 (ll)
2555 5689 2651 5756 Ep.
2674 5687 2800 5756 eos,
2828 5704 2877 5737 η.
2914 5689 2963 5739 t.

2461 5754 2523 5822 (ἱ)
2555 5755 2649 5817 Ep.
2684 5754 2790 5805 253
2820 5764 2872 5806 et
2903 5769 3055 5822 seqq.

2462 5821 2528 5888 υ)
2566 5823 2659 5890 Ep.
2682 5822 2807 5885 363,
2833 5836 2886 5874 n.
2918 5821 2971 5875 1.
