4080 6312
1522 351 1617 397 νη
1631 351 1676 396 Α
1716 350 1774 397 δ.
1817 351 2073 404 υΑδιιιι.

3287 380 3375 426 ευ

182 449 523 504 auctoritatem
570 462 722 505 suam
788 451 1043 507 adbibere
1091 456 1344 523 debeant,
1394 460 1534 528 quod
1574 460 1712 515 unde
1740 463 1787 523 Α
1818 462 1951 519 ﬁcilc
1974 467 2137 522 fuisse
2173 467 2434 523 Dorothco
2466 488 2496 526 a
2540 488 2635 527 sua
2666 471 2886 530 lenitate
2918 492 3022 532 non
3073 477 3376 547 discedere,

182 544 358 612 act-epit
401 537 656 596 ﬁduciam
689 546 753 597 ad
790 545 1192 603 subversionem
1230 550 1539 617 multorum,
1588 553 1711 607 inde

181 644 357 700 aqnunt
402 629 474 682 sit
512 633 944 687 emendationem
990 639 1190 692 venire.
1222 639 1714 707 Apollinariierro-

181 740 251 778 res
279 734 635 788 exponuntur.
675 724 1059 796 Perstringitnr
1094 731 1257 785 etiam
1282 733 1550 787 ordinatio
1578 736 1712 788 Pan-

181 815 253 868 lini
278 814 612 879 Antiocheni,
656 816 807 885 isque
849 833 1154 889 accusatur,
1198 825 1339 891 quod
1387 824 1438 878 in
1480 824 1712 882 Marcelli

179 919 383 961 errorem
412 906 765 978 propendeat,
796 926 859 966 ac
895 912 1035 968 illius
1060 924 1353 971 sectatores
1376 918 1493 972 sine
1523 918 1713 973 discri-

180 995 298 1049 mine
322 998 381 1050 ad
414 998 845 1054 connnuniorwm
879 1004 1150 1056 admittat.

234 1085 284 1141 ll.
315 1088 425 1142 Non
470 1088 681 1143 videtur
707 1089 817 1147 hare
853 1093 1048 1161 legatio
1089 1110 1374 1167 prosperos
1410 1098 1586 1152 exitus
1616 1098 1713 1153 ha-

180 1178 348 1236 buisse.
382 1178 488 1233 Vix
526 1182 741 1249 quidem
786 1183 1003 1236 dubium
1035 1194 1136 1251 est,
1167 1190 1294 1259 quin
1326 1191 1711 1257 persecutionis

176 1269 507 1336 descriptione
532 1281 585 1326 et
621 1283 697 1326 tot
721 1271 978 1327 malorum
1006 1274 1167 1331 ﬂebili
1192 1282 1370 1347 specie
1393 1281 1556 1334 corda
1583 1283 1709 1337 teti-

178 1363 339 1431 geriut.
367 1360 532 1418 Forte
561 1366 720 1419 etiam
761 1365 827 1418 de
862 1363 1145 1423 Eustatbio
1176 1379 1231 1423 et
1258 1372 1585 1439 Apollinario
1613 1374 1711 1426 int-

178 1465 443 1521 petrarunt,
501 1467 558 1509 ut
614 1464 842 1526 uterque
878 1461 1351 1517 condemnaretur.
1403 1462 1602 1517 Saltem
1646 1466 1711 1521 de

178 1545 468 1613 Apollinario
502 1549 704 1604 scimus
721 1566 839 1604 eum
866 1552 919 1603 in
947 1554 1149 1622 synodo
1178 1554 1413 1608 Romana
1441 1555 1538 1625 (a),
1576 1572 1710 1623 prte-

178 1648 300 1692 scnte
337 1640 498 1693 Petro
526 1641 909 1706 Alexandrino,
956 1643 1267 1698 damnatum
1311 1643 1499 1699 fuisse.
1541 1645 1710 1703 Proli.

178 1742 277 1782 tam
309 1727 730 1785 Occidentalium
766 1733 1088 1789 voluntatem
1119 1737 1471 1803 perspicimus
1493 1739 1544 1794 itt
1576 1756 1707 1811 quo-

179 1819 273 1870 dam
306 1816 602 1886 fragtnento
634 1823 821 1891 synodi
884 1822 1157 1875 Romanze.
1214 1821 1491 1889 Caeterum,
1540 1827 1709 1895 inquit
1743 1828 1784 1883 Β

178 1908 399 1976 synodus,
425 1911 566 1981 quod
605 1916 672 1965 ad
709 1913 1042 1967 removendos
1084 1923 1265 1969 restria
1299 1916 1593 1969 dilectionis
1623 1920 1706 1969 in-

173 1998 331 2066 jurias,
365 2019 455 2056 nec
488 2003 655 2071 frater
690 2013 863 2056 noster
901 2002 1195 2059 Dorothens
1238 2007 1505 2084 presbyter
1535 2008 1703 2075 explio

176 2106 271 2143 tare
294 2094 457 2145 omnia
502 2093 741 2146 vivaciter
790 2098 1167 2163 prtetermittit,
1214 2111 1306 2149 nec
1344 2098 1509 2150 nostri
1538 2099 1702 2167 nisus,

178 2192 218 2231 tu
242 2181 334 2245 ipse
359 2184 503 2237 testis
524 2194 619 2252 est,
646 2186 943 2255 defuerunt.

226 2275 562 2349 Atpraecipue
598 2281 923 2349 propositum
955 2289 1073 2333 erat
1107 2279 1317 2351 legatis,
1358 2290 1416 2337 ut
1445 2280 1703 2339 Occiden-

178 2366 231 2419 tis
253 2369 459 2437 gratiam
506 2385 569 2423 ac
594 2369 830 2423 favorem
879 2380 1068 2426 sancto
1097 2371 1307 2427 Meletio
1327 2375 1701 2430 conciliarent.

173 2453 280 2510 Cum
313 2461 445 2511 enim
486 2458 618 2512 nihil
646 2458 946 2517 Antiochiae
975 2463 1203 2519 Basilius
1235 2464 1310 2535 (b)
1345 2468 1397 2519 in
1426 2468 1556 2520 orbe
1591 2478 1700 2521 ter-

174 2562 320 2599 rarum
371 2549 709 2617 praeferebat,
774 2565 942 2619 eaque
989 2552 1054 2606 ad
1079 2554 1422 2608 concordiam
1475 2558 1699 2610 adducta

174 2648 367 2693 caeteras
401 2640 677 2697 Ecclesiae
714 2640 869 2696 facile
912 2654 1158 2699 sanatum
1200 2647 1262 2700 iri
1296 2648 1536 2715 putabat,
1591 2660 1700 2705 tum

170 2745 270 2785 vero
306 2731 599 2790 Dorothens
636 2743 691 2789 et
731 2734 1118 2791 Sanctissimus
1160 2738 1299 2792 hanc
1352 2739 1688 2804 potissimum

169 2825 504 2890 proﬁciscendi
537 2842 758 2882 causam
788 2828 1089 2883 habuerunt
1142 2830 1237 2901 (c),
1267 2832 1405 2900 quod
1447 2831 1699 2887 Paulinus

170 2912 331 2971 litteris
362 2917 527 2972 Roma
560 2919 796 2986 acceptis
826 2919 1022 2972 mirum
1066 2921 1120 2974 in
1152 2922 1365 2974 modum
1395 2922 1690 2980 ell‘crrctur.

170 3003 328 3059 Statim
372 3022 433 3062 ac
477 3008 657 3062 allata:
704 3008 920 3061 fuerunt
970 3004 1310 3070 Antiochiam
1369 3012 1451 3065 bat
1510 3014 1701 3067 litterte

168 3094 326 3161 (aliaue
363 3106 541 3151 autem
579 3096 791 3152 fuerunt
821 3112 961 3152 anno
984 3097 1109 3161 575,
1143 3100 1287 3154 circa
1332 3102 1694 3169 autumnum),

168 3182 425 3242 Dorothens
482 3188 710 3243 Romam
759 3189 1013 3259 cogitavit
1060 3188 1161 3260 1'),
1210 3205 1275 3245 ac
1318 3192 1699 3249 Sanctissitnus

168 3276 223 3344 (ε)
254 3280 511 3335 Orientem
556 3295 847 3351 peragrare
873 3280 1059 3351 capit,
1091 3298 1155 3336 ac
1194 3285 1617 3355 subscriptiones
1646 3296 1701 3342 et

167 3366 337 3425 litteras
363 3373 640 3443 colligere.
664 3372 893 3435 Laztitia,
936 3387 1097 3441 quam
1127 3374 1357 3429 Basilius
1396 3392 1581 3430 eorum
1611 3393 1699 3433 re-

165 3462 252 3516 ditu
275 3467 502 3534 percepit
534 3478 679 3518 anno
711 3462 814 3519 576
842 3474 1160 3533 argumento
1202 3475 1285 3521 est
1339 3477 1467 3523 tunc
1502 3468 1699 3524 lloma-

164 3570 264 3608 num
291 3558 592 3624 pontificem
629 3573 734 3613 non
773 3560 1008 3617 alienum
1040 3578 1069 3617 a
1104 3560 1319 3617 Meletio
1348 3562 1584 3616 animum
1619 3565 1696 3617 si-

161 3646 423 3712 gniﬁcasse.
464 3650 537 3704 At
572 3651 807 3705 secunda
860 3652 1054 3723 legatio
1086 3666 1340 3723 prospere
1370 3666 1472 3705 non
1510 3654 1697 3707 cessit.

162 3733 266 3792 Nam
293 3755 405 3795 cum
438 3740 641 3799 Meletii
679 3757 896 3799 causam
919 3744 1233 3799 defenderet
1274 3744 1576 3797 Dorothens
1606 3758 1699 3797 co.

162 3840 249 3880 ram
297 3832 522 3886 Damaso
568 3843 622 3887 ct
677 3834 834 3887 Petro
884 3834 1284 3898 Alexandrino,
1344 3844 1559 3887 sanctus
1602 3834 1689 3888 ille

163 3922 317 3984 przesul
346 3937 446 3976 una
474 3938 600 3977 cum
633 3934 823 3979 sancto
856 3924 1088 3979 Eusebio
1121 3926 1261 3980 inter
1283 3924 1563 3979 haereticos
1590 3940 1694 3978 nu-

164 4020 362 4066 meratus
386 4023 488 4081 est,
535 4014 718 4084 idque,
777 4026 836 4069 ut
882 4016 1220 4086 conjicimus,
1265 4018 1333 4071 ab
1375 4018 1489 4086 ipso
1534 4016 1695 4071 Petro

160 4099 499 4161 Alexandrino.
535 4106 654 4160 Non
696 4106 815 4162 tulit
847 4108 1146 4163 Dorothens
1187 4118 1392 4163 tantum
1421 4107 1591 4167 nefas,
1632 4123 1695 4161 ac

162 4195 454 4253 stomachum
492 4213 655 4253 suum
702 4200 876 4266 erupit
912 4199 963 4252 in
1002 4201 1237 4263 Petrum,
1268 4198 1359 4268 qui
1404 4211 1523 4250 cum
1556 4198 1693 4264 apud

164 4278 378 4338 Basiliam
420 4298 760 4359 conquestus
790 4300 953 4351 esset,
997 4290 1077 4343 sic
1122 4289 1169 4343 ei
1219 4290 1501 4356 respondet
1548 4287 1694 4340 Basi-

160 4370 239 4428 lius
256 4377 299 4445 (ι’
305 4376 321 4446 )
352 4391 365 4429 :
396 4377 509 4433 Nos
532 4392 712 4434 autem
749 4382 802 4434 in
835 4381 1099 4434 tristitiam
1139 4379 1354 4449 conjecit
1393 4379 1559 4448 frater
1585 4376 1692 4431 Do-

159 4464 343 4534 "u‘ms
366 4470 527 4538 quod.
557 4481 617 4523 ιιι
645 4473 752 4538 ipse
779 4474 1054 4540 scripsisti,
1081 4488 1183 4525 non
1207 4472 1380 4523 omnia
1408 4468 1598 4522 leniter
1640 4480 1687 4522 et

158 4564 379 4608 mansuete
399 4557 602 4610 dixerit
625 4560 869 4625 dignitati
894 4572 1014 4615 tua'.
1041 4563 1204 4624 Atque
1226 4560 1279 4611 id
1298 4558 1531 4627 equidem
1557 4568 1686 4611 tem-

157 4654 301 4704 parum
329 4648 563 4699 attribuo
608 4648 924 4715 diﬂicultuti.
965 4648 1157 4702 Videor
1197 4650 1330 4702 enim
1376 4648 1502 4699 mihi
1542 4645 1687 4699 nulla

159 4729 198 4781 is
217 4748 260 4785 re
283 4737 338 4789 ob
357 4754 473 4792 mea
501 4750 721 4807 peccata
763 4756 1032 4809 prosperos
1059 4738 1247 4793 habere
1270 4754 1539 4791 successus
1572 4753 1590 4790 :
1616 4739 1688 4791 si-

158 4824 319 4888 gnitith
335 4830 563 4895 fratrum
588 4831 773 4901 optimi
797 4849 899 4884 non
924 4833 1312 4901 comperiantur
1338 4829 1498 4893 leues,
1532 4845 1689 4896 neque

159 4917 208 4965 ad
226 4923 436 4974 obeunda
457 4939 686 4976 munera
728 4925 920 4989 idonei,
942 4941 1000 4977 eo
1024 4924 1164 4993 quod
1201 4938 1265 4976 ea:
1292 4938 1403 4974 mea
1435 4923 1688 4973 sententia

162 5013 415 5065 Insomnia
454 5026 736 5085 peragunt.
786 5016 877 5070 llis
909 5016 1083 5070 verbis
1114 5016 1248 5068 satis
1289 5013 1491 5068 indicat
1532 5012 1681 5067 Basi-

163 5096 237 5153 [illi
280 5103 597 5172 legationem
636 5109 702 5161 ad
727 5118 938 5177 optatos
994 5107 1169 5160 exitus
1204 5106 1517 5175 perductam
1572 5120 1677 5159 non

162 5184 324 5247 fuisse:
356 5210 575 5250 causam
615 5207 795 5251 autem
828 5197 999 5266 rejicit
1024 5194 1238 5265 quidem
1266 5196 1316 5247 in
1354 5194 1681 5248 Dorotbeum

162 5288 204 5331 ac
228 5294 304 5335 sua
337 5285 500 5353 ipsius
538 5299 765 5355 peccata
810 5328 825 5342 .
862 5288 955 5340 sed
1000 5296 1176 5340 tamen
1214 5286 1265 5337 in
1308 5284 1391 5339 his
1432 5300 1549 5351 quze
1588 5300 1674 5338 se-

160 5379 347 5431 quuntur
366 5389 471 5429 non
499 5376 627 5431 sine
655 5376 915 5444 perpolita
945 5376 1188 5430 acumine
1221 5374 1552 5427 demonstrat
1579 5370 1678 5424 dif-

207 5545 265 5622 (ᾳ)
292 5549 493 5622 Batnas.
522 5554 693 5622 epist.
732 5553 814 5608 Η.

208 5615 265 5689 (δ)
294 5620 378 5689 Ep.
405 5622 494 5686 66,
530 5615 589 5678 η’.
616 5624 673 5679 ‘2.

208 5688 261 5754 lc)
286 5688 437 5758 Epist.
464 5693 591 5748 216.

204 5758 263 5819 (ά)
285 5757 370 5825 Ep.
394 5762 518 5816 9.15.

1814 569 1931 609 eum
1969 569 2073 612 tam
2112 559 2352 629 iniquum
2389 560 2573 619 Petrus
2620 567 2686 619 de
2711 565 2921 621 Meletio
2950 580 3004 624 et
3032 568 3265 627 Eusebio
3293 572 3377 642 ju-

1814 651 2007 705 dicium
2067 652 2249 707 ferret.
2308 652 2564 719 Quamvis
2606 671 2786 715 autem
2838 658 3213 719 Occidentales
3268 680 3373 720 non

1816 751 2016 797 tantum
2074 746 2129 800 S.
2164 744 2375 800 Meletio
2421 747 2653 804 favorem
2705 754 3067 819 exhibuerint,
3114 767 3374 825 quantum

1813 843 2049 899 optasset
2103 838 2372 904 Basilius;
2428 842 2817 900 constituerunt
2880 858 3059 899 tamen
3096 851 3377 921 episcopos

1815 926 2024 981 mittere
2053 930 2102 983 in
2133 930 2429 998 Orientem,
2470 934 2557 1002 qui
2582 948 2863 1003 sequestres
2913 954 2957 994 et
2988 941 3175 994 arbitri
3196 946 3375 1011 refun—

1813 1017 2016 1085 denda',
2041 1026 2089 1075 si
2115 1023 2230 1088 ﬁeri
2280 1037 2473 1094 posset,
2512 1026 2655 1092 pacis
2685 1028 3005 1097 exsisterent,
3038 1043 3097 1086 nt
3148 1032 3375 1103 legimus

1818 1109 1868 1162 itt
1924 1113 2151 1180 epistola
2205 1118 2417 1172 concilii
2478 1119 2833 1187 Aquileiensis
2877 1125 2943 1175 ad
3000 1127 3373 1194 itnporatoreS,

1813 1215 1932 1268 quae
1961 1216 2042 1258 est
2067 1205 2381 1263 duodecima
2416 1212 2556 1265 inter
2590 1212 2995 1268 Ambrosianas.
3043 1214 3147 1271 Sed
3176 1219 3373 1275 ibidem

1813 1293 1913 1349 hoc
1970 1298 2252 1353 consilium
2298 1303 2436 1357 bello
2482 1303 2712 1361 Gothico
2756 1307 3153 1377 interpellatum
3208 1312 3375 1367 fuisse

1811 1386 2092 1443 discimus.

1881 1481 1934 1536 In
1980 1479 2210 1549 quodam
2266 1482 2450 1539 codice
2510 1489 2875 1557 ntannseripto
2909 1500 3200 1545 annotatur
3237 1495 3374 1549 hanc

1814 1578 2097 1648 epistolam
2134 1580 2350 1635 missam
2384 1595 2488 1635 non
2529 1580 2713 1648 fuisse,
2751 1585 2890 1637 unde
2914 1586 3115 1658 colligit
3143 1588 3370 1644 Combe-

1811 1671 1960 1726 ﬁsius
1988 1671 2241 1727 Basilium
2284 1683 2523 1729 mutasse
2550 1675 2831 1728 consilium
2870 1678 3012 1745 quod
3049 1681 3368 1742 intenderat,

1810 1762 1879 1814 ob
1904 1778 1962 1816 ea
2000 1779 2117 1831 quae
2149 1766 2214 1819 de
2254 1765 2478 1821 Paulino
2518 1767 2694 1821 minus
2735 1768 3029 1824 honorifice
3059 1770 3111 1824 ln
3142 1771 3244 1827 hac
3267 1775 3373 1842 epi-

1813 1854 1946 1907 stola
1976 1856 2245 1909 dieuntur.
2286 1858 2389 1912 Sed
2422 1859 2563 1913 hunc
2591 1860 2832 1915 codicem
2864 1861 3058 1918 refellit
3084 1864 3263 1919 Basilii
3297 1877 3372 1919 te-

1807 1946 2141 2002 stimonium.
2193 1947 2343 2016 Quod
2392 1953 2533 2006 enim
2583 1954 2658 2007 ait
2686 1955 2955 2010 Meletium
2992 1967 3045 2012 et
3082 1958 3368 2015 Eusebium

1810 2050 2123 2097 numeratos
2156 2042 2321 2098 fuisse
2379 2044 2521 2101 inter
2575 2046 2875 2113 haereticos,
2934 2049 2986 2105 id
3038 2051 3222 2106 referri
3260 2069 3366 2108 non

1806 2142 1980 2201 potest
2023 2136 2086 2188 ad
2125 2136 2441 2205 legationem
2477 2140 2601 2191 anni
2645 2136 2778 2205 576;
2812 2156 2930 2209 quae
2974 2152 3172 2196 tantam
3217 2142 3369 2200 Basi-

1808 2224 1877 2279 lis
1932 2226 2167 2281 laetitiam
2204 2242 2309 2281 non
2345 2228 2633 2292 attulisset,
2670 2241 2922 2299 quantam
2964 2233 3204 2291 attulisse
3234 2237 3369 2291 vidi-

1808 2332 1947 2381 mus,
1980 2318 2024 2372 si
2064 2327 2184 2373 tuuc
2242 2316 2484 2374 Meletins
2528 2331 2579 2375 et
2612 2320 2872 2378 Eusebius
2916 2334 3023 2378 tam
3079 2326 3366 2381 inhoneste

1804 2411 2052 2480 appellati
2090 2411 2339 2467 fuissent.
2388 2414 2566 2478 Quare
2607 2430 2827 2469 necesse
2870 2426 2951 2471 est
2974 2419 3134 2472 aliam
3169 2422 3367 2475 admit-

1806 2512 1918 2556 tere
1956 2504 2297 2571 legationem,
2348 2506 2501 2571 cujus
2538 2506 2717 2559 exitns
2751 2510 3137 2575 exspectationi
3186 2513 3361 2568 minus

1806 2594 2096 2659 respondit.

1877 2681 2103 2737 Profecti
2157 2682 2320 2739 fuisse
2353 2685 2601 2741 videntur
2648 2688 2948 2745 Dorothens
2982 2700 3035 2745 et
3070 2693 3362 2749 Sanetissi~

1804 2792 1921 2829 mus
1959 2792 2122 2830 verno
2151 2787 2391 2847 tempore
2435 2780 2560 2832 anni
2594 2780 2714 2834 577.
2767 2779 2899 2835 Nam
2945 2798 3064 2837 cum
3105 2785 3363 2840 redierint

1801 2886 1865 2924 ex
1891 2870 2185 2926 Occidente
2224 2885 2365 2925 anno
2391 2871 2515 2936 576,
2552 2872 2691 2925 circa
2730 2886 3047 2927 autumnum
3084 2887 3137 2929 et
3169 2878 3221 2929 in
3253 2877 3362 2933 eol-

1801 2965 2027 3034 ligendis
2061 2964 2546 3033 subscriptionibus
2577 2965 2777 3033 aliquid
2811 2968 3067 3035 temporis
3106 2983 3360 3024 consum-

1802 3057 2043 3126 pserint,
2092 3059 2323 3110 secunda
2364 3058 2571 3112 illorum
2607 3059 2656 3112 in
2705 3058 3047 3114 Occidentem
3095 3062 3356 3130 profeCLio

1726 3162 1768 3219 α
1803 3150 1963 3203 citius
1996 3150 2243 3205 collocari
2285 3165 2389 3203 non
2435 3152 2611 3207 debet.
2664 3151 2843 3224 Neque
2870 3156 3030 3209 etiam
3066 3156 3229 3210 multo
3270 3172 3361 3213 se-

1804 3242 1949 3307 rius;
1979 3242 2105 3309 quia
2138 3242 2206 3295 ab
2244 3257 2430 3298 eorum
2466 3244 2633 3298 reditu
2663 3258 2831 3315 usque
2868 3247 2931 3298 ad
2968 3246 3096 3301 illud
3130 3258 3359 3317 tempus,

1800 3349 1905 3405 quo
1946 3336 2133 3389 Petrus
2162 3336 2558 3393 Alexandrinus
2593 3338 2765 3393 Roma
2808 3339 3054 3393 discessit
3092 3340 3359 3409 (discessit

1798 3438 1975 3482 autem
2019 3429 2162 3484 circa
2202 3445 2438 3485 mensem
2480 3431 2675 3484 Maium
2731 3432 2852 3485 anni
2885 3431 3031 3501 578),
3090 3434 3355 3490 nonnullae

1801 3537 1890 3576 res
1918 3532 2081 3591 gesta:
2114 3533 2258 3587 sunt,
2290 3538 2407 3590 quae
2447 3524 2669 3577 nimium
2702 3525 2944 3593 angustis
2988 3527 3142 3593 spatii
3168 3525 3357 3581 finibus

1798 3615 2042 3668 concludi
2094 3630 2197 3669 non
2251 3616 2467 3670 debent.
2524 3615 2704 3681 Quare
2772 3617 3043 3671 immerito
3100 3620 3357 3688 synodum

1800 3706 2118 3770 Romanam,
2159 3707 2211 3761 in
2276 3723 2379 3775 qua
2416 3708 2700 3763 damnatus
2765 3719 2953 3777 rogatu
3010 3708 3357 3765 Orientalium

1796 3798 2173 3867 Apollinarius,
2208 3801 2443 3855 nonnulli
2472 3801 2792 3857 referuntad
2821 3802 2945 3857 anni
2980 3802 3083 3857 578
3109 3803 3280 3857 initia.

1863 3889 1949 3947 Ill.
1986 3889 2099 3946 Non
2134 3894 2299 3948 multo
2334 3905 2452 3961 post
2493 3894 2800 3962 epistolam,
2839 3909 2958 3963 qua:
2993 3904 3075 3948 est
3113 3896 3179 3948 ad
3208 3893 3354 3950 Occl-

1798 3985 2057 4051 dentales,
2091 3986 2303 4054 scripsit
2327 3986 2556 4039 Basilius
2583 3984 2983 4040 confessoribus
3008 3985 3276 4058 Egyptiis
3304 3989 3354 4041 in

1805 4074 2092 4129 Palaestina
2134 4078 2501 4133 exsulantibus
2538 4077 2632 4147 (9).
2677 4075 2877 4132 Horum
2915 4079 3091 4148 plu'res
3118 4095 3353 4133 commu-

1796 4169 1956 4233 niter,
1989 4169 2237 4237 privatim
2287 4182 2413 4224 vero
2442 4169 2731 4240 Adelphius
2768 4182 2818 4225 et
2851 4171 3086 4226 Isidorus
3126 4171 3353 4239 scripse-

1794 4275 1917 4314 rant
1980 4261 2331 4331 Apollinario.
2390 4261 2496 4317 Sed
2555 4263 2601 4316 is
2659 4274 2942 4331 postquam
3004 4263 3057 4315 in
3112 4274 3352 4333 apertum

1800 4359 2039 4414 schisma
2081 4360 2275 4429 erupit,
2320 4357 2696 4413 confessorem
2726 4358 3037 4413 testimonio
3070 4370 3124 4412 et
3163 4359 3350 4428 perho-

1796 4452 2035 4505 norilicis
2081 4453 2272 4505 litteris
2321 4465 2380 4505 se
2423 4450 2663 4518 iactabat
2714 4449 2765 4503 in
2824 4450 3051 4517 quadam
3092 4451 3350 4507 adversus

1719 4511 1764 4566 Β
1793 4542 2075 4595 Paulinum
2118 4542 2503 4596 Antiochenam
2533 4540 2780 4611 epistola.
2821 4540 3170 4597 Confessores
3202 4556 3349 4596 com-

1794 4632 1959 4688 movit
1986 4631 2099 4685 baec
2125 4631 2347 4701 epistola
2375 4647 2437 4685 ac
2458 4632 2522 4685 de
2538 4630 2761 4685 Paulino
2776 4631 3105 4700 suspiciones
3130 4629 3308 4698 injecit
3335 4648 3348 4689 :

1796 4730 1887 4781 sed
1916 4726 2004 4780 ubi
2030 4726 2082 4780 in
2106 4741 2292 4780 eorum
2323 4739 2511 4778 manus
2537 4739 2731 4778 venere
2759 4723 3012 4778 nonnulla
3033 4723 3347 4791 Apollinarii

1794 4827 1861 4878 de
1902 4819 2003 4873 fide
2036 4820 2278 4886 scripta;
2331 4827 2442 4869 tum
2494 4830 2621 4870 vero
2662 4815 2862 4869 illatum
2894 4816 3152 4871 Ecclesiis
3198 4818 3345 4870 dant-

1786 4932 1910 4971 num
1954 4924 2135 4967 tacere
2162 4926 2262 4961 non
2292 4917 2597 4977 potuerunt,
2633 4923 2697 4962 ac
2729 4923 2884 4961 suum
2916 4910 2983 4961 de
3016 4907 3345 4976 Apollinaris

1778 5006 2039 5075 judicium
2072 5000 2268 5054 litteris
2310 4999 2375 5052 ad
2417 4996 2600 5053 Nitriae
2640 4997 2933 5053 monachos
2967 4998 3181 5066 scriptis
3213 5013 3344 5053 con-

1782 5099 2083 5168 signarunt.

1854 5189 2108 5251 Basilius,
2155 5186 2243 5239 ubi
2276 5182 2457 5238 didicit
2506 5200 2598 5239 eos
2645 5184 3003 5240 confessionis
3052 5182 3192 5237 laudi
3233 5201 3342 5238 ma-

1783 5282 1943 5351 gnuin
1973 5282 2193 5335 haeresis
2226 5278 2524 5331 relellendze
2548 5278 2782 5331 studium
2821 5276 3078 5345 adjicere,
3108 5290 3339 5329 Commu-

1785 5374 1998 5427 nionetn
2020 5384 2139 5423 cum
2176 5367 2254 5422 eis
2291 5367 2467 5421 fovere
2510 5381 2608 5433 per
2639 5365 2919 5434 epistolam
2958 5361 3035 5432 (lt)
3067 5362 3249 5427 voluit,
3282 5376 3339 5417 ac

1862 5542 1929 5612 (e)
1960 5541 2055 5609 Ep.
2078 5540 2205 5612 259,
2232 5558 2284 5594 n.
2314 5541 2369 5594 2.

1884 5612 1924 5680 Ῑ)
1955 5612 2049 5680 Ep.
2080 5610 2202 5665 266.

1882 5676 1932 5751 ᾖ)
1957 5679 2281 5751 Tilletnont.,
2315 5689 2441 5734 tom.
2482 5677 2589 5743 VII,
2621 5692 2741 5748 pag.
2775 5676 2896 5731 620.

1863 5749 1937 5817 Ut)
1965 5751 2060 5819 Ep.
2094 5749 2215 5805 265.
