4080 6312
704 368 805 411 cui

2072 364 2601 415 PHULEUUMI‘J‘A.

702 473 967 544 Elpidium
997 473 1280 533 diaconum
1312 476 1459 531 misit
1502 492 1623 532 cum
1669 474 1870 532 litteris
1906 476 2038 533 suis.
2069 476 2270 532 Gratu-
2299 486 2341 542 Α
2371 477 2418 531 si
2456 477 2598 533 Deus
2648 475 2880 544 dederit,
2922 478 3167 548 nobisque
3224 478 3507 547 patientem
3572 496 3752 536 aurem
3806 500 3923 550 prc-

702 568 843 622 latur
868 569 947 623 eis
979 569 1230 626 exsilium
1275 580 1327 626 et
1365 573 1635 641 egregiam
1674 573 1739 627 de
1771 571 2025 629 Ecclesiis
2066 574 2267 631 sollici-

703 660 943 716 tudinem
982 662 1031 715 in
1083 664 1370 720 refellendo
1398 665 1734 736 Apollinario
1762 667 2053 737 cognitam.
2099 667 2267 738 llujus

703 753 1206 812 hominis-facinora
1252 757 1317 809 ad
1368 758 1690 812 scindendas
1733 755 2022 823 Ecclesias,
2057 772 2269 818 errores

698 847 771 899 de
798 845 1066 902 Trinitate
1089 858 1141 901 et
1164 847 1228 901 de
1248 848 1628 903 Incarnatione
1658 848 1995 921 perstringit,
2024 860 2079 903 et
2106 866 2267 919 quam

702 936 939 994 absurda
973 941 1088 995 sint‘
1116 939 1259 993 illius
1294 940 1360 993 de
1389 941 1569 1008 templi
1607 953 1655 995 et
1698 940 1830 1011 legis
1880 942 2270 999 instauratione

702 1041 1007 1087 commenta
1034 1031 1268 1085 breviter
1297 1031 1659 1085 demonstrat.
1709 1032 1966 1088 Hortatur
1993 1032 2269 1091 confesso-

706 1137 794 1178 res
823 1132 878 1177 ut
911 1136 1031 1176 eum
1064 1124 1402 1190 dogmatibus
1437 1125 1687 1179 Ecclesia:
1720 1124 1931 1181 fortiter
1966 1140 2267 1194 pr0ponen-

704 1214 787 1268 dis
842 1214 908 1268 ad
940 1218 1228 1268 sanitatem
1289 1216 1542 1269 reducere
1593 1225 1881 1285 conentur,
1922 1218 1990 1270 ita
2037 1225 2095 1269 ut
2131 1216 2270 1273 illius

704 1305 955 1361 omnibus
979 1306 1281 1360 innotescat
1306 1306 1640 1373 pmniteutia.

773 1398 861 1457 IV.
896 1398 1010 1454 Alia
1056 1409 1174 1453 erat
1241 1400 1509 1453 scribendi
1572 1414 1733 1453 causa
1789 1399 1852 1453 ad
1909 1396 2265 1454 confessores.

704 1490 914 1545 Mortuo
942 1490 1125 1558 paucis
1153 1502 1277 1544 ante
1301 1490 1458 1545 annis
1488 1490 1756 1554 Marci-llo.
1785 1504 1911 1560 pars
1940 1491 2069 1545 cleri
2097 1500 2149 1545 et
2180 1506 2271 1559 po-

701 1584 810 1653 puli
846 1584 1144 1655 Ancyrani,
1181 1599 1303 1653 qua!
1348 1585 1399 1639 ei
1456 1600 1669 1653 semper
1729 1583 1883 1636 allisa
1921 1581 2116 1646 fuerat,
2172 1597 2270 1636 nec

702 1674 983 1744 episcopos
1041 1676 1093 1730 in
1154 1676 1271 1746 ejus
1327 1676 1502 1730 locum
1566 1675 1885 1730 substitutos
1949 1683 2267 1745 agnoverat,

700 1770 1483 1824 communionemcatholicam
1541 1767 1790 1835 amplecti
1845 1768 2048 1820 statuit.
2104 1767 2272 1821 Erant

699 1861 841 1914 enim
867 1862 936 1913 ab
966 1862 1215 1915 omnibus
1245 1859 1485 1914 Orientis
1524 1859 1781 1913 Eeclesiis
1823 1859 2071 1925 abscissi,
2107 1859 2149 1912 si
2174 1875 2268 1913 ex--
2303 1834 2342 1889 Β

700 1952 931 2020 cipiatur
955 1951 1233 2015 Paulinus,
1267 1956 1420 2025 cujus
1446 1955 1717 2009 licentiam
1757 1954 1806 2007 in
1835 1954 1915 2007 eis
1945 1956 2011 2006 ad
2039 1966 2272 2006 commu-

705 2046 919 2101 nionem
972 2047 1295 2116 recipiendis
1344 2051 1654 2117 vituperant
1707 2046 2008 2100 Orientales
2061 2044 2113 2097 in
2154 2044 2270 2112 epi-

698 2138 834 2193 swla
891 2139 1212 2207 praecedenti
1268 2141 1365 2209 (ο).
1436 2138 1628 2191 Studio
1681 2138 1841 2207 igitur
1892 2138 2272 2205 recuperandae

700 2230 1096 2285 communionis
1136 2230 1435 2294 catholicae,
1469 2239 1703 2299 quatuor
1731 2229 2029 2300 presbyteri
2071 2243 2137 2283 ex
2169 2228 2272 2281 hac

702 2334 848 2379 secta
879 2339 1001 2378 cum
1056 2333 1287 2392 quatuor
1332 2324 1449 2379 aliis
1493 2324 1705 2380 clericis
1736 2323 2126 2378 Diocesaream
2179 2334 2273 2375 ve-

701 2416 879 2481 niunt,
915 2420 1208 2473 ostendunt
1266 2417 1666 2472 conl'essoribus
1717 2414 1987 2486 Egyptiis
2040 2414 2268 2477 litteras,

699 2522 835 2579 quas
864 2508 990 2563 olim
1022 2525 1049 2562 a
1090 2519 1277 2563 sancto
1307 2507 1606 2561 Athanasio
1633 2516 1972 2577 acceperant,
2006 2503 2126 2559 ﬁdei
2162 2502 2275 2558 for-

703 2600 903 2655 mulam
931 2599 1181 2665 oll‘crunt,
1213 2601 1517 2667 erroribus,
1543 2616 1677 2669 quos
1724 2601 1771 2653 ei
1810 2599 2084 2653 hominum
2119 2597 2273 2651 attri-

701 2694 899 2748 buebat
924 2693 1129 2763 opinio,
1167 2696 1527 2755 contrariam;
1565 2694 1751 2763 sicque
1804 2710 1831 2747 a
1874 2691 2273 2747 conl'essoribus

700 2785 1060 2840 admittuntur
1100 2786 1166 2839 ad
1195 2787 1647 2840 communionem.
1673 2786 1919 2839 Pluribus
1948 2799 2010 2837 ea
2042 2799 2128 2836 res
2153 2797 2271 2851 per—

704 2875 930 2932 molesta
960 2875 1079 2940 fuit,
1110 2877 1272 2929 etiam
1308 2876 1359 2929 in
1396 2875 1674 2929 Palmstiua
1702 2876 1775 2943 (b)
1807 2894 1818 2927 :
1851 2875 1942 2928 sed
1982 2888 2139 2927 nemo
2171 2888 2269 2941 po-

704 2971 830 3025 tiori
878 2970 999 3041 jure
1044 2972 1298 3041 conqueri
1332 2979 1565 3041 poterat,
1622 2984 1782 3037 quam
1833 2966 2084 3021 Basilius.
2133 2964 2269 3020 Nam

699 3075 824 3115 cum
852 3059 1061 3114 Galatia
1099 3076 1203 3115 una
1236 3073 1378 3117 esset
1399 3075 1463 3114 ex
1499 3060 1787 3130 provinciis
1828 3058 2087 3114 Ctesareae
2144 3059 2271 3113 sub-

2369 571 2544 635 beant,
2614 588 2880 639 speramus
2932 589 3029 628 nos
3074 572 3319 640 pupulum
3371 575 3438 625 ad
3502 574 3794 629 Ecclesium
3835 580 3909 630 ad-

2368 661 2641 729 ducturos,
2687 665 2762 715 ita
2811 672 2863 715 ut
2898 680 3001 718 non
3035 664 3161 732 ipsis
3198 665 3343 716 nobis
3364 668 3706 731 exprobretur
3750 682 3839 719 nos
3870 685 3925 718 aa

2369 752 2741 808 Marcellianos
2798 755 3101 815 accessisse.
3150 754 3238 809 sed
3280 754 3359 806 illi
3412 756 3644 809 membra
3706 756 3924 824 corporis

2373 845 2623 901 Ecclesia:
2652 847 2849 902 Christi
2884 846 3012 913 ﬁant
3048 864 3066 899 :
3098 857 3145 898 et
3195 846 3391 900 malum
3432 847 3673 912 dedecus,
3719 850 3925 918 quadra

2369 939 2558 991 hwresi
2600 955 2867 1005 aspersum
2904 948 3002 1001 est,
3036 948 3218 991 nostra
3259 939 3577 1006 suscipiendi
3620 941 3830 995 ratione
3854 943 3911 995 de

2370 1028 2555 1090 (eatur,
2602 1043 2691 1080 nec
2722 1028 2869 1083 nobis
2900 1027 3231 1098 opprobrium
3282 1029 3547 1091 inuratur,
3599 1036 3654 1079 ut
3708 1030 3781 1081 ad
3822 1031 3928 1085 illus

2371 1120 2659 1174 translatis.

2442 1211 2653 1280 Scripta
2687 1210 2897 1265 videtur
2921 1210 3034 1264 haec
3092 1210 3157 1264 ad
3192 1208 3529 1267 confessores
3549 1210 3783 1282 epistola
3815 1224 3925 1280 post

2371 1304 2731 1359 Orientalium
2796 1304 3002 1358 litteras
3039 1306 3106 1358 ad
3141 1302 3532 1359 Occidentales.
3572 1306 3629 1360 1ο
3676 1304 3823 1360 Nihil
3856 1307 3928 1358 ha-

2372 1397 2501 1451 bent
2531 1395 2888 1452 Orientalium
2940 1395 3133 1450 littera:
3177 1396 3242 1450 de
3295 1394 3632 1451 facinoribus
3663 1396 3930 1467 Apollina-

2373 1492 2437 1544 rii
2480 1489 2580 1561 (ιι),
2616 1491 2706 1559 qui
2759 1488 3062 1557 illegitimos
3109 1489 3393 1556 episcopos
3450 1487 3500 1540 in
3547 1486 3827 1544 Ecclesias
3876 1487 3935 1542 ab

2371 1580 2638 1649 episcopis
2677 1577 2954 1632 catholicis
3005 1575 3325 1646 gubernatas
3368 1578 3696 1632 immittebat
3735 1595 3749 1630 :
3805 1579 3932 1632 unde

2374 1673 2649 1727 ridebatur
2671 1686 2921 1739 magnum
2943 1671 3153 1741 pietatis
3172 1672 3509 1740 mysterium,
3533 1668 3807 1741 episcopis
3830 1670 3937 1725 sine

2374 1762 2520 1816 clero
2552 1778 2614 1819 ac
2663 1761 2862 1833 populo
2916 1760 3390 1815 obambulantibus
3426 1772 3480 1815 ct
3510 1763 3712 1817 nudum
3751 1774 3935 1815 nomen

2373 1852 2908 1910 circumferentibus.
2943 1855 3001 1908 2°
3029 1853 3311 1907 Paulinum
3346 1853 3655 1919 vituperant
3690 1853 3934 1909 Orienta-

2372 1940 2468 2005 les,
2500 1944 2640 2010 quod
2664 1942 3041 1996 Marcellianos
3080 1943 3197 1996 sine
3236 1941 3549 1997 discrimine
3590 1946 3660 1997 ad
3698 1958 3909 1999 commu

2374 2031 2591 2086 nionem
2612 2049 2762 2089 suam
2790 2032 3123 2087 admitteret.
3152 2034 3217 2087 At
3246 2035 3347 2087 hoc
3374 2033 3578 2089 crimen
3600 2033 3936 2090 inferendum

2372 2125 2421 2177 ei
2450 2138 2556 2177 non
2592 2123 2713 2190 fuit,
2746 2123 2829 2179 vel
2882 2123 3073 2177 saltem
3107 2140 3228 2177 cum
3263 2126 3671 2183 confessoribus
3697 2142 3935 2182 commu-

2375 2214 2661 2267 nicandum
2697 2225 2846 2279 erat,
2894 2214 2936 2269 si
2990 2212 3101 2284 jam
3138 2213 3339 2282 recepti
3390 2214 3564 2281 palam
3592 2226 3650 2271 et
3706 2229 3937 2287 aperte:

2374 2304 2783 2360 conl'essoribus
2814 2307 3042 2361 fuissent
3071 2305 3418 2361 Marcelliani.

2449 2397 2503 2449 ν.
2546 2399 2699 2466 Quod
2736 2415 2866 2469 ergo
2901 2399 3091 2453 Petrus
3145 2399 3543 2455 Alexandrinus
3592 2401 3660 2456 de
3718 2401 3938 2472 recchii

2374 2490 2739 2546 Mart-ellianis
2789 2492 2853 2544 ad
2884 2489 3143 2545 Basilium
3187 2494 3424 2562 scripsit,
3461 2494 3512 2547 id
3559 2501 3683 2564 post
3714 2492 3939 2548 reditum

2389 2584 2687 2654 h-gatormn
2739 2582 2994 2638 Dorothei
3030 2592 3084 2638 et
3133 2582 3471 2638 Sanctissimi
3523 2587 3767 2657 scripsit.
3822 2585 3936 2642 Per-

2377 2678 2547 2730 amice
2578 2677 2952 2744 expostulabat
2976 2693 3095 2729 cum
3134 2675 3351 2738 Basilio,
3388 2677 3529 2743 quod
3563 2692 3621 2730 se
3654 2681 3940 2733 certiorem

2384 2769 2542 2837 hujus
2573 2770 2649 2821 rei
2680 2785 2783 2821 non
2828 2768 3078 2821 fecisset:
3110 2768 3378 2835 simulque
3415 2769 3655 2823 dolorem
3687 2788 3847 2826 suum
3871 2775 3939 2827 si-

2374 2860 2681 2930 gniﬁcabat,
2714 2860 2855 2927 quod
2891 2873 2988 2911 nec
3020 2874 3282 2913 canonum
3308 2874 3407 2914 nec
3433 2859 3613 2916 Basilii
3649 2864 3836 2919 habita
3858 2882 3939 2920 ην

2374 2952 2448 3006 tio
2481 2951 2667 3005 fuisset
2704 2952 2753 3004 in
2788 2951 3147 3005 Marcellianis
3197 2952 3264 3006 ad
3309 2956 3754 3012 communionem
3807 2959 3940 3012 reci-

2373 3043 2605 3111 piendis.
2634 3043 2856 3097 Fatetur
2889 3042 3121 3097 Basilius
3158 3044 3225 3115 (e)
3277 3062 3385 3101 non
3439 3047 3712 3103 immerito
3765 3064 3941 3119 repre-

700 3153 880 3222 iectis,
908 3151 1112 3207 Galam:
1145 3154 1195 3205 in
1240 3154 1671 3207 communionem
1713 3151 2140 3206 ecclesiasticam
2187 3151 2268 3203 in-

2378 3136 2601 3191 hensum
2625 3151 2681 3189 se
2716 3152 2745 3189 a
2782 3136 2963 3200 Petro,
2997 3137 3139 3205 quod
3188 3153 3290 3189 non
3334 3140 3398 3190 ad
3430 3154 3551 3191 eum
3591 3141 3660 3193 de
3690 3142 3942 3196 omnibus

700 3247 947 3303 consulto
982 3246 1297 3300 Caesariensi
1323 3246 1575 3314 episcopo
1596 3247 1806 3300 restitui
1842 3261 1944 3299 non
1975 3247 2265 3299 debebant.

702 3335 813 3393 Hac
856 3338 1045 3406 injuria
1073 3346 1293 3403 accepta
1336 3334 1563 3390 Basilius
1590 3335 1833 3389 eamdem
1872 3350 1934 3389 ac
1968 3349 2109 3401 saape
2137 3336 2270 3389 alias

702 3428 869 3483 animi
917 3428 1339 3482 moderationem
1380 3425 1645 3490 adhibuit,
1684 3440 1744 3478 ac
1775 3424 2021 3494 querelas
2053 3439 2175 3478 suas
2204 3439 2269 3478 ne

704 3522 770 3575 ad
794 3520 1013 3574 Petrum
1082 3517 1744 3589 quidcmAlexandrinum
1785 3516 1997 3571 detulit.
2046 3516 2271 3584 Scripsit

704 3624 911 3668 tantum
944 3609 1347 3665 confessoribus
1400 3626 1503 3663 non
1540 3609 1787 3663 debuisse
1816 3624 1909 3664 eos
1938 3608 2039 3664 sibi
2073 3610 2147 3663 rei
2203 3608 2270 3662 ad

701 3717 892 3758 omnes
924 3701 1192 3755 Ecclesias
1220 3702 1511 3769 spectantis
1546 3698 1806 3768 judicium
1852 3714 2123 3771 arrogare.
2162 3700 2273 3756 Me-

704 3792 961 3849 tueudum
991 3791 1134 3844 enim
1169 3805 1289 3844 esse
1330 3804 1397 3843 ne
1439 3805 1541 3858 pax
1578 3792 1877 3855 scindatur,
1917 3791 2037 3847 aliis
2085 3792 2273 3847 absce-

702 3883 974 3947 dentibus,
1007 3884 1134 3938 dum
1164 3882 1252 3937 alii
1276 3880 1652 3935 admittuntur.
1693 3881 1865 3950 Rogat
1900 3892 1955 3934 ut
1977 3886 2043 3937 ad
2068 3898 2125 3938 se
2154 3886 2274 3937 mit-

705 3985 818 4029 uut
841 3974 1256 4044 propositiones,
1294 3971 1491 4042 quibus
1520 3974 1874 4027 asseutientes
1921 3970 2161 4028 Marcelli
2194 3974 2275 4027 di-

701 4066 937 4138 scipulos
965 4076 1301 4134 receperunt.

773 4159 890 4215 No’n
922 4160 967 4214 is
995 4167 1113 4215 erat
1144 4156 1375 4210 Basilius
1408 4158 1520 4225 qui,
1558 4157 1697 4227 quod
1740 4159 1852 4225 ipse
1884 4157 2269 4223 committeret,

704 4252 758 4308 id
786 4250 1203 4321 reprehenderet
1228 4249 1282 4303 iu
1309 4248 1446 4301 aliis.
1495 4249 1649 4318 Sa‘pe
1677 4266 1704 4302 a
1734 4250 1938 4305 Calatis
1970 4250 2276 4318 importune

704 4352 923 4413 rogatus
950 4340 1047 4413 (ο),
1106 4340 1425 4407 respondere
1461 4341 1540 4392 eis
1583 4338 1751 4391 uoluit
1794 4342 2000 4408 absque
2035 4340 2137 4392 ulla
2182 4356 2277 4394 ex-

700 4436 971 4508 ceptione,
1014 4435 1137 4503 quia
1188 4432 1412 4487 aliarum
1469 4431 1830 4485 Ecclesiarum
1874 4430 2133 4497 judicium
2183 4447 2279 4486 ex-

2377 3229 2557 3291 rebus,
2594 3228 2707 3279 sive
2765 3226 2977 3295 parvis,
3016 3226 3129 3278 sive
3185 3227 3391 3294 magnis
3430 3228 3659 3285 scribat.
3706 3228 3852 3283 Nam
3903 3240 3944 3282 st

2373 3322 2485 3384 tibi,
2513 3319 2704 3388 inquit,
2732 3319 3160 3373 convenitnostra
3195 3335 3403 3384 curare,
3428 3328 3477 3373 et
3513 3321 3663 3373 nobis
3695 3324 3767 3375 ad
3805 3334 3944 3375 tuan:

2373 3414 2683 3467 charitatem
2723 3416 2786 3465 de
2819 3414 2971 3467 rebus
3003 3412 3193 3465 nostris
3219 3412 3433 3475 referre.
3469 3411 3742 3467 Caeterum
3772 3414 3942 3469 decla-

2375 3515 2459 3557 rat
2489 3518 2547 3556 se
2570 3504 2854 3567 molestiis,
2883 3518 2985 3557 non
3006 3507 3176 3558 solum
3197 3520 3315 3573 qua:
3342 3506 3409 3558 ab
3436 3505 3654 3559 Arianis
3674 3506 3945 3567 accidunt,

2374 3597 2468 3650 sed
2503 3596 2663 3649 etiam
2697 3610 2816 3664 qua:
2845 3598 2913 3649 ab
2945 3597 3217 3651 unanimis
3266 3597 3544 3663 fratribus,
3573 3598 3646 3651 ita
3672 3609 3946 3651 assuetum

2374 3702 2516 3753 esse,
2555 3696 2609 3740 ut
2642 3685 2725 3754 iis,
2757 3702 2877 3757 quae
2922 3696 3117 3756 praeter
3160 3690 3403 3742 ordinem
3434 3699 3581 3758 gesta
3619 3704 3799 3759 nuper
3848 3688 3947 3742 fue-

2379 3789 2521 3845 rant,
2550 3780 2770 3835 minime
2805 3790 3109 3836 commotus
3134 3780 3466 3838 fueril.lline
3495 3782 3660 3836 etiam
3687 3781 3833 3837 Petri
3857 3798 3920 3835 au

2378 3890 2463 3929 res
2493 3874 2792 3929 obtundere
2850 3872 3052 3939 noluit,
3088 3875 3287 3945 partim
3346 3874 3562 3944 quidem
3610 3890 3742 3928 cum
3790 3873 3946 3927 sciret

2381 3967 2577 4019 fututam
2621 3983 2717 4021 sua
2770 3979 2961 4036 sponte
3009 3982 3098 4023 res
3148 3978 3329 4037 gestas
3368 3966 3729 4037 perlaturam,
3756 3965 3948 4036 partim

2376 4070 2699 4128 exspectans
2731 4062 2855 4113 dum
2888 4060 2974 4114 alii
3015 4063 3111 4116 has
3141 4062 3416 4116 molestias
3466 4060 3825 4127 nuntiarent;
3862 4074 3949 4128 po-

2379 4162 2583 4206 stremo
2609 4152 2860 4205 decorum
2887 4166 3009 4207 esse
3040 4168 3143 4205 non
3180 4155 3382 4207 ducens
3432 4150 3866 4221 indignationem
3903 4159 3951 4205 et

2380 4243 2619 4299 dolorem
2666 4244 2993 4313 significare,
3026 4244 3167 4313 quod
3216 4252 3559 4311 contemptus
3602 4242 3826 4300 fuisset.
3869 4244 3950 4299 Si-

2381 4334 2599 4405 gniﬁcat
2658 4334 2886 4389 Basilius
2938 4348 2995 4390 se
3050 4334 3335 4403 scripsisse
3387 4332 3845 4402 confessoribus,
3899 4342 3948 4387 ut

2385 4445 2412 4481 a
2461 4428 2725 4482 charitate
2784 4428 2999 4498 quidem
3061 4442 3165 4481 non
3216 4427 3497 4480 discedant
3548 4427 3756 4498 (aliqua
3815 4428 3950 4481 enim

702 4526 999 4601 spectabat.
1030 4523 1338 4579 Cavendum
1369 4520 1514 4577 enim
1556 4534 1673 4575 esse
1707 4519 2059 4591 intelligebat,
2095 4538 2179 4586 ne,
2229 4527 2271 4579 si
2310 4540 2350 4594 ο
2382 4529 2566 4574 exorta
2593 4519 2763 4573 fuerat
2799 4520 2863 4573 de
2889 4517 3212 4587 recipiendis
3240 4516 3599 4573 Marcellianis
3628 4516 3949 4585 dissensio),

704 4622 886 4677 minus
918 4618 1086 4688 requis
1112 4615 1508 4671 conditionibus
1545 4615 1927 4682 reciperentur,
1970 4631 2073 4669 non
2104 4615 2173 4669 illi
2206 4618 2270 4669 ad

702 4710 1031 4773 Catholicos,
1065 4708 1161 4761 sed
1191 4708 1258 4760 ad
1281 4721 1375 4761 eos
1400 4703 1659 4759 Catholici
1690 4704 1985 4758 accessisse
2018 4706 2269 4759 videreu-

704 4813 814 4867 tur,
851 4802 1035 4871 sicque
1070 4814 1167 4869 pax
1194 4812 1323 4852 cum
1366 4796 1550 4867 paucis
1582 4796 1937 4850 schismaticis
1975 4801 2269 4865 composita

702 4896 938 4951 schisma
969 4894 1107 4947 inter
1129 4890 1399 4945 Ecclesias
1430 4891 1709 4944 excitaret.
1748 4887 1884 4943 Cum
1921 4898 2097 4941 autem
2129 4889 2273 4943 dicat

703 4986 933 5041 Basilius
997 4999 1056 5039 se
1122 4986 1426 5054 importune
1486 4997 1513 5037 a
1562 4981 1763 5037 Galatis
1822 4996 1964 5052 saepe
2022 4992 2271 5051 rogatum

703 5078 890 5141 fuisse.
925 5077 1217 5133 verisimile
1247 5086 1330 5130 est
1366 5089 1460 5129 eos
1494 5075 1559 5128 ad
1597 5074 1742 5127 illum
1777 5074 2087 5140 accessisse,
2121 5084 2273 5129 ante-

703 5184 864 5242 quam
899 5183 959 5224 sc
1008 5168 1075 5224 ad
1127 5166 1463 5223 confessores
1509 5166 1841 5221 conferrent.
1903 5167 2007 5221 Sed
2050 5167 2268 5220 dubium

702 5274 825 5317 esse
855 5274 957 5315 non
1002 5268 1175 5329 potest
1222 5258 1373 5327 quin,
1407 5267 1696 5325 postquam
1757 5257 1952 5324 recepti
2000 5272 2027 5309 a
2062 5255 2272 5311 conl’es-

703 5351 917 5407 soribus
960 5348 1131 5415 fuere,
1192 5364 1219 5401 a
1272 5359 1461 5403 sancto
1506 5348 1701 5403 Basilio
1742 5348 1993 5418 petierint
2037 5356 2097 5402 ut
2136 5363 2270 5402 con-

702 5456 915 5495 cessum
959 5440 1061 5493 sibi
1112 5438 1429 5493 beneﬁcium
1464 5438 1829 5494 confirmaret.
1876 5436 2010 5491 Hinc
2042 5436 2270 5492 Basilius

702 5532 780 5584 sic
834 5533 900 5584 de
958 5530 1064 5584 illis
1125 5528 1360 5600 loquitur
1418 5530 1469 5584 in
1534 5528 1753 5601 epistola
1808 5527 1914 5583 266
1956 5545 1970 5581 :
2010 5526 2072 5581 Et
2131 5544 2265 5583 nunc

772 5714 851 5783 (α)
882 5712 1142 5784 Epiphan.
1177 5713 1371 5768 haeres.
1400 5711 1483 5765 72.

777 5785 853 5855 (ὁ)
877 5783 1126 5855 Ερέῖὒϐ.

776 5854 843 5915 (cl
874 5854 968 5915 ea.
1008 5854 1133 5910 266.

2378 4621 2432 4665 et
2462 4613 2529 4664 ab
2571 4611 2635 4664 iis
2671 4611 2761 4679 qui
2792 4608 3163 4663 ecclesiastico
3190 4608 3312 4678 jure
3340 4609 3539 4663 erratis
3581 4609 3797 4663 mederi
3828 4625 3950 4674 pos-

2379 4716 2535 4769 sunt,
2604 4694 2917 4771 exspectent
2968 4701 3420 4757 emendationem.
3461 4701 3674 4757 Laudat
3734 4700 3950 4755 Petrum

2378 4796 2520 4864 quod
2551 4794 2654 4847 hoc
2685 4807 2819 4861 opus
2857 4805 3145 4861 aggressus
3174 4792 3245 4847 sit
3276 4792 3525 4862 prudenti
3572 4791 3855 4847 consilio:
3889 4806 3950 4846 ex

2378 4901 2486 4956 quo
2517 4885 2787 4955 colligitur
2817 4900 2936 4939 eum
2992 4884 3277 4952 scripsisse
3310 4884 3725 4939 confessoribus
3765 4887 3833 4941 de
3866 4900 3941 4943 ca-

2381 4974 2573 5026 nonica
2600 4972 3027 5042 recipiendorum
3068 4973 3532 5029 Marcellianorum
3578 4976 3800 5031 ratione
3830 4993 3844 5029 :
3876 4976 3949 5030 id-

2380 5080 2484 5135 que
2512 5080 2633 5118 eum
2658 5066 3035 5120 Tillemontius
3060 5066 3253 5121 fecisse
3277 5074 3427 5135 putat
3457 5066 3508 5119 in
3537 5065 3812 5122 alterutra
3843 5068 3948 5137 epi-

2376 5157 2662 5221 stularum,
2686 5173 2817 5226 quas
2853 5158 3072 5228 scripsit
3104 5158 3360 5212 adversus
3389 5158 3820 5228 Apollinarium.
3856 5158 3937 5214 Se.

2378 5250 2566 5303 cundaa
2602 5249 2962 5320 fragmentum
2997 5259 3174 5304 exstat
3204 5250 3343 5319 apud
3386 5250 3712 5306 Facundum
3743 5252 3836 5322 (Ῑ),
3865 5252 3949 5321 qui

2379 5340 2518 5394 hanc
2545 5338 2826 5409 epistolam
2870 5342 2936 5395 ad
2966 5340 3266 5410 episcopos,
3299 5342 3655 5412 presbyteros
3686 5354 3745 5397 et
3775 5344 3929 5398 diaco

2378 5446 2476 5485 nos
2502 5445 2597 5500 pro
2640 5430 2743 5485 lide
2788 5430 2929 5500 apud
2963 5430 3356 5488 Diocesaream
3406 5432 3626 5489 exsules
3687 5434 3950 5501 scriptam

2376 5524 2543 5579 fuisse
2576 5532 2825 5579 testatur.

2458 5706 2532 5775 (ά)
2567 5706 2661 5774 Ep.
2694 5704 2821 5769 265,
2856 5722 2909 5759 n.
2938 5704 2992 5760 2.

2454 5779 2522 5913 ξιξ)
2555 5778 2646 5857 up.
2676 5776 2796 5830 266.

2484 5852 2524 5913 ,,)
2561 5845 2674 5902 Lib.
2708 5861 2781 5913 tv,

2484 5848 2524 5913 ί)
2561 5844 2674 5902 Lib.
2708 5861 2781 5913 tv,
2818 5862 2867 5902 c.
2894 5844 2950 5901 2.
