  <div class='ocr_page' id='page_1' title='image "/cluster/home/n/w/nwhite01/storage/ocr_20150623/29/pst.000005712274/160.png"; bbox 0 0 4080 6312; ppageno 0'>
   <div class='ocr_carea' id='block_1_1' title="bbox 1502 335 2056 392">
    <p class='ocr_par' dir='ltr' id='par_1_1' title="bbox 1502 335 2056 392">
     <span class='ocr_line' id='line_1_1' title="bbox 1502 335 2056 392; baseline -0.007 0"><span class='ocrx_word' id='word_1_1' title='bbox 1502 335 1653 392; x_wconf 66' lang='lat' dir='ltr'><strong>VITA</strong></span> <span class='ocrx_word' id='word_1_2' title='bbox 1695 336 1751 392; x_wconf 87' lang='lat' dir='ltr'><strong>S.</strong></span> <span class='ocrx_word' id='word_1_3' title='bbox 1797 336 1877 391; x_wconf 68' lang='lat' dir='ltr'><strong>BA</strong></span> <span class='ocrx_word' id='word_1_4' title='bbox 1887 336 2056 391; x_wconf 84' lang='lat' dir='ltr'><strong>SILII.</strong></span> 
     </span>
    </p>
   </div>
   <div class='ocr_carea' id='block_1_2' title="bbox 3229 353 3359 394">
    <p class='ocr_par' dir='ltr' id='par_1_2' title="bbox 3229 353 3359 394">
     <span class='ocr_line' id='line_1_2' title="bbox 3229 353 3359 394; baseline 0.008 -1"><span class='ocrx_word' id='word_1_5' title='bbox 3229 353 3359 394; x_wconf 76' lang='lat' dir='ltr'><strong>CLIII</strong></span> 
     </span>
    </p>
   </div>
   <div class='ocr_carea' id='block_1_3' title="bbox 203 454 3361 529">
    <p class='ocr_par' dir='ltr' id='par_1_3' title="bbox 203 454 3361 529">
     <span class='ocr_line' id='line_1_3' title="bbox 203 454 3361 529; baseline -0.002 -16"><span class='ocrx_word' id='word_1_6' title='bbox 203 456 294 517; x_wconf 76' lang='lat' dir='ltr'><strong>Vl.</strong></span> <span class='ocrx_word' id='word_1_7' title='bbox 338 462 414 515; x_wconf 85' lang='lat' dir='ltr'><strong>De</strong></span> <span class='ocrx_word' id='word_1_8' title='bbox 450 456 688 511; x_wconf 71' lang='lat' dir='ltr'><strong>Marcelli</strong></span> <span class='ocrx_word' id='word_1_9' title='bbox 719 458 989 514; x_wconf 72' lang='lat' dir='ltr'><strong>sententia</strong></span> <span class='ocrx_word' id='word_1_10' title='bbox 1035 470 1088 511; x_wconf 91' lang='lat' dir='ltr'><strong>et</strong></span> <span class='ocrx_word' id='word_1_11' title='bbox 1128 457 1372 511; x_wconf 78' lang='lat' dir='ltr'><strong>doctrina</strong></span> <span class='ocrx_word' id='word_1_12' title='bbox 1410 458 1462 509; x_wconf 91' lang='lat' dir='ltr'><strong>in</strong></span> <span class='ocrx_word' id='word_1_13' title='bbox 1493 469 1697 513; x_wconf 88' lang='lat' dir='ltr'><strong>ntram-</strong></span> <span class='ocrx_word' id='word_1_14' title='bbox 1730 466 1769 522; x_wconf 77' lang='grc' dir='ltr'><strong>Α</strong></span> <span class='ocrx_word' id='word_1_15' title='bbox 1804 458 2009 522; x_wconf 90' lang='lat' dir='ltr'><strong>hendit,</strong></span> <span class='ocrx_word' id='word_1_16' title='bbox 2043 457 2185 527; x_wconf 86' lang='lat' dir='ltr'><strong>quod</strong></span> <span class='ocrx_word' id='word_1_17' title='bbox 2244 473 2401 512; x_wconf 84' lang='lat' dir='ltr'><strong>unam</strong></span> <span class='ocrx_word' id='word_1_18' title='bbox 2448 457 2774 529; x_wconf 85' lang='lat' dir='ltr'><strong>hypostasim</strong></span> <span class='ocrx_word' id='word_1_19' title='bbox 2820 459 3027 511; x_wconf 80' lang='lat' dir='ltr'><strong>doceat.</strong></span> <span class='ocrx_word' id='word_1_20' title='bbox 3068 455 3137 509; x_wconf 85' lang='lat' dir='ltr'><strong>At</strong></span> <span class='ocrx_word' id='word_1_21' title='bbox 3164 454 3206 508; x_wconf 84' lang='lat' dir='ltr'><strong>si</strong></span> <span class='ocrx_word' id='word_1_22' title='bbox 3238 457 3361 511; x_wconf 87' lang='lat' dir='ltr'><strong>huic</strong></span> 
     </span>
    </p>
   </div>
   <div class='ocr_carea' id='block_1_4' title="bbox 141 549 1695 623">
    <p class='ocr_par' dir='ltr' id='par_1_4' title="bbox 141 549 1695 623">
     <span class='ocr_line' id='line_1_4' title="bbox 141 549 1695 623; baseline -0.001 -20"><span class='ocrx_word' id='word_1_23' title='bbox 141 569 235 623; x_wconf 87' lang='lat' dir='ltr'><strong>que</strong></span> <span class='ocrx_word' id='word_1_24' title='bbox 264 561 477 623; x_wconf 87' lang='lat' dir='ltr'><strong>partem</strong></span> <span class='ocrx_word' id='word_1_25' title='bbox 518 550 681 603; x_wconf 88' lang='lat' dir='ltr'><strong>multa</strong></span> <span class='ocrx_word' id='word_1_26' title='bbox 716 550 977 620; x_wconf 81' lang='lat' dir='ltr'><strong>disputari</strong></span> <span class='ocrx_word' id='word_1_27' title='bbox 1030 550 1221 604; x_wconf 83' lang='lat' dir='ltr'><strong>solent.</strong></span> <span class='ocrx_word' id='word_1_28' title='bbox 1259 549 1362 605; x_wconf 88' lang='lat' dir='ltr'><strong>Sed</strong></span> <span class='ocrx_word' id='word_1_29' title='bbox 1393 549 1494 604; x_wconf 87' lang='lat' dir='ltr'><strong>hoc</strong></span> <span class='ocrx_word' id='word_1_30' title='bbox 1534 567 1695 605; x_wconf 90' lang='lat' dir='ltr'><strong>unum</strong></span> 
     </span>
    </p>
   </div>
   <div class='ocr_carea' id='block_1_5' title="bbox 140 639 1699 708">
    <p class='ocr_par' dir='ltr' id='par_1_5' title="bbox 140 639 1699 708">
     <span class='ocr_line' id='line_1_5' title="bbox 140 639 1699 708; baseline -0.001 -11"><span class='ocrx_word' id='word_1_31' title='bbox 140 644 291 697; x_wconf 77' lang='lat' dir='ltr'><strong>nobis</strong></span> <span class='ocrx_word' id='word_1_32' title='bbox 324 640 743 695; x_wconf 76' lang='lat' dir='ltr'><strong>examinandum</strong></span> <span class='ocrx_word' id='word_1_33' title='bbox 776 651 878 702; x_wconf 87' lang='lat' dir='ltr'><strong>est,</strong></span> <span class='ocrx_word' id='word_1_34' title='bbox 911 656 977 693; x_wconf 91' lang='lat' dir='ltr'><strong>an</strong></span> <span class='ocrx_word' id='word_1_35' title='bbox 1008 654 1190 693; x_wconf 83' lang='lat' dir='ltr'><strong>verum</strong></span> <span class='ocrx_word' id='word_1_36' title='bbox 1219 642 1289 695; x_wconf 88' lang='lat' dir='ltr'><strong>sit</strong></span> <span class='ocrx_word' id='word_1_37' title='bbox 1312 639 1454 708; x_wconf 91' lang='lat' dir='ltr'><strong>quod</strong></span> <span class='ocrx_word' id='word_1_38' title='bbox 1485 640 1559 694; x_wconf 86' lang='lat' dir='ltr'><strong>ait</strong></span> <span class='ocrx_word' id='word_1_39' title='bbox 1597 641 1699 694; x_wconf 84' lang='lat' dir='ltr'><strong>Ba-</strong></span> 
     </span>
    </p>
   </div>
   <div class='ocr_carea' id='block_1_6' title="bbox 139 730 1694 800">
    <p class='ocr_par' dir='ltr' id='par_1_6' title="bbox 139 730 1694 800">
     <span class='ocr_line' id='line_1_6' title="bbox 139 730 1694 800; baseline -0.001 -13"><span class='ocrx_word' id='word_1_40' title='bbox 139 736 291 787; x_wconf 79' lang='lat' dir='ltr'><strong>silius</strong></span> <span class='ocrx_word' id='word_1_41' title='bbox 328 732 379 784; x_wconf 94' lang='lat' dir='ltr'><strong>in</strong></span> <span class='ocrx_word' id='word_1_42' title='bbox 404 730 562 799; x_wconf 88' lang='lat' dir='ltr'><strong>epist.</strong></span> <span class='ocrx_word' id='word_1_43' title='bbox 606 732 731 800; x_wconf 74' lang='lat'><strong>265,</strong></span> <span class='ocrx_word' id='word_1_44' title='bbox 759 751 813 789; x_wconf 89' lang='grc' dir='ltr'><strong>ιι.</strong></span> <span class='ocrx_word' id='word_1_45' title='bbox 846 733 899 793; x_wconf 81' lang='grc'><strong>5,</strong></span> <span class='ocrx_word' id='word_1_46' title='bbox 930 747 1051 785; x_wconf 91' lang='lat' dir='ltr'><strong>eum</strong></span> <span class='ocrx_word' id='word_1_47' title='bbox 1080 748 1146 787; x_wconf 87' lang='lat' dir='ltr'><strong>ex</strong></span> <span class='ocrx_word' id='word_1_48' title='bbox 1184 730 1422 786; x_wconf 84' lang='lat' dir='ltr'><strong>Ecclesia</strong></span> <span class='ocrx_word' id='word_1_49' title='bbox 1479 734 1694 787; x_wconf 78' lang='lat' dir='ltr'><strong>exiisse.</strong></span> 
     </span>
    </p>
   </div>
   <div class='ocr_carea' id='block_1_7' title="bbox 143 822 1699 888">
    <p class='ocr_par' dir='ltr' id='par_1_7' title="bbox 143 822 1699 888">
     <span class='ocr_line' id='line_1_7' title="bbox 143 822 1699 888; baseline 0.003 -13"><span class='ocrx_word' id='word_1_50' title='bbox 143 822 474 876; x_wconf 86' lang='lat' dir='ltr'><strong>Desideriutn</strong></span> <span class='ocrx_word' id='word_1_51' title='bbox 515 824 896 880; x_wconf 69' lang='lat' dir='ltr'><strong>ecclesiasticae</strong></span> <span class='ocrx_word' id='word_1_52' title='bbox 913 824 1327 888; x_wconf 85' lang='lat' dir='ltr'><strong>communionis,</strong></span> <span class='ocrx_word' id='word_1_53' title='bbox 1352 832 1406 877; x_wconf 91' lang='lat' dir='ltr'><strong>et</strong></span> <span class='ocrx_word' id='word_1_54' title='bbox 1428 824 1699 879; x_wconf 74' lang='lat' dir='ltr'><strong>catholica:</strong></span> 
     </span>
    </p>
   </div>
   <div class='ocr_carea' id='block_1_8' title="bbox 144 912 1697 983">
    <p class='ocr_par' dir='ltr' id='par_1_8' title="bbox 144 912 1697 983">
     <span class='ocr_line' id='line_1_8' title="bbox 144 912 1697 983; baseline 0.003 -19"><span class='ocrx_word' id='word_1_55' title='bbox 144 912 259 966; x_wconf 89' lang='lat' dir='ltr'><strong>lidei</strong></span> <span class='ocrx_word' id='word_1_56' title='bbox 304 915 588 982; x_wconf 80' lang='lat' dir='ltr'><strong>professio,</strong></span> <span class='ocrx_word' id='word_1_57' title='bbox 639 932 799 983; x_wconf 88' lang='lat' dir='ltr'><strong>quam</strong></span> <span class='ocrx_word' id='word_1_58' title='bbox 854 915 1180 971; x_wconf 77' lang='lat' dir='ltr'><strong>Marcelliani</strong></span> <span class='ocrx_word' id='word_1_59' title='bbox 1238 930 1344 983; x_wconf 76' lang='lat' dir='ltr'><strong>pra:</strong></span> <span class='ocrx_word' id='word_1_60' title='bbox 1399 930 1457 970; x_wconf 83' lang='lat' dir='ltr'><strong>se</strong></span> <span class='ocrx_word' id='word_1_61' title='bbox 1503 916 1697 980; x_wconf 90' lang='lat' dir='ltr'><strong>ferunt,</strong></span> 
     </span>
    </p>
   </div>
   <div class='ocr_carea' id='block_1_9' title="bbox 144 1007 1700 1075">
    <p class='ocr_par' dir='ltr' id='par_1_9' title="bbox 144 1007 1700 1075">
     <span class='ocr_line' id='line_1_9' title="bbox 144 1007 1700 1075; baseline 0.004 -18"><span class='ocrx_word' id='word_1_62' title='bbox 144 1020 242 1057; x_wconf 93' lang='lat' dir='ltr'><strong>non</strong></span> <span class='ocrx_word' id='word_1_63' title='bbox 278 1009 569 1063; x_wconf 89' lang='lat' dir='ltr'><strong>mediocris</strong></span> <span class='ocrx_word' id='word_1_64' title='bbox 598 1021 718 1060; x_wconf 87' lang='lat' dir='ltr'><strong>esse</strong></span> <span class='ocrx_word' id='word_1_65' title='bbox 747 1011 1000 1075; x_wconf 91' lang='lat' dir='ltr'><strong>ponderis</strong></span> <span class='ocrx_word' id='word_1_66' title='bbox 1036 1007 1304 1070; x_wconf 84' lang='lat' dir='ltr'><strong>videntur,</strong></span> <span class='ocrx_word' id='word_1_67' title='bbox 1330 1016 1407 1071; x_wconf 90' lang='lat' dir='ltr'><strong>ut,</strong></span> <span class='ocrx_word' id='word_1_68' title='bbox 1436 1008 1479 1062; x_wconf 87' lang='lat' dir='ltr'><strong>si</strong></span> <span class='ocrx_word' id='word_1_69' title='bbox 1524 1010 1700 1063; x_wconf 86' lang='lat' dir='ltr'><strong>minus</strong></span> 
     </span>
    </p>
   </div>
   <div class='ocr_carea' id='block_1_10' title="bbox 144 1095 1701 1167">
    <p class='ocr_par' dir='ltr' id='par_1_10' title="bbox 144 1095 1701 1167">
     <span class='ocr_line' id='line_1_10' title="bbox 144 1095 1701 1167; baseline 0.001 -18"><span class='ocrx_word' id='word_1_70' title='bbox 144 1095 447 1161; x_wconf 75' lang='lat' dir='ltr'><strong>Marcellus,</strong></span> <span class='ocrx_word' id='word_1_71' title='bbox 479 1098 666 1151; x_wconf 78' lang='lat' dir='ltr'><strong>Saltem</strong></span> <span class='ocrx_word' id='word_1_72' title='bbox 686 1099 800 1167; x_wconf 80' lang='lat' dir='ltr'><strong>ejus</strong></span> <span class='ocrx_word' id='word_1_73' title='bbox 816 1096 1061 1164; x_wconf 85' lang='lat' dir='ltr'><strong>discipuli</strong></span> <span class='ocrx_word' id='word_1_74' title='bbox 1084 1099 1391 1167; x_wconf 83' lang='lat' dir='ltr'><strong>suspicione</strong></span> <span class='ocrx_word' id='word_1_75' title='bbox 1419 1100 1701 1153; x_wconf 79' lang='lat' dir='ltr'><strong>exsolvan-</strong></span> 
     </span>
    </p>
   </div>
   <div class='ocr_carea' id='block_1_11' title="bbox 145 1188 1698 1259">
    <p class='ocr_par' dir='ltr' id='par_1_11' title="bbox 145 1188 1698 1259">
     <span class='ocr_line' id='line_1_11' title="bbox 145 1188 1698 1259; baseline -0.001 -16"><span class='ocrx_word' id='word_1_76' title='bbox 145 1202 245 1247; x_wconf 90' lang='lat' dir='ltr'><strong>tur.</strong></span> <span class='ocrx_word' id='word_1_77' title='bbox 285 1190 472 1257; x_wconf 80' lang='lat' dir='ltr'><strong>Neque</strong></span> <span class='ocrx_word' id='word_1_78' title='bbox 531 1191 673 1243; x_wconf 86' lang='lat' dir='ltr'><strong>enim</strong></span> <span class='ocrx_word' id='word_1_79' title='bbox 727 1188 1001 1259; x_wconf 81' lang='lat' dir='ltr'><strong>probabile</strong></span> <span class='ocrx_word' id='word_1_80' title='bbox 1050 1200 1132 1245; x_wconf 88' lang='lat' dir='ltr'><strong>est</strong></span> <span class='ocrx_word' id='word_1_81' title='bbox 1171 1192 1376 1246; x_wconf 90' lang='lat' dir='ltr'><strong>clerum</strong></span> <span class='ocrx_word' id='word_1_82' title='bbox 1403 1203 1455 1245; x_wconf 90' lang='lat' dir='ltr'><strong>et</strong></span> <span class='ocrx_word' id='word_1_83' title='bbox 1492 1192 1698 1259; x_wconf 85' lang='lat' dir='ltr'><strong>plebem</strong></span> 
     </span>
    </p>
   </div>
   <div class='ocr_carea' id='block_1_12' title="bbox 146 1280 1700 1344">
    <p class='ocr_par' dir='ltr' id='par_1_12' title="bbox 146 1280 1700 1344">
     <span class='ocr_line' id='line_1_12' title="bbox 146 1280 1700 1344; baseline -0.002 -9"><span class='ocrx_word' id='word_1_84' title='bbox 146 1280 375 1335; x_wconf 78' lang='lat' dir='ltr'><strong>Iarcelli</strong></span> <span class='ocrx_word' id='word_1_85' title='bbox 407 1323 421 1343; x_wconf 91' lang='lat'><strong>,</strong></span> <span class='ocrx_word' id='word_1_86' title='bbox 452 1282 497 1334; x_wconf 90' lang='lat' dir='ltr'><strong>si</strong></span> <span class='ocrx_word' id='word_1_87' title='bbox 554 1281 830 1336; x_wconf 80' lang='lat' dir='ltr'><strong>errmibtts</strong></span> <span class='ocrx_word' id='word_1_88' title='bbox 877 1282 1170 1335; x_wconf 87' lang='lat' dir='ltr'><strong>teterrimis</strong></span> <span class='ocrx_word' id='word_1_89' title='bbox 1218 1282 1401 1335; x_wconf 85' lang='lat' dir='ltr'><strong>infecti</strong></span> <span class='ocrx_word' id='word_1_90' title='bbox 1454 1283 1700 1344; x_wconf 78' lang='lat' dir='ltr'><strong>fuissent,</strong></span> 
     </span>
    </p>
   </div>
   <div class='ocr_carea' id='block_1_13' title="bbox 148 1370 1701 1433">
    <p class='ocr_par' dir='ltr' id='par_1_13' title="bbox 148 1370 1701 1433">
     <span class='ocr_line' id='line_1_13' title="bbox 148 1370 1701 1433; baseline -0.001 -8"><span class='ocrx_word' id='word_1_91' title='bbox 148 1388 246 1425; x_wconf 83' lang='lat' dir='ltr'><strong>tam</strong></span> <span class='ocrx_word' id='word_1_92' title='bbox 279 1373 532 1433; x_wconf 87' lang='lat' dir='ltr'><strong>libenter.</strong></span> <span class='ocrx_word' id='word_1_93' title='bbox 552 1373 660 1425; x_wconf 92' lang='lat' dir='ltr'><strong>imo</strong></span> <span class='ocrx_word' id='word_1_94' title='bbox 685 1374 847 1427; x_wconf 86' lang='lat' dir='ltr'><strong>tantis</strong></span> <span class='ocrx_word' id='word_1_95' title='bbox 868 1375 1172 1432; x_wconf 88' lang='lat' dir='ltr'><strong>conatibus.</strong></span> <span class='ocrx_word' id='word_1_96' title='bbox 1202 1381 1413 1425; x_wconf 89' lang='lat' dir='ltr'><strong>mortuo</strong></span> <span class='ocrx_word' id='word_1_97' title='bbox 1432 1370 1701 1433; x_wconf 79' lang='lat' dir='ltr'><strong>Marcello,</strong></span> 
     </span>
    </p>
   </div>
   <div class='ocr_carea' id='block_1_14' title="bbox 148 1460 1705 1532">
    <p class='ocr_par' dir='ltr' id='par_1_14' title="bbox 148 1460 1705 1532">
     <span class='ocr_line' id='line_1_14' title="bbox 148 1460 1705 1532; baseline -0.004 -15"><span class='ocrx_word' id='word_1_98' title='bbox 148 1463 399 1517; x_wconf 71' lang='lat' dir='ltr'><strong>Ecclesia:</strong></span> <span class='ocrx_word' id='word_1_99' title='bbox 424 1463 571 1517; x_wconf 92' lang='lat' dir='ltr'><strong>fores</strong></span> <span class='ocrx_word' id='word_1_100' title='bbox 598 1464 902 1532; x_wconf 85' lang='lat' dir='ltr'><strong>pulsaturos</strong></span> <span class='ocrx_word' id='word_1_101' title='bbox 932 1463 1119 1517; x_wconf 90' lang='lat' dir='ltr'><strong>fuisse.</strong></span> <span class='ocrx_word' id='word_1_102' title='bbox 1147 1462 1307 1515; x_wconf 81' lang='lat' dir='ltr'><strong>Multa</strong></span> <span class='ocrx_word' id='word_1_103' title='bbox 1336 1462 1439 1515; x_wconf 89' lang='lat' dir='ltr'><strong>alia</strong></span> <span class='ocrx_word' id='word_1_104' title='bbox 1474 1461 1539 1515; x_wconf 88' lang='lat' dir='ltr'><strong>ad</strong></span> <span class='ocrx_word' id='word_1_105' title='bbox 1567 1460 1705 1513; x_wconf 73' lang='lat' dir='ltr'><strong>Mar-</strong></span> 
     </span>
    </p>
   </div>
   <div class='ocr_carea' id='block_1_15' title="bbox 148 1556 1704 1617">
    <p class='ocr_par' dir='ltr' id='par_1_15' title="bbox 148 1556 1704 1617">
     <span class='ocr_line' id='line_1_15' title="bbox 148 1556 1704 1617; baseline -0.003 -6"><span class='ocrx_word' id='word_1_106' title='bbox 148 1557 266 1611; x_wconf 80' lang='lat' dir='ltr'><strong>celli</strong></span> <span class='ocrx_word' id='word_1_107' title='bbox 296 1556 673 1613; x_wconf 77' lang='lat' dir='ltr'><strong>defensionem</strong></span> <span class='ocrx_word' id='word_1_108' title='bbox 703 1557 1022 1617; x_wconf 80' lang='lat' dir='ltr'><strong>all‘eruntur,</strong></span> <span class='ocrx_word' id='word_1_109' title='bbox 1057 1556 1115 1609; x_wconf 93' lang='lat' dir='ltr'><strong>S.</strong></span> <span class='ocrx_word' id='word_1_110' title='bbox 1147 1556 1423 1609; x_wconf 79' lang='lat' dir='ltr'><strong>Athanasii</strong></span> <span class='ocrx_word' id='word_1_111' title='bbox 1458 1570 1704 1609; x_wconf 87' lang='lat' dir='ltr'><strong>commu-</strong></span> 
     </span>
    </p>
   </div>
   <div class='ocr_carea' id='block_1_16' title="bbox 152 1647 1709 1717">
    <p class='ocr_par' dir='ltr' id='par_1_16' title="bbox 152 1647 1709 1717">
     <span class='ocr_line' id='line_1_16' title="bbox 152 1647 1709 1717; baseline -0.001 -15"><span class='ocrx_word' id='word_1_112' title='bbox 152 1648 425 1703; x_wconf 75' lang='lat' dir='ltr'><strong>nicatoria:</strong></span> <span class='ocrx_word' id='word_1_113' title='bbox 452 1649 666 1710; x_wconf 67' lang='lat' dir='ltr'><strong>litterae,</strong></span> <span class='ocrx_word' id='word_1_114' title='bbox 698 1649 953 1701; x_wconf 82' lang='lat' dir='ltr'><strong>Romana:</strong></span> <span class='ocrx_word' id='word_1_115' title='bbox 990 1647 1239 1702; x_wconf 60' lang='lat' dir='ltr'><strong>Eccfesia:</strong></span> <span class='ocrx_word' id='word_1_116' title='bbox 1267 1647 1595 1709; x_wconf 85' lang='lat' dir='ltr'><strong>communio,</strong></span> <span class='ocrx_word' id='word_1_117' title='bbox 1619 1661 1709 1717; x_wconf 82' lang='lat' dir='ltr'><strong>sy-</strong></span> 
     </span>
    </p>
   </div>
   <div class='ocr_carea' id='block_1_17' title="bbox 150 1740 1709 1809">
    <p class='ocr_par' dir='ltr' id='par_1_17' title="bbox 150 1740 1709 1809">
     <span class='ocr_line' id='line_1_17' title="bbox 150 1740 1709 1809; baseline 0 -15"><span class='ocrx_word' id='word_1_118' title='bbox 150 1742 266 1795; x_wconf 87' lang='lat' dir='ltr'><strong>nodi</strong></span> <span class='ocrx_word' id='word_1_119' title='bbox 324 1742 667 1795; x_wconf 81' lang='lat' dir='ltr'><strong>Sardicensis</strong></span> <span class='ocrx_word' id='word_1_120' title='bbox 716 1741 1019 1807; x_wconf 85' lang='lat' dir='ltr'><strong>judicium,</strong></span> <span class='ocrx_word' id='word_1_121' title='bbox 1071 1743 1371 1809; x_wconf 86' lang='lat' dir='ltr'><strong>persecutio</strong></span> <span class='ocrx_word' id='word_1_122' title='bbox 1424 1741 1490 1795; x_wconf 91' lang='lat' dir='ltr'><strong>ab</strong></span> <span class='ocrx_word' id='word_1_123' title='bbox 1535 1740 1709 1809; x_wconf 90' lang='lat' dir='ltr'><strong>impiis</strong></span> 
     </span>
    </p>
   </div>
   <div class='ocr_carea' id='block_1_18' title="bbox 1806 548 3357 610">
    <p class='ocr_par' dir='ltr' id='par_1_18' title="bbox 1806 548 3357 610">
     <span class='ocr_line' id='line_1_18' title="bbox 1806 548 3357 610; baseline -0.001 -8"><span class='ocrx_word' id='word_1_124' title='bbox 1806 563 1955 603; x_wconf 72' lang='lat' dir='ltr'><strong>nzevo</strong></span> <span class='ocrx_word' id='word_1_125' title='bbox 2004 551 2182 603; x_wconf 90' lang='lat' dir='ltr'><strong>addita</strong></span> <span class='ocrx_word' id='word_1_126' title='bbox 2235 550 2420 607; x_wconf 88' lang='lat' dir='ltr'><strong>fuisset</strong></span> <span class='ocrx_word' id='word_1_127' title='bbox 2458 552 2766 606; x_wconf 87' lang='lat' dir='ltr'><strong>communio</strong></span> <span class='ocrx_word' id='word_1_128' title='bbox 2814 566 2934 603; x_wconf 88' lang='lat' dir='ltr'><strong>cum</strong></span> <span class='ocrx_word' id='word_1_129' title='bbox 2979 548 3357 610; x_wconf 79' lang='lat' dir='ltr'><strong>Marcelliuuis,</strong></span> 
     </span>
    </p>
   </div>
   <div class='ocr_carea' id='block_1_19' title="bbox 1806 639 2588 697">
    <p class='ocr_par' dir='ltr' id='par_1_19' title="bbox 1806 639 2588 697">
     <span class='ocr_line' id='line_1_19' title="bbox 1806 639 2588 697; baseline 0.006 -5"><span class='ocrx_word' id='word_1_130' title='bbox 1806 654 1911 692; x_wconf 91' lang='lat' dir='ltr'><strong>non</strong></span> <span class='ocrx_word' id='word_1_131' title='bbox 1951 639 2001 693; x_wconf 90' lang='lat' dir='ltr'><strong>id</strong></span> <span class='ocrx_word' id='word_1_132' title='bbox 2027 640 2302 694; x_wconf 87' lang='lat' dir='ltr'><strong>omisisset</strong></span> <span class='ocrx_word' id='word_1_133' title='bbox 2336 639 2588 697; x_wconf 74' lang='lat' dir='ltr'><strong>Basilius.</strong></span> 
     </span>
    </p>
   </div>
   <div class='ocr_carea' id='block_1_20' title="bbox 1875 730 3362 805">
    <p class='ocr_par' dir='ltr' id='par_1_20' title="bbox 1875 730 3362 805">
     <span class='ocr_line' id='line_1_20' title="bbox 1875 730 3362 805; baseline 0.001 -20"><span class='ocrx_word' id='word_1_134' title='bbox 1875 730 1990 786; x_wconf 85' lang='lat' dir='ltr'><strong>Non</strong></span> <span class='ocrx_word' id='word_1_135' title='bbox 2016 734 2313 788; x_wconf 87' lang='lat' dir='ltr'><strong>omittenda</strong></span> <span class='ocrx_word' id='word_1_136' title='bbox 2364 744 2489 787; x_wconf 91' lang='lat' dir='ltr'><strong>sunt</strong></span> <span class='ocrx_word' id='word_1_137' title='bbox 2532 751 2650 805; x_wconf 75' lang='lat' dir='ltr'><strong>qute</strong></span> <span class='ocrx_word' id='word_1_138' title='bbox 2680 735 2748 791; x_wconf 91' lang='lat' dir='ltr'><strong>de</strong></span> <span class='ocrx_word' id='word_1_139' title='bbox 2794 732 3048 789; x_wconf 64' lang='lat' dir='ltr'><strong>Harcello</strong></span> <span class='ocrx_word' id='word_1_140' title='bbox 3084 735 3258 788; x_wconf 86' lang='lat' dir='ltr'><strong>adhuc</strong></span> <span class='ocrx_word' id='word_1_141' title='bbox 3285 734 3362 786; x_wconf 83' lang='lat' dir='ltr'><strong>vi-</strong></span> 
     </span>
    </p>
   </div>
   <div class='ocr_carea' id='block_1_21' title="bbox 1805 822 3363 896">
    <p class='ocr_par' dir='ltr' id='par_1_21' title="bbox 1805 822 3363 896">
     <span class='ocr_line' id='line_1_21' title="bbox 1805 822 3363 896; baseline -0.002 -20"><span class='ocrx_word' id='word_1_142' title='bbox 1805 833 1961 876; x_wconf 78' lang='lat' dir='ltr'><strong>vente</strong></span> <span class='ocrx_word' id='word_1_143' title='bbox 1990 822 2219 879; x_wconf 82' lang='lat' dir='ltr'><strong>Basilius</strong></span> <span class='ocrx_word' id='word_1_144' title='bbox 2242 825 2477 894; x_wconf 80' lang='lat' dir='ltr'><strong>loquitur</strong></span> <span class='ocrx_word' id='word_1_145' title='bbox 2508 839 2648 880; x_wconf 88' lang='lat' dir='ltr'><strong>anno</strong></span> <span class='ocrx_word' id='word_1_146' title='bbox 2680 826 2803 881; x_wconf 77' lang='grc'>571.</span> <span class='ocrx_word' id='word_1_147' title='bbox 2836 824 3009 896; x_wconf 73' lang='lat' dir='ltr'><strong>Itogat</strong></span> <span class='ocrx_word' id='word_1_148' title='bbox 3042 823 3098 876; x_wconf 92' lang='lat' dir='ltr'><strong>S.</strong></span> <span class='ocrx_word' id='word_1_149' title='bbox 3127 824 3363 876; x_wconf 86' lang='lat' dir='ltr'><strong>Athana-</strong></span> 
     </span>
    </p>
   </div>
   <div class='ocr_carea' id='block_1_22' title="bbox 1807 914 3362 983">
    <p class='ocr_par' dir='ltr' id='par_1_22' title="bbox 1807 914 3362 983">
     <span class='ocr_line' id='line_1_22' title="bbox 1807 914 3362 983; baseline -0.003 -16"><span class='ocrx_word' id='word_1_150' title='bbox 1807 916 1979 979; x_wconf 84' lang='lat' dir='ltr'><strong>sium&#39;,</strong></span> <span class='ocrx_word' id='word_1_151' title='bbox 2018 924 2073 968; x_wconf 79' lang='lat' dir='ltr'><strong>ut</strong></span> <span class='ocrx_word' id='word_1_152' title='bbox 2134 915 2300 982; x_wconf 85' lang='lat' dir='ltr'><strong>ipsius</strong></span> <span class='ocrx_word' id='word_1_153' title='bbox 2349 929 2509 983; x_wconf 83' lang='lat' dir='ltr'><strong>Opera</strong></span> <span class='ocrx_word' id='word_1_154' title='bbox 2558 918 2995 972; x_wconf 87' lang='lat' dir='ltr'><strong>et.auctoritate</strong></span> <span class='ocrx_word' id='word_1_155' title='bbox 3052 914 3362 980; x_wconf 74' lang='lat' dir='ltr'><strong>interposita</strong></span> 
     </span>
    </p>
   </div>
   <div class='ocr_carea' id='block_1_23' title="bbox 1807 1005 3364 1077">
    <p class='ocr_par' dir='ltr' id='par_1_23' title="bbox 1807 1005 3364 1077">
     <span class='ocr_line' id='line_1_23' title="bbox 1807 1005 3364 1077; baseline -0.003 -18"><span class='ocrx_word' id='word_1_156' title='bbox 1807 1005 2088 1060; x_wconf 77' lang='lat' dir='ltr'><strong>Marcellus</strong></span> <span class='ocrx_word' id='word_1_157' title='bbox 2119 1021 2147 1058; x_wconf 91' lang='lat' dir='ltr'><strong>a</strong></span> <span class='ocrx_word' id='word_1_158' title='bbox 2180 1005 2435 1060; x_wconf 83' lang='lat' dir='ltr'><strong>Romanis</strong></span> <span class='ocrx_word' id='word_1_159' title='bbox 2460 1007 2760 1060; x_wconf 88' lang='lat' dir='ltr'><strong>damnetur.</strong></span> <span class='ocrx_word' id='word_1_160' title='bbox 2790 1006 3091 1077; x_wconf 82' lang='lat' dir='ltr'><strong>llequiritur</strong></span> <span class='ocrx_word' id='word_1_161' title='bbox 3114 1015 3285 1057; x_wconf 90' lang='lat' dir='ltr'><strong>autem</strong></span> <span class='ocrx_word' id='word_1_162' title='bbox 3315 1012 3364 1057; x_wconf 83' lang='lat' dir='ltr'><strong>et</strong></span> 
     </span>
    </p>
   </div>
   <div class='ocr_carea' id='block_1_24' title="bbox 1806 1098 3368 1169">
    <p class='ocr_par' dir='ltr' id='par_1_24' title="bbox 1806 1098 3368 1169">
     <span class='ocr_line' id='line_1_24' title="bbox 1806 1098 3368 1169; baseline -0.002 -19"><span class='ocrx_word' id='word_1_163' title='bbox 1806 1100 1958 1164; x_wconf 83' lang='lat' dir='ltr'><strong>illud,</strong></span> <span class='ocrx_word' id='word_1_164' title='bbox 1992 1098 2268 1169; x_wconf 88' lang='lat' dir='ltr'><strong>inquit(c),</strong></span> <span class='ocrx_word' id='word_1_165' title='bbox 2295 1115 2327 1151; x_wconf 88' lang='lat' dir='ltr'><strong>a</strong></span> <span class='ocrx_word' id='word_1_166' title='bbox 2349 1099 2609 1151; x_wconf 70' lang='lat' dir='ltr'><strong>nonnullis</strong></span> <span class='ocrx_word' id='word_1_167' title='bbox 2632 1100 2719 1166; x_wconf 87' lang='lat' dir='ltr'><strong>qui</strong></span> <span class='ocrx_word' id='word_1_168' title='bbox 2751 1100 2833 1150; x_wconf 89' lang='lat' dir='ltr'><strong>hic</strong></span> <span class='ocrx_word' id='word_1_169' title='bbox 2864 1109 3006 1165; x_wconf 86' lang='lat' dir='ltr'><strong>sunt,</strong></span> <span class='ocrx_word' id='word_1_170' title='bbox 3036 1115 3097 1152; x_wconf 89' lang='lat' dir='ltr'><strong>ac</strong></span> <span class='ocrx_word' id='word_1_171' title='bbox 3130 1112 3368 1150; x_wconf 86' lang='lat' dir='ltr'><strong>necessa-</strong></span> 
     </span>
    </p>
   </div>
   <div class='ocr_carea' id='block_1_25' title="bbox 1809 1186 3366 1263">
    <p class='ocr_par' dir='ltr' id='par_1_25' title="bbox 1809 1186 3366 1263">
     <span class='ocr_line' id='line_1_25' title="bbox 1809 1186 3366 1263; baseline -0.004 -20"><span class='ocrx_word' id='word_1_172' title='bbox 1809 1192 1885 1245; x_wconf 87' lang='lat' dir='ltr'><strong>rio</strong></span> <span class='ocrx_word' id='word_1_173' title='bbox 1908 1192 2137 1263; x_wconf 79' lang='lat' dir='ltr'><strong>quidem.</strong></span> <span class='ocrx_word' id='word_1_174' title='bbox 2174 1202 2227 1243; x_wconf 87' lang='lat' dir='ltr'><strong>ut</strong></span> <span class='ocrx_word' id='word_1_175' title='bbox 2246 1192 2401 1243; x_wconf 89' lang='lat' dir='ltr'><strong>etiam</strong></span> <span class='ocrx_word' id='word_1_176' title='bbox 2430 1191 2573 1242; x_wconf 80' lang='lat' dir='ltr'><strong>nobis</strong></span> <span class='ocrx_word' id='word_1_177' title='bbox 2602 1190 2727 1256; x_wconf 91' lang='lat' dir='ltr'><strong>ipsis</strong></span> <span class='ocrx_word' id='word_1_178' title='bbox 2757 1190 2978 1251; x_wconf 82' lang='lat' dir='ltr'><strong>videtur,</strong></span> <span class='ocrx_word' id='word_1_179' title='bbox 3007 1201 3059 1241; x_wconf 88' lang='lat' dir='ltr'><strong>ut</strong></span> <span class='ocrx_word' id='word_1_180' title='bbox 3087 1189 3185 1257; x_wconf 86' lang='lat' dir='ltr'><strong>ipsi</strong></span> <span class='ocrx_word' id='word_1_181' title='bbox 3216 1186 3366 1240; x_wconf 81' lang='lat' dir='ltr'><strong>Mar-</strong></span> 
     </span>
    </p>
   </div>
   <div class='ocr_carea' id='block_1_26' title="bbox 1807 1283 3367 1352">
    <p class='ocr_par' dir='ltr' id='par_1_26' title="bbox 1807 1283 3367 1352">
     <span class='ocr_line' id='line_1_26' title="bbox 1807 1283 3367 1352; baseline -0.003 -18"><span class='ocrx_word' id='word_1_182' title='bbox 1807 1284 1924 1335; x_wconf 87' lang='lat' dir='ltr'><strong>celli</strong></span> <span class='ocrx_word' id='word_1_183' title='bbox 1951 1286 2187 1337; x_wconf 81' lang='lat' dir='ltr'><strong>hteresim</strong></span> <span class='ocrx_word' id='word_1_184' title='bbox 2217 1283 2351 1337; x_wconf 88' lang='lat' dir='ltr'><strong>velut</strong></span> <span class='ocrx_word' id='word_1_185' title='bbox 2385 1283 2725 1352; x_wconf 87' lang='lat' dir='ltr'><strong>perniciosam</strong></span> <span class='ocrx_word' id='word_1_186' title='bbox 2769 1293 2813 1333; x_wconf 91' lang='lat' dir='ltr'><strong>et</strong></span> <span class='ocrx_word' id='word_1_187' title='bbox 2858 1283 3067 1333; x_wconf 77' lang='lat' dir='ltr'><strong>noxiam</strong></span> <span class='ocrx_word' id='word_1_188' title='bbox 3098 1292 3142 1335; x_wconf 88' lang='lat' dir='ltr'><strong>et</strong></span> <span class='ocrx_word' id='word_1_189' title='bbox 3173 1298 3203 1333; x_wconf 93' lang='lat' dir='ltr'><strong>a</strong></span> <span class='ocrx_word' id='word_1_190' title='bbox 3237 1294 3367 1333; x_wconf 85' lang='lat' dir='ltr'><strong>sana</strong></span> 
     </span>
    </p>
   </div>
   <div class='ocr_carea' id='block_1_27' title="bbox 1809 1372 3367 1439">
    <p class='ocr_par' dir='ltr' id='par_1_27' title="bbox 1809 1372 3367 1439">
     <span class='ocr_line' id='line_1_27' title="bbox 1809 1372 3367 1439; baseline -0.001 -16"><span class='ocrx_word' id='word_1_191' title='bbox 1809 1374 1911 1439; x_wconf 79' lang='lat' dir='ltr'><strong>ﬁde</strong></span> <span class='ocrx_word' id='word_1_192' title='bbox 1936 1376 2161 1425; x_wconf 86' lang='lat' dir='ltr'><strong>alienant</strong></span> <span class='ocrx_word' id='word_1_193' title='bbox 2192 1376 2552 1427; x_wconf 80' lang='lat' dir='ltr'><strong>exterminent.</strong></span> <span class='ocrx_word' id='word_1_194' title='bbox 2594 1372 2733 1425; x_wconf 84' lang='lat' dir='ltr'><strong>Nam</strong></span> <span class='ocrx_word' id='word_1_195' title='bbox 2766 1373 3013 1424; x_wconf 84' lang='lat' dir='ltr'><strong>hactenus</strong></span> <span class='ocrx_word' id='word_1_196' title='bbox 3050 1373 3101 1423; x_wconf 87' lang='lat' dir='ltr'><strong>in</strong></span> <span class='ocrx_word' id='word_1_197' title='bbox 3132 1372 3367 1424; x_wconf 80' lang='lat' dir='ltr'><strong>omnibus</strong></span> 
     </span>
    </p>
   </div>
   <div class='ocr_carea' id='block_1_28' title="bbox 1811 1463 3371 1535">
    <p class='ocr_par' dir='ltr' id='par_1_28' title="bbox 1811 1463 3371 1535">
     <span class='ocr_line' id='line_1_28' title="bbox 1811 1463 3371 1535; baseline -0.003 -18"><span class='ocrx_word' id='word_1_198' title='bbox 1811 1482 1940 1532; x_wconf 86' lang='lat' dir='ltr'><strong>quas</strong></span> <span class='ocrx_word' id='word_1_199' title='bbox 1980 1467 2213 1517; x_wconf 86' lang='lat' dir='ltr'><strong>scribunt</strong></span> <span class='ocrx_word' id='word_1_200' title='bbox 2244 1467 2456 1528; x_wconf 85' lang='lat' dir='ltr'><strong>litteris.</strong></span> <span class='ocrx_word' id='word_1_201' title='bbox 2494 1470 2675 1519; x_wconf 79' lang='lat' dir='ltr'><strong>Arium</strong></span> <span class='ocrx_word' id='word_1_202' title='bbox 2717 1468 2924 1535; x_wconf 81' lang='lat' dir='ltr'><strong>quidem</strong></span> <span class='ocrx_word' id='word_1_203' title='bbox 2951 1463 3168 1530; x_wconf 74' lang='lat' dir='ltr'><strong>infausti</strong></span> <span class='ocrx_word' id='word_1_204' title='bbox 3204 1464 3371 1514; x_wconf 86' lang='lat' dir='ltr'><strong>nanti-</strong></span> 
     </span>
    </p>
   </div>
   <div class='ocr_carea' id='block_1_29' title="bbox 1815 1555 3373 1627">
    <p class='ocr_par' dir='ltr' id='par_1_29' title="bbox 1815 1555 3373 1627">
     <span class='ocr_line' id='line_1_29' title="bbox 1815 1555 3373 1627; baseline -0.002 -18"><span class='ocrx_word' id='word_1_205' title='bbox 1815 1558 1895 1611; x_wconf 90' lang='lat' dir='ltr'><strong>nis</strong></span> <span class='ocrx_word' id='word_1_206' title='bbox 1926 1559 2090 1611; x_wconf 85' lang='lat' dir='ltr'><strong>rirum</strong></span> <span class='ocrx_word' id='word_1_207' title='bbox 2106 1575 2293 1625; x_wconf 81' lang='lat' dir='ltr'><strong>susque</strong></span> <span class='ocrx_word' id='word_1_208' title='bbox 2319 1561 2479 1627; x_wconf 84' lang='lat' dir='ltr'><strong>deque</strong></span> <span class='ocrx_word' id='word_1_209' title='bbox 2506 1560 2835 1611; x_wconf 81' lang='lat' dir='ltr'><strong>anathemate</strong></span> <span class='ocrx_word' id='word_1_210' title='bbox 2861 1558 3038 1626; x_wconf 77' lang='lat' dir='ltr'><strong>ferire,</strong></span> <span class='ocrx_word' id='word_1_211' title='bbox 3062 1566 3105 1608; x_wconf 93' lang='lat' dir='ltr'><strong>et</strong></span> <span class='ocrx_word' id='word_1_212' title='bbox 3131 1555 3193 1607; x_wconf 83' lang='lat' dir='ltr'><strong>ab</strong></span> <span class='ocrx_word' id='word_1_213' title='bbox 3210 1556 3373 1607; x_wconf 84' lang='lat' dir='ltr'><strong>eccle-</strong></span> 
     </span>
    </p>
   </div>
   <div class='ocr_carea' id='block_1_30' title="bbox 1814 1646 3371 1718">
    <p class='ocr_par' dir='ltr' id='par_1_30' title="bbox 1814 1646 3371 1718">
     <span class='ocr_line' id='line_1_30' title="bbox 1814 1646 3371 1718; baseline -0.001 -18"><span class='ocrx_word' id='word_1_214' title='bbox 1814 1650 1906 1701; x_wconf 86' lang='lat' dir='ltr'><strong>siis</strong></span> <span class='ocrx_word' id='word_1_215' title='bbox 1937 1651 2166 1718; x_wconf 82' lang='lat' dir='ltr'><strong>relegare</strong></span> <span class='ocrx_word' id='word_1_216' title='bbox 2204 1668 2305 1704; x_wconf 86' lang='lat' dir='ltr'><strong>non</strong></span> <span class='ocrx_word' id='word_1_217' title='bbox 2341 1658 2586 1703; x_wconf 78' lang='lat' dir='ltr'><strong>cessant:</strong></span> <span class='ocrx_word' id='word_1_218' title='bbox 2612 1647 2860 1701; x_wconf 80' lang='lat' dir='ltr'><strong>Marcello</strong></span> <span class='ocrx_word' id='word_1_219' title='bbox 2905 1665 3038 1710; x_wconf 88' lang='lat' dir='ltr'><strong>rero,</strong></span> <span class='ocrx_word' id='word_1_220' title='bbox 3072 1647 3160 1717; x_wconf 88' lang='lat' dir='ltr'><strong>qui</strong></span> <span class='ocrx_word' id='word_1_221' title='bbox 3186 1646 3371 1714; x_wconf 83' lang='lat' dir='ltr'><strong>impie-</strong></span> 
     </span>
    </p>
   </div>
   <div class='ocr_carea' id='block_1_31' title="bbox 1815 1738 3369 1809">
    <p class='ocr_par' dir='ltr' id='par_1_31' title="bbox 1815 1738 3369 1809">
     <span class='ocr_line' id='line_1_31' title="bbox 1815 1738 3369 1809; baseline -0.001 -19"><span class='ocrx_word' id='word_1_222' title='bbox 1815 1750 1970 1791; x_wconf 88' lang='lat' dir='ltr'><strong>tatent</strong></span> <span class='ocrx_word' id='word_1_223' title='bbox 1995 1741 2040 1792; x_wconf 88' lang='lat' dir='ltr'><strong>ei</strong></span> <span class='ocrx_word' id='word_1_224' title='bbox 2067 1757 2130 1793; x_wconf 81' lang='lat' dir='ltr'><strong>ex</strong></span> <span class='ocrx_word' id='word_1_225' title='bbox 2153 1742 2409 1794; x_wconf 83' lang='lat' dir='ltr'><strong>diametro</strong></span> <span class='ocrx_word' id='word_1_226' title='bbox 2450 1742 2737 1809; x_wconf 84' lang='lat' dir='ltr'><strong>oppositam</strong></span> <span class='ocrx_word' id='word_1_227' title='bbox 2775 1739 3009 1806; x_wconf 84' lang='lat' dir='ltr'><strong>protulit,</strong></span> <span class='ocrx_word' id='word_1_228' title='bbox 3038 1750 3084 1791; x_wconf 87' lang='lat' dir='ltr'><strong>et</strong></span> <span class='ocrx_word' id='word_1_229' title='bbox 3117 1740 3171 1791; x_wconf 88' lang='lat' dir='ltr'><strong>in</strong></span> <span class='ocrx_word' id='word_1_230' title='bbox 3201 1738 3369 1804; x_wconf 66' lang='lat' dir='ltr'><strong>ipsum</strong></span> 
     </span>
    </p>
   </div>
   <div class='ocr_carea' id='block_1_32' title="bbox 151 1826 3374 1900">
    <p class='ocr_par' dir='ltr' id='par_1_32' title="bbox 151 1826 3374 1900">
     <span class='ocr_line' id='line_1_32' title="bbox 151 1826 3374 1900; baseline -0.001 -16"><span class='ocrx_word' id='word_1_231' title='bbox 151 1830 435 1895; x_wconf 76' lang='lat' dir='ltr'><strong>luereticis,</strong></span> <span class='ocrx_word' id='word_1_232' title='bbox 466 1838 522 1883; x_wconf 90' lang='lat' dir='ltr'><strong>et</strong></span> <span class='ocrx_word' id='word_1_233' title='bbox 548 1830 689 1898; x_wconf 88' lang='lat' dir='ltr'><strong>quod</strong></span> <span class='ocrx_word' id='word_1_234' title='bbox 722 1831 1054 1885; x_wconf 83' lang='lat' dir='ltr'><strong>Athanasius</strong></span> <span class='ocrx_word' id='word_1_235' title='bbox 1090 1830 1441 1900; x_wconf 85' lang='lat' dir='ltr'><strong>interroganti</strong></span> <span class='ocrx_word' id='word_1_236' title='bbox 1483 1831 1712 1899; x_wconf 84' lang='lat' dir='ltr'><strong>Epiplta-</strong></span> <span class='ocrx_word' id='word_1_237' title='bbox 1743 1830 1783 1885; x_wconf 86' lang='grc' dir='ltr'><strong>Β</strong></span> <span class='ocrx_word' id='word_1_238' title='bbox 1813 1830 2383 1900; x_wconf 75' lang='lat' dir='ltr'><strong>diriuilulisUnigeniti</strong></span> <span class='ocrx_word' id='word_1_239' title='bbox 2413 1834 2770 1887; x_wconf 74' lang='lat' dir='ltr'><strong>exsistentiam</strong></span> <span class='ocrx_word' id='word_1_240' title='bbox 2796 1832 2983 1899; x_wconf 83' lang='lat' dir='ltr'><strong>impius</strong></span> <span class='ocrx_word' id='word_1_241' title='bbox 3007 1830 3187 1898; x_wconf 81' lang='lat' dir='ltr'><strong>fuit,et</strong></span> <span class='ocrx_word' id='word_1_242' title='bbox 3220 1826 3374 1881; x_wconf 80' lang='lat' dir='ltr'><strong>Verbi</strong></span> 
     </span>
    </p>
   </div>
   <div class='ocr_carea' id='block_1_33' title="bbox 152 1920 1709 1994">
    <p class='ocr_par' dir='ltr' id='par_1_33' title="bbox 152 1920 1709 1994">
     <span class='ocr_line' id='line_1_33' title="bbox 152 1920 1709 1994; baseline 0.001 -21"><span class='ocrx_word' id='word_1_243' title='bbox 152 1920 233 1973; x_wconf 93' lang='lat' dir='ltr'><strong>nio</strong></span> <span class='ocrx_word' id='word_1_244' title='bbox 252 1920 332 1974; x_wconf 90' lang='lat' dir='ltr'><strong>sic</strong></span> <span class='ocrx_word' id='word_1_245' title='bbox 370 1921 647 1990; x_wconf 90' lang='lat' dir='ltr'><strong>respondit</strong></span> <span class='ocrx_word' id='word_1_246' title='bbox 677 1920 778 1990; x_wconf 92' lang='lat' dir='ltr'><strong>(a),</strong></span> <span class='ocrx_word' id='word_1_247' title='bbox 829 1932 887 1975; x_wconf 90' lang='lat' dir='ltr'><strong>ut</strong></span> <span class='ocrx_word' id='word_1_248' title='bbox 922 1934 1202 1994; x_wconf 87' lang='lat' dir='ltr'><strong>purgatum</strong></span> <span class='ocrx_word' id='word_1_249' title='bbox 1241 1924 1438 1977; x_wconf 85' lang='lat' dir='ltr'><strong>habere</strong></span> <span class='ocrx_word' id='word_1_250' title='bbox 1482 1923 1709 1976; x_wconf 77' lang='lat' dir='ltr'><strong>Marcel-</strong></span> 
     </span>
    </p>
   </div>
   <div class='ocr_carea' id='block_1_34' title="bbox 153 2011 1711 2083">
    <p class='ocr_par' dir='ltr' id='par_1_34' title="bbox 153 2011 1711 2083">
     <span class='ocr_line' id='line_1_34' title="bbox 153 2011 1711 2083; baseline 0 -18"><span class='ocrx_word' id='word_1_251' title='bbox 153 2011 253 2065; x_wconf 88' lang='lat' dir='ltr'><strong>lnm</strong></span> <span class='ocrx_word' id='word_1_252' title='bbox 291 2012 587 2065; x_wconf 77' lang='lat' dir='ltr'><strong>videretur.</strong></span> <span class='ocrx_word' id='word_1_253' title='bbox 620 2012 799 2080; x_wconf 81' lang='lat' dir='ltr'><strong>Atque</strong></span> <span class='ocrx_word' id='word_1_254' title='bbox 838 2028 899 2066; x_wconf 87' lang='lat' dir='ltr'><strong>ex</strong></span> <span class='ocrx_word' id='word_1_255' title='bbox 934 2014 1017 2067; x_wconf 89' lang='lat' dir='ltr'><strong>his</strong></span> <span class='ocrx_word' id='word_1_256' title='bbox 1065 2015 1279 2083; x_wconf 85' lang='lat' dir='ltr'><strong>quidem</strong></span> <span class='ocrx_word' id='word_1_257' title='bbox 1317 2022 1527 2065; x_wconf 90' lang='lat' dir='ltr'><strong>constat</strong></span> <span class='ocrx_word' id='word_1_258' title='bbox 1573 2012 1711 2065; x_wconf 79' lang='lat' dir='ltr'><strong>Mar—</strong></span> 
     </span>
    </p>
   </div>
   <div class='ocr_carea' id='block_1_35' title="bbox 156 2098 1712 2171">
    <p class='ocr_par' dir='ltr' id='par_1_35' title="bbox 156 2098 1712 2171">
     <span class='ocr_line' id='line_1_35' title="bbox 156 2098 1712 2171; baseline 0.003 -22"><span class='ocrx_word' id='word_1_259' title='bbox 156 2098 342 2150; x_wconf 88' lang='lat' dir='ltr'><strong>cellum</strong></span> <span class='ocrx_word' id='word_1_260' title='bbox 387 2114 559 2168; x_wconf 86' lang='lat' dir='ltr'><strong>usque</strong></span> <span class='ocrx_word' id='word_1_261' title='bbox 585 2100 650 2152; x_wconf 89' lang='lat' dir='ltr'><strong>ad</strong></span> <span class='ocrx_word' id='word_1_262' title='bbox 681 2109 887 2153; x_wconf 91' lang='lat' dir='ltr'><strong>certum</strong></span> <span class='ocrx_word' id='word_1_263' title='bbox 926 2113 1134 2171; x_wconf 86' lang='lat' dir='ltr'><strong>tempus</strong></span> <span class='ocrx_word' id='word_1_264' title='bbox 1170 2102 1219 2153; x_wconf 93' lang='lat' dir='ltr'><strong>in</strong></span> <span class='ocrx_word' id='word_1_265' title='bbox 1248 2099 1482 2154; x_wconf 84' lang='lat' dir='ltr'><strong>Ecclesia</strong></span> <span class='ocrx_word' id='word_1_266' title='bbox 1516 2102 1712 2169; x_wconf 85' lang='lat' dir='ltr'><strong>persti-</strong></span> 
     </span>
    </p>
   </div>
   <div class='ocr_carea' id='block_1_36' title="bbox 157 2190 1711 2259">
    <p class='ocr_par' dir='ltr' id='par_1_36' title="bbox 157 2190 1711 2259">
     <span class='ocr_line' id='line_1_36' title="bbox 157 2190 1711 2259; baseline 0.003 -18"><span class='ocrx_word' id='word_1_267' title='bbox 157 2190 291 2245; x_wconf 84' lang='lat' dir='ltr'><strong>tisse.</strong></span> <span class='ocrx_word' id='word_1_268' title='bbox 320 2192 431 2246; x_wconf 87' lang='lat' dir='ltr'><strong>Sed</strong></span> <span class='ocrx_word' id='word_1_269' title='bbox 488 2208 607 2259; x_wconf 67' lang='lat' dir='ltr'><strong>quae</strong></span> <span class='ocrx_word' id='word_1_270' title='bbox 633 2209 695 2245; x_wconf 77' lang='lat' dir='ltr'><strong>ex</strong></span> <span class='ocrx_word' id='word_1_271' title='bbox 734 2192 916 2246; x_wconf 86' lang='lat' dir='ltr'><strong>Basilii</strong></span> <span class='ocrx_word' id='word_1_272' title='bbox 950 2193 1196 2259; x_wconf 85' lang='lat' dir='ltr'><strong>epistolis</strong></span> <span class='ocrx_word' id='word_1_273' title='bbox 1238 2202 1524 2255; x_wconf 89' lang='lat' dir='ltr'><strong>eruuntur,</strong></span> <span class='ocrx_word' id='word_1_274' title='bbox 1552 2208 1612 2245; x_wconf 82' lang='lat' dir='ltr'><strong>ea</strong></span> <span class='ocrx_word' id='word_1_275' title='bbox 1646 2192 1711 2245; x_wconf 85' lang='lat' dir='ltr'><strong>ad</strong></span> 
     </span>
    </p>
   </div>
   <div class='ocr_carea' id='block_1_37' title="bbox 153 2282 1714 2354">
    <p class='ocr_par' dir='ltr' id='par_1_37' title="bbox 153 2282 1714 2354">
     <span class='ocr_line' id='line_1_37' title="bbox 153 2282 1714 2354; baseline 0.001 -19"><span class='ocrx_word' id='word_1_276' title='bbox 153 2293 417 2338; x_wconf 87' lang='lat' dir='ltr'><strong>extremos</strong></span> <span class='ocrx_word' id='word_1_277' title='bbox 470 2284 706 2339; x_wconf 75' lang='lat' dir='ltr'><strong>Marcelli</strong></span> <span class='ocrx_word' id='word_1_278' title='bbox 740 2300 910 2337; x_wconf 89' lang='lat' dir='ltr'><strong>annos</strong></span> <span class='ocrx_word' id='word_1_279' title='bbox 962 2282 1262 2351; x_wconf 86' lang='lat' dir='ltr'><strong>pertinent;</strong></span> <span class='ocrx_word' id='word_1_280' title='bbox 1296 2285 1535 2354; x_wconf 86' lang='lat' dir='ltr'><strong>satisque</strong></span> <span class='ocrx_word' id='word_1_281' title='bbox 1580 2282 1714 2337; x_wconf 82' lang='lat' dir='ltr'><strong>dilll-</strong></span> 
     </span>
    </p>
   </div>
   <div class='ocr_carea' id='block_1_38' title="bbox 154 2376 1710 2432">
    <p class='ocr_par' dir='ltr' id='par_1_38' title="bbox 154 2376 1710 2432">
     <span class='ocr_line' id='line_1_38' title="bbox 154 2376 1710 2432; baseline 0.001 -3"><span class='ocrx_word' id='word_1_282' title='bbox 154 2377 245 2430; x_wconf 85' lang='lat' dir='ltr'><strong>cile</strong></span> <span class='ocrx_word' id='word_1_283' title='bbox 291 2386 378 2432; x_wconf 87' lang='lat' dir='ltr'><strong>est</strong></span> <span class='ocrx_word' id='word_1_284' title='bbox 429 2395 497 2432; x_wconf 87' lang='lat' dir='ltr'><strong>ex</strong></span> <span class='ocrx_word' id='word_1_285' title='bbox 554 2380 633 2431; x_wconf 91' lang='lat' dir='ltr'><strong>eis</strong></span> <span class='ocrx_word' id='word_1_286' title='bbox 692 2394 794 2431; x_wconf 91' lang='lat' dir='ltr'><strong>non</strong></span> <span class='ocrx_word' id='word_1_287' title='bbox 857 2376 1175 2431; x_wconf 79' lang='lat' dir='ltr'><strong>Concludere</strong></span> <span class='ocrx_word' id='word_1_288' title='bbox 1237 2393 1265 2431; x_wconf 90' lang='lat' dir='ltr'><strong>a</strong></span> <span class='ocrx_word' id='word_1_289' title='bbox 1334 2378 1710 2431; x_wconf 74' lang='lat' dir='ltr'><strong>communione</strong></span> 
     </span>
    </p>
   </div>
   <div class='ocr_carea' id='block_1_39' title="bbox 156 2466 1711 2521">
    <p class='ocr_par' dir='ltr' id='par_1_39' title="bbox 156 2466 1711 2521">
     <span class='ocr_line' id='line_1_39' title="bbox 156 2466 1711 2521; baseline -0.003 -1"><span class='ocrx_word' id='word_1_290' title='bbox 156 2466 207 2520; x_wconf 89' lang='lat' dir='ltr'><strong>S.</strong></span> <span class='ocrx_word' id='word_1_291' title='bbox 224 2467 506 2521; x_wconf 78' lang='lat' dir='ltr'><strong>Athanasii</strong></span> <span class='ocrx_word' id='word_1_292' title='bbox 527 2475 579 2519; x_wconf 89' lang='lat' dir='ltr'><strong>et</strong></span> <span class='ocrx_word' id='word_1_293' title='bbox 600 2468 759 2521; x_wconf 88' lang='lat' dir='ltr'><strong>totius</strong></span> <span class='ocrx_word' id='word_1_294' title='bbox 777 2466 1009 2521; x_wconf 85' lang='lat' dir='ltr'><strong>Orientis</strong></span> <span class='ocrx_word' id='word_1_295' title='bbox 1027 2466 1329 2519; x_wconf 84' lang='lat' dir='ltr'><strong>Marcellum</strong></span> <span class='ocrx_word' id='word_1_296' title='bbox 1348 2475 1469 2519; x_wconf 87' lang='lat' dir='ltr'><strong>ante</strong></span> <span class='ocrx_word' id='word_1_297' title='bbox 1488 2476 1711 2518; x_wconf 90' lang='lat' dir='ltr'><strong>mortem</strong></span> 
     </span>
    </p>
   </div>
   <div class='ocr_carea' id='block_1_40' title="bbox 155 2556 1713 2622">
    <p class='ocr_par' dir='ltr' id='par_1_40' title="bbox 155 2556 1713 2622">
     <span class='ocr_line' id='line_1_40' title="bbox 155 2556 1713 2622; baseline -0.003 -11"><span class='ocrx_word' id='word_1_298' title='bbox 155 2559 425 2613; x_wconf 81' lang='lat' dir='ltr'><strong>exclusum</strong></span> <span class='ocrx_word' id='word_1_299' title='bbox 456 2558 647 2622; x_wconf 89' lang='lat' dir='ltr'><strong>fuisse,</strong></span> <span class='ocrx_word' id='word_1_300' title='bbox 670 2573 767 2613; x_wconf 86' lang='lat' dir='ltr'><strong>nec</strong></span> <span class='ocrx_word' id='word_1_301' title='bbox 791 2567 914 2612; x_wconf 90' lang='lat' dir='ltr'><strong>tunc</strong></span> <span class='ocrx_word' id='word_1_302' title='bbox 946 2556 1255 2612; x_wconf 89' lang='lat' dir='ltr'><strong>Occidentis</strong></span> <span class='ocrx_word' id='word_1_303' title='bbox 1290 2556 1538 2609; x_wconf 88' lang='lat' dir='ltr'><strong>habuisse</strong></span> <span class='ocrx_word' id='word_1_304' title='bbox 1563 2570 1713 2609; x_wconf 85' lang='lat' dir='ltr'><strong>com-</strong></span> 
     </span>
    </p>
   </div>
   <div class='ocr_carea' id='block_1_41' title="bbox 156 2649 1711 2720">
    <p class='ocr_par' dir='ltr' id='par_1_41' title="bbox 156 2649 1711 2720">
     <span class='ocr_line' id='line_1_41' title="bbox 156 2649 1711 2720; baseline -0.002 -17"><span class='ocrx_word' id='word_1_305' title='bbox 156 2651 481 2705; x_wconf 86' lang='lat' dir='ltr'><strong>munionem.</strong></span> <span class='ocrx_word' id='word_1_306' title='bbox 505 2650 856 2720; x_wconf 89' lang='lat' dir='ltr'><strong>Conjecturas</strong></span> <span class='ocrx_word' id='word_1_307' title='bbox 885 2665 1031 2703; x_wconf 85' lang='lat' dir='ltr'><strong>meas</strong></span> <span class='ocrx_word' id='word_1_308' title='bbox 1070 2664 1387 2719; x_wconf 81' lang='lat' dir='ltr'><strong>praponam,</strong></span> <span class='ocrx_word' id='word_1_309' title='bbox 1418 2656 1526 2703; x_wconf 90' lang='lat' dir='ltr'><strong>tota</strong></span> <span class='ocrx_word' id='word_1_310' title='bbox 1563 2662 1620 2702; x_wconf 90' lang='lat' dir='ltr'><strong>re</strong></span> <span class='ocrx_word' id='word_1_311' title='bbox 1647 2649 1711 2701; x_wconf 88' lang='lat' dir='ltr'><strong>ad</strong></span> 
     </span>
    </p>
   </div>
   <div class='ocr_carea' id='block_1_42' title="bbox 156 2742 1171 2811">
    <p class='ocr_par' dir='ltr' id='par_1_42' title="bbox 156 2742 1171 2811">
     <span class='ocr_line' id='line_1_42' title="bbox 156 2742 1171 2811; baseline 0 -15"><span class='ocrx_word' id='word_1_312' title='bbox 156 2742 554 2811; x_wconf 86' lang='lat' dir='ltr'><strong>dijudieandum</strong></span> <span class='ocrx_word' id='word_1_313' title='bbox 597 2745 926 2800; x_wconf 88' lang='lat' dir='ltr'><strong>doctioribus</strong></span> <span class='ocrx_word' id='word_1_314' title='bbox 962 2744 1171 2797; x_wconf 89' lang='lat' dir='ltr'><strong>relicta.</strong></span> 
     </span>
    </p>
   </div>
   <div class='ocr_carea' id='block_1_43' title="bbox 224 2832 1716 2904">
    <p class='ocr_par' dir='ltr' id='par_1_43' title="bbox 224 2832 1716 2904">
     <span class='ocr_line' id='line_1_43' title="bbox 224 2832 1716 2904; baseline -0.003 -14"><span class='ocrx_word' id='word_1_315' title='bbox 224 2835 517 2904; x_wconf 87' lang='lat' dir='ltr'><strong>Conceptis</strong></span> <span class='ocrx_word' id='word_1_316' title='bbox 569 2853 699 2889; x_wconf 87' lang='lat' dir='ltr'><strong>sane</strong></span> <span class='ocrx_word' id='word_1_317' title='bbox 736 2837 914 2891; x_wconf 78' lang='lat' dir='ltr'><strong>verbis</strong></span> <span class='ocrx_word' id='word_1_318' title='bbox 964 2844 1193 2890; x_wconf 85' lang='lat' dir='ltr'><strong>testatur</strong></span> <span class='ocrx_word' id='word_1_319' title='bbox 1232 2832 1461 2888; x_wconf 82' lang='lat' dir='ltr'><strong>Basilius</strong></span> <span class='ocrx_word' id='word_1_320' title='bbox 1491 2832 1716 2901; x_wconf 71' lang='lat' dir='ltr'><strong>(bHIar-</strong></span> 
     </span>
    </p>
   </div>
   <div class='ocr_carea' id='block_1_44' title="bbox 157 2926 1713 2996">
    <p class='ocr_par' dir='ltr' id='par_1_44' title="bbox 157 2926 1713 2996">
     <span class='ocr_line' id='line_1_44' title="bbox 157 2926 1713 2996; baseline -0.003 -14"><span class='ocrx_word' id='word_1_321' title='bbox 157 2929 336 2982; x_wconf 89' lang='lat' dir='ltr'><strong>cellum</strong></span> <span class='ocrx_word' id='word_1_322' title='bbox 367 2944 434 2981; x_wconf 79' lang='lat' dir='ltr'><strong>ex</strong></span> <span class='ocrx_word' id='word_1_323' title='bbox 467 2929 706 2981; x_wconf 78' lang='lat' dir='ltr'><strong>Ecclesia</strong></span> <span class='ocrx_word' id='word_1_324' title='bbox 735 2930 929 2982; x_wconf 79' lang='lat' dir='ltr'><strong>esiisse</strong></span> <span class='ocrx_word' id='word_1_325' title='bbox 955 2946 965 2978; x_wconf 94' lang='lat'><strong>:</strong></span> <span class='ocrx_word' id='word_1_326' title='bbox 999 2942 1172 2996; x_wconf 87' lang='lat' dir='ltr'><strong>neque</strong></span> <span class='ocrx_word' id='word_1_327' title='bbox 1204 2927 1304 2979; x_wconf 85' lang='lat' dir='ltr'><strong>hoc.</strong></span> <span class='ocrx_word' id='word_1_328' title='bbox 1350 2926 1713 2981; x_wconf 86' lang='lat' dir='ltr'><strong>testimonium</strong></span> 
     </span>
    </p>
   </div>
   <div class='ocr_carea' id='block_1_45' title="bbox 156 3018 1710 3087">
    <p class='ocr_par' dir='ltr' id='par_1_45' title="bbox 156 3018 1710 3087">
     <span class='ocr_line' id='line_1_45' title="bbox 156 3018 1710 3087; baseline -0.001 -14"><span class='ocrx_word' id='word_1_329' title='bbox 156 3021 203 3073; x_wconf 93' lang='lat' dir='ltr'><strong>in</strong></span> <span class='ocrx_word' id='word_1_330' title='bbox 233 3036 288 3074; x_wconf 90' lang='lat' dir='ltr'><strong>re</strong></span> <span class='ocrx_word' id='word_1_331' title='bbox 318 3031 447 3073; x_wconf 88' lang='lat' dir='ltr'><strong>ante</strong></span> <span class='ocrx_word' id='word_1_332' title='bbox 484 3020 651 3087; x_wconf 84' lang='lat' dir='ltr'><strong>ipsius</strong></span> <span class='ocrx_word' id='word_1_333' title='bbox 686 3021 870 3072; x_wconf 87' lang='lat' dir='ltr'><strong>oculos</strong></span> <span class='ocrx_word' id='word_1_334' title='bbox 901 3022 1072 3086; x_wconf 84' lang='lat' dir='ltr'><strong>posita</strong></span> <span class='ocrx_word' id='word_1_335' title='bbox 1106 3019 1317 3071; x_wconf 72' lang='lat' dir='ltr'><strong>videtur</strong></span> <span class='ocrx_word' id='word_1_336' title='bbox 1357 3018 1507 3086; x_wconf 89' lang='lat' dir='ltr'><strong>rejici</strong></span> <span class='ocrx_word' id='word_1_337' title='bbox 1533 3032 1710 3086; x_wconf 89' lang='lat' dir='ltr'><strong>posse.</strong></span> 
     </span>
    </p>
   </div>
   <div class='ocr_carea' id='block_1_46' title="bbox 159 3108 1714 3178">
    <p class='ocr_par' dir='ltr' id='par_1_46' title="bbox 159 3108 1714 3178">
     <span class='ocr_line' id='line_1_46' title="bbox 159 3108 1714 3178; baseline -0.002 -14"><span class='ocrx_word' id='word_1_338' title='bbox 159 3110 264 3165; x_wconf 77' lang='lat' dir='ltr'><strong>Non</strong></span> <span class='ocrx_word' id='word_1_339' title='bbox 292 3114 439 3167; x_wconf 89' lang='lat' dir='ltr'><strong>enim</strong></span> <span class='ocrx_word' id='word_1_340' title='bbox 470 3112 518 3166; x_wconf 90' lang='lat' dir='ltr'><strong>is</strong></span> <span class='ocrx_word' id='word_1_341' title='bbox 542 3122 659 3164; x_wconf 86' lang='lat' dir='ltr'><strong>erat</strong></span> <span class='ocrx_word' id='word_1_342' title='bbox 686 3110 915 3165; x_wconf 81' lang='lat' dir='ltr'><strong>Basilius</strong></span> <span class='ocrx_word' id='word_1_343' title='bbox 936 3110 1050 3178; x_wconf 91' lang='lat' dir='ltr'><strong>qui,</strong></span> <span class='ocrx_word' id='word_1_344' title='bbox 1070 3110 1112 3163; x_wconf 89' lang='lat' dir='ltr'><strong>si</strong></span> <span class='ocrx_word' id='word_1_345' title='bbox 1160 3108 1448 3162; x_wconf 77' lang='lat' dir='ltr'><strong>Marcellus</strong></span> <span class='ocrx_word' id='word_1_346' title='bbox 1489 3108 1540 3162; x_wconf 84' lang='lat' dir='ltr'><strong>in</strong></span> <span class='ocrx_word' id='word_1_347' title='bbox 1572 3124 1714 3163; x_wconf 87' lang='lat' dir='ltr'><strong>com-</strong></span> 
     </span>
    </p>
   </div>
   <div class='ocr_carea' id='block_1_47' title="bbox 1812 1920 3373 1991">
    <p class='ocr_par' dir='ltr' id='par_1_47' title="bbox 1812 1920 3373 1991">
     <span class='ocr_line' id='line_1_47' title="bbox 1812 1920 3373 1991; baseline -0.002 -17"><span class='ocrx_word' id='word_1_348' title='bbox 1812 1924 2218 1991; x_wconf 86' lang='lat' dir='ltr'><strong>appellationem</strong></span> <span class='ocrx_word' id='word_1_349' title='bbox 2269 1940 2426 1990; x_wconf 74' lang='lat' dir='ltr'><strong>prave</strong></span> <span class='ocrx_word' id='word_1_350' title='bbox 2459 1927 2675 1989; x_wconf 86' lang='lat' dir='ltr'><strong>accepit,</strong></span> <span class='ocrx_word' id='word_1_351' title='bbox 2713 1923 2914 1974; x_wconf 85' lang='lat' dir='ltr'><strong>nullum</strong></span> <span class='ocrx_word' id='word_1_352' title='bbox 2956 1924 3197 1974; x_wconf 75' lang='lat' dir='ltr'><strong>videntur</strong></span> <span class='ocrx_word' id='word_1_353' title='bbox 3230 1920 3373 1971; x_wconf 81' lang='lat' dir='ltr'><strong>inlu-</strong></span> 
     </span>
    </p>
   </div>
   <div class='ocr_carea' id='block_1_48' title="bbox 1815 2012 3373 2082">
    <p class='ocr_par' dir='ltr' id='par_1_48' title="bbox 1815 2012 3373 2082">
     <span class='ocr_line' id='line_1_48' title="bbox 1815 2012 3373 2082; baseline 0 -18"><span class='ocrx_word' id='word_1_354' title='bbox 1815 2014 1936 2067; x_wconf 86' lang='lat' dir='ltr'><strong>lisse</strong></span> <span class='ocrx_word' id='word_1_355' title='bbox 1968 2016 2301 2081; x_wconf 83' lang='lat' dir='ltr'><strong>rilttperium.</strong></span> <span class='ocrx_word' id='word_1_356' title='bbox 2334 2014 2436 2081; x_wconf 84' lang='lat' dir='ltr'><strong>Qui</strong></span> <span class='ocrx_word' id='word_1_357' title='bbox 2475 2013 2696 2068; x_wconf 83' lang='lat' dir='ltr'><strong>Verbum</strong></span> <span class='ocrx_word' id='word_1_358' title='bbox 2729 2013 2936 2082; x_wconf 79' lang='lat' dir='ltr'><strong>quidem</strong></span> <span class='ocrx_word' id='word_1_359' title='bbox 2979 2015 3175 2064; x_wconf 80' lang='lat' dir='ltr'><strong>dictum</strong></span> <span class='ocrx_word' id='word_1_360' title='bbox 3214 2012 3373 2079; x_wconf 81' lang='lat' dir='ltr'><strong>{uisse</strong></span> 
     </span>
    </p>
   </div>
   <div class='ocr_carea' id='block_1_49' title="bbox 1816 2100 3374 2171">
    <p class='ocr_par' dir='ltr' id='par_1_49' title="bbox 1816 2100 3374 2171">
     <span class='ocr_line' id='line_1_49' title="bbox 1816 2100 3374 2171; baseline 0 -18"><span class='ocrx_word' id='word_1_361' title='bbox 1816 2100 2149 2171; x_wconf 87' lang='lat' dir='ltr'><strong>Unigenitum</strong></span> <span class='ocrx_word' id='word_1_362' title='bbox 2190 2107 2446 2170; x_wconf 84' lang='lat' dir='ltr'><strong>concedit,</strong></span> <span class='ocrx_word' id='word_1_363' title='bbox 2476 2107 2543 2157; x_wconf 88' lang='lat' dir='ltr'><strong>ad</strong></span> <span class='ocrx_word' id='word_1_364' title='bbox 2572 2120 2725 2157; x_wconf 84' lang='lat' dir='ltr'><strong>nsunt</strong></span> <span class='ocrx_word' id='word_1_365' title='bbox 2755 2112 2803 2156; x_wconf 88' lang='lat' dir='ltr'><strong>et</strong></span> <span class='ocrx_word' id='word_1_366' title='bbox 2825 2106 2891 2155; x_wconf 88' lang='lat' dir='ltr'><strong>ad</strong></span> <span class='ocrx_word' id='word_1_367' title='bbox 2930 2116 3128 2168; x_wconf 87' lang='lat' dir='ltr'><strong>tempus</strong></span> <span class='ocrx_word' id='word_1_368' title='bbox 3160 2117 3374 2169; x_wconf 82' lang='lat' dir='ltr'><strong>progre-</strong></span> 
     </span>
    </p>
   </div>
   <div class='ocr_carea' id='block_1_50' title="bbox 1813 2193 3377 2261">
    <p class='ocr_par' dir='ltr' id='par_1_50' title="bbox 1813 2193 3377 2261">
     <span class='ocr_line' id='line_1_50' title="bbox 1813 2193 3377 2261; baseline -0.001 -17"><span class='ocrx_word' id='word_1_369' title='bbox 1813 2194 1982 2254; x_wconf 84' lang='lat' dir='ltr'><strong>diens,</strong></span> <span class='ocrx_word' id='word_1_370' title='bbox 2008 2193 2096 2245; x_wconf 84' lang='lat' dir='ltr'><strong>sed</strong></span> <span class='ocrx_word' id='word_1_371' title='bbox 2126 2210 2305 2247; x_wconf 84' lang='lat' dir='ltr'><strong>rursus</strong></span> <span class='ocrx_word' id='word_1_372' title='bbox 2337 2196 2405 2246; x_wconf 84' lang='lat' dir='ltr'><strong>ad</strong></span> <span class='ocrx_word' id='word_1_373' title='bbox 2428 2211 2543 2246; x_wconf 88' lang='lat' dir='ltr'><strong>eum</strong></span> <span class='ocrx_word' id='word_1_374' title='bbox 2591 2197 2726 2247; x_wconf 86' lang='lat' dir='ltr'><strong>unde</strong></span> <span class='ocrx_word' id='word_1_375' title='bbox 2755 2195 2949 2261; x_wconf 83' lang='lat' dir='ltr'><strong>prodiit</strong></span> <span class='ocrx_word' id='word_1_376' title='bbox 2980 2202 3253 2253; x_wconf 82' lang='lat' dir='ltr'><strong>rerertens,</strong></span> <span class='ocrx_word' id='word_1_377' title='bbox 3288 2206 3377 2243; x_wconf 88' lang='lat' dir='ltr'><strong>ne-</strong></span> 
     </span>
    </p>
   </div>
   <div class='ocr_carea' id='block_1_51' title="bbox 1812 2283 3371 2353">
    <p class='ocr_par' dir='ltr' id='par_1_51' title="bbox 1812 2283 3371 2353">
     <span class='ocr_line' id='line_1_51' title="bbox 1812 2283 3371 2353; baseline 0.001 -19"><span class='ocrx_word' id='word_1_378' title='bbox 1812 2299 1908 2353; x_wconf 88' lang='lat' dir='ltr'><strong>que</strong></span> <span class='ocrx_word' id='word_1_379' title='bbox 1936 2294 2055 2335; x_wconf 88' lang='lat' dir='ltr'><strong>ante</strong></span> <span class='ocrx_word' id='word_1_380' title='bbox 2092 2283 2290 2336; x_wconf 67' lang='lat' dir='ltr'><strong>exitum</strong></span> <span class='ocrx_word' id='word_1_381' title='bbox 2317 2299 2448 2349; x_wconf 79' lang='lat' dir='ltr'><strong>esse,</strong></span> <span class='ocrx_word' id='word_1_382' title='bbox 2490 2300 2649 2352; x_wconf 84' lang='lat' dir='ltr'><strong>neque</strong></span> <span class='ocrx_word' id='word_1_383' title='bbox 2671 2296 2782 2349; x_wconf 87' lang='lat' dir='ltr'><strong>post</strong></span> <span class='ocrx_word' id='word_1_384' title='bbox 2827 2285 3047 2339; x_wconf 83' lang='lat' dir='ltr'><strong>reditum</strong></span> <span class='ocrx_word' id='word_1_385' title='bbox 3072 2283 3371 2336; x_wconf 76' lang='lat' dir='ltr'><strong>subsistere.</strong></span> 
     </span>
    </p>
   </div>
   <div class='ocr_carea' id='block_1_52' title="bbox 1815 2372 3374 2444">
    <p class='ocr_par' dir='ltr' id='par_1_52' title="bbox 1815 2372 3374 2444">
     <span class='ocr_line' id='line_1_52' title="bbox 1815 2372 3374 2444; baseline -0.002 -18"><span class='ocrx_word' id='word_1_386' title='bbox 1815 2374 2043 2429; x_wconf 87' lang='lat' dir='ltr'><strong>Dubium</strong></span> <span class='ocrx_word' id='word_1_387' title='bbox 2078 2388 2206 2443; x_wconf 91' lang='lat' dir='ltr'><strong>ergo</strong></span> <span class='ocrx_word' id='word_1_388' title='bbox 2239 2390 2345 2428; x_wconf 91' lang='lat' dir='ltr'><strong>non</strong></span> <span class='ocrx_word' id='word_1_389' title='bbox 2380 2383 2495 2427; x_wconf 90' lang='lat' dir='ltr'><strong>erat</strong></span> <span class='ocrx_word' id='word_1_390' title='bbox 2518 2373 2711 2427; x_wconf 81' lang='lat' dir='ltr'><strong>Basilio</strong></span> <span class='ocrx_word' id='word_1_391' title='bbox 2738 2376 2864 2444; x_wconf 82' lang='lat' dir='ltr'><strong>quin</strong></span> <span class='ocrx_word' id='word_1_392' title='bbox 2882 2373 3185 2426; x_wconf 78' lang='lat' dir='ltr'><strong>Marcellum</strong></span> <span class='ocrx_word' id='word_1_393' title='bbox 3205 2372 3374 2426; x_wconf 69' lang='lat' dir='ltr'><strong>Athao</strong></span> 
     </span>
    </p>
   </div>
   <div class='ocr_carea' id='block_1_53' title="bbox 1814 2459 3375 2529">
    <p class='ocr_par' dir='ltr' id='par_1_53' title="bbox 1814 2459 3375 2529">
     <span class='ocr_line' id='line_1_53' title="bbox 1814 2459 3375 2529; baseline -0.001 -10"><span class='ocrx_word' id='word_1_394' title='bbox 1814 2468 1996 2519; x_wconf 86' lang='lat' dir='ltr'><strong>nasius</strong></span> <span class='ocrx_word' id='word_1_395' title='bbox 2051 2467 2435 2520; x_wconf 78' lang='lat' dir='ltr'><strong>condemnaret</strong></span> <span class='ocrx_word' id='word_1_396' title='bbox 2466 2484 2479 2520; x_wconf 89' lang='lat'><strong>:</strong></span> <span class='ocrx_word' id='word_1_397' title='bbox 2508 2465 2608 2519; x_wconf 91' lang='lat' dir='ltr'><strong>hoc</strong></span> <span class='ocrx_word' id='word_1_398' title='bbox 2659 2481 2819 2516; x_wconf 88' lang='lat' dir='ltr'><strong>nuttnt</strong></span> <span class='ocrx_word' id='word_1_399' title='bbox 2865 2464 3156 2529; x_wconf 85' lang='lat' dir='ltr'><strong>contendit,</strong></span> <span class='ocrx_word' id='word_1_400' title='bbox 3190 2471 3246 2515; x_wconf 91' lang='lat' dir='ltr'><strong>ut</strong></span> <span class='ocrx_word' id='word_1_401' title='bbox 3272 2459 3375 2517; x_wconf 79' lang='lat' dir='ltr'><strong>Oc-</strong></span> 
     </span>
    </p>
   </div>
   <div class='ocr_carea' id='block_1_54' title="bbox 1814 2553 3375 2623">
    <p class='ocr_par' dir='ltr' id='par_1_54' title="bbox 1814 2553 3375 2623">
     <span class='ocr_line' id='line_1_54' title="bbox 1814 2553 3375 2623; baseline -0.004 -12"><span class='ocrx_word' id='word_1_402' title='bbox 1814 2558 2111 2611; x_wconf 86' lang='lat' dir='ltr'><strong>cidentales</strong></span> <span class='ocrx_word' id='word_1_403' title='bbox 2166 2560 2230 2610; x_wconf 87' lang='lat' dir='ltr'><strong>ad</strong></span> <span class='ocrx_word' id='word_1_404' title='bbox 2275 2558 2417 2611; x_wconf 86' lang='lat' dir='ltr'><strong>idem</strong></span> <span class='ocrx_word' id='word_1_405' title='bbox 2472 2558 2539 2611; x_wconf 88' lang='lat' dir='ltr'><strong>de</strong></span> <span class='ocrx_word' id='word_1_406' title='bbox 2592 2554 2840 2610; x_wconf 84' lang='lat' dir='ltr'><strong>Marcello</strong></span> <span class='ocrx_word' id='word_1_407' title='bbox 2888 2554 3168 2607; x_wconf 84' lang='lat' dir='ltr'><strong>ferendum</strong></span> <span class='ocrx_word' id='word_1_408' title='bbox 3234 2553 3375 2623; x_wconf 73' lang='lat' dir='ltr'><strong>iudi-</strong></span> 
     </span>
    </p>
   </div>
   <div class='ocr_carea' id='block_1_55' title="bbox 1814 2645 3376 2718">
    <p class='ocr_par' dir='ltr' id='par_1_55' title="bbox 1814 2645 3376 2718">
     <span class='ocr_line' id='line_1_55' title="bbox 1814 2645 3376 2718; baseline -0.003 -15"><span class='ocrx_word' id='word_1_409' title='bbox 1814 2651 1956 2703; x_wconf 88' lang='lat' dir='ltr'><strong>cium</strong></span> <span class='ocrx_word' id='word_1_410' title='bbox 1986 2649 2235 2702; x_wconf 88' lang='lat' dir='ltr'><strong>adducat.</strong></span> <span class='ocrx_word' id='word_1_411' title='bbox 2274 2650 2532 2703; x_wconf 75' lang='lat' dir='ltr'><strong>Videntur</strong></span> <span class='ocrx_word' id='word_1_412' title='bbox 2576 2649 2871 2718; x_wconf 86' lang='lat' dir='ltr'><strong>posteriora</strong></span> <span class='ocrx_word' id='word_1_413' title='bbox 2919 2645 3148 2701; x_wconf 77' lang='lat' dir='ltr'><strong>Marcelli</strong></span> <span class='ocrx_word' id='word_1_414' title='bbox 3172 2647 3376 2715; x_wconf 88' lang='lat' dir='ltr'><strong>scripta</strong></span> 
     </span>
    </p>
   </div>
   <div class='ocr_carea' id='block_1_56' title="bbox 1816 2738 3373 2812">
    <p class='ocr_par' dir='ltr' id='par_1_56' title="bbox 1816 2738 3373 2812">
     <span class='ocr_line' id='line_1_56' title="bbox 1816 2738 3373 2812; baseline -0.001 -21"><span class='ocrx_word' id='word_1_415' title='bbox 1816 2739 1999 2812; x_wconf 87' lang='lat' dir='ltr'><strong>(multa</strong></span> <span class='ocrx_word' id='word_1_416' title='bbox 2036 2743 2176 2794; x_wconf 89' lang='lat' dir='ltr'><strong>enim</strong></span> <span class='ocrx_word' id='word_1_417' title='bbox 2214 2742 2429 2809; x_wconf 85' lang='lat' dir='ltr'><strong>scripsit</strong></span> <span class='ocrx_word' id='word_1_418' title='bbox 2455 2752 2589 2795; x_wconf 91' lang='lat' dir='ltr'><strong>teste</strong></span> <span class='ocrx_word' id='word_1_419' title='bbox 2625 2741 2947 2810; x_wconf 71' lang='lat' dir='ltr'><strong>Ilicrony-nu</strong></span> <span class='ocrx_word' id='word_1_420' title='bbox 2972 2738 3187 2810; x_wconf 47' lang='lat' dir='ltr'><strong>id])vel</strong></span> <span class='ocrx_word' id='word_1_421' title='bbox 3222 2752 3373 2807; x_wconf 86' lang='lat' dir='ltr'><strong>aper-</strong></span> 
     </span>
    </p>
   </div>
   <div class='ocr_carea' id='block_1_57' title="bbox 1818 2832 3381 2903">
    <p class='ocr_par' dir='ltr' id='par_1_57' title="bbox 1818 2832 3381 2903">
     <span class='ocr_line' id='line_1_57' title="bbox 1818 2832 3381 2903; baseline -0.001 -18"><span class='ocrx_word' id='word_1_422' title='bbox 1818 2834 1921 2887; x_wconf 88' lang='lat' dir='ltr'><strong>tior</strong></span> <span class='ocrx_word' id='word_1_423' title='bbox 1960 2835 2163 2888; x_wconf 90' lang='lat' dir='ltr'><strong>erroris</strong></span> <span class='ocrx_word' id='word_1_424' title='bbox 2204 2834 2515 2903; x_wconf 77' lang='lat' dir='ltr'><strong>przedicatio</strong></span> <span class='ocrx_word' id='word_1_425' title='bbox 2562 2834 2914 2887; x_wconf 79' lang='lat' dir='ltr'><strong>Athanasium</strong></span> <span class='ocrx_word' id='word_1_426' title='bbox 2971 2832 3287 2893; x_wconf 84' lang='lat' dir='ltr'><strong>adduxisse,</strong></span> <span class='ocrx_word' id='word_1_427' title='bbox 3322 2839 3381 2884; x_wconf 83' lang='lat' dir='ltr'><strong>ut</strong></span> 
     </span>
    </p>
   </div>
   <div class='ocr_carea' id='block_1_58' title="bbox 1816 2924 3377 2983">
    <p class='ocr_par' dir='ltr' id='par_1_58' title="bbox 1816 2924 3377 2983">
     <span class='ocr_line' id='line_1_58' title="bbox 1816 2924 3377 2983; baseline -0.002 -2"><span class='ocrx_word' id='word_1_428' title='bbox 1816 2946 1843 2981; x_wconf 91' lang='lat' dir='ltr'><strong>a</strong></span> <span class='ocrx_word' id='word_1_429' title='bbox 1877 2945 1972 2983; x_wconf 91' lang='lat' dir='ltr'><strong>sua</strong></span> <span class='ocrx_word' id='word_1_430' title='bbox 2010 2930 2159 2983; x_wconf 90' lang='lat' dir='ltr'><strong>illum</strong></span> <span class='ocrx_word' id='word_1_431' title='bbox 2207 2928 2585 2983; x_wconf 88' lang='lat' dir='ltr'><strong>communione</strong></span> <span class='ocrx_word' id='word_1_432' title='bbox 2633 2935 2951 2980; x_wconf 84' lang='lat' dir='ltr'><strong>removeret.</strong></span> <span class='ocrx_word' id='word_1_433' title='bbox 2985 2925 3058 2979; x_wconf 87' lang='lat' dir='ltr'><strong>De</strong></span> <span class='ocrx_word' id='word_1_434' title='bbox 3118 2924 3377 2978; x_wconf 73' lang='lat' dir='ltr'><strong>Romani:</strong></span> 
     </span>
    </p>
   </div>
   <div class='ocr_carea' id='block_1_59' title="bbox 1815 3014 3376 3089">
    <p class='ocr_par' dir='ltr' id='par_1_59' title="bbox 1815 3014 3376 3089">
     <span class='ocr_line' id='line_1_59' title="bbox 1815 3014 3376 3089; baseline -0.003 -15"><span class='ocrx_word' id='word_1_435' title='bbox 1815 3021 1977 3074; x_wconf 86' lang='lat' dir='ltr'><strong>etiam</strong></span> <span class='ocrx_word' id='word_1_436' title='bbox 2033 3037 2135 3074; x_wconf 93' lang='lat' dir='ltr'><strong>nou</strong></span> <span class='ocrx_word' id='word_1_437' title='bbox 2176 3021 2424 3089; x_wconf 88' lang='lat' dir='ltr'><strong>queritur</strong></span> <span class='ocrx_word' id='word_1_438' title='bbox 2473 3018 2701 3071; x_wconf 84' lang='lat' dir='ltr'><strong>Basilius</strong></span> <span class='ocrx_word' id='word_1_439' title='bbox 2758 3018 2897 3085; x_wconf 91' lang='lat' dir='ltr'><strong>quod</strong></span> <span class='ocrx_word' id='word_1_440' title='bbox 2951 3032 3070 3071; x_wconf 90' lang='lat' dir='ltr'><strong>cum</strong></span> <span class='ocrx_word' id='word_1_441' title='bbox 3122 3014 3376 3069; x_wconf 79' lang='lat' dir='ltr'><strong>Marcello</strong></span> 
     </span>
    </p>
   </div>
   <div class='ocr_carea' id='block_1_60' title="bbox 1814 3108 3376 3179">
    <p class='ocr_par' dir='ltr' id='par_1_60' title="bbox 1814 3108 3376 3179">
     <span class='ocr_line' id='line_1_60' title="bbox 1814 3108 3376 3179; baseline -0.006 -12"><span class='ocrx_word' id='word_1_442' title='bbox 1814 3113 2246 3172; x_wconf 87' lang='lat' dir='ltr'><strong>communicent,</strong></span> <span class='ocrx_word' id='word_1_443' title='bbox 2304 3112 2397 3165; x_wconf 90' lang='lat' dir='ltr'><strong>sed</strong></span> <span class='ocrx_word' id='word_1_444' title='bbox 2450 3111 2591 3179; x_wconf 90' lang='lat' dir='ltr'><strong>quod</strong></span> <span class='ocrx_word' id='word_1_445' title='bbox 2644 3111 2770 3163; x_wconf 88' lang='lat' dir='ltr'><strong>olint</strong></span> <span class='ocrx_word' id='word_1_446' title='bbox 2835 3108 3376 3167; x_wconf 79' lang='lat' dir='ltr'><strong>conuuunicaverint,</strong></span> 
     </span>
    </p>
   </div>
   <div class='ocr_carea' id='block_1_61' title="bbox 157 3178 3373 3274">
    <p class='ocr_par' dir='ltr' id='par_1_61' title="bbox 157 3178 3373 3274">
     <span class='ocr_line' id='line_1_61' title="bbox 157 3178 3373 3274; baseline 0 -23"><span class='ocrx_word' id='word_1_447' title='bbox 157 3203 401 3256; x_wconf 83' lang='lat' dir='ltr'><strong>tunnione</strong></span> <span class='ocrx_word' id='word_1_448' title='bbox 425 3201 711 3257; x_wconf 88' lang='lat' dir='ltr'><strong>Athanasii</strong></span> <span class='ocrx_word' id='word_1_449' title='bbox 742 3209 792 3253; x_wconf 92' lang='lat' dir='ltr'><strong>et</strong></span> <span class='ocrx_word' id='word_1_450' title='bbox 827 3199 1080 3253; x_wconf 70' lang='lat' dir='ltr'><strong>Ecclesiae</strong></span> <span class='ocrx_word' id='word_1_451' title='bbox 1107 3198 1363 3252; x_wconf 76' lang='lat' dir='ltr'><strong>Romanae</strong></span> <span class='ocrx_word' id='word_1_452' title='bbox 1390 3207 1515 3252; x_wconf 88' lang='lat' dir='ltr'><strong>ante</strong></span> <span class='ocrx_word' id='word_1_453' title='bbox 1544 3214 1712 3252; x_wconf 88' lang='lat' dir='ltr'><strong>annos</strong></span> <span class='ocrx_word' id='word_1_454' title='bbox 1738 3178 1780 3235; x_wconf 68' lang='grc' dir='ltr'><strong>θ</strong></span> <span class='ocrx_word' id='word_1_455' title='bbox 1816 3220 1915 3260; x_wconf 78' lang='lat' dir='ltr'><strong>nec</strong></span> <span class='ocrx_word' id='word_1_456' title='bbox 1963 3207 2102 3274; x_wconf 82' lang='lat' dir='ltr'><strong>quod</strong></span> <span class='ocrx_word' id='word_1_457' title='bbox 2160 3204 2306 3258; x_wconf 79' lang='lat' dir='ltr'><strong>illum</strong></span> <span class='ocrx_word' id='word_1_458' title='bbox 2361 3178 2575 3257; x_wconf 78' lang='lat' dir='ltr'><strong>foveant</strong></span> <span class='ocrx_word' id='word_1_459' title='bbox 2624 3212 2674 3257; x_wconf 87' lang='lat' dir='ltr'><strong>et</strong></span> <span class='ocrx_word' id='word_1_460' title='bbox 2736 3201 3061 3265; x_wconf 81' lang='lat' dir='ltr'><strong>defendant,</strong></span> <span class='ocrx_word' id='word_1_461' title='bbox 3094 3203 3186 3253; x_wconf 90' lang='lat' dir='ltr'><strong>scd</strong></span> <span class='ocrx_word' id='word_1_462' title='bbox 3229 3199 3373 3269; x_wconf 87' lang='lat' dir='ltr'><strong>quod</strong></span> 
     </span>
    </p>
   </div>
   <div class='ocr_carea' id='block_1_62' title="bbox 158 3289 1715 3362">
    <p class='ocr_par' dir='ltr' id='par_1_62' title="bbox 158 3289 1715 3362">
     <span class='ocr_line' id='line_1_62' title="bbox 158 3289 1715 3362; baseline -0.003 -17"><span class='ocrx_word' id='word_1_463' title='bbox 158 3305 380 3361; x_wconf 83' lang='lat' dir='ltr'><strong>quatuor</strong></span> <span class='ocrx_word' id='word_1_464' title='bbox 424 3303 519 3347; x_wconf 91' lang='lat' dir='ltr'><strong>aut</strong></span> <span class='ocrx_word' id='word_1_465' title='bbox 560 3293 799 3362; x_wconf 83' lang='lat' dir='ltr'><strong>quinque</strong></span> <span class='ocrx_word' id='word_1_466' title='bbox 833 3293 1080 3357; x_wconf 90' lang='lat' dir='ltr'><strong>obiisset,</strong></span> <span class='ocrx_word' id='word_1_467' title='bbox 1107 3307 1173 3347; x_wconf 86' lang='lat' dir='ltr'><strong>ex</strong></span> <span class='ocrx_word' id='word_1_468' title='bbox 1204 3290 1443 3345; x_wconf 85' lang='lat' dir='ltr'><strong>Ecclesia</strong></span> <span class='ocrx_word' id='word_1_469' title='bbox 1478 3304 1602 3343; x_wconf 92' lang='lat' dir='ltr'><strong>eum</strong></span> <span class='ocrx_word' id='word_1_470' title='bbox 1634 3289 1715 3342; x_wconf 88' lang='lat' dir='ltr'><strong>di-</strong></span> 
     </span>
    </p>
   </div>
   <div class='ocr_carea' id='block_1_63' title="bbox 158 3383 1712 3439">
    <p class='ocr_par' dir='ltr' id='par_1_63' title="bbox 158 3383 1712 3439">
     <span class='ocr_line' id='line_1_63' title="bbox 158 3383 1712 3439; baseline -0.001 -3"><span class='ocrx_word' id='word_1_471' title='bbox 158 3392 297 3437; x_wconf 84' lang='lat' dir='ltr'><strong>ceret</strong></span> <span class='ocrx_word' id='word_1_472' title='bbox 322 3385 541 3439; x_wconf 86' lang='lat' dir='ltr'><strong>abiisse.</strong></span> <span class='ocrx_word' id='word_1_473' title='bbox 572 3384 650 3436; x_wconf 87' lang='lat' dir='ltr'><strong>Ad</strong></span> <span class='ocrx_word' id='word_1_474' title='bbox 682 3383 865 3437; x_wconf 87' lang='lat' dir='ltr'><strong>Basilii</strong></span> <span class='ocrx_word' id='word_1_475' title='bbox 902 3385 1275 3438; x_wconf 88' lang='lat' dir='ltr'><strong>auctoritatem</strong></span> <span class='ocrx_word' id='word_1_476' title='bbox 1310 3383 1575 3436; x_wconf 90' lang='lat' dir='ltr'><strong>accedunt</strong></span> <span class='ocrx_word' id='word_1_477' title='bbox 1610 3397 1712 3436; x_wconf 91' lang='lat' dir='ltr'><strong>non</strong></span> 
     </span>
    </p>
   </div>
   <div class='ocr_carea' id='block_1_64' title="bbox 158 3474 1712 3545">
    <p class='ocr_par' dir='ltr' id='par_1_64' title="bbox 158 3474 1712 3545">
     <span class='ocr_line' id='line_1_64' title="bbox 158 3474 1712 3545; baseline -0.001 -19"><span class='ocrx_word' id='word_1_478' title='bbox 158 3476 362 3529; x_wconf 88' lang='lat' dir='ltr'><strong>inlirma</strong></span> <span class='ocrx_word' id='word_1_479' title='bbox 393 3487 731 3545; x_wconf 87' lang='lat' dir='ltr'><strong>argumenta.</strong></span> <span class='ocrx_word' id='word_1_480' title='bbox 762 3476 872 3530; x_wconf 84' lang='lat' dir='ltr'><strong>Cur</strong></span> <span class='ocrx_word' id='word_1_481' title='bbox 895 3476 1037 3529; x_wconf 89' lang='lat' dir='ltr'><strong>enim</strong></span> <span class='ocrx_word' id='word_1_482' title='bbox 1069 3474 1426 3529; x_wconf 77' lang='lat' dir='ltr'><strong>Marcellianis</strong></span> <span class='ocrx_word' id='word_1_483' title='bbox 1456 3488 1712 3529; x_wconf 90' lang='lat' dir='ltr'><strong>concessa</strong></span> 
     </span>
    </p>
   </div>
   <div class='ocr_carea' id='block_1_65' title="bbox 158 3565 1714 3635">
    <p class='ocr_par' dir='ltr' id='par_1_65' title="bbox 158 3565 1714 3635">
     <span class='ocr_line' id='line_1_65' title="bbox 158 3565 1714 3635; baseline 0 -16"><span class='ocrx_word' id='word_1_484' title='bbox 158 3582 182 3619; x_wconf 73' lang='grc' dir='ltr'><strong>ι</strong></span> <span class='ocrx_word' id='word_1_485' title='bbox 210 3566 619 3623; x_wconf 85' lang='lat' dir='ltr'><strong>confessorihus</strong></span> <span class='ocrx_word' id='word_1_486' title='bbox 648 3566 956 3621; x_wconf 91' lang='lat' dir='ltr'><strong>communio</strong></span> <span class='ocrx_word' id='word_1_487' title='bbox 976 3567 1261 3619; x_wconf 90' lang='lat' dir='ltr'><strong>multorum</strong></span> <span class='ocrx_word' id='word_1_488' title='bbox 1293 3565 1714 3635; x_wconf 74' lang='lat' dir='ltr'><strong>indignationem</strong></span> 
     </span>
    </p>
   </div>
   <div class='ocr_carea' id='block_1_66' title="bbox 162 3658 1715 3730">
    <p class='ocr_par' dir='ltr' id='par_1_66' title="bbox 162 3658 1715 3730">
     <span class='ocr_line' id='line_1_66' title="bbox 162 3658 1715 3730; baseline -0.001 -18"><span class='ocrx_word' id='word_1_489' title='bbox 162 3664 343 3726; x_wconf 77' lang='lat' dir='ltr'><strong>movit,</strong></span> <span class='ocrx_word' id='word_1_490' title='bbox 372 3677 435 3715; x_wconf 83' lang='lat' dir='ltr'><strong>ac</strong></span> <span class='ocrx_word' id='word_1_491' title='bbox 462 3661 630 3730; x_wconf 84' lang='lat' dir='ltr'><strong>ipsius</strong></span> <span class='ocrx_word' id='word_1_492' title='bbox 665 3662 826 3715; x_wconf 85' lang='lat' dir='ltr'><strong>etiam</strong></span> <span class='ocrx_word' id='word_1_493' title='bbox 852 3658 995 3714; x_wconf 87' lang='lat' dir='ltr'><strong>Petri</strong></span> <span class='ocrx_word' id='word_1_494' title='bbox 1036 3659 1387 3714; x_wconf 81' lang='lat' dir='ltr'><strong>Alexandrini</strong></span> <span class='ocrx_word' id='word_1_495' title='bbox 1422 3660 1715 3726; x_wconf 88' lang='lat' dir='ltr'><strong>reprehen-</strong></span> 
     </span>
    </p>
   </div>
   <div class='ocr_carea' id='block_1_67' title="bbox 156 3750 1713 3823">
    <p class='ocr_par' dir='ltr' id='par_1_67' title="bbox 156 3750 1713 3823">
     <span class='ocr_line' id='line_1_67' title="bbox 156 3750 1713 3823; baseline -0.002 -18"><span class='ocrx_word' id='word_1_496' title='bbox 156 3755 354 3808; x_wconf 84' lang='lat' dir='ltr'><strong>sionem</strong></span> <span class='ocrx_word' id='word_1_497' title='bbox 401 3770 511 3808; x_wconf 92' lang='lat' dir='ltr'><strong>non</strong></span> <span class='ocrx_word' id='word_1_498' title='bbox 580 3751 784 3823; x_wconf 80' lang='lat' dir='ltr'><strong>effugit,</strong></span> <span class='ocrx_word' id='word_1_499' title='bbox 857 3753 903 3807; x_wconf 92' lang='lat' dir='ltr'><strong>si</strong></span> <span class='ocrx_word' id='word_1_500' title='bbox 990 3751 1271 3805; x_wconf 75' lang='lat' dir='ltr'><strong>Marcellus</strong></span> <span class='ocrx_word' id='word_1_501' title='bbox 1340 3750 1713 3803; x_wconf 85' lang='lat' dir='ltr'><strong>connnunione</strong></span> 
     </span>
    </p>
   </div>
   <div class='ocr_carea' id='block_1_68' title="bbox 158 3841 1715 3899">
    <p class='ocr_par' dir='ltr' id='par_1_68' title="bbox 158 3841 1715 3899">
     <span class='ocr_line' id='line_1_68' title="bbox 158 3841 1715 3899; baseline -0.001 -4"><span class='ocrx_word' id='word_1_502' title='bbox 158 3842 211 3897; x_wconf 86' lang='lat' dir='ltr'><strong>S.</strong></span> <span class='ocrx_word' id='word_1_503' title='bbox 232 3846 514 3899; x_wconf 79' lang='lat' dir='ltr'><strong>Athanasii</strong></span> <span class='ocrx_word' id='word_1_504' title='bbox 535 3854 661 3897; x_wconf 89' lang='lat' dir='ltr'><strong>ante</strong></span> <span class='ocrx_word' id='word_1_505' title='bbox 683 3855 910 3897; x_wconf 89' lang='lat' dir='ltr'><strong>mortem</strong></span> <span class='ocrx_word' id='word_1_506' title='bbox 934 3859 1037 3896; x_wconf 92' lang='lat' dir='ltr'><strong>non</strong></span> <span class='ocrx_word' id='word_1_507' title='bbox 1062 3842 1350 3897; x_wconf 85' lang='lat' dir='ltr'><strong>caruerat?</strong></span> <span class='ocrx_word' id='word_1_508' title='bbox 1374 3841 1715 3895; x_wconf 85' lang='lat' dir='ltr'><strong>Demonstrat</strong></span> 
     </span>
    </p>
   </div>
   <div class='ocr_carea' id='block_1_69' title="bbox 157 3934 1713 4005">
    <p class='ocr_par' dir='ltr' id='par_1_69' title="bbox 157 3934 1713 4005">
     <span class='ocr_line' id='line_1_69' title="bbox 157 3934 1713 4005; baseline -0.001 -17"><span class='ocrx_word' id='word_1_509' title='bbox 157 3934 387 3991; x_wconf 83' lang='lat' dir='ltr'><strong>Basilius</strong></span> <span class='ocrx_word' id='word_1_510' title='bbox 423 3936 802 3990; x_wconf 72' lang='lat' dir='ltr'><strong>Marcellianos</strong></span> <span class='ocrx_word' id='word_1_511' title='bbox 856 3950 885 3987; x_wconf 88' lang='lat' dir='ltr'><strong>a</strong></span> <span class='ocrx_word' id='word_1_512' title='bbox 942 3935 1347 3990; x_wconf 87' lang='lat' dir='ltr'><strong>confessoribus</strong></span> <span class='ocrx_word' id='word_1_513' title='bbox 1393 3936 1559 4005; x_wconf 90' lang='lat' dir='ltr'><strong>recipi</strong></span> <span class='ocrx_word' id='word_1_514' title='bbox 1608 3950 1713 3988; x_wconf 92' lang='lat' dir='ltr'><strong>non</strong></span> 
     </span>
    </p>
   </div>
   <div class='ocr_carea' id='block_1_70' title="bbox 157 4027 1712 4096">
    <p class='ocr_par' dir='ltr' id='par_1_70' title="bbox 157 4027 1712 4096">
     <span class='ocr_line' id='line_1_70' title="bbox 157 4027 1712 4096; baseline 0 -17"><span class='ocrx_word' id='word_1_515' title='bbox 157 4028 399 4083; x_wconf 84' lang='lat' dir='ltr'><strong>debuisse</strong></span> <span class='ocrx_word' id='word_1_516' title='bbox 433 4029 553 4082; x_wconf 83' lang='lat' dir='ltr'><strong>sine</strong></span> <span class='ocrx_word' id='word_1_517' title='bbox 578 4043 839 4083; x_wconf 90' lang='lat' dir='ltr'><strong>consensu</strong></span> <span class='ocrx_word' id='word_1_518' title='bbox 868 4027 1292 4083; x_wconf 89' lang='lat' dir='ltr'><strong>Occidentalium</strong></span> <span class='ocrx_word' id='word_1_519' title='bbox 1326 4037 1381 4080; x_wconf 87' lang='lat' dir='ltr'><strong>et</strong></span> <span class='ocrx_word' id='word_1_520' title='bbox 1405 4042 1591 4081; x_wconf 91' lang='lat' dir='ltr'><strong>eorum</strong></span> <span class='ocrx_word' id='word_1_521' title='bbox 1621 4027 1712 4096; x_wconf 86' lang='lat' dir='ltr'><strong>qui</strong></span> 
     </span>
    </p>
   </div>
   <div class='ocr_carea' id='block_1_71' title="bbox 156 4117 1711 4175">
    <p class='ocr_par' dir='ltr' id='par_1_71' title="bbox 156 4117 1711 4175">
     <span class='ocr_line' id='line_1_71' title="bbox 156 4117 1711 4175; baseline -0.003 -2"><span class='ocrx_word' id='word_1_522' title='bbox 156 4120 205 4173; x_wconf 87' lang='lat' dir='ltr'><strong>in</strong></span> <span class='ocrx_word' id='word_1_523' title='bbox 269 4120 500 4175; x_wconf 89' lang='lat' dir='ltr'><strong>Oriente</strong></span> <span class='ocrx_word' id='word_1_524' title='bbox 558 4135 679 4174; x_wconf 92' lang='lat' dir='ltr'><strong>cum</strong></span> <span class='ocrx_word' id='word_1_525' title='bbox 754 4118 1154 4175; x_wconf 87' lang='lat' dir='ltr'><strong>confessoribus</strong></span> <span class='ocrx_word' id='word_1_526' title='bbox 1220 4117 1711 4172; x_wconf 87' lang='lat' dir='ltr'><strong>communicabant.</strong></span> 
     </span>
    </p>
   </div>
   <div class='ocr_carea' id='block_1_72' title="bbox 156 4208 1713 4281">
    <p class='ocr_par' dir='ltr' id='par_1_72' title="bbox 156 4208 1713 4281">
     <span class='ocr_line' id='line_1_72' title="bbox 156 4208 1713 4281; baseline -0.003 -15"><span class='ocrx_word' id='word_1_527' title='bbox 156 4210 341 4267; x_wconf 75' lang='lat' dir='ltr'><strong>Clausa</strong></span> <span class='ocrx_word' id='word_1_528' title='bbox 376 4227 511 4281; x_wconf 84' lang='lat' dir='ltr'><strong>ergo</strong></span> <span class='ocrx_word' id='word_1_529' title='bbox 550 4220 667 4265; x_wconf 91' lang='lat' dir='ltr'><strong>erat</strong></span> <span class='ocrx_word' id='word_1_530' title='bbox 711 4209 1071 4266; x_wconf 75' lang='lat' dir='ltr'><strong>Marcellianis</strong></span> <span class='ocrx_word' id='word_1_531' title='bbox 1104 4223 1159 4265; x_wconf 90' lang='lat' dir='ltr'><strong>et</strong></span> <span class='ocrx_word' id='word_1_532' title='bbox 1199 4210 1436 4267; x_wconf 89' lang='lat' dir='ltr'><strong>Orientis</strong></span> <span class='ocrx_word' id='word_1_533' title='bbox 1464 4220 1517 4263; x_wconf 93' lang='lat' dir='ltr'><strong>et</strong></span> <span class='ocrx_word' id='word_1_534' title='bbox 1557 4208 1713 4263; x_wconf 90' lang='lat' dir='ltr'><strong>Occi-</strong></span> 
     </span>
    </p>
   </div>
   <div class='ocr_carea' id='block_1_73' title="bbox 158 4302 1715 4358">
    <p class='ocr_par' dir='ltr' id='par_1_73' title="bbox 158 4302 1715 4358">
     <span class='ocr_line' id='line_1_73' title="bbox 158 4302 1715 4358; baseline -0.003 -1"><span class='ocrx_word' id='word_1_535' title='bbox 158 4304 321 4358; x_wconf 87' lang='lat' dir='ltr'><strong>dentis</strong></span> <span class='ocrx_word' id='word_1_536' title='bbox 359 4302 693 4358; x_wconf 83' lang='lat' dir='ltr'><strong>cotnmunio.</strong></span> <span class='ocrx_word' id='word_1_537' title='bbox 723 4302 904 4358; x_wconf 71' lang='lat' dir='ltr'><strong>Romae</strong></span> <span class='ocrx_word' id='word_1_538' title='bbox 943 4315 1061 4357; x_wconf 87' lang='lat' dir='ltr'><strong>erat</strong></span> <span class='ocrx_word' id='word_1_539' title='bbox 1100 4302 1295 4357; x_wconf 86' lang='lat' dir='ltr'><strong>Petrus</strong></span> <span class='ocrx_word' id='word_1_540' title='bbox 1335 4318 1454 4356; x_wconf 91' lang='lat' dir='ltr'><strong>cum</strong></span> <span class='ocrx_word' id='word_1_541' title='bbox 1490 4305 1555 4356; x_wconf 89' lang='lat' dir='ltr'><strong>de</strong></span> <span class='ocrx_word' id='word_1_542' title='bbox 1586 4316 1715 4355; x_wconf 88' lang='lat' dir='ltr'><strong>con-</strong></span> 
     </span>
    </p>
   </div>
   <div class='ocr_carea' id='block_1_74' title="bbox 158 4394 1715 4465">
    <p class='ocr_par' dir='ltr' id='par_1_74' title="bbox 158 4394 1715 4465">
     <span class='ocr_line' id='line_1_74' title="bbox 158 4394 1715 4465; baseline -0.003 -15"><span class='ocrx_word' id='word_1_543' title='bbox 158 4410 299 4451; x_wconf 79' lang='lat' dir='ltr'><strong>cessa</strong></span> <span class='ocrx_word' id='word_1_544' title='bbox 344 4396 708 4451; x_wconf 76' lang='lat' dir='ltr'><strong>Marcellianis</strong></span> <span class='ocrx_word' id='word_1_545' title='bbox 756 4396 1133 4452; x_wconf 87' lang='lat' dir='ltr'><strong>comnmnione</strong></span> <span class='ocrx_word' id='word_1_546' title='bbox 1177 4405 1283 4447; x_wconf 88' lang='lat' dir='ltr'><strong>tam</strong></span> <span class='ocrx_word' id='word_1_547' title='bbox 1334 4394 1569 4465; x_wconf 76' lang='lat' dir='ltr'><strong>graviter</strong></span> <span class='ocrx_word' id='word_1_548' title='bbox 1592 4408 1715 4447; x_wconf 88' lang='lat' dir='ltr'><strong>con-</strong></span> 
     </span>
    </p>
   </div>
   <div class='ocr_carea' id='block_1_75' title="bbox 1816 3291 3383 3367">
    <p class='ocr_par' dir='ltr' id='par_1_75' title="bbox 1816 3291 3383 3367">
     <span class='ocr_line' id='line_1_75' title="bbox 1816 3291 3383 3367; baseline -0.004 -17"><span class='ocrx_word' id='word_1_549' title='bbox 1816 3308 2001 3367; x_wconf 90' lang='lat' dir='ltr'><strong>aperte</strong></span> <span class='ocrx_word' id='word_1_550' title='bbox 2040 3315 2141 3351; x_wconf 91' lang='lat' dir='ltr'><strong>non</strong></span> <span class='ocrx_word' id='word_1_551' title='bbox 2185 3298 2565 3352; x_wconf 89' lang='lat' dir='ltr'><strong>condemnent.</strong></span> <span class='ocrx_word' id='word_1_552' title='bbox 2611 3294 2701 3350; x_wconf 90' lang='lat' dir='ltr'><strong>Sic</strong></span> <span class='ocrx_word' id='word_1_553' title='bbox 2748 3297 2889 3349; x_wconf 91' lang='lat' dir='ltr'><strong>enim</strong></span> <span class='ocrx_word' id='word_1_554' title='bbox 2942 3294 3208 3364; x_wconf 81' lang='lat' dir='ltr'><strong>pergit(c)</strong></span> <span class='ocrx_word' id='word_1_555' title='bbox 3242 3311 3255 3344; x_wconf 88' lang='lat'><strong>:</strong></span> <span class='ocrx_word' id='word_1_556' title='bbox 3288 3291 3383 3345; x_wconf 72' lang='grc' dir='ltr'><strong>Αιο</strong></span> 
     </span>
    </p>
   </div>
   <div class='ocr_carea' id='block_1_76' title="bbox 1814 3387 3374 3460">
    <p class='ocr_par' dir='ltr' id='par_1_76' title="bbox 1814 3387 3374 3460">
     <span class='ocr_line' id='line_1_76' title="bbox 1814 3387 3374 3460; baseline -0.001 -19"><span class='ocrx_word' id='word_1_557' title='bbox 1814 3406 1912 3458; x_wconf 88' lang='lat' dir='ltr'><strong>que</strong></span> <span class='ocrx_word' id='word_1_558' title='bbox 1962 3392 2120 3458; x_wconf 86' lang='lat' dir='ltr'><strong>hujus</strong></span> <span class='ocrx_word' id='word_1_559' title='bbox 2166 3393 2239 3442; x_wconf 88' lang='lat' dir='ltr'><strong>rei</strong></span> <span class='ocrx_word' id='word_1_560' title='bbox 2285 3400 2591 3460; x_wconf 82' lang='lat' dir='ltr'><strong>argumenta</strong></span> <span class='ocrx_word' id='word_1_561' title='bbox 2622 3398 2739 3442; x_wconf 90' lang='lat' dir='ltr'><strong>sunt</strong></span> <span class='ocrx_word' id='word_1_562' title='bbox 2768 3395 2962 3441; x_wconf 77' lang='lat' dir='ltr'><strong>servati</strong></span> <span class='ocrx_word' id='word_1_563' title='bbox 2990 3387 3127 3455; x_wconf 83' lang='lat' dir='ltr'><strong>quod</strong></span> <span class='ocrx_word' id='word_1_564' title='bbox 3162 3403 3253 3440; x_wconf 83' lang='lat' dir='ltr'><strong>nos</strong></span> <span class='ocrx_word' id='word_1_565' title='bbox 3283 3402 3374 3439; x_wconf 80' lang='lat' dir='ltr'><strong>ne-</strong></span> 
     </span>
    </p>
   </div>
   <div class='ocr_carea' id='block_1_77' title="bbox 1817 3481 3376 3550">
    <p class='ocr_par' dir='ltr' id='par_1_77' title="bbox 1817 3481 3376 3550">
     <span class='ocr_line' id='line_1_77' title="bbox 1817 3481 3376 3550; baseline -0.004 -14"><span class='ocrx_word' id='word_1_566' title='bbox 1817 3484 1971 3548; x_wconf 77' lang='lat' dir='ltr'><strong>ferite</strong></span> <span class='ocrx_word' id='word_1_567' title='bbox 2002 3484 2143 3534; x_wconf 87' lang='lat' dir='ltr'><strong>it&#39;lius</strong></span> <span class='ocrx_word' id='word_1_568' title='bbox 2168 3485 2466 3550; x_wconf 79' lang='lat' dir='ltr'><strong>scriptionis</strong></span> <span class='ocrx_word' id='word_1_569' title='bbox 2499 3484 2639 3535; x_wconf 88' lang='lat' dir='ltr'><strong>libri.</strong></span> <span class='ocrx_word' id='word_1_570' title='bbox 2658 3481 2761 3536; x_wconf 85' lang='lat' dir='ltr'><strong>Sed</strong></span> <span class='ocrx_word' id='word_1_571' title='bbox 2791 3492 2960 3533; x_wconf 86' lang='lat' dir='ltr'><strong>tamen</strong></span> <span class='ocrx_word' id='word_1_572' title='bbox 2980 3495 3231 3548; x_wconf 76' lang='lat' dir='ltr'><strong>nusquam</strong></span> <span class='ocrx_word' id='word_1_573' title='bbox 3259 3494 3376 3530; x_wconf 89' lang='lat' dir='ltr'><strong>eunt</strong></span> 
     </span>
    </p>
   </div>
   <div class='ocr_carea' id='block_1_78' title="bbox 1817 3571 3376 3641">
    <p class='ocr_par' dir='ltr' id='par_1_78' title="bbox 1817 3571 3376 3641">
     <span class='ocr_line' id='line_1_78' title="bbox 1817 3571 3376 3641; baseline -0.004 -15"><span class='ocrx_word' id='word_1_574' title='bbox 1817 3573 2097 3640; x_wconf 85' lang='lat' dir='ltr'><strong>reprobare</strong></span> <span class='ocrx_word' id='word_1_575' title='bbox 2132 3573 2228 3625; x_wconf 79' lang='lat' dir='ltr'><strong>visi</strong></span> <span class='ocrx_word' id='word_1_576' title='bbox 2256 3584 2399 3636; x_wconf 89' lang='lat' dir='ltr'><strong>sunt,</strong></span> <span class='ocrx_word' id='word_1_577' title='bbox 2426 3575 2579 3641; x_wconf 88' lang='lat' dir='ltr'><strong>idque</strong></span> <span class='ocrx_word' id='word_1_578' title='bbox 2607 3588 2664 3625; x_wconf 91' lang='lat' dir='ltr'><strong>eo</strong></span> <span class='ocrx_word' id='word_1_579' title='bbox 2692 3573 2897 3624; x_wconf 84' lang='lat' dir='ltr'><strong>nomine</strong></span> <span class='ocrx_word' id='word_1_580' title='bbox 2916 3571 3212 3639; x_wconf 79' lang='lat' dir='ltr'><strong>rituperati,</strong></span> <span class='ocrx_word' id='word_1_581' title='bbox 3238 3573 3376 3636; x_wconf 82' lang='lat' dir='ltr'><strong>quod</strong></span> 
     </span>
    </p>
   </div>
   <div class='ocr_carea' id='block_1_79' title="bbox 1816 3660 3379 3733">
    <p class='ocr_par' dir='ltr' id='par_1_79' title="bbox 1816 3660 3379 3733">
     <span class='ocr_line' id='line_1_79' title="bbox 1816 3660 3379 3733; baseline -0.003 -17"><span class='ocrx_word' id='word_1_582' title='bbox 1816 3680 1931 3716; x_wconf 85' lang='lat' dir='ltr'><strong>eum</strong></span> <span class='ocrx_word' id='word_1_583' title='bbox 1956 3664 2019 3714; x_wconf 87' lang='lat' dir='ltr'><strong>ab</strong></span> <span class='ocrx_word' id='word_1_584' title='bbox 2038 3663 2187 3715; x_wconf 85' lang='lat' dir='ltr'><strong>initio</strong></span> <span class='ocrx_word' id='word_1_585' title='bbox 2205 3678 2268 3716; x_wconf 85' lang='lat' dir='ltr'><strong>ea:</strong></span> <span class='ocrx_word' id='word_1_586' title='bbox 2287 3665 2518 3717; x_wconf 83' lang='lat' dir='ltr'><strong>ueritatis</strong></span> <span class='ocrx_word' id='word_1_587' title='bbox 2548 3664 2871 3733; x_wconf 83' lang='lat' dir='ltr'><strong>ignoratione</strong></span> <span class='ocrx_word' id='word_1_588' title='bbox 2895 3661 2949 3714; x_wconf 87' lang='lat' dir='ltr'><strong>in</strong></span> <span class='ocrx_word' id='word_1_589' title='bbox 2970 3660 3379 3715; x_wconf 65' lang='lat' dir='ltr'><strong>ecclesiasticam</strong></span> 
     </span>
    </p>
   </div>
   <div class='ocr_carea' id='block_1_80' title="bbox 1818 3754 2743 3824">
    <p class='ocr_par' dir='ltr' id='par_1_80' title="bbox 1818 3754 2743 3824">
     <span class='ocr_line' id='line_1_80' title="bbox 1818 3754 2743 3824; baseline 0.002 -17"><span class='ocrx_word' id='word_1_590' title='bbox 1818 3754 1974 3808; x_wconf 85' lang='lat' dir='ltr'><strong>etiam</strong></span> <span class='ocrx_word' id='word_1_591' title='bbox 2007 3758 2421 3809; x_wconf 88' lang='lat' dir='ltr'><strong>communionem</strong></span> <span class='ocrx_word' id='word_1_592' title='bbox 2442 3758 2743 3824; x_wconf 81' lang='lat' dir='ltr'><strong>receperint.</strong></span> 
     </span>
    </p>
   </div>
   <div class='ocr_carea' id='block_1_81' title="bbox 1894 3843 3385 3902">
    <p class='ocr_par' dir='ltr' id='par_1_81' title="bbox 1894 3843 3385 3902">
     <span class='ocr_line' id='line_1_81' title="bbox 1894 3843 3385 3902; baseline -0.003 -1"><span class='ocrx_word' id='word_1_593' title='bbox 1894 3846 2085 3901; x_wconf 88' lang='lat' dir='ltr'><strong>Utrum</strong></span> <span class='ocrx_word' id='word_1_594' title='bbox 2113 3845 2312 3901; x_wconf 83' lang='lat' dir='ltr'><strong>Basilio</strong></span> <span class='ocrx_word' id='word_1_595' title='bbox 2329 3847 2657 3902; x_wconf 76' lang='lat' dir='ltr'><strong>Athanasius</strong></span> <span class='ocrx_word' id='word_1_596' title='bbox 2690 3858 2742 3901; x_wconf 88' lang='lat' dir='ltr'><strong>et</strong></span> <span class='ocrx_word' id='word_1_597' title='bbox 2764 3846 3061 3900; x_wconf 84' lang='lat' dir='ltr'><strong>Athanasio</strong></span> <span class='ocrx_word' id='word_1_598' title='bbox 3091 3843 3385 3898; x_wconf 89' lang='lat' dir='ltr'><strong>annuerint</strong></span> 
     </span>
    </p>
   </div>
   <div class='ocr_carea' id='block_1_82' title="bbox 1819 3936 3381 4009">
    <p class='ocr_par' dir='ltr' id='par_1_82' title="bbox 1819 3936 3381 4009">
     <span class='ocr_line' id='line_1_82' title="bbox 1819 3936 3381 4009; baseline -0.003 -16"><span class='ocrx_word' id='word_1_599' title='bbox 1819 3937 2216 4006; x_wconf 85' lang='lat' dir='ltr'><strong>Occidentales,</strong></span> <span class='ocrx_word' id='word_1_600' title='bbox 2253 3940 2503 4009; x_wconf 87' lang='lat' dir='ltr'><strong>equidem</strong></span> <span class='ocrx_word' id='word_1_601' title='bbox 2558 3939 2701 3993; x_wconf 88' lang='lat' dir='ltr'><strong>haud</strong></span> <span class='ocrx_word' id='word_1_602' title='bbox 2745 3938 2901 3992; x_wconf 86' lang='lat' dir='ltr'><strong>facile</strong></span> <span class='ocrx_word' id='word_1_603' title='bbox 2935 3938 3239 3992; x_wconf 87' lang='lat' dir='ltr'><strong>statuerim.</strong></span> <span class='ocrx_word' id='word_1_604' title='bbox 3282 3936 3381 3989; x_wconf 86' lang='lat' dir='ltr'><strong>Ba-</strong></span> 
     </span>
    </p>
   </div>
   <div class='ocr_carea' id='block_1_83' title="bbox 1818 4030 3384 4099">
    <p class='ocr_par' dir='ltr' id='par_1_83' title="bbox 1818 4030 3384 4099">
     <span class='ocr_line' id='line_1_83' title="bbox 1818 4030 3384 4099; baseline -0.001 -14"><span class='ocrx_word' id='word_1_605' title='bbox 1818 4030 1969 4085; x_wconf 86' lang='lat' dir='ltr'><strong>silius</strong></span> <span class='ocrx_word' id='word_1_606' title='bbox 2000 4033 2049 4084; x_wconf 93' lang='lat' dir='ltr'><strong>in</strong></span> <span class='ocrx_word' id='word_1_607' title='bbox 2085 4032 2243 4099; x_wconf 88' lang='lat' dir='ltr'><strong>epist.</strong></span> <span class='ocrx_word' id='word_1_608' title='bbox 2290 4033 2357 4087; x_wconf 89' lang='lat'><strong>89</strong></span> <span class='ocrx_word' id='word_1_609' title='bbox 2388 4033 2451 4084; x_wconf 90' lang='lat' dir='ltr'><strong>ad</strong></span> <span class='ocrx_word' id='word_1_610' title='bbox 2497 4030 2789 4093; x_wconf 77' lang='lat' dir='ltr'><strong>Meletium,</strong></span> <span class='ocrx_word' id='word_1_611' title='bbox 2818 4031 2919 4083; x_wconf 92' lang='lat' dir='ltr'><strong>hoc</strong></span> <span class='ocrx_word' id='word_1_612' title='bbox 2951 4045 3113 4083; x_wconf 89' lang='lat' dir='ltr'><strong>unum</strong></span> <span class='ocrx_word' id='word_1_613' title='bbox 3150 4044 3384 4084; x_wconf 80' lang='lat' dir='ltr'><strong>comme-</strong></span> 
     </span>
    </p>
   </div>
   <div class='ocr_carea' id='block_1_84' title="bbox 1820 4122 3382 4190">
    <p class='ocr_par' dir='ltr' id='par_1_84' title="bbox 1820 4122 3382 4190">
     <span class='ocr_line' id='line_1_84' title="bbox 1820 4122 3382 4190; baseline 0.001 -17"><span class='ocrx_word' id='word_1_614' title='bbox 1820 4132 2013 4184; x_wconf 88' lang='lat' dir='ltr'><strong>morat,</strong></span> <span class='ocrx_word' id='word_1_615' title='bbox 2041 4123 2181 4190; x_wconf 87' lang='lat' dir='ltr'><strong>qnod</strong></span> <span class='ocrx_word' id='word_1_616' title='bbox 2210 4139 2237 4173; x_wconf 89' lang='lat' dir='ltr'><strong>a</strong></span> <span class='ocrx_word' id='word_1_617' title='bbox 2278 4124 2335 4175; x_wconf 75' lang='grc' dir='ltr'>δ.</span> <span class='ocrx_word' id='word_1_618' title='bbox 2372 4124 2673 4176; x_wconf 84' lang='lat' dir='ltr'><strong>Athanasio</strong></span> <span class='ocrx_word' id='word_1_619' title='bbox 2722 4122 3012 4189; x_wconf 85' lang='lat' dir='ltr'><strong>impetrare</strong></span> <span class='ocrx_word' id='word_1_620' title='bbox 3061 4136 3164 4175; x_wconf 91' lang='lat' dir='ltr'><strong>non</strong></span> <span class='ocrx_word' id='word_1_621' title='bbox 3196 4130 3382 4190; x_wconf 86' lang='lat' dir='ltr'><strong>potue-</strong></span> 
     </span>
    </p>
   </div>
   <div class='ocr_carea' id='block_1_85' title="bbox 1821 4211 3386 4284">
    <p class='ocr_par' dir='ltr' id='par_1_85' title="bbox 1821 4211 3386 4284">
     <span class='ocr_line' id='line_1_85' title="bbox 1821 4211 3386 4284; baseline 0 -18"><span class='ocrx_word' id='word_1_622' title='bbox 1821 4223 1923 4279; x_wconf 88' lang='lat' dir='ltr'><strong>rat,</strong></span> <span class='ocrx_word' id='word_1_623' title='bbox 1946 4229 2137 4281; x_wconf 77' lang='lat' dir='ltr'><strong>netnpe</strong></span> <span class='ocrx_word' id='word_1_624' title='bbox 2165 4224 2221 4266; x_wconf 90' lang='lat' dir='ltr'><strong>ut</strong></span> <span class='ocrx_word' id='word_1_625' title='bbox 2250 4213 2307 4267; x_wconf 92' lang='lat' dir='ltr'><strong>S.</strong></span> <span class='ocrx_word' id='word_1_626' title='bbox 2333 4215 2665 4269; x_wconf 86' lang='lat' dir='ltr'><strong>Athanasius</strong></span> <span class='ocrx_word' id='word_1_627' title='bbox 2690 4215 2837 4284; x_wconf 89' lang='lat' dir='ltr'><strong>prior</strong></span> <span class='ocrx_word' id='word_1_628' title='bbox 2879 4212 3139 4269; x_wconf 88' lang='lat' dir='ltr'><strong>scriberet</strong></span> <span class='ocrx_word' id='word_1_629' title='bbox 3173 4212 3232 4267; x_wconf 86' lang='lat' dir='ltr'><strong>S.</strong></span> <span class='ocrx_word' id='word_1_630' title='bbox 3274 4211 3386 4266; x_wconf 77' lang='lat' dir='ltr'><strong>Me-</strong></span> 
     </span>
    </p>
   </div>
   <div class='ocr_carea' id='block_1_86' title="bbox 1818 4305 3383 4377">
    <p class='ocr_par' dir='ltr' id='par_1_86' title="bbox 1818 4305 3383 4377">
     <span class='ocr_line' id='line_1_86' title="bbox 1818 4305 3383 4377; baseline -0.001 -18"><span class='ocrx_word' id='word_1_631' title='bbox 1818 4306 1965 4359; x_wconf 90' lang='lat' dir='ltr'><strong>letio.</strong></span> <span class='ocrx_word' id='word_1_632' title='bbox 2010 4305 2161 4360; x_wconf 85' lang='lat' dir='ltr'><strong>Unde</strong></span> <span class='ocrx_word' id='word_1_633' title='bbox 2194 4308 2387 4377; x_wconf 88' lang='lat' dir='ltr'><strong>conjici</strong></span> <span class='ocrx_word' id='word_1_634' title='bbox 2422 4318 2604 4375; x_wconf 88' lang='lat' dir='ltr'><strong>posset</strong></span> <span class='ocrx_word' id='word_1_635' title='bbox 2635 4322 2753 4377; x_wconf 73' lang='lat' dir='ltr'><strong>qua:</strong></span> <span class='ocrx_word' id='word_1_636' title='bbox 2794 4308 2859 4363; x_wconf 91' lang='lat' dir='ltr'><strong>de</strong></span> <span class='ocrx_word' id='word_1_637' title='bbox 2917 4306 3168 4360; x_wconf 75' lang='lat' dir='ltr'><strong>Marcello</strong></span> <span class='ocrx_word' id='word_1_638' title='bbox 3200 4317 3383 4374; x_wconf 88' lang='lat' dir='ltr'><strong>postu-</strong></span> 
     </span>
    </p>
   </div>
   <div class='ocr_carea' id='block_1_87' title="bbox 1821 4397 3381 4467">
    <p class='ocr_par' dir='ltr' id='par_1_87' title="bbox 1821 4397 3381 4467">
     <span class='ocr_line' id='line_1_87' title="bbox 1821 4397 3381 4467; baseline 0.002 -18"><span class='ocrx_word' id='word_1_639' title='bbox 1821 4399 1925 4450; x_wconf 85' lang='lat' dir='ltr'><strong>lata</strong></span> <span class='ocrx_word' id='word_1_640' title='bbox 1974 4397 2206 4462; x_wconf 91' lang='lat' dir='ltr'><strong>fuerant,</strong></span> <span class='ocrx_word' id='word_1_641' title='bbox 2258 4399 2607 4453; x_wconf 77' lang='lat' dir='ltr'><strong>concilianda:</strong></span> <span class='ocrx_word' id='word_1_642' title='bbox 2661 4400 2778 4467; x_wconf 92' lang='lat' dir='ltr'><strong>paci</strong></span> <span class='ocrx_word' id='word_1_643' title='bbox 2825 4399 3045 4451; x_wconf 89' lang='lat' dir='ltr'><strong>minime</strong></span> <span class='ocrx_word' id='word_1_644' title='bbox 3085 4398 3381 4452; x_wconf 87' lang='lat' dir='ltr'><strong>obstitisse.</strong></span> 
     </span>
    </p>
   </div>
   <div class='ocr_carea' id='block_1_88' title="bbox 160 4486 3381 4571">
    <p class='ocr_par' dir='ltr' id='par_1_88' title="bbox 160 4486 3381 4571">
     <span class='ocr_line' id='line_1_88' title="bbox 160 4486 3381 4571; baseline 0.001 -31"><span class='ocrx_word' id='word_1_645' title='bbox 160 4499 372 4553; x_wconf 83' lang='lat' dir='ltr'><strong>questus</strong></span> <span class='ocrx_word' id='word_1_646' title='bbox 411 4502 538 4545; x_wconf 84' lang='lat' dir='ltr'><strong>est:</strong></span> <span class='ocrx_word' id='word_1_647' title='bbox 577 4488 715 4557; x_wconf 90' lang='lat' dir='ltr'><strong>quod</strong></span> <span class='ocrx_word' id='word_1_648' title='bbox 764 4489 979 4558; x_wconf 90' lang='lat' dir='ltr'><strong>quidem</strong></span> <span class='ocrx_word' id='word_1_649' title='bbox 1041 4502 1145 4540; x_wconf 92' lang='lat' dir='ltr'><strong>non</strong></span> <span class='ocrx_word' id='word_1_650' title='bbox 1206 4486 1417 4539; x_wconf 80' lang='lat' dir='ltr'><strong>videtur</strong></span> <span class='ocrx_word' id='word_1_651' title='bbox 1475 4486 1712 4567; x_wconf 82' lang='lat' dir='ltr'><strong>facturus</strong></span> <span class='ocrx_word' id='word_1_652' title='bbox 1745 4516 1787 4571; x_wconf 70' lang='grc' dir='ltr'>ι)</span> <span class='ocrx_word' id='word_1_653' title='bbox 1820 4488 1969 4555; x_wconf 86' lang='lat' dir='ltr'><strong>Quod</strong></span> <span class='ocrx_word' id='word_1_654' title='bbox 2006 4498 2211 4558; x_wconf 84' lang='lat' dir='ltr'><strong>spectat</strong></span> <span class='ocrx_word' id='word_1_655' title='bbox 2243 4494 2308 4545; x_wconf 85' lang='lat' dir='ltr'><strong>ad</strong></span> <span class='ocrx_word' id='word_1_656' title='bbox 2338 4490 2734 4553; x_wconf 86' lang='lat' dir='ltr'><strong>Occidentales,</strong></span> <span class='ocrx_word' id='word_1_657' title='bbox 2764 4506 2868 4543; x_wconf 91' lang='lat' dir='ltr'><strong>non</strong></span> <span class='ocrx_word' id='word_1_658' title='bbox 2912 4500 3039 4559; x_wconf 87' lang='lat' dir='ltr'><strong>puto</strong></span> <span class='ocrx_word' id='word_1_659' title='bbox 3068 4489 3381 4544; x_wconf 86' lang='lat' dir='ltr'><strong>nominatim</strong></span> 
     </span>
    </p>
   </div>
   <div class='ocr_carea' id='block_1_89' title="bbox 159 4562 1713 4643">
    <p class='ocr_par' dir='ltr' id='par_1_89' title="bbox 159 4562 1713 4643">
     <span class='ocr_line' id='line_1_89' title="bbox 159 4562 1713 4643; baseline -0.001 -13"><span class='ocrx_word' id='word_1_660' title='bbox 159 4576 314 4635; x_wconf 87' lang='lat' dir='ltr'><strong>fuisse</strong></span> <span class='ocrx_word' id='word_1_661' title='bbox 338 4622 352 4643; x_wconf 87' lang='lat'><strong>,</strong></span> <span class='ocrx_word' id='word_1_662' title='bbox 383 4581 429 4635; x_wconf 86' lang='lat' dir='ltr'><strong>si</strong></span> <span class='ocrx_word' id='word_1_663' title='bbox 459 4581 755 4635; x_wconf 77' lang='lat' dir='ltr'><strong>Romanam</strong></span> <span class='ocrx_word' id='word_1_664' title='bbox 786 4578 1081 4633; x_wconf 88' lang='lat' dir='ltr'><strong>Ecclesiam</strong></span> <span class='ocrx_word' id='word_1_665' title='bbox 1114 4579 1166 4630; x_wconf 91' lang='lat' dir='ltr'><strong>in</strong></span> <span class='ocrx_word' id='word_1_666' title='bbox 1218 4562 1560 4630; x_wconf 82' lang='lat' dir='ltr'><strong>concedenda</strong></span> <span class='ocrx_word' id='word_1_667' title='bbox 1608 4574 1713 4629; x_wconf 88' lang='lat' dir='ltr'><strong>illis</strong></span> 
     </span>
    </p>
   </div>
   <div class='ocr_carea' id='block_1_90' title="bbox 158 4667 1711 4741">
    <p class='ocr_par' dir='ltr' id='par_1_90' title="bbox 158 4667 1711 4741">
     <span class='ocr_line' id='line_1_90' title="bbox 158 4667 1711 4741; baseline 0 -18"><span class='ocrx_word' id='word_1_668' title='bbox 158 4677 529 4728; x_wconf 80' lang='lat' dir='ltr'><strong>communione</strong></span> <span class='ocrx_word' id='word_1_669' title='bbox 584 4683 823 4741; x_wconf 85' lang='lat' dir='ltr'><strong>perstare</strong></span> <span class='ocrx_word' id='word_1_670' title='bbox 848 4672 1088 4727; x_wconf 84' lang='lat' dir='ltr'><strong>vidisset.</strong></span> <span class='ocrx_word' id='word_1_671' title='bbox 1117 4667 1304 4723; x_wconf 82' lang='lat' dir='ltr'><strong>Nullus</strong></span> <span class='ocrx_word' id='word_1_672' title='bbox 1353 4670 1581 4740; x_wconf 90' lang='lat' dir='ltr'><strong>proferri</strong></span> <span class='ocrx_word' id='word_1_673' title='bbox 1616 4686 1711 4739; x_wconf 89' lang='lat' dir='ltr'><strong>po-</strong></span> 
     </span>
    </p>
   </div>
   <div class='ocr_carea' id='block_1_91' title="bbox 162 4760 1713 4833">
    <p class='ocr_par' dir='ltr' id='par_1_91' title="bbox 162 4760 1713 4833">
     <span class='ocr_line' id='line_1_91' title="bbox 162 4760 1713 4833; baseline -0.003 -16"><span class='ocrx_word' id='word_1_674' title='bbox 162 4772 253 4817; x_wconf 81' lang='lat' dir='ltr'><strong>test</strong></span> <span class='ocrx_word' id='word_1_675' title='bbox 299 4766 625 4833; x_wconf 86' lang='lat' dir='ltr'><strong>episcopus,</strong></span> <span class='ocrx_word' id='word_1_676' title='bbox 669 4765 759 4832; x_wconf 86' lang='lat' dir='ltr'><strong>qui</strong></span> <span class='ocrx_word' id='word_1_677' title='bbox 814 4779 909 4818; x_wconf 86' lang='lat' dir='ltr'><strong>eos</strong></span> <span class='ocrx_word' id='word_1_678' title='bbox 934 4764 1263 4825; x_wconf 87' lang='lat' dir='ltr'><strong>admitteret,</strong></span> <span class='ocrx_word' id='word_1_679' title='bbox 1312 4772 1503 4831; x_wconf 66' lang='lat' dir='ltr'><strong>praeter</strong></span> <span class='ocrx_word' id='word_1_680' title='bbox 1532 4760 1713 4814; x_wconf 81' lang='lat' dir='ltr'><strong>Pauli-</strong></span> 
     </span>
    </p>
   </div>
   <div class='ocr_carea' id='block_1_92' title="bbox 160 4853 1711 4927">
    <p class='ocr_par' dir='ltr' id='par_1_92' title="bbox 160 4853 1711 4927">
     <span class='ocr_line' id='line_1_92' title="bbox 160 4853 1711 4927; baseline 0 -19"><span class='ocrx_word' id='word_1_681' title='bbox 160 4872 297 4922; x_wconf 80' lang='lat' dir='ltr'><strong>num,</strong></span> <span class='ocrx_word' id='word_1_682' title='bbox 329 4873 493 4927; x_wconf 88' lang='lat' dir='ltr'><strong>quem</strong></span> <span class='ocrx_word' id='word_1_683' title='bbox 548 4856 719 4912; x_wconf 89' lang='lat' dir='ltr'><strong>solum</strong></span> <span class='ocrx_word' id='word_1_684' title='bbox 769 4871 833 4911; x_wconf 90' lang='lat' dir='ltr'><strong>eo</strong></span> <span class='ocrx_word' id='word_1_685' title='bbox 866 4858 1082 4913; x_wconf 88' lang='lat' dir='ltr'><strong>nomine</strong></span> <span class='ocrx_word' id='word_1_686' title='bbox 1116 4864 1378 4911; x_wconf 88' lang='lat' dir='ltr'><strong>accusant</strong></span> <span class='ocrx_word' id='word_1_687' title='bbox 1410 4853 1711 4910; x_wconf 87' lang='lat' dir='ltr'><strong>Orientales</strong></span> 
     </span>
    </p>
   </div>
   <div class='ocr_carea' id='block_1_93' title="bbox 160 4947 1713 5019">
    <p class='ocr_par' dir='ltr' id='par_1_93' title="bbox 160 4947 1713 5019">
     <span class='ocr_line' id='line_1_93' title="bbox 160 4947 1713 5019; baseline 0 -18"><span class='ocrx_word' id='word_1_688' title='bbox 160 4948 205 5001; x_wconf 86' lang='lat' dir='ltr'><strong>In</strong></span> <span class='ocrx_word' id='word_1_689' title='bbox 221 4948 442 5019; x_wconf 83' lang='lat' dir='ltr'><strong>epistola</strong></span> <span class='ocrx_word' id='word_1_690' title='bbox 465 4949 593 5013; x_wconf 74' lang='lat'><strong>265,</strong></span> <span class='ocrx_word' id='word_1_691' title='bbox 609 4963 727 5017; x_wconf 82' lang='lat' dir='ltr'><strong>quae</strong></span> <span class='ocrx_word' id='word_1_692' title='bbox 745 4964 885 5003; x_wconf 86' lang='lat' dir='ltr'><strong>anno</strong></span> <span class='ocrx_word' id='word_1_693' title='bbox 904 4948 1006 5003; x_wconf 78' lang='lat'><strong>377</strong></span> <span class='ocrx_word' id='word_1_694' title='bbox 1026 4950 1219 5019; x_wconf 86' lang='lat' dir='ltr'><strong>scripta</strong></span> <span class='ocrx_word' id='word_1_695' title='bbox 1242 4957 1344 5003; x_wconf 91' lang='lat' dir='ltr'><strong>est.</strong></span> <span class='ocrx_word' id='word_1_696' title='bbox 1374 4947 1713 5001; x_wconf 85' lang='lat' dir='ltr'><strong>Perahsurda</strong></span> 
     </span>
    </p>
   </div>
   <div class='ocr_carea' id='block_1_94' title="bbox 159 5040 1713 5110">
    <p class='ocr_par' dir='ltr' id='par_1_94' title="bbox 159 5040 1713 5110">
     <span class='ocr_line' id='line_1_94' title="bbox 159 5040 1713 5110; baseline 0.001 -17"><span class='ocrx_word' id='word_1_697' title='bbox 159 5054 328 5095; x_wconf 85' lang='lat' dir='ltr'><strong>autem</strong></span> <span class='ocrx_word' id='word_1_698' title='bbox 376 5042 492 5095; x_wconf 60' lang='lat' dir='ltr'><strong>haec</strong></span> <span class='ocrx_word' id='word_1_699' title='bbox 544 5041 734 5097; x_wconf 89' lang='lat' dir='ltr'><strong>fuisset</strong></span> <span class='ocrx_word' id='word_1_700' title='bbox 766 5042 1061 5105; x_wconf 90' lang='lat' dir='ltr'><strong>accusatio,</strong></span> <span class='ocrx_word' id='word_1_701' title='bbox 1093 5041 1136 5094; x_wconf 90' lang='lat' dir='ltr'><strong>si</strong></span> <span class='ocrx_word' id='word_1_702' title='bbox 1188 5042 1284 5110; x_wconf 85' lang='lat' dir='ltr'><strong>ipsi</strong></span> <span class='ocrx_word' id='word_1_703' title='bbox 1336 5040 1713 5095; x_wconf 83' lang='lat' dir='ltr'><strong>Occidentales</strong></span> 
     </span>
    </p>
   </div>
   <div class='ocr_carea' id='block_1_95' title="bbox 159 5128 1713 5196">
    <p class='ocr_par' dir='ltr' id='par_1_95' title="bbox 159 5128 1713 5196">
     <span class='ocr_line' id='line_1_95' title="bbox 159 5128 1713 5196; baseline -0.001 -13"><span class='ocrx_word' id='word_1_704' title='bbox 159 5131 289 5187; x_wconf 82' lang='lat' dir='ltr'><strong>idem</strong></span> <span class='ocrx_word' id='word_1_705' title='bbox 320 5148 388 5189; x_wconf 88' lang='lat' dir='ltr'><strong>ac</strong></span> <span class='ocrx_word' id='word_1_706' title='bbox 427 5130 685 5187; x_wconf 83' lang='lat' dir='ltr'><strong>Paulinus</strong></span> <span class='ocrx_word' id='word_1_707' title='bbox 715 5130 1148 5188; x_wconf 86' lang='lat' dir='ltr'><strong>committebant.</strong></span> <span class='ocrx_word' id='word_1_708' title='bbox 1180 5130 1486 5196; x_wconf 84' lang='lat' dir='ltr'><strong>Quinetiam</strong></span> <span class='ocrx_word' id='word_1_709' title='bbox 1534 5128 1713 5183; x_wconf 77' lang='lat' dir='ltr'><strong>Pauli-</strong></span> 
     </span>
    </p>
   </div>
   <div class='ocr_carea' id='block_1_96' title="bbox 160 5223 1710 5294">
    <p class='ocr_par' dir='ltr' id='par_1_96' title="bbox 160 5223 1710 5294">
     <span class='ocr_line' id='line_1_96' title="bbox 160 5223 1710 5294; baseline 0.004 -20"><span class='ocrx_word' id='word_1_710' title='bbox 160 5237 252 5275; x_wconf 81' lang='lat' dir='ltr'><strong>nus</strong></span> <span class='ocrx_word' id='word_1_711' title='bbox 277 5239 383 5278; x_wconf 91' lang='lat' dir='ltr'><strong>non</strong></span> <span class='ocrx_word' id='word_1_712' title='bbox 438 5238 655 5293; x_wconf 84' lang='lat' dir='ltr'><strong>semper</strong></span> <span class='ocrx_word' id='word_1_713' title='bbox 679 5224 883 5279; x_wconf 83' lang='lat' dir='ltr'><strong>videtur</strong></span> <span class='ocrx_word' id='word_1_714' title='bbox 914 5226 984 5279; x_wconf 90' lang='lat' dir='ltr'><strong>ita</strong></span> <span class='ocrx_word' id='word_1_715' title='bbox 1026 5240 1084 5280; x_wconf 82' lang='lat' dir='ltr'><strong>se</strong></span> <span class='ocrx_word' id='word_1_716' title='bbox 1120 5223 1368 5294; x_wconf 79' lang='lat' dir='ltr'><strong>gessisse.</strong></span> <span class='ocrx_word' id='word_1_717' title='bbox 1400 5228 1532 5280; x_wconf 71' lang='lat' dir='ltr'><strong>Nam</strong></span> <span class='ocrx_word' id='word_1_718' title='bbox 1569 5243 1710 5280; x_wconf 88' lang='lat' dir='ltr'><strong>anno</strong></span> 
     </span>
    </p>
   </div>
   <div class='ocr_carea' id='block_1_97' title="bbox 162 5309 1711 5384">
    <p class='ocr_par' dir='ltr' id='par_1_97' title="bbox 162 5309 1711 5384">
     <span class='ocr_line' id='line_1_97' title="bbox 162 5309 1711 5384; baseline 0.005 -20"><span class='ocrx_word' id='word_1_719' title='bbox 162 5309 256 5367; x_wconf 78' lang='grc'><strong>575</strong></span> <span class='ocrx_word' id='word_1_720' title='bbox 275 5312 507 5367; x_wconf 83' lang='lat' dir='ltr'><strong>Basilius</strong></span> <span class='ocrx_word' id='word_1_721' title='bbox 532 5328 719 5368; x_wconf 81' lang='lat' dir='ltr'><strong>omnes</strong></span> <span class='ocrx_word' id='word_1_722' title='bbox 745 5316 943 5384; x_wconf 89' lang='lat' dir='ltr'><strong>eloquii</strong></span> <span class='ocrx_word' id='word_1_723' title='bbox 990 5317 1071 5370; x_wconf 92' lang='lat' dir='ltr'><strong>sui</strong></span> <span class='ocrx_word' id='word_1_724' title='bbox 1112 5325 1335 5371; x_wconf 85' lang='lat' dir='ltr'><strong>conatus</strong></span> <span class='ocrx_word' id='word_1_725' title='bbox 1360 5318 1620 5381; x_wconf 87' lang='lat' dir='ltr'><strong>adhibuit,</strong></span> <span class='ocrx_word' id='word_1_726' title='bbox 1653 5328 1711 5371; x_wconf 87' lang='lat' dir='ltr'><strong>ut</strong></span> 
     </span>
    </p>
   </div>
   <div class='ocr_carea' id='block_1_98' title="bbox 164 5404 1710 5477">
    <p class='ocr_par' dir='ltr' id='par_1_98' title="bbox 164 5404 1710 5477">
     <span class='ocr_line' id='line_1_98' title="bbox 164 5404 1710 5477; baseline 0.004 -21"><span class='ocrx_word' id='word_1_727' title='bbox 164 5406 365 5459; x_wconf 83' lang='lat' dir='ltr'><strong>comitis</strong></span> <span class='ocrx_word' id='word_1_728' title='bbox 392 5404 631 5460; x_wconf 86' lang='lat' dir='ltr'><strong>Terentii</strong></span> <span class='ocrx_word' id='word_1_729' title='bbox 665 5408 1096 5477; x_wconf 84' lang='lat' dir='ltr'><strong>conjunctionem</strong></span> <span class='ocrx_word' id='word_1_730' title='bbox 1126 5423 1246 5462; x_wconf 89' lang='lat' dir='ltr'><strong>cum</strong></span> <span class='ocrx_word' id='word_1_731' title='bbox 1290 5404 1513 5463; x_wconf 87' lang='lat' dir='ltr'><strong>Paulino</strong></span> <span class='ocrx_word' id='word_1_732' title='bbox 1541 5410 1710 5463; x_wconf 84' lang='lat' dir='ltr'><strong>inter-</strong></span> 
     </span>
    </p>
   </div>
   <div class='ocr_carea' id='block_1_99' title="bbox 165 5496 1715 5572">
    <p class='ocr_par' dir='ltr' id='par_1_99' title="bbox 165 5496 1715 5572">
     <span class='ocr_line' id='line_1_99' title="bbox 165 5496 1715 5572; baseline 0.005 -23"><span class='ocrx_word' id='word_1_733' title='bbox 165 5496 393 5564; x_wconf 81' lang='lat' dir='ltr'><strong>pellaret.</strong></span> <span class='ocrx_word' id='word_1_734' title='bbox 420 5498 552 5553; x_wconf 81' lang='lat' dir='ltr'><strong>Illud</strong></span> <span class='ocrx_word' id='word_1_735' title='bbox 594 5508 778 5554; x_wconf 89' lang='lat' dir='ltr'><strong>autem</strong></span> <span class='ocrx_word' id='word_1_736' title='bbox 818 5500 869 5554; x_wconf 93' lang='lat' dir='ltr'><strong>in</strong></span> <span class='ocrx_word' id='word_1_737' title='bbox 910 5499 1134 5559; x_wconf 68' lang='lat' dir='ltr'><strong>Paulino</strong></span> <span class='ocrx_word' id='word_1_738' title='bbox 1168 5500 1505 5571; x_wconf 89' lang='lat' dir='ltr'><strong>potissimum</strong></span> <span class='ocrx_word' id='word_1_739' title='bbox 1538 5516 1715 5572; x_wconf 86' lang='lat' dir='ltr'><strong>repre-</strong></span> 
     </span>
    </p>
   </div>
   <div class='ocr_carea' id='block_1_100' title="bbox 228 5636 823 5776">
    <p class='ocr_par' dir='ltr' id='par_1_100' title="bbox 228 5636 823 5776">
     <span class='ocr_line' id='line_1_100' title="bbox 228 5636 823 5776; baseline 0.012 -88"><span class='ocrx_word' id='word_1_740' title='bbox 228 5636 300 5776; x_wconf 49' lang='grc' dir='ltr'><strong>(ιζ</strong></span> <span class='ocrx_word' id='word_1_741' title='bbox 339 5637 539 5693; x_wconf 64' lang='grc' dir='ltr'>κει-θα.</span> <span class='ocrx_word' id='word_1_742' title='bbox 566 5639 655 5702; x_wconf 70' lang='grc'><strong>72,</strong></span> <span class='ocrx_word' id='word_1_743' title='bbox 683 5656 737 5693; x_wconf 83' lang='lat' dir='ltr'><strong>n.</strong></span> <span class='ocrx_word' id='word_1_744' title='bbox 771 5640 823 5695; x_wconf 73' lang='grc'>4.</span> 
     </span>
     <span class='ocr_line' id='line_1_101' title="bbox 229 5706 755 5776; baseline 0.008 -15"><span class='ocrx_word' id='word_1_745' title='bbox 229 5706 276 5776; x_wconf 73' lang='lat' dir='ltr'><strong>(b</strong></span> <span class='ocrx_word' id='word_1_746' title='bbox 322 5707 413 5776; x_wconf 77' lang='lat' dir='ltr'><strong>Ep.</strong></span> <span class='ocrx_word' id='word_1_747' title='bbox 444 5710 570 5775; x_wconf 71' lang='lat'><strong>265,</strong></span> <span class='ocrx_word' id='word_1_748' title='bbox 606 5728 665 5763; x_wconf 88' lang='grc' dir='ltr'><strong>ιι.</strong></span> <span class='ocrx_word' id='word_1_749' title='bbox 698 5709 755 5765; x_wconf 74' lang='lat'><strong>5.</strong></span> 
     </span>
    </p>
   </div>
   <div class='ocr_carea' id='block_1_101' title="bbox 248 5707 755 5851">
    <p class='ocr_par' dir='ltr' id='par_1_101' title="bbox 248 5707 755 5851">
     <span class='ocr_line' id='line_1_102' title="bbox 248 5707 755 5777; baseline 0.008 -16"><span class='ocrx_word' id='word_1_750' title='bbox 248 5707 295 5776; x_wconf 69' lang='grc'><strong>6)</strong></span> <span class='ocrx_word' id='word_1_751' title='bbox 322 5707 413 5777; x_wconf 84' lang='grc' dir='ltr'><strong>Ερ.</strong></span> <span class='ocrx_word' id='word_1_752' title='bbox 444 5710 570 5775; x_wconf 73' lang='grc'><strong>265,</strong></span> <span class='ocrx_word' id='word_1_753' title='bbox 606 5728 665 5763; x_wconf 89' lang='grc' dir='ltr'><strong>ιι.</strong></span> <span class='ocrx_word' id='word_1_754' title='bbox 698 5709 755 5765; x_wconf 72' lang='lat'><strong>5.</strong></span> 
     </span>
     <span class='ocr_line' id='line_1_103' title="bbox 248 5775 692 5851; baseline 0.009 -18"><span class='ocrx_word' id='word_1_755' title='bbox 248 5782 294 5848; x_wconf 2' lang='lat' dir='ltr'><strong>pc)</strong></span> <span class='ocrx_word' id='word_1_756' title='bbox 319 5775 409 5851; x_wconf 81' lang='lat' dir='ltr'><strong>Ep.</strong></span> <span class='ocrx_word' id='word_1_757' title='bbox 429 5779 517 5851; x_wconf 79' lang='lat'><strong>69,</strong></span> <span class='ocrx_word' id='word_1_758' title='bbox 550 5800 603 5837; x_wconf 83' lang='grc' dir='ltr'><strong>ιι.</strong></span> <span class='ocrx_word' id='word_1_759' title='bbox 635 5781 692 5837; x_wconf 76' lang='grc'>2.</span> 
     </span>
    </p>
   </div>
   <div class='ocr_carea' id='block_1_102' title="bbox 1822 4582 3383 4651">
    <p class='ocr_par' dir='ltr' id='par_1_102' title="bbox 1822 4582 3383 4651">
     <span class='ocr_line' id='line_1_104' title="bbox 1822 4582 3383 4651; baseline 0.001 -16"><span class='ocrx_word' id='word_1_760' title='bbox 1822 4584 1888 4636; x_wconf 86' lang='lat' dir='ltr'><strong>ab</strong></span> <span class='ocrx_word' id='word_1_761' title='bbox 1914 4585 1993 4639; x_wconf 86' lang='lat' dir='ltr'><strong>eis</strong></span> <span class='ocrx_word' id='word_1_762' title='bbox 2023 4588 2329 4639; x_wconf 84' lang='lat' dir='ltr'><strong>damnatum</strong></span> <span class='ocrx_word' id='word_1_763' title='bbox 2362 4587 2530 4639; x_wconf 82' lang='lat' dir='ltr'><strong>fuisse</strong></span> <span class='ocrx_word' id='word_1_764' title='bbox 2568 4584 2913 4651; x_wconf 87' lang='lat' dir='ltr'><strong>Marcellum;</strong></span> <span class='ocrx_word' id='word_1_765' title='bbox 2947 4584 2997 4638; x_wconf 92' lang='lat' dir='ltr'><strong>id</strong></span> <span class='ocrx_word' id='word_1_766' title='bbox 3054 4585 3195 4638; x_wconf 92' lang='lat' dir='ltr'><strong>enim</strong></span> <span class='ocrx_word' id='word_1_767' title='bbox 3237 4582 3383 4637; x_wconf 78' lang='lat' dir='ltr'><strong>nullo</strong></span> 
     </span>
    </p>
   </div>
   <div class='ocr_carea' id='block_1_103' title="bbox 1819 4673 3381 4739">
    <p class='ocr_par' dir='ltr' id='par_1_103' title="bbox 1819 4673 3381 4739">
     <span class='ocr_line' id='line_1_105' title="bbox 1819 4673 3381 4739; baseline -0.001 -11"><span class='ocrx_word' id='word_1_768' title='bbox 1819 4685 1997 4731; x_wconf 88' lang='lat' dir='ltr'><strong>exstat</strong></span> <span class='ocrx_word' id='word_1_769' title='bbox 2040 4689 2407 4736; x_wconf 79' lang='lat' dir='ltr'><strong>monumento,</strong></span> <span class='ocrx_word' id='word_1_770' title='bbox 2452 4676 2556 4730; x_wconf 86' lang='lat' dir='ltr'><strong>Sed</strong></span> <span class='ocrx_word' id='word_1_771' title='bbox 2608 4677 2743 4728; x_wconf 84' lang='lat' dir='ltr'><strong>forte</strong></span> <span class='ocrx_word' id='word_1_772' title='bbox 2801 4675 2937 4729; x_wconf 91' lang='lat' dir='ltr'><strong>idem</strong></span> <span class='ocrx_word' id='word_1_773' title='bbox 2992 4684 3119 4728; x_wconf 90' lang='lat' dir='ltr'><strong>tunc</strong></span> <span class='ocrx_word' id='word_1_774' title='bbox 3157 4673 3381 4739; x_wconf 87' lang='lat' dir='ltr'><strong>factum,</strong></span> 
     </span>
    </p>
   </div>
   <div class='ocr_carea' id='block_1_104' title="bbox 1820 4762 3383 4837">
    <p class='ocr_par' dir='ltr' id='par_1_104' title="bbox 1820 4762 3383 4837">
     <span class='ocr_line' id='line_1_106' title="bbox 1820 4762 3383 4837; baseline -0.002 -16"><span class='ocrx_word' id='word_1_775' title='bbox 1820 4768 1963 4836; x_wconf 88' lang='lat' dir='ltr'><strong>quod</strong></span> <span class='ocrx_word' id='word_1_776' title='bbox 2000 4769 2235 4837; x_wconf 84' lang='lat' dir='ltr'><strong>quinque</strong></span> <span class='ocrx_word' id='word_1_777' title='bbox 2263 4781 2389 4820; x_wconf 92' lang='lat' dir='ltr'><strong>ante</strong></span> <span class='ocrx_word' id='word_1_778' title='bbox 2422 4768 2523 4819; x_wconf 90' lang='lat' dir='ltr'><strong>hoc</strong></span> <span class='ocrx_word' id='word_1_779' title='bbox 2560 4776 2767 4834; x_wconf 88' lang='lat' dir='ltr'><strong>tempus</strong></span> <span class='ocrx_word' id='word_1_780' title='bbox 2798 4781 2956 4817; x_wconf 79' lang='lat' dir='ltr'><strong>annis</strong></span> <span class='ocrx_word' id='word_1_781' title='bbox 2995 4764 3195 4819; x_wconf 83' lang='lat' dir='ltr'><strong>fecerat</strong></span> <span class='ocrx_word' id='word_1_782' title='bbox 3224 4762 3383 4818; x_wconf 79' lang='lat' dir='ltr'><strong>Libe-</strong></span> 
     </span>
    </p>
   </div>
   <div class='ocr_carea' id='block_1_105' title="bbox 1821 4856 3382 4930">
    <p class='ocr_par' dir='ltr' id='par_1_105' title="bbox 1821 4856 3382 4930">
     <span class='ocr_line' id='line_1_107' title="bbox 1821 4856 3382 4930; baseline -0.003 -15"><span class='ocrx_word' id='word_1_783' title='bbox 1821 4862 1933 4915; x_wconf 91' lang='lat' dir='ltr'><strong>rius</strong></span> <span class='ocrx_word' id='word_1_784' title='bbox 1962 4876 2119 4930; x_wconf 87' lang='lat' dir='ltr'><strong>papa.</strong></span> <span class='ocrx_word' id='word_1_785' title='bbox 2152 4861 2283 4913; x_wconf 84' lang='lat' dir='ltr'><strong>Nam</strong></span> <span class='ocrx_word' id='word_1_786' title='bbox 2334 4874 2459 4912; x_wconf 87' lang='lat' dir='ltr'><strong>cum</strong></span> <span class='ocrx_word' id='word_1_787' title='bbox 2506 4858 2664 4928; x_wconf 78' lang='lat' dir='ltr'><strong>legati</strong></span> <span class='ocrx_word' id='word_1_788' title='bbox 2691 4857 3024 4919; x_wconf 86' lang='lat' dir='ltr'><strong>Eustathius,</strong></span> <span class='ocrx_word' id='word_1_789' title='bbox 3051 4856 3382 4926; x_wconf 72' lang='lat' dir='ltr'><strong>Theophilus</strong></span> 
     </span>
    </p>
   </div>
   <div class='ocr_carea' id='block_1_106' title="bbox 1817 4950 3381 5007">
    <p class='ocr_par' dir='ltr' id='par_1_106' title="bbox 1817 4950 3381 5007">
     <span class='ocr_line' id='line_1_108' title="bbox 1817 4950 3381 5007; baseline -0.003 0"><span class='ocrx_word' id='word_1_790' title='bbox 1817 4964 1870 5007; x_wconf 89' lang='lat' dir='ltr'><strong>et</strong></span> <span class='ocrx_word' id='word_1_791' title='bbox 1908 4952 2163 5007; x_wconf 83' lang='lat' dir='ltr'><strong>Silvanus</strong></span> <span class='ocrx_word' id='word_1_792' title='bbox 2208 4953 2258 5004; x_wconf 92' lang='lat' dir='ltr'><strong>in</strong></span> <span class='ocrx_word' id='word_1_793' title='bbox 2310 4950 2657 5006; x_wconf 88' lang='lat' dir='ltr'><strong>Occidentem</strong></span> <span class='ocrx_word' id='word_1_794' title='bbox 2711 4950 2863 5003; x_wconf 88' lang='lat' dir='ltr'><strong>missi</strong></span> <span class='ocrx_word' id='word_1_795' title='bbox 2901 4950 3202 5004; x_wconf 81' lang='lat' dir='ltr'><strong>Marcellum</strong></span> <span class='ocrx_word' id='word_1_796' title='bbox 3259 4966 3381 5003; x_wconf 87' lang='lat' dir='ltr'><strong>cum</strong></span> 
     </span>
    </p>
   </div>
   <div class='ocr_carea' id='block_1_107' title="bbox 1818 5044 3385 5100">
    <p class='ocr_par' dir='ltr' id='par_1_107' title="bbox 1818 5044 3385 5100">
     <span class='ocr_line' id='line_1_109' title="bbox 1818 5044 3385 5100; baseline -0.002 0"><span class='ocrx_word' id='word_1_797' title='bbox 1818 5045 2049 5100; x_wconf 89' lang='lat' dir='ltr'><strong>Photino</strong></span> <span class='ocrx_word' id='word_1_798' title='bbox 2082 5058 2134 5099; x_wconf 90' lang='lat' dir='ltr'><strong>et</strong></span> <span class='ocrx_word' id='word_1_799' title='bbox 2168 5045 2331 5099; x_wconf 87' lang='lat' dir='ltr'><strong>Paulo</strong></span> <span class='ocrx_word' id='word_1_800' title='bbox 2365 5044 2996 5100; x_wconf 85' lang='lat' dir='ltr'><strong>Samosatenodamnent</strong></span> <span class='ocrx_word' id='word_1_801' title='bbox 3026 5044 3075 5098; x_wconf 92' lang='lat' dir='ltr'><strong>in</strong></span> <span class='ocrx_word' id='word_1_802' title='bbox 3105 5044 3223 5099; x_wconf 85' lang='lat' dir='ltr'><strong>lldei</strong></span> <span class='ocrx_word' id='word_1_803' title='bbox 3247 5060 3385 5099; x_wconf 89' lang='lat' dir='ltr'><strong>con-</strong></span> 
     </span>
    </p>
   </div>
   <div class='ocr_carea' id='block_1_108' title="bbox 1819 5136 3385 5207">
    <p class='ocr_par' dir='ltr' id='par_1_108' title="bbox 1819 5136 3385 5207">
     <span class='ocr_line' id='line_1_110' title="bbox 1819 5136 3385 5207; baseline 0.001 -17"><span class='ocrx_word' id='word_1_804' title='bbox 1819 5136 2055 5191; x_wconf 86' lang='lat' dir='ltr'><strong>fessione</strong></span> <span class='ocrx_word' id='word_1_805' title='bbox 2092 5153 2251 5207; x_wconf 89' lang='lat' dir='ltr'><strong>quam</strong></span> <span class='ocrx_word' id='word_1_806' title='bbox 2310 5137 2528 5193; x_wconf 86' lang='lat' dir='ltr'><strong>Liberio</strong></span> <span class='ocrx_word' id='word_1_807' title='bbox 2575 5138 2921 5205; x_wconf 90' lang='lat' dir='ltr'><strong>obtulerunt,</strong></span> <span class='ocrx_word' id='word_1_808' title='bbox 2972 5138 3085 5206; x_wconf 90' lang='lat' dir='ltr'><strong>ipse</strong></span> <span class='ocrx_word' id='word_1_809' title='bbox 3140 5137 3385 5192; x_wconf 87' lang='lat' dir='ltr'><strong>Liberius</strong></span> 
     </span>
    </p>
   </div>
   <div class='ocr_carea' id='block_1_109' title="bbox 1823 5226 3382 5296">
    <p class='ocr_par' dir='ltr' id='par_1_109' title="bbox 1823 5226 3382 5296">
     <span class='ocr_line' id='line_1_111' title="bbox 1823 5226 3382 5296; baseline -0.002 -15"><span class='ocrx_word' id='word_1_810' title='bbox 1823 5229 1874 5281; x_wconf 93' lang='lat' dir='ltr'><strong>in</strong></span> <span class='ocrx_word' id='word_1_811' title='bbox 1921 5243 2019 5282; x_wconf 90' lang='lat' dir='ltr'><strong>sua</strong></span> <span class='ocrx_word' id='word_1_812' title='bbox 2058 5229 2124 5281; x_wconf 91' lang='lat' dir='ltr'><strong>ad</strong></span> <span class='ocrx_word' id='word_1_813' title='bbox 2156 5226 2463 5283; x_wconf 90' lang='lat' dir='ltr'><strong>Orientales</strong></span> <span class='ocrx_word' id='word_1_814' title='bbox 2504 5227 2728 5296; x_wconf 84' lang='lat' dir='ltr'><strong>epistola</strong></span> <span class='ocrx_word' id='word_1_815' title='bbox 2764 5226 3053 5282; x_wconf 84' lang='lat' dir='ltr'><strong>confirmat</strong></span> <span class='ocrx_word' id='word_1_816' title='bbox 3086 5226 3382 5296; x_wconf 88' lang='lat' dir='ltr'><strong>legatorum</strong></span> 
     </span>
    </p>
   </div>
   <div class='ocr_carea' id='block_1_110' title="bbox 1822 5316 3383 5389">
    <p class='ocr_par' dir='ltr' id='par_1_110' title="bbox 1822 5316 3383 5389">
     <span class='ocr_line' id='line_1_112' title="bbox 1822 5316 3383 5389; baseline -0.002 -17"><span class='ocrx_word' id='word_1_817' title='bbox 1822 5319 2145 5383; x_wconf 88' lang='lat' dir='ltr'><strong>doctrinam,</strong></span> <span class='ocrx_word' id='word_1_818' title='bbox 2174 5320 2268 5374; x_wconf 86' lang='lat' dir='ltr'><strong>sed</strong></span> <span class='ocrx_word' id='word_1_819' title='bbox 2298 5320 2593 5387; x_wconf 87' lang='lat' dir='ltr'><strong>generatim</strong></span> <span class='ocrx_word' id='word_1_820' title='bbox 2642 5319 3076 5389; x_wconf 86' lang='lat' dir='ltr'><strong>Patripassianos</strong></span> <span class='ocrx_word' id='word_1_821' title='bbox 3103 5327 3158 5372; x_wconf 90' lang='lat' dir='ltr'><strong>et</strong></span> <span class='ocrx_word' id='word_1_822' title='bbox 3196 5316 3383 5371; x_wconf 82' lang='lat' dir='ltr'><strong>Sabel-</strong></span> 
     </span>
    </p>
   </div>
   <div class='ocr_carea' id='block_1_111' title="bbox 1822 5406 3384 5483">
    <p class='ocr_par' dir='ltr' id='par_1_111' title="bbox 1822 5406 3384 5483">
     <span class='ocr_line' id='line_1_113' title="bbox 1822 5406 3384 5483; baseline -0.003 -19"><span class='ocrx_word' id='word_1_823' title='bbox 1822 5410 2000 5471; x_wconf 80' lang='lat' dir='ltr'><strong>lianos</strong></span> <span class='ocrx_word' id='word_1_824' title='bbox 2048 5417 2265 5465; x_wconf 85' lang='lat' dir='ltr'><strong>damnat</strong></span> <span class='ocrx_word' id='word_1_825' title='bbox 2298 5412 2377 5479; x_wconf 87' lang='grc' dir='ltr'>(ιι.</span> <span class='ocrx_word' id='word_1_826' title='bbox 2417 5412 2495 5483; x_wconf 73' lang='grc'><strong>4),</strong></span> <span class='ocrx_word' id='word_1_827' title='bbox 2549 5425 2648 5465; x_wconf 89' lang='lat' dir='ltr'><strong>nec</strong></span> <span class='ocrx_word' id='word_1_828' title='bbox 2696 5410 3026 5475; x_wconf 80' lang='lat' dir='ltr'><strong>Marcellum,</strong></span> <span class='ocrx_word' id='word_1_829' title='bbox 3065 5424 3164 5464; x_wconf 89' lang='lat' dir='ltr'><strong>nec</strong></span> <span class='ocrx_word' id='word_1_830' title='bbox 3217 5406 3384 5463; x_wconf 90' lang='lat' dir='ltr'><strong>ullum</strong></span> 
     </span>
    </p>
   </div>
   <div class='ocr_carea' id='block_1_112' title="bbox 1822 5499 3378 5569">
    <p class='ocr_par' dir='ltr' id='par_1_112' title="bbox 1822 5499 3378 5569">
     <span class='ocr_line' id='line_1_114' title="bbox 1822 5499 3378 5569; baseline -0.001 -12"><span class='ocrx_word' id='word_1_831' title='bbox 1822 5503 1985 5557; x_wconf 86' lang='lat' dir='ltr'><strong>alium</strong></span> <span class='ocrx_word' id='word_1_832' title='bbox 2053 5503 2369 5559; x_wconf 89' lang='lat' dir='ltr'><strong>nominatim</strong></span> <span class='ocrx_word' id='word_1_833' title='bbox 2420 5503 2713 5569; x_wconf 86' lang='lat' dir='ltr'><strong>appellans.</strong></span> <span class='ocrx_word' id='word_1_834' title='bbox 2770 5501 2951 5569; x_wconf 85' lang='lat' dir='ltr'><strong>Quare</strong></span> <span class='ocrx_word' id='word_1_835' title='bbox 3002 5502 3185 5556; x_wconf 84' lang='lat' dir='ltr'><strong>nescio</strong></span> <span class='ocrx_word' id='word_1_836' title='bbox 3239 5499 3378 5555; x_wconf 82' lang='lat' dir='ltr'><strong>unde</strong></span> 
     </span>
    </p>
   </div>
   <div class='ocr_carea' id='block_1_113' title="bbox 1888 5642 2530 5713">
    <p class='ocr_par' dir='ltr' id='par_1_113' title="bbox 1888 5642 2530 5713">
     <span class='ocr_line' id='line_1_115' title="bbox 1888 5642 2530 5713; baseline 0 -16"><span class='ocrx_word' id='word_1_837' title='bbox 1888 5644 1966 5713; x_wconf 78' lang='lat' dir='ltr'><strong>td)</strong></span> <span class='ocrx_word' id='word_1_838' title='bbox 1999 5643 2070 5697; x_wconf 92' lang='lat' dir='ltr'><strong>De</strong></span> <span class='ocrx_word' id='word_1_839' title='bbox 2101 5647 2197 5702; x_wconf 84' lang='lat' dir='ltr'><strong>uir.</strong></span> <span class='ocrx_word' id='word_1_840' title='bbox 2225 5645 2329 5711; x_wconf 64' lang='grc' dir='ltr'>ιιι,</span> <span class='ocrx_word' id='word_1_841' title='bbox 2355 5660 2403 5700; x_wconf 94' lang='lat' dir='ltr'><strong>c.</strong></span> <span class='ocrx_word' id='word_1_842' title='bbox 2442 5642 2530 5697; x_wconf 82' lang='lat' dir='ltr'><strong>so.</strong></span> 
     </span>
    </p>
   </div>
   <div class='ocr_carea' id='block_1_114' title="bbox 1892 5712 2126 5787">
    <p class='ocr_par' dir='ltr' id='par_1_114' title="bbox 1892 5712 2126 5787">
     <span class='ocr_line' id='line_1_116' title="bbox 1892 5712 2126 5787; baseline 0.004 -19"><span class='ocrx_word' id='word_1_843' title='bbox 1892 5716 1960 5787; x_wconf 74' lang='grc' dir='ltr'><strong>ιε)</strong></span> <span class='ocrx_word' id='word_1_844' title='bbox 1996 5712 2126 5769; x_wconf 70' lang='lat' dir='ltr'><strong>nim.</strong></span> 
     </span>
    </p>
   </div>
  </div>
