4074 6312
701 344 826 389 CLIV

2050 330 2580 387 PROLEGOMENA.

705 446 949 504 hauserit
986 448 1363 518 Metrophanes
1395 450 1642 519 Smyrnae
1687 453 1974 519 episcopus
2020 452 2161 519 quod
2190 450 2263 502 ait
2295 454 2337 509 Α
2367 466 2442 504 se.
2471 451 2682 521 Alioqui
2717 465 2782 504 ne
2806 452 2869 503 ad
2897 451 3081 504 horam
3116 450 3329 521 quidem
3371 468 3427 507 se.
3447 453 3659 509 illorum
3688 465 3934 507 commn-

708 542 759 595 iu
796 542 1025 595 concilio
1049 551 1260 604 octavo,
1299 553 1405 595 aet.
1436 544 1504 596 6:
1550 541 1845 597 Novissime
1898 553 2071 596 autent
2124 543 2269 596 Mar-

703 637 888 689 cellum
934 636 1002 686 ad
1037 636 1303 703 proprium
1346 637 1596 688 comitium
1629 651 1883 689 reversum
1913 643 1959 685 et
1993 635 2273 701 deprehen-

701 741 817 779 sum
847 726 1148 780 lue-relicum
1178 726 1230 777 Ιιί
1256 726 1344 794 qui
1378 727 1517 779 circa
1574 726 1843 781 Silvanum
1878 737 2025 781 erant
2057 727 2270 781 auat/te-

701 821 1102 878 matizacerunl,
1133 817 1315 883 quibus
1354 827 1401 867 et
1443 815 1681 871 Liverius
1736 834 1868 886 papa
1926 836 2017 885 per
2064 822 2268 872 litteras

706 925 850 971 suos,
873 908 962 977 qui
990 906 1323 974 paulu/ium
1356 910 1475 977 fuit,
1503 911 1781 964 concordat
1804 909 2018 964 dicens:
2044 910 2266 963 Marcel-

702 1000 811 1052 Itnu
842 998 1019 1052 denuo
1059 1000 1221 1066 impie
1261 1000 1734 1069 dogmatizantem.
1773 1000 1979 1069 Pugnat
2012 1018 2131 1056 cum
2169 1002 2271 1054 hoc

706 1086 1015 1139 testimonio
1067 1085 1318 1151 Basilius,
1360 1090 1530 1157 quiin
1573 1090 1729 1158 epist.
1768 1088 1860 1151 89,
1886 1106 2047 1158 quam
2105 1104 2266 1157 supra

703 1179 1006 1239 citavimus,
1053 1178 1366 1231 Marcellum
1406 1196 1666 1248 nusquam
1697 1195 1724 1231 a
1761 1179 2025 1238 Romanis
2055 1182 2269 1247 pOntifi-

701 1269 853 1323 t-ibus
881 1272 1190 1323 damnatum
1212 1274 1477 1339 queritur.
1499 1270 1751 1323 Testatur
1783 1269 2019 1325 Hilarius
2047 1270 2265 1341 Fragm.

705 1363 830 1415 hist.
858 1360 910 1421 2,
944 1378 998 1417 n.
1030 1362 1124 1425 21,
1155 1362 1487 1424 Marcellum,
1515 1378 1633 1415 cum
1668 1363 1724 1414 S.
1752 1362 2049 1417 Athanasio
2077 1367 2269 1433 proba-

701 1462 788 1509 tus
814 1464 868 1507 et
893 1466 1153 1526 purgatus
1186 1458 1387 1515 fuisset,
1417 1466 1600 1515 postea
1640 1456 1705 1509 ab
1734 1456 1970 1525 ejusdem
2004 1468 2268 1510 remotum

703 1543 870 1599 fuisse
929 1546 1326 1599 communione.
1365 1552 1433 1597 At
1483 1546 1669 1599 Ililarii
1718 1548 2023 1599 testimonio
2055 1547 2127 1599 uti
2165 1562 2268 1599 non

701 1650 941 1701 possum,
973 1638 1097 1703 quia
1130 1637 1180 1687 id
1227 1637 1520 1706 centigissc
1556 1638 1685 1691 dicit
1716 1648 2005 1703 antequam
2040 1640 2265 1689 dunina-

703 1737 849 1779 retur
870 1726 1131 1783 Photinus
1169 1745 1184 1782 :
1216 1730 1358 1799 quod
1399 1730 1611 1797 quidem
1651 1728 1847 1783 refellit
1895 1731 2010 1799 ipse
2039 1730 2271 1782 Athana-

700 1817 836 1882 sius,
868 1820 953 1874 cui
1000 1820 1303 1884 Marcellus,
1344 1834 1402 1874 ut
1431 1824 1682 1876 observat
1715 1824 2111 1887 Tillcmontius,
2146 1824 2265 1891 plu-
2301 1797 2342 1851 Β

703 1913 855 1968 ribus
903 1913 1061 1969 annis
1116 1923 1237 1983 post
1295 1915 1607 1970 damnatum
1660 1915 1951 1969 Pbotiuum
2008 1916 2269 1984 probatus

703 2004 825 2060 fuit.

774 2103 919 2155 Nihil
953 2104 1245 2157 detrahunt
1289 2104 1353 2156 de
1388 2105 1470 2157 bis
1496 2106 1760 2157 rationum
1802 2105 2114 2171 momentis,
2143 2121 2264 2177 quae

704 2194 768 2245 ad
804 2192 1036 2249 Marcelli
1088 2195 1461 2249 defensionem
1494 2195 1867 2264 proferuntur,
1902 2213 2021 2252 cum
2070 2200 2135 2250 ad
2174 2214 2270 2251 ex-

706 2298 904 2341 tremos
929 2286 1070 2341 illius
1090 2302 1263 2341 annos
1290 2303 1394 2342 non
1424 2291 1753 2357 pertineant.
1784 2289 1999 2344 Frustra
2031 2304 2259 2343 comma.

702 2380 882 2435 nionis
904 2380 1114 2445 litterae,
1135 2396 1270 2449 quas
1299 2380 1630 2436 Marcelliani
1664 2381 2064 2437 confessoribus
2096 2379 2268 2449 Egy-

702 2471 830 2539 ptiis
867 2474 1247 2536 ostenderunt,
1274 2474 1490 2542 scripta:
1518 2490 1545 2526 a
1589 2473 1646 2528 S.
1678 2474 1978 2527 Athanasio
2018 2473 2270 2525 dicuntur

700 2578 842 2617 anno
870 2563 993 2616 δη.
1032 2562 1185 2616 Nulla
1220 2566 1361 2617 inest
1405 2564 1562 2630 hujus
1594 2564 1855 2631 temporis
1885 2574 2009 2617 neta
2062 2564 2113 2615 iu
2146 2562 2268 2616 fidei

702 2654 1066 2718 confessione,
1100 2670 1221 2724 qua:
1265 2654 1500 2710 Marcelli
1557 2654 1781 2724 ejusque
1830 2654 1963 2710 eleri
1995 2665 2050 2710 et
2096 2655 2269 2723 plebis

702 2749 923 2803 nomine
960 2748 1139 2803 oblata
1172 2749 1381 2804 litteras
1408 2750 1807 2805 communionis
1834 2766 1860 2803 a
1888 2748 1947 2803 S.
1978 2750 2272 2805 Athanasio

705 2840 1035 2909 impetravit.
1079 2841 1390 2906 Quinetiam
1442 2842 1585 2895 illam
1621 2848 1905 2911 perpaucis
1944 2841 2101 2893 annis
2152 2847 2272 2907 post

704 2942 926 2985 cxortos
949 2932 1239 2984 Anomaens
1274 2940 1507 2986 oblatam
1535 2952 1596 2986 ex
1634 2935 1715 2987 his
1744 2934 1922 2986 verbis
1945 2932 2121 3000 colligi
2155 2947 2272 3000 pos-

701 3033 801 3087 set,
837 3022 1301 3095 ἀναθεματίζομέν
1322 3042 1378 3077 τε
1415 3027 1506 3078 καὶ
1538 3027 1663 3088 τοὺς
1713 3024 1808 3077 νῦν
1843 3024 2152 3089 ἐξελθόντας
2180 3024 2270 3077 καὶ

2373 543 2584 597 nionem
2619 545 2980 599 admissurum
3028 544 3214 611 fuisse,
3246 546 3290 599 si
3332 544 3694 603 claudicantes
3724 546 3778 602 in
3828 543 3933 599 (ide

2372 636 2615 691 vidisset.

2448 724 2580 779 Cum
2619 727 2850 796 spatium
2887 725 3100 794 aliquod
3148 728 3449 796 ponendum
3486 727 3555 780 sit
3591 730 3734 785 inter
3784 728 3935 785 redi—

2376 824 2486 868 tum
2524 817 2820 884 legatorum
2873 829 2928 874 et
2974 818 3109 872 hanc
3154 818 3337 875 Basilii
3390 820 3702 890 epistolam,
3730 823 3935 886 scripta

2373 923 2478 961 nou
2526 910 2734 963 videtur
2789 912 2892 966 nisi
2928 925 3069 964 anno
3116 910 3243 975 378,
3284 930 3387 967 non
3427 911 3591 968 multo
3640 920 3934 980 antequam

2373 998 2562 1053 Petrus
2597 998 2766 1053 Itonia
2801 1002 3117 1056 discederet.
3145 999 3195 1054 Is
3229 1003 3371 1055 enim
3408 1013 3531 1059 ante
3554 1002 3687 1056 alios
3719 1007 3937 1058 contes-

2371 1106 2523 1146 sorcs
2556 1093 2606 1145 in
2647 1092 2936 1147 Ecclesiam
2968 1109 3119 1147 suam
3154 1092 3423 1163 rediit(d).
3456 1094 3703 1150 incolumi
3758 1095 3937 1148 adhuc

2373 1182 2615 1248 Valente,
2647 1185 2738 1237 sed
2771 1183 3135 1240 molestissimi
3174 1184 3295 1239 belli
3333 1185 3686 1242 incommodis
3720 1186 3794 1241 ita
3835 1184 3937 1237 im-

2370 1276 2571 1344 pedito,
2604 1286 2660 1329 ut
2694 1275 2862 1328 otium
2896 1279 3281 1345 persequendas
3308 1276 3561 1331 Ecclesia:
3607 1296 3712 1333 non
3768 1279 3933 1333 liabe-

2375 1377 2474 1421 ret.
2515 1366 2646 1420 Tum
2694 1381 2813 1421 cum
2871 1368 3008 1421 hanc
3052 1369 3333 1436 epistolam
3375 1368 3639 1423 scriberet
3672 1369 3936 1433 Basilius,

2370 1460 2609 1512 omnium
2642 1456 2881 1513 Orientis
2912 1457 3274 1512 Ecclesiarum
3316 1459 3455 1512 oculi
3494 1457 3543 1510 in
3574 1458 3819 1525 Petrum,
3847 1461 3940 1515 Ba.

2370 1550 2569 1613 silium,
2602 1549 2893 1613 Meletium,
2922 1560 2977 1602 et
2998 1549 3131 1603 alios
3156 1548 3415 1617 ejusmodi
3451 1547 3794 1605 confessores
3812 1570 3939 1609 con-

2371 1643 2509 1695 versi
2536 1641 2907 1708 erant.Quare
2934 1641 3515 1697 demonstratBasilius
3547 1643 3731 1711 quanti
3767 1644 3938 1697 inter-

2371 1734 2531 1788 situt
2581 1736 2849 1801 praeterita
2894 1734 3150 1790 oblivioni
3196 1738 3496 1795 tradantur,
3542 1745 3597 1789 et
3650 1734 3936 1803 pacificum

2373 1825 2587 1892 aliquod
2620 1826 2835 1878 initium
2868 1826 3216 1880 instituatur:
3242 1828 3438 1897 quippe
3462 1842 3581 1880 cum
3609 1840 3819 1891 eorum,
3844 1824 3936 1895 qui

2372 1917 2653 1970 veritatem
2687 1916 2986 1970 defendunt
3014 1920 3301 1971 concordia
3340 1918 3562 1988 populos
3591 1922 3655 1973 ad
3684 1932 3940 1989 persecu-

2374 2010 2568 2061 tionem
2597 2010 2968 2063 sustinendam
2999 2010 3240 2063 acriores
3274 2010 3480 2064 factura
3514 2013 3604 2075 sit,
3638 2021 3693 2065 et
3726 2010 3938 2064 discor-

2374 2099 2459 2152 dia
2496 2102 2780 2156 tardiores.

2871 2192 3095 2249 CAPUT
3142 2192 3424 2248 XXXVIII.

2370 2281 2410 2338 I.
2440 2282 2731 2337 Concilium
2780 2285 3144 2347 Amphilochii,
3200 2287 3251 2335 in
3276 2300 3376 2352 quo
3410 2282 3661 2334 latidatur
3696 2279 3939 2352 liber_De

3755 2350 3860 2365 ἠ-

2443 2356 2643 2417 Spiritu
2678 2365 2880 2406 sancto.
2919 2355 2975 2406 ΙΙ.
3023 2355 3266 2419 Epistola-
3291 2354 3552 2405 nonnulla:
3582 2367 3720 2405 anno
3752 2354 3860 2403 577
3884 2360 3934 2401 et

2438 2424 2541 2475 578
2595 2426 2819 2489 scriptas.
2860 2421 2940 2474 III.
3002 2423 3075 2474 De
3133 2423 3367 2487 pluribus
3411 2424 3531 2475 aliis
3584 2423 3637 2474 in
3675 2430 3938 2475 senectute

2442 2493 2498 2549 S.
2523 2493 2710 2547 Basilii
2731 2495 2954 2559 scriptis.
2984 2490 3071 2545 IV.
3094 2493 3168 2546 De
3182 2494 3409 2560 epistolis
3426 2495 3476 2544 in
3495 2495 3795 2560 episcopatu
3814 2489 3937 2559 qui-

2443 2568 2555 2618 dem
2589 2565 2818 2630 scriptis,
2849 2565 2937 2617 sed
2968 2580 3189 2634 quarunt
3217 2575 3333 2627 tem;
3354 2581 3414 2618 us
3443 2566 3717 2617 incertum.

2444 2659 2481 2713 I.
2514 2660 2809 2713 Concilium
2851 2658 3153 2712 celebrabat
3185 2658 3593 2724 Amphilochius
3625 2660 3715 2723 le),
3744 2668 3871 2708 cum
3908 2666 3937 2705 ι

2374 2762 2577 2804 remota
2612 2753 2839 2817 quadam
2870 2748 3107 2801 Ecclesia
3158 2747 3437 2800 consultus
3463 2756 3545 2799 est
3589 2748 3653 2799 de
3688 2745 3938 2798 doctrina

2374 2842 2607 2907 Spiritus
2638 2840 2836 2893 Sancti.
2875 2837 3175 2906 Respondit
3228 2852 3324 2891 suo
3364 2849 3417 2890 et
3442 2836 3668 2893 aliorum
3720 2838 3938 2903 episco-

2374 2943 2561 2996 porum
2599 2927 2833 2989 nontine,
2864 2926 2956 2981 sed
2991 2926 3188 2979 litteris
3224 2928 3336 2980 suis
3372 2925 3611 2994 adjunin
3645 2924 3940 2978 elucubra-

2375 3021 2574 3073 tioncm
2606 3019 2786 3074 Basilii
2821 3020 2884 3073 de
2914 3020 3118 3088 Spiritu
3170 3028 3383 3081 sancto,
3412 3018 3592 3071 dolere
3620 3033 3679 3071 se
3722 3018 3939 3087 signifi-

699 3116 1019 3188 λεγομένους
1032 3118 1342 3189 Ἀνομοίους
1360 3118 1805 3190 (u).Anatltemate
1822 3136 1905 3173 eos
1923 3136 2119 3189 quoque
2130 3122 2272 3171 dant-

2379 3128 2543 3178 cans,
2571 3113 2708 3179 quod
2758 3110 2988 3165 Basilius
3045 3112 3233 3164 morbo
3283 3109 3528 3162 detentus
3569 3110 3803 3163 concilio
3835 3125 3939 3163 non

702 3226 907 3274 namus,
934 3212 1022 3280 qui
1066 3228 1228 3277 nuper
1284 3213 1448 3264 exorti
1479 3221 1598 3264 sunt
1652 3222 1695 3263 et
1740 3213 1972 3264 Anommi
2002 3214 2268 3265 dicuntur.

702 3300 839 3353 Hinc
866 3303 1006 3353 nulla
1040 3302 1243 3355 mentio
1284 3302 1348 3355 de
1404 3301 2020 3355 Pneumatomachorum
2054 3302 2267 3355 Incresi.

700 3392 835 3447 Cum
871 3404 1050 3446 autem
1081 3395 1231 3446 missi
1261 3394 1326 3445 ad
1363 3392 1417 3444 S.
1450 3394 1804 3445 Athanasium
1834 3391 2041 3445 Galatas
2076 3393 2270 3447 litteris

702 3485 1076 3556 episcoporum
1112 3484 1335 3539 (irrecize
1388 3493 1443 3537 et
1490 3482 1817 3537 Macedonia:
1862 3485 2053 3537 muniti
2104 3498 2272 3537 vene-

707 3580 1200 3651 rinttb),conjieio
1250 3582 1363 3633 licet:
1415 3582 1707 3649 contigisse
1759 3595 1863 3634 non
1926 3579 2093 3640 multo
2150 3587 2271 3645 post

706 3674 939 3742 synodos
974 3674 1024 3723 in
1068 3672 1273 3725 Graecia
1324 3682 1378 3724 et
1419 3672 1727 3725 Macedonia
1780 3672 2081 3726 celebralas
2124 3671 2267 3725 circa

704 3778 902 3816 annum
932 3763 1035 3816 565
1066 3762 1303 3831 (c),qu;e
1354 3778 1475 3817 eum
1523 3765 1862 3818 decreverint
1908 3764 2273 3816 admittendos

705 3868 845 3917 esse,
894 3853 1198 3922 quicunque
1231 3853 1388 3905 fidem
1421 3852 1689 3905 Nicaeuam
1736 3854 2066 3921 reciperent,
2090 3854 2275 3906 viden-

710 3954 797 3999 tur
820 3942 1059 3997 Marcelli
1087 3943 1378 4011 discipulos
1404 3957 1463 3996 ea
1489 3942 1803 3997 conditione
1828 3943 2056 3996 libenter
2084 3958 2267 3998 susce-

706 4038 870 4105 pisse.

778 4127 888 4181 VII.
926 4126 1141 4181 Inerant
1167 4126 1327 4180 etiam
1354 4125 1494 4181 Petri
1516 4125 1594 4198 (η.
1619 4125 1676 4194 2)
1707 4124 1899 4180 litteris
1916 4124 2149 4193 querela:
2182 4125 2273 4179 ad-

707 4233 896 4273 versus
921 4218 1269 4279 Dorotbeum,
1306 4216 1461 4285 cujus
1505 4218 1776 4272 lenitatem
1806 4233 1869 4271 ac
1901 4218 2271 4272 mansuetudi-

708 4323 833 4363 nem
866 4308 1056 4362 Petrus
1082 4306 1406 4375 requirebat.
1438 4305 1833 4361 Permolestum
1876 4307 1925 4361 id
1975 4308 2073 4359 fuit
2116 4306 2270 4360 Basi-

707 4402 803 4463 lio,
832 4402 921 4468 qui
953 4401 1191 4469 peccatis
1237 4399 1348 4453 suis
1376 4398 1491 4451 fieri
1521 4399 1786 4463 declarat,
1825 4408 1881 4451 ut
1909 4396 2135 4451 fratrum
2182 4413 2275 4467 op-

706 4493 823 4546 timi
848 4507 877 4544 a
904 4492 1129 4547 lenitate
1157 4490 1455 4556 discedant,
1493 4506 1590 4544 nec
1621 4495 1686 4544 ad
1716 4490 2001 4545 commissa
2048 4505 2268 4543 munera
2306 4467 2348 4521 ί)

709 4584 887 4638 idonei
921 4584 1280 4651 reperiantur.
1322 4582 1426 4637 Sed
1461 4595 1745 4652 postquam
1795 4582 2125 4637 Dorotheum
2159 4582 2273 4636 cul-

706 4677 896 4743 pavit,
938 4691 1123 4729 rursus
1181 4687 1437 4743 peracute
1488 4676 1821 4733 demonstrat
1879 4674 2271 4742 ignoscendum

703 4782 827 4823 esse
854 4767 1001 4821 illius
1049 4767 1243 4832 dolori,
1274 4768 1316 4821 si
1375 4767 1638 4834 patienter
1677 4766 1863 4821 audire
1909 4781 2016 4821 non
2074 4766 2271 4837 potuit,

704 4874 825 4914 cum
864 4858 1057 4915 Petrus
1086 4874 1265 4913 coram
1313 4859 1538 4913 Dantaso
1572 4861 1706 4913 inter
1757 4858 2038 4914 bzereticos
2070 4874 2272 4915 nume-

708 4960 851 5004 raret
904 4960 1151 5004 sanctum
1211 4949 1480 5003 Meletimu
1545 4960 1599 5004 et
1656 4959 1905 5004 sanctum
1953 4950 2268 5015 Eusebium,

706 5058 843 5111 quos
869 5042 911 5096 si
952 5043 1083 5095 nihil
1115 5044 1277 5107 aliud,
1309 5044 1495 5095 saltem
1540 5043 1764 5095 tolerata
1807 5058 1907 5109 pro
1952 5043 2055 5096 fide
2090 5056 2275 5111 perse-

708 5139 854 5191 cutio
884 5137 1283 5206 suspicionibus
1313 5136 1591 5191 exsolvere
1616 5144 1672 5189 et
1706 5152 1828 5191 cum
1856 5136 2018 5191 Petro
2047 5136 2275 5205 conjun-

709 5245 837 5297 gere
864 5230 1150 5283 debuisset.
1183 5228 1289 5281 Sed
1332 5241 1589 5298 praeterea
1623 5236 1853 5283 teStatur
1888 5228 2120 5283 Basilius
2154 5228 2275 5281 nul-

708 5324 959 5375 lumesse
1001 5332 1160 5375 rectae
1212 5322 1472 5375 doctrina:
1524 5324 1769 5385 verbum,
1806 5322 1947 5391 quod
1989 5337 2093 5376 non
2146 5335 2269 5375 cum

710 5412 853 5465 omni
891 5413 1137 5466 libertate
1168 5414 1599 5480 praedicaverunt,
1633 5414 1741 5467 Deo
1768 5422 1904 5468 teste
1941 5424 1995 5467 et
2021 5412 2270 5467 audiente

778 5587 853 5659 (al
886 5587 1101 5641 Collect.
1129 5586 1297 5642 (ἓν-ατ.
1328 5588 1495 5653 Pana,
1528 5601 1563 5645 t.
1592 5592 1655 5658 ΙΙ,
1679 5606 1728 5659 p.
1755 5590 1808 5645 5.

776 5658 849 5725 (θ)
882 5659 1036 5720 nam,
1072 5676 1122 5726 ιι.
1161 5662 1205 5713 ι.

759 5732 846 5807 ,(1⁵)
878 5728 1165 5807 Albanas,
1204 5747 1289 5807 ep.
1330 5732 1395 5787 ad
1429 5732 1576 5799 But};
1608 5733 1872 5799 Liberius,
1917 5747 2002 5804 ep.
2032 5732 2132 5797 I3;
2168 5730 2267 5785 “3'

706 5797 816 5864 sti,
855 5797 1080 5866 ep.204,
1111 5818 1161 5853 n.
1198 5797 1247 5853 6.

2375 3206 2653 3267 adfuisset,
2684 3220 2805 3259 eum
2839 3206 2980 3258 enim
3026 3202 3328 3255 litterarum
3358 3201 3421 3253 ad
3452 3202 3594 3254 illaut
3644 3202 3939 3255 Ecclesium

2374 3298 2777 3352 scribendarum
2822 3297 3025 3351 socium
3060 3295 3140 3348 vel
3167 3296 3341 3362 petius
3384 3307 3661 3349 auctorem
3689 3295 3938 3347 futurum

2372 3388 2561 3445 fuisse.
2615 3391 2835 3445 Videtur
2885 3392 2987 3444 hoc
3036 3390 3324 3443 concilium
3362 3406 3505 3443 anno
3535 3390 3635 3443 577
3692 3389 3939 3441 habitum

2376 3480 2539 3534 fuisse
2573 3481 2720 3548 :jam
2758 3483 2899 3535 enim
2934 3498 3120 3551 magna
3176 3498 3299 3550 pars
3342 3483 3465 3534 anni
3498 3480 3599 3534 576
3632 3477 3940 3540 efﬂuxerat,

2372 3584 2661 3643 antequam
2701 3575 2893 3629 librum
2948 3590 3105 3629 suum
3158 3576 3532 3644 Amphilochia
3564 3572 3797 3627 Basilius
3837 3572 3940 3625 tui-

2370 3668 2549 3721 sisset.

2446 3759 2742 3815 Cutelcrius
2804 3769 2861 3814 et
2920 3758 3289 3814 Tillcmontius
3335 3759 3403 3827 (Γ)
3447 3757 3757 3813 existimant
3801 3756 3943 3811 hanc

2376 3853 2737 3923 Amphilochii
2768 3852 3074 3922 epistolam,
3106 3866 3225 3922 qua:
3262 3860 3441 3905 exstat
3479 3861 3609 3907 tom.
3648 3848 3712 3903 III
3745 3848 3943 3903 Monst-

2374 3959 2664 4000 mentorum
2708 3946 2959 4000 Ecclesia:
2989 3943 3205 4007 Graue,
3237 3945 3491 4014 scriptam
3538 3943 3659 3999 e'sse
3707 3943 3773 3995 ad
3823 3942 3941 4009 epi-

2375 4052 2567 4106 scopos
2614 4048 2832 4093 remota:
2858 4039 3086 4107 alicujus
3129 4038 3438 4107 provinciae,
3478 4037 3565 4105 qui
3606 4049 3726 4087 cum
3782 4042 3939 4086 antea

2374 4130 2865 4183 communicassent
2895 4144 3017 4181 cum
3065 4127 3483 4193 Macedonianis,
3510 4136 3561 4181 et
3594 4126 3645 4179 in
3692 4140 3941 4180 commu-

2374 4221 2588 4274 nionem
2636 4236 2757 4275 cum
2803 4221 3091 4274 Catholicis
3142 4222 3318 4275 redire
3365 4231 3603 4285 averent,
3644 4222 3822 4275 adhuc
3856 4228 3943 4272 ta-

2376 4328 2501 4366 men
2532 4312 2815 4366 ﬂuctuanti
2854 4320 3009 4364 erant
3033 4311 3099 4364 de
3127 4309 3326 4379 Spiritu
3355 4320 3541 4364 Sancto
3576 4308 3861 4371 sententia,
3887 4316 3946 4361 et

2377 4402 2565 4455 mirari
2596 4402 2936 4465 videbantur,
2964 4416 3063 4455 cur
3106 4401 3206 4453 sibi
3251 4402 3315 4452 ad
3356 4402 3680 4456 credendum
3718 4399 3821 4453 hoc
3842 4399 3939 4453 do-

2379 4510 2496 4562 gma
2555 4505 2964 4562 proponeretur,
3001 4496 3066 4546 de
3096 4507 3203 4561 quo
3238 4493 3368 4545 nihil
3396 4502 3660 4547 statuerat
3692 4492 3935 4561 synodus

2378 4585 2612 4639 Nil-aena.

2452 4678 2559 4731 Sed
2593 4680 2782 4731 harum
2822 4692 2999 4731 rerum
3029 4674 3162 4729 nihil
3184 4676 3233 4728 in
3265 4676 3364 4729 hac
3396 4670 3612 4744 epistola
3649 4672 3940 4741 reperitur,

2380 4783 2502 4821 cum
2549 4767 2744 4837 legitur
2788 4765 3069 4820 attentius.
3104 4765 3316 4836 Scripta
3348 4776 3429 4819 est
3473 4764 3615 4818 enim
3656 4763 3721 4815 ad
3750 4761 3941 4817 Eccle-

2382 4859 2540 4923 siam,
2571 4873 2687 4927 qua:
2720 4876 2747 4911 a
2780 4858 3131 4928 presbyteris,
3161 4858 3401 4921 absente,
3428 4866 3484 4909 ut
3508 4854 3802 4909 verisimile
3835 4862 3940 4916 est,

2380 4952 2449 5007 ob
2489 4951 2920 5020 persecutionem
2963 4952 3235 5020 episcopo,
3290 4950 3595 5017 regebatur,
3642 4962 3705 5002 ac
3746 4960 3941 5017 magna

2382 5046 2597 5113 quidem
2626 5059 2721 5112 pro
2769 5044 2872 5097 [ide
2906 5045 3205 5097 certamina
3236 5044 3588 5103 sustinuerat,
3618 5041 3711 5093 sed
3746 5039 3945 5109 jurgiis

2382 5150 2436 5188 et
2476 5135 2787 5190 domesticis
2824 5136 2964 5190 odiis
2997 5137 3293 5190 laborabat.
3325 5132 3477 5186 Patet
3512 5132 3561 5185 id
3600 5147 3665 5184 ex
3704 5132 3787 5185 his
3815 5146 3945 5184 vcr-

2382 5228 2463 5283 bis
2510 5228 2583 5299 (ῃ)
2620 5248 2631 5281 :
2663 5227 2945 5296 Postquam
3007 5238 3181 5281 autem
3229 5226 3431 5279 litteras
3491 5240 3691 5294 quoque
3736 5224 3947 5289 pietatis

2380 5330 2561 5373 vestrae
2610 5322 2921 5386 accepimus,
2953 5322 3250 5389 agnovimus
3279 5332 3331 5370 re
3370 5332 3484 5369 vera
3531 5315 3785 5368 Ecclesia:
3814 5332 3946 5382 apo-

2378 5411 2573 5463 stolica:
2602 5410 2975 5475 characterem,
3004 5409 3253 5462 bonorum
3281 5414 3544 5475 pastorum
3571 5405 3827 5470 sclum,et
3848 5408 3946 5458 int-

2448 5592 2525 5661 (d)
2568 5592 2801 5652 Tillem.,
2829 5599 2873 5661 t_.
2903 5587 3063 5661 VLP.
3092 5588 3214 5641 610.

2450 5655 2517 5731 ζει)
2552 5659 3187 5731 MonuiitLEcclaflrmcq
3215 5669 3254 5712 t.
3282 5656 3342 5719 II,
3380 5671 3430 5724 p.
3457 5655 3544 5709 99.

2450 5729 2518 5800 (ί)
2550 5732 2702 5784 ἰὀιιι.
2748 5729 2914 5800 lX,p.
2948 5729 3051 5800 62:4

2557 5802 2787 5855 Monum.
2817 5792 2967 5853 Eccl.
2996 5798 3193 5868 Gram,
3225 5807 3353 5854 toni.
3395 5795 3463 5861 Il,
3485 5812 3537 5868 ιι.
3567 5792 3691 5849 100.
