4080 6312
1520 312 1679 369 Vl'l’A
1716 316 1773 369 S.
1809 316 2072 371 BASILll.

3312 339 3414 381 CLV

188 426 384 492 pigrum
413 427 673 489 studium,
703 442 835 496 quoa
870 445 1009 481 veros
1038 429 1358 483 Christianos
1391 434 1588 486 deceat.
1612 433 1750 487 Nam
1781 441 1825 493 Α
1852 438 1969 502 quit
2014 436 2262 501 Basilius,
2309 436 2689 505 appropinquat
2742 440 2962 504 delectio
3017 447 3064 491 el
3118 456 3233 508 (μία)
3281 457 3413 495 nunc

188 516 319 579 quod
351 531 443 567 nec
478 517 573 569 vita
605 516 976 585 longitudinem
1032 523 1410 586 reputaveritis,
1463 540 1552 577 nec
1598 542 1749 593 sepa-

189 608 338 658 ratim
373 609 669 661 detuleritis
703 612 1029 678 quastiones,
1054 613 1143 664 sed
1174 617 1513 669 communiter
1546 634 1635 685 per
1660 618 1743 671 lit-

187 710 321 752 teras
352 704 817 772 interrogaverilis.
841 707 896 757 δτι
930 723 1019 757 nos
1044 706 1177 758 bona
1216 723 1303 773 spe
1350 710 1579 776 rep/erit,
1605 711 1751 777 futu-

191 809 299 845 rum
329 804 384 845 ut
418 797 508 857 qui
544 814 647 848 una
685 814 803 850 uoce
842 799 1147 865 scripsistis,
1178 803 1413 854 unanimi
1440 806 1595 855 etiam
1624 821 1742 856 con-

190 900 335 936 sensu
368 894 605 938 nostram
639 890 1019 952 responsionem
1058 893 1312 960 recepturi
1336 895 1452 947 silis
1478 910 1496 945 :
1522 910 1583 945 ac
1612 894 1751 946 velut

191 978 458 1029 exordium
502 979 821 1047 perfectioris
872 981 1168 1035 concordia:
1212 996 1430 1038 vestram
1477 987 1528 1037 in
1562 986 1751 1040 litteris

191 1072 579 1122 consensionem
618 1074 956 1137 suscepimus.
998 1074 1062 1127 Et
1094 1075 1229 1128 infra
1280 1078 1350 1143 (p.
1384 1077 1504 1141 105)
1534 1097 1546 1130 :
1574 1077 1753 1131 Nolite

191 1159 314 1209 illud
338 1159 472 1213 dare
497 1163 654 1222 malo,
704 1174 755 1215 ut
801 1163 1069 1233 disjunqat
1102 1185 1219 1237 quae
1256 1169 1468 1232 pulchre
1519 1188 1751 1225 connexa

192 1262 326 1313 sunt,
362 1270 525 1322 mque
560 1270 647 1306 vos
694 1255 829 1321 lupis
873 1258 1106 1326 eﬁiciatis
1142 1272 1295 1323 captu
1347 1261 1609 1328 faciliores
1660 1279 1752 1327 per

191 1345 583 1403 dissensionem,
621 1347 829 1399 illorum
876 1359 994 1402 vota
1030 1352 1410 1419 conﬁrmando.
1462 1353 1751 1409 Didicimus

192 1438 377 1503 quippe
409 1449 605 1499 quanta
635 1442 924 1493 certamina
975 1459 1068 1507 pro
1110 1455 1247 1497 recta
1293 1446 1397 1513 ﬁde
1439 1448 1753 1501 sustinueri-

192 1528 273 1579 tis.
314 1527 574 1591 Quocirca
618 1532 773 1585 minis
805 1544 851 1585 et
889 1537 1155 1591 arumnis.
1210 1554 1325 1606 qua:
1370 1554 1462 1605 per
1506 1540 1753 1593 adversa-

193 1623 291 1670 rios
338 1618 758 1686 intentabantur,
798 1625 1034 1686 devictis.
1087 1626 1283 1679 nullam
1338 1630 1557 1695 prtrbele
1604 1632 1756 1684 dissi-

192 1709 272 1759 dio
302 1712 629 1764 occasionem
656 1730 674 1765 .'
712 1731 772 1767 ne
806 1715 941 1781 forte
978 1717 1231 1783 paulatim
1270 1719 1512 1786 illapsnm
1549 1722 1748 1786 odium,

192 1798 232 1849 si
256 1799 425 1850 locum
460 1802 732 1865 inreneril,
761 1820 949 1873 magna
976 1806 1117 1858 vobis
1146 1822 1401 1871 supponat
1434 1811 1750 1874 prtecipitia.

196 1887 423 1956 Gregeia
463 1905 591 1959 ergo
623 1893 1003 1961 alloquebatur
1046 1897 1476 1961 Amphilochius,
1512 1916 1613 1951 non
1650 1902 1756 1968 epi-

193 1994 403 2046 scopos,
450 1996 584 2047 quos
634 1998 970 2053 nequaquam
1025 1986 1270 2039 hortulus
1328 1988 1537 2055 luisset,
1581 2005 1648 2043 ne
1696 2006 1754 2045 se

193 2068 325 2136 lupis
376 2084 536 2139 captu
580 2072 769 2127 faciles
813 2090 908 2143 per
974 2077 1365 2131 dissensionem
1432 2082 1751 2147 pra-herent.

193 2157 368 2230 Neque
416 2164 577 2215 etiam
635 2163 1001 2218 dissensiones
1054 2167 1103 2219 in
1145 2168 1245 2221 hac
1289 2169 1525 2225 Ecclesia
1556 2171 1622 2227 de
1655 2173 1756 2228 tide

193 2251 435 2303 videntur
474 2263 693 2306 exertat.
722 2254 853 2308 Cum
886 2258 1029 2310 enim
1075 2258 1232 2327 hujus
1279 2264 1350 2314 rei
1385 2264 1618 2331 suspicio
1650 2280 1753 2318 non

192 2343 414 2408 quadrat
458 2358 581 2395 cum
630 2353 777 2399 tanto
816 2347 934 2403 litiei
994 2351 1342 2407 defendenda:
1398 2357 1599 2419 studio,
1644 2368 1753 2409 tutn

193 2446 316 2490 vero
342 2434 755 2502 Amphilochius
792 2449 1072 2509 postquam
1114 2443 1179 2495 de
1221 2445 1322 2497 lide
1381 2448 1612 2499 breviter
1643 2447 1753 2500 dis-

194 2525 381 2582 seruit.
421 2542 525 2579 uon
570 2544 663 2582 eos
710 2531 960 2585 hortatur
1016 2544 1071 2585 ut
1113 2535 1249 2587 hanc
1299 2538 1454 2588 ﬁdem
1512 2546 1752 2603 teneant,

194 2615 280 2667 sed
332 2617 399 2669 ad
445 2618 591 2671 aliud
631 2620 1022 2675 adhortationis
1073 2640 1238 2689 genus
1283 2624 1440 2693 plane
1472 2627 1746 2684 diversum

193 2710 423 2763 transit:
457 2710 660 2776 Quibus
703 2718 830 2766 satis
875 2723 986 2776 est,
1038 2716 1240 2783 inquit,
1285 2718 1515 2787 adjicere
1556 2721 1753 2776 brevem

193 2799 625 2855 adhortationem.
684 2800 975 2854 Hortamur
1021 2822 1243 2875 namque
1283 2825 1368 2861 vos
1410 2819 1464 2861 ut
1500 2813 1752 2865 maneatis

192 2892 327 2955 pacis
362 2892 484 2957 ﬁlii,
520 2901 626 2944 etc.
662 2891 838 2957 Quare
888 2910 993 2947 non
1053 2896 1463 2963 dubitationem,
1492 2904 1585 2957 sed
1628 2904 1755 2959 ube-

195 2984 346 3037 rioris
375 2983 620 3036 scientia:
653 2986 976 3039 desiderium
1008 2988 1256 3058 designat
1294 3008 1479 3046 eorum
1520 2994 1753 3051 interro-

193 3076 344 3142 galia,
386 3090 484 3128 cur
521 3075 759 3145 synodus
810 3076 1021 3134 Niciena
1063 3096 1167 3137 non
1217 3086 1407 3139 eadem
1442 3086 1509 3140 de
1549 3086 1751 3154 Spiritu

191 3168 499 3233 exposuerit
532 3183 597 3223 ac
624 3170 692 3225 de
717 3170 872 3227 Filio.

257 3279 714 3337 l’erhonorillcum
754 3285 818 3339 de
868 3288 1041 3341 sancti
1094 3287 1280 3343 Basilii
1331 3291 1467 3347 libro
1494 3294 1752 3363 judicium

193 3366 361 3420 iecere
402 3370 639 3437 episcopi
672 3371 972 3442 Lycaoniae,
999 3392 1122 3430 cum
1152 3396 1271 3434 eum
1303 3383 1368 3436 ad
1405 3384 1541 3440 hanc
1569 3385 1756 3441 Eccle-

193 3456 319 3511 siam
365 3460 648 3518 miserunt.
690 3462 793 3517 Sed
843 3475 1017 3521 tamen
1065 3483 1377 3527 asseverare
1431 3492 1534 3530 non
1582 3480 1753 3533 ausim

194 3552 325 3615 quot
378 3551 454 3602 ait
494 3551 885 3614 Tillemontius.
952 3558 1003 3609 in
1066 3561 1175 3627 ipsa
1222 3565 1427 3631 synodo
1469 3568 1666 3622 lectum
1702 3580 1755 3624 et

196 3638 473 3704 probatum
522 3641 708 3705 fuisse,
758 3660 820 3697 ac
865 3645 1046 3701 Basilii
1098 3650 1243 3705 vices
1296 3655 1650 3723 supplevisse.
1700 3662 1751 3713 id

193 3730 328 3782 enim
378 3747 482 3783 non
524 3734 755 3800 probant
809 3738 1050 3800 epistolae
1092 3742 1274 3809 verba,
1320 3745 1515 3814 quibus
1559 3750 1749 3804 nititur

191 3819 583 3877 Tillemontius.
636 3824 744 3879 Hoc
789 3837 993 3883 tantum
1037 3832 1221 3887 dicunt
1265 3838 1523 3907 episcopi,
1566 3840 1754 3895 adesse

191 3914 285 3966 sibi
328 3914 523 3969 librum
561 3914 740 3972 Basilii
779 3920 856 3975 De
898 3923 1103 3990 Spiritu
1139 3938 1340 3991 sancto,
1373 3938 1427 3982 et
1454 3930 1502 3982 in
1534 3932 1650 3997 ipso
1683 3932 1750 3984 li-

193 4004 281 4058 bro
310 4005 569 4059 Basilium
605 4026 617 4061 :
647 4016 734 4078 qui
770 4028 879 4076 vos,
929 4016 1197 4082 inquiunt,
1233 4019 1495 4071 nobiscum
1528 4020 1752 4090 alloqui-

191 4103 289 4158 tur,
320 4098 573 4149 κάκεῖνον
615 4098 702 4152 διὰ
746 4102 839 4154 τοῦ
874 4103 1198 4174 γράμματος
1231 4105 1426 4177 ἔχομεν
1450 4111 1581 4179 ἡμῖν
1618 4128 1751 4181 συμ-

194 4184 581 4256 φθεγγόμενον,
617 4190 738 4256 quia
784 4194 1030 4248 videlicet
1064 4210 1185 4250 eum
1242 4200 1529 4254 mittebant
1563 4201 1745 4256 Eccle-

192 4278 295 4341 site,
337 4295 367 4329 a
402 4295 509 4348 qua
553 4281 1001 4351 consulebanlur;
1046 4304 1150 4341 non
1203 4291 1343 4357 quod
1390 4306 1511 4344 eum
1554 4294 1603 4345 in
1636 4295 1747 4362 ipso

192 4370 413 4423 concilio
471 4370 741 4439 legissent.
794 4372 984 4429 Tutius
1046 4380 1396 4434 ratiocinatur
1459 4383 1745 4440 Tillemon-

1850 530 2006 596 ﬁunt,
2044 531 2259 581 exordia
2319 540 2437 582 sunt
2494 532 2755 595 ingressus
2814 531 3151 585 Antichristi.
3229 532 3419 587 Narrat

1854 619 2222 674 Theodoretus
2254 620 2330 688 (α)
2369 621 2507 675 hunc
2533 621 2731 675 Barsen
2778 624 2949 690 primo
2982 623 3032 676 in
3063 625 3300 678 Aradum
3330 626 3417 678 iri--

1853 711 2045 778 sulam,
2077 713 2265 766 deinde
2299 728 2419 767 cum
2464 713 2873 767 innumerabilis
2919 716 3195 769 hominum
3231 718 3414 771 mulli-

1856 807 1981 857 tudo
2015 821 2080 858 eo
2116 805 2411 859 conﬂueret
2448 808 2517 859 ob
2563 806 2703 861 illius
2748 808 3030 875 miracula,
3064 809 3116 862 in
3161 810 3417 877 oppidum

1855 893 2072 965 Egypti
2117 897 2507 967 Oxyrinchum,
2545 915 2607 951 ac
2644 908 2914 967 postremo
2949 900 3000 953 in
3048 910 3283 954 castrum
3335 917 3418 956 re-

1856 988 2217 1041 motissimum
2249 1028 2265 1053 ,
2304 989 2388 1043 cui
2431 1005 2622 1043 nomen
2666 990 2855 1052 Philo,
2907 992 3196 1061 relegatum
3232 992 3415 1048 luisse.

1858 1075 1988 1131 llitic
2034 1078 2260 1131 Basilius
2296 1080 2586 1149 scripserat
2626 1083 2796 1135 oblata
2847 1082 3101 1137 facultate
3148 1084 3419 1149 Domuim,

1855 1184 2023 1238 seque
2069 1172 2213 1242 illius
2254 1156 2501 1239 precibus
2554 1176 3041 1228 eonnnendaverat.
3079 1176 3183 1229 Sed
3221 1192 3343 1229 cum
3376 1178 3420 1231 is

1855 1258 2034 1313 Basilii
2080 1261 2456 1317 salutationem
2493 1279 2596 1317 non
2634 1266 2963 1332 pertulisset,
2990 1267 3069 1320 vel
3093 1268 3281 1321 saltem
3322 1284 3419 1320 au-

1859 1362 2072 1420 tequam
2120 1357 2451 1423 pertulisset,
2493 1357 2560 1409 de
2601 1356 2779 1410 Basilii
2830 1358 3042 1413 silentio
3090 1370 3310 1428 questus
3338 1371 3419 1416 est

1860 1442 2072 1498 Barses.
2104 1448 2280 1511 Quare
2313 1445 2548 1500 Basilius
2590 1448 2782 1499 iterum
2815 1448 3033 1516 scripsit
3066 1464 3161 1518 per
3193 1451 3419 1504 nonnul-

1858 1539 1938 1591 los
1962 1538 2309 1609 Cappadoces
2338 1540 2401 1592 ad
2435 1555 2555 1593 eum
2586 1540 3007 1608 proﬁciscentes,
3041 1542 3235 1610 quibus
3259 1545 3418 1597 etiam

1857 1633 2101 1698 quaedam
2149 1633 2463 1687 nnnmscula
2514 1643 2701 1686 sancto
2747 1631 2915 1686 exsuli
2957 1632 3229 1688 offerenda
3273 1650 3403 1691 com-

1860 1722 2020 1776 misit.

1930 1812 2079 1866 lnter
2118 1814 2381 1867 tumultus
2412 1829 2546 1878 quos
2574 1813 2732 1867 Gothi
2764 1816 2815 1867 in
2843 1813 3068 1868 Thracia
3098 1816 3420 1881 excitarunt,

1857 1910 2008 1961 venit
2058 1908 2108 1959 in
2160 1922 2427 1962 summum
2456 1908 2579 1959 vitae
2614 1906 2905 1959 discrimen
2932 1906 3005 1977 (ὁ)
3033 1947 3048 1971 ,
3090 1908 3229 1962 bello
3269 1910 3397 1963 undi

1862 2014 1967 2068 que
2000 1998 2408 2062 circumstante,
2440 2008 2658 2051 sanctus
2686 1998 2949 2052 Eusebius
2984 1997 3419 2056 Samosatensis:

1857 2092 1998 2160 quod
2055 2092 2270 2159 quidem
2331 2090 2442 2144 lere
2509 2091 2705 2145 Basilio
2762 2106 2913 2159 teque
2977 2093 3218 2147 mirabile
3276 2096 3413 2149 vide-

1860 2193 1964 2246 tur,
2002 2199 2062 2237 ac
2112 2182 2300 2237 Jouam
2354 2186 2403 2235 in
2464 2196 2652 2237 ventre
2696 2187 2799 2239 ceti
2845 2186 2987 2239 etin
3038 2185 3251 2240 ﬂantum
3286 2186 3421 2257 ignis

1863 2287 1973 2329 tres
2014 2290 2211 2344 pueros
2258 2290 2377 2331 esse
2416 2286 2681 2330 servatos.
2728 2275 2855 2330 Haec
2897 2276 3128 2331 Basilius
3161 2279 3419 2333 didicerat

1855 2383 1919 2421 ex
1960 2367 2187 2421 Libanio
2212 2369 2441 2423 diacono
2474 2370 2718 2423 Caesarea
2751 2380 3100 2435 transeunte;
3125 2373 3215 2427 sed
3240 2382 3419 2439 postea

1856 2459 2107 2513 evenisse
2136 2460 2237 2512 alia
2271 2460 2436 2515 multo
2469 2462 2669 2529 majora
2697 2464 2959 2518 audierat.
2992 2478 3109 2531 qua:
3138 2464 3278 2518 scire
3300 2478 3400 2517 ave

1859 2550 1972 2614 bat,
2022 2552 2067 2604 si
2116 2552 2295 2606 minus
2334 2563 2455 2605 ante
2494 2553 2723 2607 reditum
2779 2554 2924 2606 Pauli
2970 2555 3293 2626 presbyteri,
3327 2557 3419 2625 qui

1858 2642 1999 2697 illius
2034 2644 2313 2713 epistolam
2351 2645 2578 2709 ferebat,
2633 2646 2821 2699 saltem
2860 2662 2922 2699 eo
2971 2646 3248 2701 redeunte.
3287 2646 3419 2702 Huic

1858 2738 2173 2805 presbytero
2214 2737 2442 2791 Basilius
2489 2738 2618 2790 nihil
2663 2740 2712 2791 in
2762 2755 2953 2793 manus
2995 2741 3205 2794 tradere
3253 2755 3419 2795 ausus

1855 2838 1958 2893 est,
2003 2845 2069 2882 ne
2116 2846 2238 2883 eum
2283 2831 2335 2883 in
2374 2832 2567 2883 mortis
2611 2832 2905 2898 periculum
2951 2831 3276 2897 cenjiceret;
3320 2833 3419 2887 vim

1856 2922 2002 2975 enim
2046 2922 2386 2991 pnedouibus
2433 2932 2488 2977 et
2548 2924 2911 2977 desertoribus
2962 2924 3187 2979 dili'erta:
3240 2939 3417 2983 erant.

1859 3014 1965 3067 Sed
2005 3024 2182 3069 tamen
2226 3016 2708 3085 appropinquantis
2756 3016 3027 3071 exercitus
3083 3017 3227 3071 tanta
3269 3033 3417 3088 spem

1781 3128 1825 3187 ο
1858 3107 2095 3176 aliquam
2142 3106 2400 3163 eliciebat
2446 3109 2889 3176 tranquillitatis:
2924 3124 3081 3178 quam
3122 3111 3337 3180 quidem
3372 3113 3418 3166 si

1861 3201 2119 3253 Dominus
2150 3201 2433 3264 concedat,
2464 3202 2723 3269 promitti:
2756 3201 2983 3257 Basilius
3018 3204 3302 3257 missurum
3338 3219 3418 3267 se,

1858 3292 1948 3361 qui
1985 3292 2273 3345 Eusebium
2299 3293 2510 3346 invisat.
2551 3292 2769 3347 Volebat
2796 3310 2924 3364 ergo
2955 3285 3186 3349 Basilius
3216 3294 3418 3366 aliquid

1858 3384 2095 3437 muneris
2132 3383 2359 3438 Eusebio
2382 3386 2432 3438 iu
2465 3385 2637 3439 exsilii
2670 3387 2917 3441 solatium
2954 3387 3190 3443 mittere.

1926 3475 2072 3530 Hauc
2089 3476 2367 3546 epistolam
2391 3493 2531 3530 anno
2553 3477 2655 3529 577
2674 3487 2928 3544 exeunte,
2948 3486 3040 3531 aut
3065 3480 3287 3533 ineunte
3314 3478 3419 3535 378

1855 3569 2107 3639 scriptam
2140 3572 2412 3624 existimat
2448 3570 2842 3636 Tilletnontius,
2882 3572 2965 3625 cui
3000 3572 3246 3641 equidem
3271 3574 3421 3640 prius

1856 3662 2201 3716 assentiebar.
2230 3661 2335 3716 Sed
2351 3678 2406 3716 re
2428 3664 2679 3716 attentius
2693 3665 3045 3725 considerata,
3063 3667 3177 3718 dum
3194 3664 3293 3718 illa:
3314 3666 3419 3718 cir-

1856 3754 2190 3806 cumstantia:
2222 3768 2354 3820 quas
2393 3754 2813 3815 observavimus,
2849 3768 3039 3822 nempe
3086 3752 3314 3808 ὤσει-ιω
3341 3754 3417 3807 la-

1857 3846 2096 3897 tronihus
2125 3854 2179 3898 et
2204 3845 2571 3899 desertoribus
2604 3846 2721 3907 viae,
2766 3845 3012 3899 videntur
3055 3846 3245 3901 melius
3278 3862 3413 3915 qua-

1854 3938 2012 3989 drare
2042 3952 2163 3989 cum
2195 3946 2379 3993 testate
2412 3938 2534 3991 anni
2568 3937 2689 3992 ΞΠ.
2717 3937 2868 3993 Tunc
2913 3940 3079 4003 enim,
3130 3949 3263 3994 teste
3295 3942 3415 3994 Am-

1853 4027 2034 4081 miano
2076 4029 2144 4098 (τ)
2172 4071 2186 4095 ,
2227 4030 2468 4085 hostibus
2517 4045 2575 4083 se
2640 4029 2998 4097 adiunxerunt
3036 4033 3413 4101 sequendarum

1851 4122 1970 4175 auri
2007 4138 2253 4175 uenarum
2287 4122 2437 4189 periti
2482 4137 2583 4172 non
2617 4123 2792 4187 pauci,
2832 4123 3155 4191 vectigalium
3183 4124 3414 4189 perferre

1849 4232 1999 4283 posse
2033 4231 2134 4267 non
2179 4214 2481 4282 sufﬁcientes
2522 4214 2758 4265 sarcinas
2811 4229 3008 4283 graues.
3044 4212 3139 4269 His
3174 4215 3415 4270 deserto-

1853 4307 1997 4360 ribus
2028 4306 2394 4373 pra‘euntibus
2429 4304 2561 4359 nihil
2607 4304 2767 4359 Gothi
2817 4307 3081 4360 intactum
3117 4307 3406 4376 reliquere,

1852 4398 1944 4451 sed
1973 4395 2153 4450 omnia
2189 4398 2293 4466 igni
2332 4397 2581 4465 ferroque
2610 4410 2887 4452 vastarunt
2931 4400 3076 4453 nullo
3109 4402 3287 4454 aetatis
3315 4412 3409 4455 aut

194 4463 288 4515 tius
323 4479 449 4516 cum
490 4479 622 4532 opus
674 4466 739 4520 dc
788 4464 985 4537 Spiritu
1040 4484 1224 4527 sancto
1257 4473 1742 4544 subscriptionihus
1780 4465 1823 4519 Β
1852 4506 2014 4544 sexus
2044 4463 2379 4545 discrimine.
2415 4463 2618 4554 Quibus
2657 4490 2723 4542 de
2772 4492 2930 4543 rebus
2961 4490 3268 4546 admonitus
3306 4493 3410 4546 Va—

192 4553 557 4621 episcoporum
596 4558 645 4610 in
682 4558 861 4627 aliquo
911 4558 1263 4629 Cappadocia:
1303 4567 1529 4622 concilio
1565 4569 1738 4621 muni-

194 4656 295 4699 tum
342 4645 513 4702 fuisse
556 4650 759 4718 colligit
798 4668 862 4705 ex
904 4654 985 4709 his
1017 4656 1193 4709 verbis
1227 4660 1412 4726 synodi
1447 4661 1740 4716 Chalcedo-

194 4738 385 4801 nensis,
438 4754 556 4807 qua:
607 4739 858 4794 Basilium
919 4748 995 4797 ait
1051 4743 1124 4814 (p.
1160 4746 1283 4817 89.6)
1334 4762 1633 4804 accuratam
1684 4754 1747 4806 de

192 4835 363 4877 sancto
415 4826 621 4894 Spiritu
682 4830 973 4885 doctrinam
1031 4836 1347 4903 tradidisse,
1405 4843 1746 4895 consacerdo-

192 4924 293 4966 tum
316 4932 407 4982 per
433 4919 835 4984 subscriptiones
864 4926 1019 4989 petito
1052 4940 1321 4980 consensu.

254 5027 315 5081 ll.
339 5031 465 5085 Duae
486 5032 550 5085 ad
577 5043 816 5085 sanctum
851 5034 1047 5090 Barsen
1081 5039 1403 5094 Edesscnum
1438 5047 1743 5112 episcopum

194 5120 392 5182 .itteraa,
423 5138 653 5189 quarum
691 5124 857 5177 altera
906 5138 988 5181 est
1015 5129 1141 5192 ΞΜ,
1174 5131 1339 5185 altera
1392 5134 1515 5199 267,
1555 5140 1620 5189 ad
1649 5152 1746 5191 ex-

196 5220 387 5265 tremos
416 5210 659 5269 Valentis
687 5233 856 5271 annos
887 5220 1132 5275 videntur
1158 5223 1469 5279 referendte.
1504 5228 1554 5281 In
1595 5239 1744 5281 utra-

198 5318 292 5371 que
332 5310 480 5363 enim
524 5324 649 5373 spes
694 5312 869 5365 elucet
903 5316 1381 5384 appropinquantis
1422 5320 1593 5385 pacis,
1623 5336 1741 5374 cum

198 5401 487 5461 persecutio
526 5402 591 5453 ad
625 5402 897 5454 cumulum
934 5401 1013 5456 sic
1058 5405 1310 5471 perducta
1346 5416 1510 5469 esset,
1548 5417 1599 5460 ut
1650 5406 1743 5461 Dei

199 5487 440 5542 auxilium
476 5491 635 5561 longe
665 5491 856 5548 abesse
885 5511 987 5548 non
1019 5496 1310 5563 videretur,
1336 5497 1435 5551 nisi
1462 5496 1613 5567 forte,
1664 5500 1746 5553 in-

274 5697 325 5759 a)
350 5688 478 5743 Hist.
511 5692 669 5753 ραι..
704 5691 797 5745 lib.
825 5706 895 5753 tv,
928 5708 977 5744 ς.
1008 5691 1071 5759 ili

273 5758 318 5819 ιη)
346 5760 433 5826 εν.
476 5760 604 5813 eos.

1852 4583 1967 4636 lens
1996 4583 2345 4637 Profuturum
2379 4583 2522 4637 misit
2564 4582 2847 4636 Antiochia
2883 4593 2937 4639 et
2968 4583 3255 4653 Traianum
3285 4602 3407 4641 cum

1851 4675 2152 4742 legionibus
2200 4692 2263 4728 ex
2302 4674 2553 4727 Armenia
2610 4673 2804 4729 ductis.
2857 4675 3031 4743 Atque
3069 4676 3156 4731 hic
3198 4680 3411 4732 videtur

1850 4781 1971 4818 esse
2002 4769 2276 4820 exercitus
2306 4782 2463 4835 quem
2488 4767 2786 4834 exspectari
2822 4768 2897 4819 ait
2930 4767 3177 4822 Basilius.

1920 4856 2155 4927 Epistula
2209 4857 2314 4912 269
2366 4859 2564 4926 scripta
2624 4861 2676 4913 in
2733 4861 2990 4915 extremis
3036 4861 3215 4916 Basilii
3285 4862 3405 4917 vitm

1850 4948 2142 5003 mensibus.
2191 4947 2326 5003 Nam
2360 4950 2689 5014 Arinthazus,
2737 4952 2887 5019 cujus
2940 4966 3112 5005 morte
3155 4950 3403 5009 albictam

1849 5055 2067 5094 uxorem
2111 5042 2420 5095 consolatur
2463 5042 2712 5105 Basilius,
2750 5042 2983 5095 nonduin
3026 5042 3238 5096 obierat
3281 5061 3403 5097 cum

1851 5130 2040 5186 Valens
2064 5133 2128 5185 ad
2172 5133 2411 5202 prmlium
2450 5149 2569 5187 cum
2604 5133 2850 5188 barbaris
2882 5136 3318 5188 committendum
3345 5149 3404 5189 se

1843 5226 2170 5293 accingeret.
2211 5226 2344 5278 Cum
2394 5226 2538 5278 enim
2589 5225 2855 5294 Trajanus
2901 5224 3107 5279 Valenti
3161 5226 3404 5280 declara-

1844 5329 1947 5380 ret,
1977 5317 2345 5371 calamitatum
2382 5334 2597 5372 causam
2622 5336 2726 5374 non
2758 5321 2970 5375 aliunde
2998 5335 3159 5388 quam
3189 5337 3252 5373 ex
3282 5335 3403 5387 per-

1843 5410 2118 5461 secutione
2175 5408 2473 5464 Catholicis
2525 5412 2670 5465 illata
2715 5414 3089 5481 repetendam;
3128 5412 3307 5466 Victor
3347 5420 3402 5463 et

1841 5499 2174 5564 Arinthteus,
2222 5513 2355 5558 teste
2406 5503 2867 5575 Thcodoretotd),
2916 5508 3233 5559 sententiam
3267 5500 3399 5556 Tra-

1913 5693 1979 5759 (ι’)
2008 5692 2120 5743 Lib.
2154 5709 2299 5751 χχχι,
2325 5709 2440 5758 cap.
2475 5694 2524 5745 6.

1906 5760 1980 5828 (d)
2009 5759 2148 5812 Ilist.
2175 5763 2377 5823 eci'les.,
2418 5762 2511 5812 lib.
2542 5777 2612 5823 tv,
2641 5775 2687 5813 c.
2717 5761 2805 5814 55.
