4074 6312
653 356 771 397 CLVI

2004 344 2517 402 PBOLEGOMENA
2529 387 2541 401 .

654 460 761 528 iani
794 459 1205 526 conﬁrmarunt,
1237 474 1299 514 ac
1339 460 1615 516 Valentem
1660 470 1936 531 rogarunt,
1978 476 2045 515 ne
2080 462 2221 515 veri-
2250 468 2296 522 Α
2324 460 2451 525 272,
2490 470 2546 515 et
2584 462 2711 530 quid
2755 462 2930 517 locum
2963 464 3043 518 eis
3073 462 3202 517 dare
3250 462 3505 532 potuerit,
3538 463 3777 532 ingenue
3806 476 3909 517 ex-

657 558 824 603 tatem
866 565 989 604 cum
1034 550 1453 620 reprehensione
1486 551 1831 620 conjunctam
1861 566 2003 617 aegre
2040 550 2224 606 ferret.

657 639 773 695 Non
803 652 980 696 tamen
1006 642 1057 696 in
1082 642 1185 696 hoc
1214 642 1457 697 Valentis
1486 653 1731 698 extremo
1760 643 1947 711 ιιι-ωηο
1976 643 2230 697 occubuit

655 734 985 801 Arintbteus,
1028 736 1122 791 sed
1170 750 1279 791 non
1316 736 1482 790 multo
1528 744 1653 806 post
1694 750 1937 789 summus
1987 736 2076 789 ille
2127 734 2228 799 vir,

658 826 889 881 nondum
938 827 1090 881 senio
1139 826 1365 893 fractus,
1411 828 1625 880 unicam
1690 826 1851 880 ﬁliam
1898 826 2228 895 relinquens,

655 921 864 984 placida
917 935 1091 975 morte
1151 921 1376 990 quievit.
1452 920 1581 974 Erat
1634 920 2077 991 praestantissima
2112 933 2230 971 cor—

656 1013 802 1080 poris
834 1009 1027 1075 forina,
1056 1027 1121 1067 ac
1150 1012 1396 1081 corporis
1423 1012 1599 1066 robori
1640 1026 1823 1081 parem
1870 1012 2031 1065 animi
2062 1012 2230 1063 virtu-

658 1114 764 1155 tem
802 1102 1059 1165 habebat,
1102 1103 1419 1172 bellicisque
1452 1102 1760 1157 abundabat
1812 1102 2057 1157 laudibus
2086 1119 2100 1155 :
2133 1102 2226 1155 sed

658 1193 782 1249 ﬁdei
817 1195 1097 1250 catholica:
1131 1197 1311 1251 studio
1356 1194 1558 1249 clarior
1600 1204 1735 1260 erat,
1764 1210 1827 1249 ac
1856 1207 2067 1248 omnem
2113 1193 2230 1247 ani—

659 1300 759 1339 mae
808 1286 1071 1341 maculam
1121 1287 1551 1357 regenerationis
1604 1287 1818 1339 lavacro
1862 1286 1913 1339 in
1956 1285 2069 1353 ipso
2106 1285 2229 1339 vita:

656 1378 805 1433 exitu
835 1389 1179 1450 expurgavit.
1206 1380 1364 1434 Tanti
1402 1381 1649 1434 beneﬁcii
1698 1379 2037 1433 conciliatrix
2066 1388 2119 1433 et
2144 1381 2228 1433 ad-

657 1471 825 1541 jutrix
863 1488 1040 1527 uxor:
1068 1473 1223 1541 cujus
1249 1472 1451 1528 luctum
1488 1473 1719 1527 Basilius
1754 1473 1857 1527 hoc
1890 1472 2227 1543 potissimum

657 1562 848 1619 solatio
874 1575 1101 1619 conatur
1131 1567 1459 1621 demulcere.

728 1654 876 1711 Vidit
910 1659 1126 1713 tandem
1156 1657 1387 1714 Basilius
1411 1661 1554 1728 quod
1595 1658 1845 1712 omnibus
1872 1656 2013 1713 votis
2041 1656 2231 1724 exqui-

657 1749 848 1815 sierat,
898 1765 1083 1820 pacem
1131 1750 1515 1815 Ecclesiarum,
1567 1768 1630 1807 ae
1679 1762 1922 1820 pastores
1970 1750 2226 1805 Ecelesiis

2336 556 2505 622 ponit.
2542 554 2727 609 Fidem
2768 556 2869 611 sibi
2917 558 3100 611 haberi
3145 558 3411 626 postulat;
3451 571 3556 610 non
3586 557 3737 610 enim
3773 559 3908 611 adeo

2335 646 2675 710 desperatum
2694 662 2757 701 se
2780 663 2921 715 esse,
2955 657 3010 701 ut
3044 662 3292 716 magnum
3321 646 3526 716 peccati
3562 645 3907 701 mendacium

2336 739 2702 808 parvipendat.
2762 738 3051 795 Prolitetur
3102 756 3159 794 se
3210 740 3353 793 nullo
3393 755 3459 795 ex
3517 740 3602 801 iis,
3636 739 3731 808 qui
3766 739 3909 791 ami-

2338 831 2479 886 citia:
2513 831 2671 886 laude
2696 834 2920 901 spectati
2953 841 3099 897 sunt,
3133 832 3506 901 ignobiliorem
3531 845 3682 895 esse;
3710 830 3912 897 quippe

2336 939 2457 978 cum
2491 940 2765 994 nunquam
2812 925 2863 978 in
2899 926 3133 980 amicitia
3181 924 3469 993 quidquam
3510 937 3770 993 peccasse
3816 922 3912 975 de-

2337 1019 2631 1086 prehensus
2666 1018 2755 1074 sit.

2407 1110 2581 1162 Alium
2632 1110 2814 1165 Basilii
2860 1108 3286 1181 condiscipulum
3321 1124 3384 1163 ex
3423 1107 3594 1164 tribus
3629 1108 3914 1178 sequenti-

2338 1203 2440 1257 bus
2474 1202 2738 1271 epistolis,
2770 1203 2966 1257 Heram
3018 1203 3253 1267 nomine,
3289 1201 3689 1269 cognoscimus,
3739 1216 3909 1270 quem

2336 1295 2549 1350 invidia:
2582 1294 2699 1349 telis
2720 1304 2774 1349 et
2802 1295 3147 1350 inimicorum
3180 1294 3464 1355 caluinuli:
3494 1293 3720 1362 petitum
3752 1291 3911 1346 Basi-

2336 1389 2440 1444 lius
2466 1404 2571 1443 non
2604 1387 2968 1458 perfunctorie
3008 1390 3373 1443 commendat.

2406 1478 2635 1549 Insignis
2663 1485 2781 1532 erat
2809 1476 3067 1531 Caesarea:
3108 1480 3265 1543 civis,
3313 1476 3621 1532 Ilarmatius
3662 1474 3913 1540 nomine,

2336 1570 2752 1625 simulacrorum
2785 1569 3004 1637 quidem
3062 1570 3307 1625 addictus
3349 1570 3540 1634 cultui,
3587 1568 3682 1622 sed
3728 1576 3913 1619 tamen

2338 1662 2545 1717 civitati
2579 1662 2957 1717 cbarissimus.
2992 1659 3160 1730 Hujus
3204 1662 3345 1715 ﬁlius
3377 1661 3545 1715 inscio
3571 1668 3725 1729 patre
3750 1657 3917 1713 Chri-

2337 1757 2566 1811 stianam
2595 1757 2906 1826 religionem
2936 1755 3221 1825 amplexus
3259 1764 3425 1808 totam
3471 1755 3747 1808 civitatem
3782 1766 3915 1821 gau-

659 1845 774 1898 snis
810 1844 1071 1899 redditos.
1100 1842 1223 1898 Ηιεο
1254 1843 1451 1899 divinae
1479 1844 1865 1899 misericordia
1890 1844 2083 1897 indicia
2112 1858 2232 1896 cum
2264 1828 2308 1885 Β
2338 1849 2426 1903 dio
2454 1847 2708 1918 perfudit,
2744 1862 2863 1917 quae
2906 1846 3009 1901 sibi
3054 1845 3339 1899 videbatur
3391 1844 3563 1912 ipsum
3602 1845 3765 1898 etiam
3809 1857 3913 1912 pa-

663 1938 904 1993 Valentis
948 1949 1117 1992 morte
1151 1938 1436 2005 conjuncta
1478 1939 1715 1999 fuerunt,
1762 1952 1873 2005 quo
1916 1935 2239 1990 miserabili-

659 2042 761 2095 ter,
818 2042 875 2083 ut
924 2030 1174 2084 omnibus
1222 2042 1408 2084 notum
1461 2040 1565 2093 est,
1608 2028 1879 2083 exstincto
1913 2028 1998 2080 die
2032 2026 2064 2081 9
2112 2025 2232 2079 Maii

659 2142 801 2180 anno
832 2125 957 2189 578,
986 2123 1328 2179 confessores
1373 2124 1423 2176 in
1480 2122 1751 2177 Eeclesias
1807 2137 1934 2176 suas
1989 2120 2233 2175 Gratiani

658 2218 836 2273 edicto
896 2220 1129 2271 revocati
1173 2226 1318 2271 sunt.
1380 2214 1496 2271 Non
1549 2215 1717 2270 multo
1776 2227 1898 2286 post
1935 2215 2233 2269 mirabilem

659 2314 801 2369 hunc
840 2322 1091 2367 eventmn
1144 2313 1401 2368 dimissus
1452 2330 1481 2366 a
1541 2313 1767 2366 Domino
1819 2312 1869 2365 in
1909 2327 2036 2380 pace
2080 2310 2233 2363 Basi-

660 2407 781 2463 lius.
813 2409 906 2462 sed
950 2416 1239 2475 antequam
1281 2405 1424 2459 illius
1470 2417 1700 2459 mortem
1752 2403 2071 2471 referamus,
2119 2404 2236 2457 bre-

660 2500 799 2553 viter
835 2500 1179 2552 recensendas
1208 2497 1389 2567 plures
1420 2496 1680 2565 epistolw,
1726 2497 1790 2551 de
1818 2496 2013 2565 quibus
2043 2497 2233 2567 agendi

663 2590 900 2643 nondum
928 2588 1165 2643 occurrit
1205 2589 1439 2642 occasio.

734 2680 819 2737 ΙΙΙ.
853 2681 1069 2751 Scripta
1116 2694 1201 2737 est
1250 2683 1477 2751 cpistola
1515 2681 1620 2733 270
1656 2694 1776 2750 post
1817 2682 2109 2734 SCCIlll-ianl
2142 2695 2232 2733 ca-

663 2777 937 2828 nonicatn.
961 2774 1107 2828 Citat
1142 2774 1284 2828 enim
1322 2770 1551 2826 Basilius
1598 2786 1861 2825 canonem
1900 2773 2235 2826 tricesimum

664 2883 693 2921 a
733 2882 792 2921 se
831 2866 1125 2937 vulgatum.
1171 2865 1305 2922 Cum
1358 2865 1533 2935 puella
1600 2867 1838 2935 qumdam
1890 2873 2039 2932 rapta
2072 2872 2232 2927 esset,

666 2960 857 3015 scribit
904 2959 1135 3015 Basilius
1191 2961 1545 3032 presbytero,
1595 2975 1690 3013 seu
1760 2960 1939 3028 potius
1995 2958 2235 3011 locorum

670 3054 1079 3122 cborepiscopo,
1125 3068 1283 3121 quem
1331 3064 1438 3105 tam
1479 3050 1714 3120 indignis
1760 3050 2087 3103 facinoribus
2129 3064 2233 3102 non

2339 1947 2473 1994 trem
2514 1939 2566 1992 in
2606 1938 2715 1992 ﬁlio
2752 1938 3121 1993 Christianum
3158 1935 3484 2003 suscepisse.
3518 1933 3624 1989 Sed
3652 1948 3774 1987 cum
3818 1949 3915 2003 pa-

2338 2033 2435 2086 tris
2474 2032 2749 2087 iracundia
2784 2042 3116 2087 metueretur
3157 2031 3207 2085 in
3240 2029 3659 2100 praeclarissimo
3692 2026 3789 2080 lilii
3824 2027 3911 2081 fa-

2338 2125 2543 2187 cinore,
2572 2136 2780 2193 patrem
2812 2124 3043 2179 Basilius
3077 2140 3173 2178 suo
3209 2133 3261 2177 et
3285 2120 3521 2175 civitatis
3556 2117 3777 2172 nomine
3803 2115 3917 2187 pla-

2338 2232 2462 2269 care
2490 2225 2734 2269 conatur.

2410 2308 2543 2363 Cum
2580 2308 2857 2361 didicisset
2890 2306 3121 2361 Basilius
3152 2322 3217 2361 ex
3258 2306 3569 2361 Theotecno
3596 2306 3663 2359 de
3692 2316 3913 2357 summa

2338 2403 2557 2459 Maximi
2594 2401 2913 2457 Scholastici
2946 2402 3165 2469 pietate,
3196 2402 3289 2469 qui
3314 2416 3382 2454 ex
3428 2400 3605 2470 ampla
3631 2410 3685 2453 et
3711 2398 3915 2452 illustri

2337 2499 2541 2552 familia
2563 2500 2629 2552 ad
2659 2497 2950 2551 asceticam
2978 2496 3141 2549 vitam
3178 2496 3491 2557 transierat,
3523 2496 3757 2549 libenter
3786 2509 3915 2549 eum

2335 2592 2701 2653 convenisset,
2742 2588 2843 2643 nisi
2878 2587 3087 2641 senium
3122 2595 3177 2640 et
3219 2594 3473 2638 consueta
3523 2584 3810 2637 inﬁrmitas
3844 2600 3911 2637 ac

2339 2682 2593 2737 Ecclesia:
2638 2682 2847 2751 negotia
2904 2678 3283 2733 detinuissent.
3330 2674 3507 2742 Quare
3558 2689 3653 2745 per
3700 2675 3917 2728 litteras

2338 2790 2460 2828 eum
2523 2775 2574 2826 in
2634 2785 2885 2843 suscepto
2945 2772 3190 2826 instituto
3226 2768 3532 2832 conﬁrmat,
3564 2781 3627 2820 ac
3676 2766 3919 2820 breviter

2338 2866 2591 2920 admonet
2622 2881 2784 2918 unum
2811 2880 2929 2919 esse
2958 2862 3346 2933 expetendum,
3374 2872 3632 2915 :eternum
3660 2858 3869 2911 bonum
3896 2874 3912 2911 :

2338 2974 2425 3013 res
2474 2968 2652 3013 autem
2710 2956 2973 3010 humanas
3013 2958 3199 3010 umbra
3253 2955 3522 3011 tenuiores
3573 2959 3628 3005 et
3684 2949 3918 3004 somniis

2339 3054 2646 3107 fallaciot‘es
2676 3064 2817 3104 esse.

668 3146 802 3200 satis
826 3144 1152 3197 commoveri
1186 3146 1455 3212 queritur.
1483 3142 1646 3197 lubet
1680 3154 1736 3195 ut
1780 3142 1953 3211 puella
1985 3142 2206 3195 restitua
2263 3180 2305 3235 ε
2413 3148 2833 3219 υίειίιιεηειμιυς
2866 3146 2953 3199 ine
2985 3143 3248 3199 Maximus
3273 3140 3639 3194 Srholasﬁcus
3681 3153 3709 3191 a
3744 3132 3920 3189 Magi-

669 3247 758 3291 tur
805 3235 1139 3307 parentibus,
1188 3242 1374 3303 raptor
1413 3250 1442 3287 a
1483 3235 1737 3306 precibus
1770 3240 2021 3286 arceatur
2046 3241 2099 3286 et
2137 3249 2235 3286 ex-

667 3330 1096 3385 communicatus
1151 3327 1521 3393 denuntietur,
1573 3342 1633 3381 ac
1672 3326 1707 3380 ii
1766 3326 1952 3389 etiam,
1988 3326 2077 3396 qui
2115 3342 2233 3380 eum

665 3438 732 3479 eo
760 3423 971 3478 facinus
1002 3422 1242 3492 aggressi
1280 3430 1427 3485 sunt,
1459 3436 1487 3474 a
1514 3420 1767 3489 precibus
1796 3434 1890 3489 per
1930 3427 2039 3473 tres
2068 3433 2237 3471 annos

667 3526 1075 3581 removeantur,
1116 3515 1247 3584 quin
1288 3523 1343 3569 et
1389 3514 1477 3567 ille
1522 3514 1637 3580 ipse
1681 3526 1869 3581 pagus,
1902 3512 1991 3580 qui
2028 3521 2233 3579 raptam

668 3609 876 3675 recepit
905 3622 969 3661 ac.
994 3607 1305 3671 cuStodivit,
1346 3606 1428 3659 vel
1463 3604 1627 3658 etiam
1650 3602 1715 3657 ad
1750 3618 1869 3653 eam
1901 3604 2233 3656 retinendam

666 3699 951 3770 pugnavit,
1007 3699 1351 3754 nniversusa
1386 3712 1604 3768 precum
1664 3697 1925 3751 societate
1974 3696 2238 3749 rest-inda-

668 3803 774 3848 tur.

734 3887 867 3942 Cum
913 3884 1141 3939 Basilius
1170 3884 1245 3954 (α)
1279 3896 1462 3937 senem
1512 3897 1571 3936 se
1609 3881 1792 3935 dicere
1834 3880 2113 3949 incmperit
2149 3894 2238 3931 an-

667 3993 740 4033 no
766 3976 893 4039 επ,
926 3991 1047 4029 cum
1073 3990 1195 4029 eum
1221 3974 1555 4044 gravissimis
1586 3975 1789 4028 morbis
1827 3974 2056 4028 fractum
2094 3974 2238 4027 vires

666 4068 1018 4134 defecerunt;
1048 4076 1168 4137 post
1203 4066 1303 4120 boc
1335 4075 1543 4129 tempus
1590 4068 1817 4135 scriptas
1847 4068 2087 4121 ducimus
2120 4067 2239 4137 plu-

669 4178 759 4217 res
787 4161 1069 4231 epistolas,
1097 4162 1150 4215 in
1186 4160 1382 4230 quibus
1408 4160 1543 4213 senii
1590 4160 1671 4213 sui
1710 4160 2049 4215 incommoda
2088 4178 2225 4216 com-

667 4267 953 4311 memorat.
982 4254 1129 4310 Talis
1156 4266 1240 4311 est
1269 4256 1494 4325 epistola
1526 4254 1625 4308 271
1664 4256 1729 4308 ad
1756 4253 2064 4318 Eusebium,
2098 4270 2235 4324 quo-

670 4365 796 4405 cum
820 4350 947 4404 olim
974 4348 1204 4402 Basilius
1234 4358 1288 4401 et
1320 4349 1495 4402 focum
1525 4364 1688 4401 unum
1722 4358 1774 4403 et
1807 4347 2151 4416 pazdagogum
2181 4359 2236 4402 et

669 4440 835 4495 animi
888 4439 1277 4495 relaxationem
1326 4449 1379 4491 et
1427 4440 1637 4501 studia,
1691 4450 1742 4494 et
1788 4438 2009 4494 delicias
2059 4449 2112 4493 et
2149 4442 2226 4493 in-

2339 3256 2426 3293 mo
2466 3241 2800 3311 pbilosOplio,
2834 3238 2899 3293 ad
2945 3250 3103 3307 quem
3143 3233 3340 3300 scripta
3397 3242 3478 3284 est
3532 3246 3673 3285 nona
3726 3227 3917 3283 Basilii

2337 3333 2583 3403 epistola.
2614 3332 2823 3386 Praeter
2853 3332 3064 3385 diversa
3113 3324 3456 3391 cognomina,
3500 3319 3769 3374 Maximus
3794 3321 3919 3390 pbi-

2339 3427 2595 3494 losopbus
2639 3422 2861 3491 aequalis
2908 3431 3026 3475 erat
3076 3417 3254 3471 Basilii
3304 3425 3359 3468 et
3407 3412 3695 3466 aseeticam
3741 3414 3916 3465 vitam

2338 3518 2712 3587 proﬁtebatur,
2766 3516 3001 3568 nondum
3045 3510 3242 3564 Basilio
3279 3506 3632 3578 presbytero;
3682 3503 3919 3559 Schola-

2337 3611 2507 3665 sticus
2540 3619 2717 3662 autem
2766 3622 2954 3661 recens
2995 3613 3114 3659 erat
3156 3619 3181 3656 a
3228 3611 3480 3669 suscepto
3508 3599 3630 3652 vitae
3661 3596 3920 3651 ascetica:

2337 3703 2590 3768 consilio,
2616 3716 2735 3755 eum
2766 3698 2999 3752 Basilius
3022 3695 3275 3751 Ecclesiae
3299 3692 3444 3746 curis
3471 3690 3919 3760 distringeretur;

2339 3813 2399 3849 ae
2427 3794 2638 3864 juvenis
2672 3802 2789 3845 erat
2816 3806 2944 3845 sene
2971 3788 3190 3853 Basilio,
3216 3787 3305 3857 qni
3335 3800 3458 3838 eum
3492 3784 3569 3837 ait
3594 3782 3799 3835 ratione
3823 3779 3919 3850 ju-

2338 3897 2591 3939 ventutem
2627 3883 2854 3951 frenare.

2410 3975 2497 4029 IV.
2554 3974 2865 4029 Senectutis
2919 3987 3029 4026 suae
3076 3971 3319 4025 meminit
3367 3971 3529 4025 etiam
3573 3968 3807 4023 Basilius
3856 3967 3912 4021 in

2338 4070 2565 4140 Cllialuia
2599 4068 2665 4121 ad
2695 4067 3065 4130 Valerianum,
3096 4065 3189 4136 qui
3233 4066 3447 4133 negotia
3480 4077 3602 4117 cum
3634 4060 3918 4114 nonnullis

2338 4162 2548 4216 civibus
2590 4161 3017 4217 Caesariensibus
3044 4159 3296 4215 habebat.
3329 4156 3507 4222 Quare
3542 4156 3797 4219 Basilius,
3821 4155 3916 4225 qui

2338 4274 2406 4313 ne
2433 4260 2499 4313 ab
2542 4258 2625 4312 bis
2652 4259 2871 4327 quidem
2901 4258 3063 4308 rebus
3089 4250 3475 4321 componendis
3508 4265 3723 4319 Operam
3755 4263 3917 4302 suam

2340 4354 2668 4418 removebat,
2704 4349 3048 4407 Valerianum
3079 4346 3331 4414 accersit,
3363 4355 3421 4398 ut
3457 4345 3569 4399 suis
3603 4357 3725 4396 eum
3754 4340 3915 4410 adju-

2338 4452 2427 4497 vet
2452 4441 2711 4497 consiliis.

663 4537 844 4604 opiam
867 4544 921 4589 et
945 4536 1124 4588 omnia
1162 4546 1385 4601 prorsus
1417 4531 1682 4586 babuerat
1718 4531 2045 4587 communia.
2069 4532 2233 4585 Suum
2264 4523 2317 4583 Ι)
2414 4530 2547 4587 Tres
2584 4540 2875 4600 sequentes
2906 4530 3146 4599 epistola:
3185 4542 3304 4601 post
3331 4546 3528 4584 annum
3560 4526 3665 4583 371
3692 4528 3918 4597 scriptae

664 4625 714 4678 ei
751 4622 989 4678 dolorem
1022 4621 1290 4690 significat
1320 4619 1570 4683 Basilius,
1596 4622 1737 4689 quod
1767 4638 1889 4675 eum
1918 4622 1969 4675 in
2017 4624 2233 4678 civitate

662 4731 773 4773 non
818 4717 1100 4786 repererit.
1138 4715 1188 4768 in
1230 4730 1333 4783 qua
1378 4714 1615 4767 futurum
1663 4725 1979 4780 speraverat
2021 4724 2079 4768 ut
2109 4732 2231 4771 eum

664 4810 894 4863 videret.
934 4808 1287 4863 tlommendat
1314 4808 1359 4860 ei
1390 4806 1678 4877 Cyriaeum
1728 4809 2103 4879 presbyterum
2149 4808 2231 4861 in-

669 4902 1040 4973 tegerrimum,
1085 4899 1239 4968 cujus
1281 4899 1480 4953 famam
1519 4917 1585 4955 ne
1637 4900 1671 4955 ii
1715 4900 1931 4967 quidem
1964 4910 2232 4957 attentare

665 4996 777 5049 ausi
805 4994 1038 5057 fuerant,
1069 4992 1161 5063 qui
1194 5007 1382 5047 manus
1415 4993 1466 5047 in
1502 5008 1691 5049 omnes
1718 4990 2052 5059 injiciebant.

732 5084 867 5140 Cum
910 5087 1109 5140 multos
1135 5084 1369 5141 Basilius
1399 5086 1465 5140 ab
1496 5086 1715 5141 ineunte
1742 5094 1897 5142 :rtate
1944 5102 2116 5157 usque
2163 5088 2229 5143 ad

664 5185 999 5232 senectutem
1048 5176 1346 5239 dilexisset,
1395 5178 1664 5233 neminem
1707 5192 1941 5247 unquam
1978 5179 2229 5248 praelude-

666 5280 750 5323 rat
779 5269 1089 5340 Sophrouio
1111 5266 1411 5323 ofﬁciorum
1445 5272 1723 5341 magistro.
1752 5270 1857 5326 Sed
1884 5280 2061 5327 tamen
2098 5287 2230 5325 non-

666 5362 795 5416 nulli
849 5372 1219 5416 assentatores
1282 5363 1590 5433 Sopbronio
1657 5365 1989 5434 persuadere
2050 5366 2227 5420 conati

668 5454 903 5514 fuerant,
955 5467 1013 5505 ut
1064 5452 1263 5508 Basilio
1320 5467 1702 5519 succenseret,
1752 5471 1981 5525 eumque
2042 5465 2229 5510 contra

664 5560 777 5605 rem
806 5554 861 5599 et
894 5545 1223 5601 voluntatem
1248 5562 1399 5601 suam
1432 5550 1484 5602 in
1508 5550 1740 5617 quodam
1774 5549 1985 5617 negotio
2019 5549 2232 5603 venisse

663 5637 930 5690 crederet.
960 5635 1174 5692 Befellit
1197 5639 1299 5697 bas
1328 5640 1623 5697 calumnias
1650 5639 1879 5697 Basilius
1910 5641 1961 5695 in
2009 5641 2229 5712 epistola

734 5819 807 5877 (ai
844 5818 936 5878 Eu.
975 5818 1091 5877 flii.

2340 4635 2487 4691 sunt,
2547 4640 2655 4695 quo
2713 4623 2942 4677 Basilius
2979 4627 3142 4691 coepit
3197 4626 3335 4693 apud
3391 4624 3683 4676 Modestum
3716 4620 3919 4692 praefe-

2340 4728 2485 4773 ctum
2544 4716 2871 4771 auctoritate
2922 4727 2976 4771 et
3024 4716 3192 4785 gratia
3240 4716 3439 4771 valere.
3471 4714 3524 4767 In
3557 4717 3727 4783 prima
3760 4730 3918 4769 com-

2340 4815 2558 4865 mendat
2585 4810 2754 4863 civem
2782 4808 3139 4881 Tyanensem,
3160 4810 3209 4862 in
3238 4808 3468 4862 secunda
3494 4824 3655 4862 unum
3686 4822 3751 4862 ex
3784 4820 3919 4876 pro-

2338 4903 2553 4974 pinquis
2603 4903 2715 4956 suis
2768 4918 2927 4972 quem
2974 4902 3025 4955 in
3061 4900 3155 4955 tilii
3208 4901 3323 4955 loco
3372 4900 3622 4965 babebat,
3654 4900 3707 4955 in
3748 4899 3916 4956 tertia

2344 4995 2662 5057 llelladium,
2727 5011 2884 5064 quem
2960 4994 3347 5064 perrequatoris
3400 5010 3622 5049 munere
3701 4994 3914 5051 exsolvi

2340 5096 2520 5156 rogat,
2553 5086 2683 5139 utin
2710 5086 3065 5155 Cappadocia:
3103 5086 3262 5139 rebus
3311 5085 3663 5155 procurandis
3684 5098 3914 5153 operam

2340 5196 2493 5234 suam
2522 5180 2817 5247 impendat.
2848 5178 3042 5249 Liquet
3069 5194 3132 5231 ex
3183 5178 3265 5233 bis
3299 5178 3493 5233 litteris
3530 5177 3747 5231 solitum
3787 5193 3917 5237 esse

2339 5269 2594 5323 Basilium
2669 5271 2928 5339 plurimos
3000 5270 3254 5340 przel’ecto
3318 5270 3915 5341 commendare:quod

2338 5361 2553 5431 quidem
2617 5372 2673 5415 ut
2714 5362 2937 5427 faceret,
2969 5363 3037 5416 ab
3069 5362 3183 5429 ipso
3211 5362 3464 5429 praefecto
3497 5362 3755 5417 invitatus
3791 5361 3901 5418 fue-

2344 5464 2445 5508 rat.
2483 5453 2769 5509 Scribebat
2816 5454 3001 5523 itaque
3035 5455 3261 5509 libenter
3298 5456 3348 5509 ei
3403 5452 3653 5518 Basilius,
3682 5470 3789 5509 non
3823 5470 3899 5510 so

2339 5546 2447 5600 lum
2517 5562 2573 5601 se
2633 5562 2887 5615 responsa
2950 5548 3341 5615 perhonorifica
3393 5557 3734 5616 accepturum
3783 5562 3884 5615 spe

2342 5656 2493 5703 rans,
2518 5642 2610 5697 sed
2654 5642 2813 5696 etiam
2860 5642 2925 5699 ab
2970 5641 3085 5711 ipso
3124 5640 3399 5712 praefecto,
3432 5644 3556 5695 dum
3592 5640 3640 5695 ei
3668 5643 3889 5696 occasio
