4074 6312
1489 368 1648 426 VITA
1688 367 1745 424 S.
1786 367 2050 425 BASILII.

3226 386 3367 427 ειτιι

156 498 245 540 nes
268 481 659 538 beneﬁciorum
693 483 1088 550 subministrat,
1116 485 1255 540 inter
1300 486 1572 543 beneticos
1610 501 1711 541 nu-
1735 486 1782 543 Δ
1815 495 2057 553 rogatus,
2090 494 2149 538 ut
2178 498 2302 538 eum
2333 496 2399 537 ex
2428 483 2530 538 hoc
2582 482 2819 553 periculo
2852 484 3106 553 eriperet,
3149 498 3371 552 respon-

152 583 401 630 tneratum
432 575 521 627 iri.

204 663 435 718 Basilius
475 665 528 718 in
560 665 787 735 epistola
815 666 923 720 282
965 667 1267 737 episcopum
1306 669 1591 737 quemdam
1619 667 1703 721 in-

154 754 275 805 vitat
324 754 394 807 ad
451 754 649 808 festum
696 767 1005 812 sanctorum
1054 769 1374 830 martyrum,
1414 774 1519 813 non
1586 759 1703 813 sine

150 854 293 897 acuta
339 848 768 914 reprehensione
820 849 957 917 quod
1005 865 1109 904 non
1157 861 1388 905 vocatus
1425 860 1700 919 queratur,

152 947 365 991 vocatus
393 952 500 991 non
531 939 730 993 veniat.
757 937 812 992 In
842 945 1088 1008 sequenti
1114 944 1286 997 viduae
1320 944 1555 1007 cuidam,
1584 958 1704 1011 quae

153 1029 286 1084 illius
310 1030 528 1085 videndi
564 1041 617 1085 et
655 1031 963 1087 consulendi
992 1035 1184 1103 cupida
1212 1046 1351 1101 erat,
1382 1050 1529 1103 spem
1550 1033 1703 1089 aliert

150 1122 368 1176 scillam
396 1122 659 1188 visurum,
692 1138 813 1177 cum
840 1123 1073 1193 aliquem
1098 1135 1421 1180 conventum
1448 1107 1697 1180 'indicet:

152 1229 315 1283 neque
353 1215 501 1268 enim
531 1215 631 1267 sibi
666 1223 741 1269 tot
776 1216 1004 1284 negotiis
1034 1228 1293 1285 occupato
1318 1217 1459 1271 aliud
1488 1234 1611 1272 cum
1635 1234 1699 1273 ea

151 1302 483 1372 colloquendi
531 1312 739 1370 tempus
769 1318 1082 1360 occurrere.
1114 1303 1363 1371 Ejusdem
1402 1302 1574 1357 viduze
1615 1318 1702 1358 ne-

150 1396 251 1449 scio
274 1396 420 1464 quod
457 1394 727 1448 somnium
761 1396 1171 1463 interpretatur.

209 1486 547 1541 Censitorem
587 1496 739 1556 rogat
764 1486 991 1542 Basilius
1014 1489 1067 1540 in
1092 1486 1315 1556 epistola
1339 1486 1465 1556 284,
1503 1498 1559 1542 ttt
1586 1504 1702 1542 mo-

152 1590 364 1638 nacuos,
401 1577 495 1645 qui
530 1593 629 1631 nec
657 1580 897 1648 pecuniis
938 1594 1037 1635 nec
1076 1595 1337 1648 corporeo
1374 1582 1555 1635 labore
1588 1597 1699 1635 rem

149 1668 409 1735 publicam
460 1670 654 1737 juvare
691 1679 959 1736 poterant,
987 1672 1205 1725 tributis
1239 1674 1462 1737 eximat,
1494 1675 1703 1743 sibique

146 1771 231 1812 eos
263 1760 405 1827 apud
451 1760 615 1815 Deum
649 1772 959 1829 precatores
980 1761 1082 1817 ltoc
1108 1764 1377 1817 beneﬁcio
1410 1775 1580 1833 paret.
1606 1763 1698 1818 Vi-

147 1851 292 1904 detur
316 1852 483 1906 etiam
512 1854 838 1908 censitorem
857 1853 1053 1923 alloqui
1084 1855 1135 1909 in
1170 1858 1396 1927 epistola
1426 1858 1696 1925 sequenti,

146 1957 253 2009 quae
280 1958 375 2011 per
395 1957 735 1998 meonomum
754 1942 1006 1999 Ecclesiae
1024 1947 1184 2001 missa
1208 1956 1307 1999 est.
1338 1946 1510 2016 Rogat
1532 1959 1586 2002 ut
1618 1949 1701 2003 al-

146 2033 271 2090 levet
292 2051 591 2105 pauperum
626 2038 1013 2106 possessiones,
1031 2046 1178 2092 tanto
1196 2039 1516 2095 tributorum
1536 2057 1703 2101 onere

145 2143 443 2197 oppressas,
478 2140 536 2184 ut
567 2145 777 2199 semper
806 2141 1116 2199 quaarautur
1143 2132 1232 2199 qui
1262 2146 1358 2186 eas
1384 2135 1698 2203 suscipiant,

145 2236 199 2273 ac
222 2236 373 2274 suum
412 2222 593 2291 potius
637 2223 853 2288 insuper
886 2224 1131 2277 absumat
1162 2223 1418 2292 Ecclesia,
1447 2240 1606 2294 quam
1635 2242 1701 2284 ex

151 2314 226 2367 his
252 2316 688 2381 possessionibus
717 2316 1007 2385 quidquam
1036 2318 1314 2386 percipiat.

206 2406 540 2475 Episcopalis
581 2408 921 2463 auctoritatis
952 2410 1299 2465 defendendae
1322 2412 1557 2467 studium
1587 2410 1703 2466 elu-

145 2506 219 2550 cet
244 2499 295 2550 in
325 2498 555 2568 epistola
582 2497 707 2552 286.
754 2500 926 2556 Fures
956 2503 1007 2555 in
1044 2503 1275 2572 quadam
1310 2502 1539 2557 ecclesia
1573 2505 1700 2559 vilia

146 2604 429 2658 pauperum
456 2591 777 2647 vestimenta
806 2593 1138 2662 subripuere,
1168 2603 1222 2647 et
1260 2594 1325 2648 ab
1365 2594 1451 2658 iis,
1504 2597 1702 2667 quibus

146 2683 265 2736 recti
310 2683 362 2737 in
419 2685 652 2740 ecclesia
685 2684 894 2738 ordinis
940 2700 1070 2740 cura
1106 2688 1415 2753 commissa,
1455 2704 1703 2758 compre-

146 2774 283 2829 hensi
340 2785 488 2831 sunt.
549 2776 684 2830 Tum
734 2776 985 2842 Basilius,
1036 2777 1306 2847 descripto
1358 2779 1410 2832 in
1457 2781 1699 2834 omnium

145 2865 302 2922 oculis
327 2869 559 2922 vestium
590 2869 913 2934 inventario,
938 2878 990 2923 et
1025 2880 1199 2923 vestes
1226 2877 1281 2924 et
1328 2867 1474 2925 fures
1533 2871 1699 2939 recipi

146 2973 203 3012 ac
234 2960 495 3015 custodiri
521 2960 708 3030 jussit,
749 2970 926 3012 vestes
978 2960 1193 3026 quidem
1239 2961 1433 3028 partim
1485 2962 1700 3016 tradens

149 3050 225 3103 his
244 3053 333 3118 qui
362 3051 591 3105 aderant
620 3048 973 3117 pauperibus,
1008 3052 1201 3117 partim
1231 3050 1475 3105 venturis
1520 3066 1699 3105 reser-

1806 578 1894 633 det
1923 592 2075 645 atque
2103 576 2203 630 sibi
2228 577 2295 629 ab
2320 575 2554 643 episcopi
2585 573 2758 630 oilicio
2784 574 3014 629 alienum
3049 574 3241 639 videri,
3272 591 3370 629 no-

1805 678 1990 723 centes
2016 676 2110 721 aut
2131 666 2401 735 judicihus
2430 667 2642 720 tradere
2697 675 2789 718 aut
2823 665 3050 719 traditos
3109 666 3317 735 eripere
3347 682 3363 721 :

1806 761 1921 815 sive
1947 761 2075 829 quia
2101 760 2379 829 improbus
2400 758 2486 813 ille
2512 768 2795 813 recantare
2816 757 3098 826 opprobria
3130 756 3366 819 nolebat.

1804 853 1918 905 sive
1951 851 2075 921 quia
2104 866 2170 903 ne
2196 850 2519 905 recantando
2544 849 2759 919 quidem
2788 850 3017 904 dedecus
3041 847 3233 919 virgini
3260 850 3364 903 im-

1804 944 2033 1013 positum
2066 943 2196 997 satis
2229 950 2555 1010 reparasset.

1875 1032 2162 1088 Nectarius
2224 1031 2421 1089 Basilio
2448 1047 2513 1085 ex
2577 1029 2851 1099 prmclaris
2900 1027 3115 1083 dotibus
3139 1043 3167 1082 a
3197 1043 3365 1100 puero

1803 1132 1984 1187 notus,
2012 1124 2067 1177 in
2095 1139 2362 1178 summum
2398 1122 2733 1191 splendorem
2773 1120 2915 1174 omni
2965 1120 3221 1173 virtutum
3271 1134 3361 1189 ge-

1804 1234 1931 1273 nere
1961 1226 2299 1288 pervenerat.
2338 1216 2575 1287 Rogatus
2599 1215 2667 1270 ab
2685 1230 2749 1269 eo
2781 1213 3009 1268 Basilius
3046 1223 3104 1266 ut
3132 1212 3363 1282 aliquem

1801 1311 1955 1380 pagis
1984 1308 2425 1377 cliorepiscopnm
2453 1307 2771 1376 prmiiceret,
2808 1306 2889 1360 vel
2921 1305 3104 1359 saltem
3135 1305 3201 1359 de
3228 1304 3368 1372 opti-

1804 1417 1887 1456 tua
1922 1400 2292 1471 eligendorum
2323 1400 2833 1466 chorepiscopnrum
2890 1398 3099 1453 ratione
3151 1398 3367 1451 consul-

1804 1505 1913 1557 tus,
1942 1492 2139 1547 eximia
2184 1492 2347 1546 tradit
2392 1500 2683 1559 praecepta,
2721 1499 2774 1542 et
2823 1489 3077 1556 episcopo
3098 1497 3152 1541 et
3178 1488 3243 1542 iis
3264 1487 3357 1555 qui

1804 1585 2113 1655 suﬂ’ragium
2164 1585 2295 1637 dant
2332 1582 2726 1637 convenientia.
2766 1579 3010 1633 Declarat
3068 1594 3125 1631 se
3163 1593 3359 1644 caupo-

1802 1694 1947 1742 nem,
1974 1670 2077 1731 non
2108 1676 2533 1744 dispensatorem
2569 1672 2826 1738 futurum,
2854 1680 2910 1723 et
2937 1669 3146 1739 quidvis
3175 1668 3356 1736 potius

1802 1782 1960 1837 quam
1992 1766 2307 1821 electionem
2349 1774 2713 1833 peracturum,
2745 1765 2789 1817 si
2835 1762 2961 1832 quid
2991 1764 3175 1830 gratia:
3204 1775 3364 1815 causa

1805 1867 1898 1913 aut
1934 1857 2109 1912 timori
2130 1857 2327 1911 cedens
2362 1854 2571 1909 fecerit.
2606 1854 2672 1907 lis
2699 1863 2875 1907 autem
2911 1853 3000 1922 qui
3056 1850 3363 1918 suffragium

1806 1951 1937 2005 dant
1966 1958 2156 2003 auctor
2187 1956 2290 2007 est.
2333 1956 2387 1999 ut
2414 1946 2558 2001 dicto
2620 1943 2927 1999 testimonio
2965 1943 3030 1995 ab
3063 1942 3208 1996 omni
3238 1956 3366 1995 con-

1804 2039 2043 2094 tentione
2102 2038 2429 2101 abstineant,
2474 2047 2529 2091 et
2582 2036 2747 2089 Deum
2795 2041 3098 2104 precentur,
3128 2042 3184 2085 ut
3221 2031 3366 2101 quod

1804 2132 1932 2188 utile
1959 2129 2140 2196 fuerit,
2178 2145 2282 2184 non
2306 2130 2488 2183 lateat.

1874 2223 2099 2277 Videtur
2126 2222 2179 2275 in
2202 2222 2509 2289 episcopatu
2538 2217 2737 2287 scripta
2766 2216 2989 2285 epistola
3015 2216 3141 2280 291,
3174 2216 3229 2270 in
3259 2227 3366 2285 qua

1800 2313 2031 2370 Basilius
2055 2313 2394 2369 Timouteum
2430 2311 2870 2379 cborepiscopum
2891 2324 2954 2361 ex
2990 2321 3198 2361 summo
3216 2322 3368 2360 asce-

1806 2408 1924 2461 ticze
1961 2407 2085 2459 vita:
2136 2405 2348 2459 fervore
2382 2404 2447 2455 ad
2503 2402 2781 2455 surcularis
2830 2398 3042 2469 negotia
3089 2396 3363 2466 delapsum

1800 2511 2058 2553 revocare
2112 2495 2179 2549 ad
2236 2494 2517 2563 pristinam
2553 2494 2805 2561 pietatem
2845 2500 3091 2546 conatur.
3141 2486 3367 2542 Videtur

1802 2592 1942 2645 idem
1994 2604 2115 2644 esse
2174 2587 2489 2642 Timotheus
2548 2584 2987 2651 chorepiscopus,
3044 2579 3115 2633 de
3163 2593 3268 2647 quo
3309 2578 3363 2629 in

1803 2681 2026 2751 epistola
2061 2680 2132 2733 ει
2166 2678 2427 2748 loquitur.
2483 2676 2653 2731 Grato
2689 2680 2869 2728 animo
2898 2672 3119 2744 suscipit
3144 2671 3305 2723 missa
3332 2684 3361 2721 a

1802 2771 2091 2827 Timotheo
2156 2784 2408 2834 munera,
2442 2770 2792 2837 vicissimque
2844 2766 2893 2819 ei
2943 2766 3177 2818 misisset
3209 2761 3362 2817 Ponti

1800 2860 2141 2925 munuscula,
2180 2876 2333 2914 ceras
2359 2868 2414 2914 et
2456 2874 2648 2926 acnpa,
2689 2859 2733 2912 si
2783 2867 2909 2911 tunc
2940 2866 3134 2925 praesto
3163 2853 3366 2908 adfuis-

1799 2964 1949 3021 sent;
1978 2954 2070 3008 sed
2105 2967 2227 3007 cum
2252 2952 2500 3011 aderunt,
2526 2953 2812 3004 missurum
2848 2947 3132 3014 promittit.

2322 3067 2550 3123 CAPUT
2593 3063 2832 3118 XXXIX.

146 3154 287 3239 :mf”
315 3139 465 3193 ("res
497 3148 677 3192 amem
712 3138 985 3239 “Poni”:
1020 3139 1352 3209 pmnilel'lim
1384 3144 1697 3213 SUbjECicns'
1726 3180 1768 3239 ο
1800 3164 1841 3221 1.
1866 3164 1941 3218 De
1960 3162 2189 3227 epistolis
2213 3175 2433 3239 qngrnm
2457 3157 2953 3239 tempus-invertunt.
2977 3153 3049 3239 ll.
3072 3152 3149 3239 ρᾳ
3168 3155 3360 3239 epist:-

146 3231 241 3285 Sed
278 3245 401 3284 cum
426 3231 932 3287 commentariensis
948 3233 1210 3302 ejusmodi
1244 3235 1516 3289 hominum
1546 3251 1701 3290 reac-

144 3324 374 3390 ptionem
419 3322 521 3377 sibi
562 3325 839 3379 vindicare
873 3325 1058 3391 vellet,
1115 3328 1391 3380 contendit
1448 3327 1699 3392 Basilius,

149 3428 259 3480 qua:
291 3415 344 3467 in
368 3414 615 3469 ecclesiis
654 3426 949 3485 peccantur
968 3454 983 3479 ,
1007 3417 1075 3470 ab
1122 3417 1393 3488 episcopis
1423 3418 1699 3473 emendari

145 3506 351 3569 debere,
385 3522 485 3560 nec
537 3505 749 3574 indices
797 3522 919 3562 esse
976 3508 1416 3579 interpellandos.
1465 3509 1616 3577 Quod
1654 3511 1701 3566 si

145 3597 642 3650 commentariensis
669 3598 733 3650 ad
764 3599 1015 3651 comitem
1064 3599 1149 3653 his
1175 3600 1239 3653 de
1271 3602 1433 3654 rebus
1500 3600 1703 3655 referre

146 3686 298 3747 velit,
350 3684 583 3738 libenter
645 3687 943 3740 assentitur
998 3688 1254 3754 Basilius,
1278 3698 1333 3743 et
1365 3705 1462 3746 suo
1500 3689 1610 3759 juri
1645 3702 1701 3748 et

146 3774 236 3828 viri
268 3776 568 3845 integritati
596 3777 893 3832 conlidens.

206 3863 324 3920 Jam
362 3882 506 3937 sarpe
538 3869 767 3924 vidimus
792 3885 954 3940 quam
1001 3870 1235 3927 libenter
1257 3872 1488 3929 Basilius
1529 3874 1703 3930 homi-

146 3958 310 4013 nesin
354 3958 619 4028 judicium
678 3972 901 4017 vocatos
952 3965 1125 4031 gratia
1161 3979 1255 4019 sua
1284 3974 1337 4018 et
1380 3968 1703 4022 auctoritate

145 4051 448 4105 sublevaret
486 4069 499 4103 :
544 4052 640 4107 sed
691 4061 867 4106 tamen
902 4054 1059 4121 hujus
1091 4058 1167 4109 rei
1222 4057 1437 4112 modum
1467 4058 1701 4128 aliquem

145 4150 192 4195 et
240 4144 515 4197 delectum
555 4145 760 4198 sciebat
821 4146 1110 4199 tenendum
1164 4161 1307 4203 esse.
1361 4148 1495 4205 Cum
1550 4152 1702 4219 virgo

144 4233 377 4302 quaedam
438 4234 739 4301 improbutn
778 4235 1051 4291 hominem
1078 4246 1131 4293 et
1178 4240 1231 4294 in
1296 4244 1703 4313 corrumpendis

145 4324 382 4380 domibus
412 4338 441 4377 a
470 4338 639 4391 puero
668 4327 989 4393 institutum,
1023 4328 1075 4382 in
1102 4331 1319 4385 domum
1348 4347 1499 4387 suam
1533 4333 1701 4388 inscia

146 4418 278 4474 illius
316 4431 531 4473 morum
587 4418 911 4486 admisisset,
946 4421 1104 4488 eique
1158 4437 1222 4477 ex
1257 4423 1489 4493 simplici
1536 4426 1701 4479 collo-

1875 3236 1939 3287 tn
1969 3223 2154 3287 Basilii
2178 3223 2243 3282 mi
2273 3223 2617 3281 Lilmnt'um’et
2645 3226 2846 3277 Libanii
2870 3226 2937 3277 ad
2968 3223 3247 3278 Basiliam.
3272 3224 3358 3279 lll.

1874 3303 2106 3357 Maxime
2143 3302 2313 3353 dubia:
2342 3300 2601 3354 videntur.
2636 3296 2721 3349 ιγ.
2759 3293 2862 3350 Sex
2888 3295 3117 3362 epistola:
3146 3296 3359 3362 spurius.

1872 3419 1913 3473 Ι.
1944 3415 2095 3472 Nunc
2123 3414 2361 3470 breviter
2384 3413 2537 3467 nobis
2570 3408 2915 3465 recensendas
2945 3418 3071 3463 sunt
3098 3406 3219 3462 alia:
3258 3406 3365 3461 Ba-

1801 3514 1906 3568 silii
1941 3509 2200 3581 epistolae,
2232 3520 2351 3577 qua:
2374 3519 2493 3558 eum
2523 3501 2665 3556 nulla
2703 3498 2962 3569 temporis
2992 3508 3117 3553 nota
3147 3499 3365 3567 signen-

1800 3615 1889 3659 tur
1937 3617 2122 3658 earum
2177 3601 2422 3653 ordinem
2475 3612 2541 3650 ex
2600 3594 2730 3663 ipsis
2785 3594 2994 3663 rebus,
3066 3591 3133 3647 de
3169 3589 3364 3659 quibus

1802 3705 1987 3765 agunt,
2047 3689 2396 3761 repetendum
2440 3687 2714 3740 duximus.
2760 3683 2892 3737 Alia:
2954 3682 3097 3736 enim
3148 3680 3360 3751 egregia

1802 3803 2009 3843 morum
2036 3795 2296 3857 pmcepta
2330 3780 2569 3842 tradunt,
2595 3776 2713 3830 alia:
2735 3776 3152 3844 pr0pinquorum
3191 3782 3364 3826 morte

1801 3881 2029 3937 aﬂlictos
2062 3876 2428 3938 consolantur,
2453 3873 2571 3927 alize
2613 3866 3135 3925 commendationem
3158 3878 3365 3936 egeno-

1802 3988 1942 4036 rum,
1972 3970 2089 4023 alia:
2110 3968 2336 4034 denique
2369 3964 2599 4015 amicam
2639 3961 2838 4013 habent
2870 3956 3274 4013 salutationem.

1872 4062 2041 4129 Digna
2081 4058 2192 4111 visa
2244 4064 2326 4110 est
2354 4068 2472 4122 qum
2524 4067 2715 4122 agmen
2774 4050 2995 4104 duceret
3021 4046 3248 4115 epistola
3293 4048 3363 4100 ad

1803 4152 2098 4208 Palladium
2125 4163 2315 4205 recens
2347 4146 2694 4215 baptizatum,
2721 4155 2879 4210 quem
2916 4139 3150 4193 Basilius
3179 4139 3361 4194 horta-

1804 4257 1911 4311 tur,
1964 4253 2022 4298 ut
2054 4241 2259 4297 fidelem
2290 4254 2348 4292 se
2384 4234 2620 4291 thesauri
2669 4232 2946 4286 custodem
3010 4230 3273 4299 praebeat,
3299 4242 3363 4280 ac

1801 4338 1945 4392 omni
1994 4350 2122 4391 cura
2153 4332 2447 4401 depositum
2475 4326 2682 4394 regium
2722 4333 3022 4379 conservet.
3058 4320 3204 4374 Illius
3227 4334 3365 4374 uxor

1804 4426 2369 4487 inviseratBasilium,
2399 4420 2486 4489 qui
2518 4421 2797 4473 dimidium
2849 4426 3055 4470 tantum
3110 4413 3362 4469 desiderii

145 4513 259 4580 quio
295 4513 516 4582 cognita
545 4520 727 4575 esset;
782 4512 828 4567 is
880 4526 944 4567 eo
990 4513 1330 4581 impudentiae
1380 4519 1618 4583 devenit,
1646 4527 1702 4572 ut
1733 4530 1777 4585 ι)
1806 4519 1886 4573 sui
1940 4516 2282 4584 adimpletum
2345 4510 2599 4575 ducebat,
2659 4508 2782 4580 quia
2832 4522 2937 4562 non
2996 4507 3170 4575 ipsum
3199 4504 3365 4559 etiam

144 4604 399 4673 virginem
445 4613 561 4658 tota
621 4602 754 4657 urbe
810 4605 1140 4668 decantaret,
1176 4622 1240 4661 ac
1282 4607 1488 4663 lamoso
1524 4608 1701 4666 libello

144 4694 385 4750 cctlesiat
414 4695 587 4749 valvis
628 4692 786 4748 allixo
817 4695 1099 4753 laceraret.
1132 4697 1189 4752 lu
1224 4700 1473 4756 exsilium
1504 4702 1704 4760 missus

146 4799 218 4843 est
258 4794 330 4844 ob
363 4788 506 4843 hanc
564 4788 860 4858 nequitiam
924 4808 937 4842 :
997 4792 1091 4847 sed
1154 4794 1369 4849 rediens
1416 4795 1702 4854 maledicta

144 4894 227 4933 sua
254 4879 560 4944 renovavit,
594 4888 651 4935 et
671 4879 955 4938 calumniis
1000 4883 1055 4938 in
1087 4884 1398 4955 pudicitiam
1449 4888 1699 4957 virginis,

146 4970 336 5039 lorum,
375 4972 681 5043 gymnasia,
716 4973 922 5028 theatra
956 4983 1012 5028 ct
1054 4978 1196 5031 aedes
1222 4976 1585 5046 improborum
1619 4981 1701 5035 sui

144 5064 395 5119 similium
433 5062 694 5134 impievit.
748 5064 902 5120 Hunc
949 5065 1223 5123 hominem
1277 5064 1508 5126 Basilius
1529 5073 1703 5142 pasnis

144 5153 191 5207 in
212 5155 454 5225 episcopi
480 5161 745 5225 potestate
762 5156 951 5223 positis
978 5157 1238 5222 coercuit,
1265 5172 1295 5211 a
1325 5160 1702 5216 communione

143 5246 280 5301 illum
330 5245 697 5301 ecclesiastica
740 5259 1064 5303 removens:
1133 5248 1399 5318 simulque
1436 5253 1699 5323 virginem

144 5342 381 5398 hortatus
411 5352 519 5406 est,
561 5350 619 5398 ut
662 5357 720 5397 se
747 5358 855 5397 non
907 5345 1280 5413 ulcisceretur,
1312 5347 1409 5403 sed
1474 5347 1701 5403 Domino

142 5432 391 5490 ultionem
415 5437 775 5504 permitteret.
805 5435 876 5489 At
915 5437 1071 5508 virgo
1103 5438 1445 5494 vehementer
1474 5456 1595 5493 cum
1634 5456 1700 5495 eo

140 5526 513 5595 expostulavit,
555 5533 696 5597 quod
722 5541 903 5581 secum
938 5541 1160 5593 paterno
1190 5531 1369 5585 animo
1401 5545 1505 5584 non
1552 5531 1699 5585 dole-

142 5624 233 5681 ret,
269 5630 335 5670 ac
385 5616 541 5671 fama
564 5615 859 5685 jacturam,
897 5632 1012 5687 qua:
1052 5620 1215 5674 totius
1263 5618 1397 5674 cleri
1441 5620 1695 5673 damnum

140 5713 269 5765 erat.
300 5709 565 5777 negligere
584 5708 827 5779 juberet.
861 5708 1042 5779 Itaque
1070 5710 1273 5764 instare
1306 5711 1497 5779 virgini
1526 5711 1697 5764 noluit

142 5792 380 5863 Basilius,
417 5809 470 5855 et
520 5809 708 5869 postea
773 5800 842 5855 ab
895 5800 1073 5865 aliquo
1120 5801 1465 5866 svconhantte
1521 5801 1695 5859 amico

1804 4609 2097 4664 Palladium
2140 4604 2365 4658 viderat.

1874 4696 2232 4755 Christianam
2262 4696 2313 4748 in
2343 4694 2545 4748 morbis
2577 4703 2629 4747 et
2656 4692 2812 4745 rebus
2841 4687 3081 4743 adversis
3101 4695 3365 4742 constan-

1805 4791 1930 4845 tiam
1956 4787 2136 4841 laudat
2164 4786 2391 4839 Basilius
2422 4786 2472 4836 in
2502 4783 2726 4851 epistola
2753 4781 2817 4833 ad
2840 4778 3138 4842 lulianum,
3165 4779 3231 4832 de
3257 4791 3365 4846 quo

1803 4882 1942 4936 scire
1965 4888 2086 4932 avet
2116 4893 2183 4931 an
2220 4889 2408 4930 manus
2436 4889 2585 4925 usum
2619 4869 2900 4937 receperit,
2926 4884 2994 4923 an
3027 4868 3101 4921 illi
3144 4866 3363 4933 reliqua

1804 4987 1891 5027 res
1932 4973 2053 5024 vitae
2080 4986 2144 5023 ex
2182 4966 2446 5022 sententia
2498 4964 2684 5016 ﬂuant.
2718 4960 2935 5016 Videtur
2974 4959 3019 5012 is
3071 4956 3253 5010 Basilii
3280 4955 3361 5009 vi-

1804 5063 1962 5118 dendi
1997 5076 2156 5115 causa
2190 5062 2491 5112 (:csaream
2526 5055 2759 5119 venisse,
2816 5050 2910 5106 sed
2970 5048 3120 5103 illum
3164 5045 3367 5103 Basilio

1808 5172 1905 5228 per
1940 5155 2152 5226 negotia
2183 5161 2391 5207 tantum
2431 5149 2616 5201 videre
2666 5145 2835 5209 licuit,
2875 5151 3132 5213 quantum
3183 5139 3271 5209 qui
3307 5153 3365 5193 se

1804 5249 1855 5301 in
1898 5247 2031 5299 mari
2061 5244 2287 5298 invicem
2339 5247 2687 5309 prtetereunt.
2730 5235 2863 5288 Eum
2904 5242 3079 5288 tamen
3116 5228 3365 5293 Basilius,

1804 5340 1949 5395 velut
1981 5352 2044 5391 ex
2076 5350 2252 5405 ungue
2287 5334 2518 5391 leonem,
2550 5344 2616 5384 ex
2654 5326 2800 5381 brevi
2830 5324 3202 5397 experimento
3232 5321 3361 5376 satis

1803 5437 2149 5501 cognoverat.

1874 5522 1949 5575 Ex
1978 5517 2199 5588 epistola
2226 5514 2349 5575 294,
2380 5515 2514 5569 duos
2559 5511 2936 5582 cognoscimus
2990 5506 3169 5561 Basilii
3203 5504 3367 5560 disci—

1802 5614 1974 5685 pulos,
2010 5612 2227 5666 Festum
2258 5616 2313 5661 et
2362 5605 2633 5676 Magnum,
2662 5618 2887 5675 quorum
2929 5601 3128 5657 teneris
3153 5599 3363 5652 anima-

1804 5706 1903 5759 bus
1943 5719 2063 5759 cum
2092 5704 2343 5771 pietatem
2389 5699 2690 5760 iusevisset,
2723 5698 2943 5769 Optabat
2994 5708 3113 5749 eam
3145 5692 3213 5747 ad
3249 5705 3365 5745 ma-

1804 5809 1953 5854 turos
1985 5797 2191 5852 fructus
2219 5795 2532 5861 perductam
2560 5793 2760 5848 videre.
