4074 6312
684 380 842 422 carm

2031 358 2563 415 PBOLEGOMENA.

751 484 978 537 Basilius
1010 483 1133 536 vitae
1180 482 1571 535 anachoretica:
1618 482 1773 551 longe
1805 482 2254 551 pra'ferebatcoe-
2284 492 2330 547 Α
2361 485 2545 536 bastia:
2577 483 2669 549 qui
2710 481 2851 535 illius
2891 480 3101 534 litteras
3135 478 3361 531 libenter
3402 477 3648 544 accipere
3686 473 3913 540 solebat,

684 578 1004 641 nobiti’cam;
1035 575 1299 643 huiusque
1336 575 1567 628 instituti
1620 584 1812 629 auctor
1866 574 1965 628 fuit
1996 576 2048 628 in
2076 576 2250 631 Ponto

684 679 735 721 et
760 667 1116 738 Cappadocia,
1155 669 1351 735 quibus
1400 668 1449 719 in
1493 667 1624 721 locis
1664 668 1755 721 vix
1797 677 1951 721 antea
1974 669 2250 737 cognitum

684 770 821 814 erat.
856 758 1031 826 Quare
1060 775 1177 811 cum
1212 760 1512 813 venissetin
1546 761 1812 830 quoddam
1842 762 2248 827 monasterium,

687 852 775 903 ubi
801 851 1086 918 separatim
1116 860 1310 904 asceta:
1345 850 1632 919 degebant,
1660 854 1903 905 hortatus
1938 862 2022 906 est
2054 867 2149 906 eos
2188 853 2252 907 ad

689 941 851 993 vitam
893 956 1254 995 communem.
1291 940 1351 993 lli
1382 942 1576 994 docilis
1627 942 1790 994 animi
1834 942 2254 1009 significationes

691 1036 973 1097 dederunt,
999 1044 1052 1088 et
1076 1036 1140 1088 de
1170 1035 1259 1096 iis,
1284 1049 1403 1103 qua:
1426 1033 1657 1087 Basilius
1686 1034 2038 1098 disseruerat,
2074 1035 2255 1089 Domi-

689 1146 757 1183 no
779 1130 980 1198 gratias
1003 1136 1251 1196 egerunt.
1313 1125 1557 1195 Cupidus
1608 1126 1813 1181 scicmli
1872 1127 2125 1191 Basilius,
2186 1144 2253 1182 an

688 1215 854 1267 vitam
889 1214 1032 1268 illam
1096 1216 1322 1268 testibus
1374 1223 1646 1267 carentem
1707 1217 2049 1284 reliquerint,
2094 1217 2257 1271 mittit

687 1306 916 1375 aliquem
959 1323 1023 1361 ex
1050 1305 1327 1369 fratribus,
1355 1308 1443 1375 qui
1477 1316 1529 1361 et
1575 1308 1714 1375 quod
1747 1309 1922 1363 alacre
1946 1318 2027 1363 est
2057 1325 2256 1379 cogno-

688 1407 821 1462 seat,
849 1409 902 1451 et
962 1399 1105 1467 quod
1144 1400 1356 1468 pigrum
1421 1400 1648 1465 excitet,
1680 1408 1733 1455 et
1775 1402 1915 1470 quod
1957 1401 2258 1456 reluctatur

688 1490 789 1544 sibi
813 1490 1029 1546 indicet.

756 1600 811 1653 lu
872 1602 1097 1670 epistola
1146 1603 1251 1659 296
1311 1606 1523 1659 viduam
1602 1606 1855 1659 hortatur
1900 1604 2151 1670 Basilius,
2200 1614 2257 1660 ut

689 1700 915 1745 mortem
946 1709 1009 1747 ac
1037 1696 1125 1749 Dei
1144 1695 1404 1762 judicium
1439 1712 1653 1765 semper
1679 1707 1801 1751 ante
1830 1699 2014 1753 oculos
2038 1699 2253 1753 habeat.

688 1785 833 1839 Illius
884 1787 1046 1839 etiam
1085 1788 1248 1841 liliam
1308 1791 1529 1851 salutat,
1565 1791 1719 1858 eique
1759 1800 1947 1844 auctor
1972 1802 2053 1844 est
2106 1804 2163 1844 ιιι
2202 1792 2253 1843 ἱιι

691 1877 1009 1931 meditandis
1048 1879 1341 1947 Seripturis
1375 1881 1592 1936 assidue
1632 1893 1893 1936 versetur.
1928 1883 2092 1937 Malas
2132 1899 2257 1939 suas

693 1968 807 2021 ham
832 1970 991 2022 vidua
1023 1973 1462 2027 commodaverat
1498 1972 1719 2037 Basilio,
1776 1977 1969 2044 quibus
2006 1978 2094 2029 ille
2139 1978 2258 2045 qui—

686 2059 810 2112 dem
843 2077 1001 2130 parce
1030 2072 1285 2132 tanquam
1322 2065 1434 2118 suis
1467 2082 1594 2118 usus
1625 2075 1738 2129 est;
1767 2068 1858 2119 sed
1885 2077 2061 2119 tamen
2088 2067 2258 2119 vidua:

689 2150 745 2205 in
795 2166 851 2205 se
907 2154 1144 2205 animum
1192 2164 1243 2208 et
1278 2156 1513 2208 studium
1545 2172 1668 2224 erga
1704 2158 1793 2210 Dei
1829 2173 1959 2223 opus
2016 2157 2259 2211 renside-

692 2255 842 2306 rans,
892 2255 1078 2296 earum
1113 2260 1262 2296 usum
1315 2245 1527 2313 longius
1573 2248 1917 2313 produxerat.
1978 2247 2143 2301 Aliam
2175 2249 2256 2300 vi-

687 2328 846 2382 duam
887 2331 938 2383 in
996 2332 1222 2399 epistola
1274 2336 1517 2399 sequenti
1579 2334 1825 2387 hortatur
1870 2336 1933 2389 ad
1976 2338 2254 2404 pietatem,

690 2424 847 2491 eique
895 2426 1236 2478 commendat
1293 2426 1593 2494 mulierem,
1646 2445 1762 2497 quin
1798 2429 1936 2484 hanc
1973 2430 2255 2489 epistolam

689 2514 1017 2584 perferebat.

762 2632 818 2685 In
848 2633 1071 2700 epistola
1104 2632 1211 2686 298
1257 2636 1517 2689 refellitur
1558 2644 1921 2690 commentum
1976 2635 2254 2703 cujusdam

697 2724 859 2791 plani,
896 2726 983 2791 qui
1041 2742 1193 2793 aqum
1246 2731 1346 2779 vim
1398 2730 1685 2796 quamdam
1742 2729 1913 2783 inesse
1970 2729 2254 2782 absurdam

691 2817 927 2885 ﬁngebat
956 2856 972 2879 ,
1021 2827 1074 2868 ut
1122 2818 1545 2884 simplicioribus
1590 2822 1853 2876 illuderet.
1914 2823 2126 2891 Scripta
2178 2834 2259 2877 est

689 2907 914 2975 epistola
946 2907 1051 2962 299
1077 2912 1191 2965 viro
1226 2911 1425 2978 pietate
1468 2910 1687 2978 insigni,
1720 2914 1803 2965 cui
1860 2930 1979 2967 eum
2019 2916 2255 2969 oblatum

691 3008 1045 3053 essetmunus
1082 3002 1369 3056 censitoris
1401 3004 1450 3057 in
1484 3004 1702 3073 regione
1731 3002 2071 3069 lboritaruin,
2096 3007 2260 3074 signi-

691 3091 945 3147 ﬁcaverat
986 3093 1185 3149 Basilio
1220 3097 1499 3151 molestam
1555 3098 1655 3151 sibi
1727 3112 1847 3151 csse
1892 3097 1965 3153 rei
2031 3100 2257 3164 publica

689 3184 1235 3243 administrationem.
1288 3188 1403 3243 Jam
1456 3191 1599 3244 enim
1662 3205 1691 3244 e
1739 3192 1881 3244 civili
1934 3191 2169 3259 potentia
2205 3192 2255 3244 in
2286 3184 2327 3241 C

691 3279 862 3332 otium
892 3293 949 3331 se
982 3292 1281 3347 receperat.
1313 3278 1570 3333 Hortatur
1610 3298 1729 3335 eum
1782 3283 2013 3337 Basilius
2060 3296 2114 3339 ut
2159 3284 2257 3339 hoc

692 3384 889 3423 munus
924 3370 1186 3438 accipiat,
1231 3369 1468 3439 illudque
1525 3371 1605 3424 sic
1648 3373 2011 3429 administrat.
2052 3386 2107 3427 ut
2161 3392 2257 3429 nec

691 3464 986 3533 potentiam
1024 3464 1281 3519 formidet
1304 3478 1401 3517 nec
1435 3472 1807 3533 paupertatem
1848 3472 2185 3517 contemnat.

766 3577 1076 3646 Sequuntur
1117 3588 1225 3632 tres
1257 3580 1445 3633 litterze
1474 3579 1865 3643 cciisolatoria-,
1927 3594 2154 3648 quarum
2204 3580 2254 3633 in

696 3674 869 3741 prima
913 3684 1167 3740 parentes
1196 3672 1523 3737 consolatur,
1556 3673 1645 3723 filii
1674 3712 1689 3732 ,
1746 3689 1904 3740 quem
1970 3675 2035 3725 ad
2082 3673 2256 3726 studia

694 3764 995 3818 litterarum
1054 3767 1358 3827 miserant,
1408 3773 1582 3817 morte
1644 3761 1915 3829 alllictos;
1983 3762 2037 3815 in
2091 3762 2257 3815 altera

696 3855 987 3909 Maximum
1024 3856 1113 3924 qui
1160 3872 1381 3909 uxorem
1413 3855 1698 3921 antiscrat;
1737 3856 1787 3907 in
1822 3855 1979 3909 tertia
2035 3869 2257 3908 uxorem

696 3946 959 4009 Brisonis,
997 3947 1095 3997 viri
1133 3951 1293 3998 rebus
1346 3947 1395 3999 in
1439 3947 1578 4001 bello
1634 3948 1800 4016 gestis
1830 3947 1983 4011 clari,
2013 3963 2170 4017 quem
2205 3949 2256 4002 in

697 4040 812 4107 ipso
842 4038 1013 4091 astatis
1038 4035 1165 4091 llore
1214 4047 1425 4106 raptum
1488 4039 1783 4106 imperator
1833 4042 2256 4106 desideraverat,

696 4129 894 4183 milites
952 4129 1287 4198 plauserant,
1340 4129 1563 4196 ejusque
1604 4129 1873 4195 jacturam
1940 4142 2107 4186 totum
2148 4134 2260 4187 lere

695 4221 997 4277 Romanum
1029 4223 1311 4290 imperium
1348 4233 1609 4275 senserat.

770 4335 849 4388 Ex
897 4336 1355 4390 commendatitiis
1409 4335 1591 4389 Basilii
1650 4338 1847 4392 litteris
1918 4342 2257 4409 perspicitur,

691 4435 893 4495 quanta
929 4424 1247 4477 auctoritate
1282 4425 1419 4493 apud
1449 4435 1741 4492 potestates
1771 4425 1991 4490 valeret,
2019 4436 2069 4481 et
2093 4443 2254 4495 quam

694 4516 923 4570 libenter
984 4517 1083 4569 hac
1138 4516 1309 4584 gratia
1370 4518 1433 4569 ad
1484 4519 1756 4570 ferendam
1820 4521 2147 4588 pauperibus
2204 4531 2256 4575 et
2289 4545 2331 4599 ι)

696 4604 906 4659 alﬂictis
938 4621 1090 4673 Opem
1119 4615 1381 4658 uteretur.
1424 4605 1593 4675 [tegat
1628 4607 1876 4658 comitem
1912 4612 1984 4660 rei
2012 4610 2249 4678 privatze,

694 4701 748 4753 in
793 4702 1015 4767 epistola
1051 4700 1174 4761 505,
1215 4710 1271 4751 υι
1304 4698 1581 4767 cujusdam
1646 4700 1745 4754 loci
1802 4699 2013 4762 incolis,
2062 4703 2256 4771 quibus

693 4793 1049 4859 imperaverat
1082 4793 1475 4855 praestationem
1504 4808 1781 4859 equarum,
1834 4794 1970 4847 hanc
2008 4796 2250 4858 multam,

693 4894 875 4953 utpote
902 4897 970 4938 ot)
1023 4883 1153 4936 falsa
1210 4884 1432 4936 crimina
1468 4886 1791 4952 impositam,
1834 4889 2090 4940 remittat.
2130 4886 2250 4940 Ple-

694 4994 871 5045 zwque
900 4976 1166 5044 ejusmodi
1201 4978 1439 5043 epistola:
1470 4978 1826 5032 censitor-ibus
1858 4980 2070 5047 scripta:
2104 4987 2248 5042 sunt,

690 5070 829 5136 apud
884 5085 1016 5137 quos
1054 5069 1282 5121 Basilius
1319 5070 1685 5135 deprecatoris
1742 5086 1965 5124 munere
1992 5070 2250 5139 fungitur,

692 5178 834 5215 nunc
862 5178 958 5230 pro
994 5164 1121 5215 totis
1150 5164 1321 5231 pagis,
1353 5168 1485 5215 utin
1519 5162 1760 5231 epistolis
1790 5162 1893 5216 308
1920 5174 1972 5215 et
2000 5163 2105 5216 5l0
2155 5178 2252 5230 pro

694 5252 932 5319 Capralis
962 5262 1016 5305 et
1040 5252 1359 5307 Ariarathia:
1393 5251 1615 5317 incolis;
1649 5268 1789 5305 nunc
1820 5268 1914 5320 pro
1963 5253 2172 5315 amicis,
2197 5260 2253 5304 ut

697 5344 749 5396 in
787 5342 1010 5411 epistola
1042 5344 1164 5409 515,
1196 5359 1293 5413 pro
1319 5344 1540 5413 Sulpicii
1576 5346 1732 5398 domo
1756 5344 1806 5396 in
1827 5344 2033 5398 Galatia
2063 5362 2077 5409 ;
2114 5359 2254 5397 nunc

699 5449 796 5501 pro
835 5437 1150 5489 necessariis
1175 5446 1228 5489 et
1262 5437 1523 5503 cognatis,
1562 5447 1617 5489 ut
1643 5437 1691 5488 in
1720 5436 1877 5504 epist.
1910 5436 2013 5489 510
2041 5448 2091 5489 et
2128 5436 2248 5489 515.

699 5526 947 5577 Paratum
1009 5534 1124 5579 erat
1163 5526 1463 5593 hospitibus
1510 5537 1564 5579 et
1610 5524 1906 5595 peregrinis
1946 5526 2249 5594 perfugium

695 5616 945 5681 Basilius,
980 5628 1033 5669 ut
1068 5627 1217 5685 patet
1262 5632 1327 5669 ex
1362 5616 1584 5685 cpiStola
1612 5616 1734 5671 3l9.
1767 5616 2125 5685 Principalcm
2158 5616 2253 5669 Se—

764 5808 841 5870 (a)
865 5809 995 5866 Nar.
1025 5827 1110 5871 et).
1144 5814 1232 5873 49.
1266 5815 1382 5872 100.
1419 5817 1529 5869 lOl.

2355 576 2519 628 etiam
2566 584 2723 641 atque
2770 573 2928 625 etiam
2962 580 3134 639 rogat,
3169 578 3227 622 ut
3282 569 3489 623 civibus
3540 567 3916 621 Alexandrinis

2356 665 2637 734 propinqui
2660 665 2855 717 mortui
2889 676 3085 730 corpus
3119 659 3331 729 publico
3356 659 3603 711 mandato
3625 668 3917 725 exportan-

2354 758 2480 807 (luni
2542 755 2739 818 tradat,
2805 753 3017 820 illiSqne
3050 752 3250 819 aliquid
3299 749 3482 804 auxilii
3511 764 3573 802 ex
3616 764 3778 801 cursu
3828 764 3919 815 pu-

2354 846 2499 899 blico
2517 845 2797 899 concedat.
2831 842 3069 897 Notanda
3111 843 3273 897 etiam
3299 841 3523 911 epistola
3574 840 3697 901 507,
3733 840 3783 892 in
3813 854 3917 908 qua

2352 939 2528 990 virum
2562 947 2833 1007 potentem
2866 945 3036 1005 rogat,
3071 946 3129 988 ut
3155 935 3361 987 duobus
3395 932 3728 999 litigantibus
3760 948 3918 999 opem

2356 1028 2515 1091 ferat,
2569 1029 2864 1097 prohibens
2921 1042 2986 1080 ne
3035 1026 3101 1080 ad
3153 1026 3388 1096 judicent
3428 1026 3721 1083 introeant,
3754 1036 3918 1089 seque

2353 1123 2586 1191 judicem
2630 1125 2738 1178 illis
2768 1123 3010 1192 prasbens
3039 1140 3052 1175 :
3079 1123 3216 1191 quod
3248 1126 3291 1177 si
3327 1124 3583 1175 alteruter
3637 1120 3919 1175 sententia:

2360 1232 2463 1269 non
2493 1218 2655 1280 cedit,
2686 1215 2862 1270 faveat
2927 1214 3176 1282 injuriam
3209 1215 3521 1286 patienti,et
3549 1228 3699 1282 aqua
3733 1220 3919 1282 postn-

2360 1308 2491 1361 lauti
2515 1312 2870 1376 patrocinium
2899 1308 3189 1376 impendat.

2428 1399 2647 1455 Caetera:
2682 1400 2863 1455 Basilii
2896 1400 3157 1469 epistolae,
3198 1401 3465 1454 salutandi
3494 1416 3656 1455 causa
3680 1399 3921 1467 scriptae,

2359 1488 2633 1558 leporibus
2687 1506 2749 1543 ac
2802 1490 3067 1559 perpolito
3101 1505 3351 1545 sermone
3390 1506 3581 1545 suaves
3608 1501 3662 1545 et
3706 1490 3922 1557 pietatis

2358 1583 2505 1636 notis
2546 1582 2800 1649 inspersa:
2823 1592 2967 1638 sunt.
3000 1584 3200 1637 Eorum
3256 1585 3327 1637 ad
3347 1598 3478 1650 qnos
3509 1585 3722 1652 scripta:
3773 1588 3919 1645 sunt,

2360 1674 2579 1728 nomina
2613 1690 2718 1727 non
2742 1684 2979 1738 exstant,
3016 1676 3059 1729 si
3088 1675 3324 1741 excipias
3362 1673 3690 1743 Philagrium
3753 1677 3921 1727 Arce-

2359 1780 2511 1827 num,
2546 1764 2813 1817 hominem
2870 1765 3207 1833 eloquentem
3241 1774 3296 1819 et
3355 1764 3421 1817 de
3464 1778 3519 1817 re
3555 1766 3921 1817 ecclesiastica

2288 1846 2330 1900 Β
2358 1858 2560 1924 optime
2591 1858 2935 1921 sentientem,
2958 1857 3260 1910 Pasinicum
3306 1858 3590 1919 medicum,
3624 1854 3923 1920 Maguinia-

2360 1964 2486 2001 num
2517 1990 2531 2015 ,
2593 1948 3012 2019 Hyperechium,
3067 1958 3121 2001 et
3166 1948 3493 2013 Phalcrium,
3540 1948 3630 2015 qui
3679 1945 3925 2000 ﬂuviales

2360 2041 2536 2109 pisces
2564 2041 2760 2095 Basilio
2800 2042 3045 2094 miserat.
3073 2041 3251 2095 Plena:
3287 2050 3412 2094 sunt
3449 2039 3789 2093 acmninibus
3814 2040 3926 2105 epi-

2360 2133 2510 2187 stolte
2561 2136 2627 2185 ad
2666 2134 2933 2185 notarium
2981 2144 3035 2187 et
3101 2132 3404 2195 librarium,
3454 2132 3545 2185 sed
3586 2129 3827 2199 epistolae
3860 2131 3926 2181 ad

2362 2225 2619 2278 Theclam
2656 2227 2898 2277 acumina
2924 2228 3089 2294 magis
3126 2227 3365 2281 redolent
3402 2225 3668 2296 ingenium
3717 2223 3927 2292 Grego-

2360 2317 2423 2368 rii
2454 2315 2779 2369 Nazianzeni
2812 2316 2907 2382 (a),
2952 2316 3102 2381 cujus
3133 2318 3249 2370 alia:
3274 2330 3383 2372 tres
3416 2326 3627 2371 exstant
3654 2316 3717 2368 ad
3773 2331 3928 2368 eam-

2358 2410 2480 2462 dem
2526 2408 2741 2461 litterae.
2774 2405 2951 2477 Rogat
2983 2422 3102 2461 eam
3141 2408 3191 2459 in
3220 2408 3305 2461 illa
3334 2448 3347 2470 ,
3386 2426 3500 2475 qua:
3538 2423 3619 2462 est
3652 2409 3792 2463 inter
3823 2408 3927 2461 Ba-

2357 2500 2606 2563 silianas,
2633 2500 2882 2568 epistola,
2915 2509 2971 2550 ut
3016 2513 3225 2559 eorum,
3268 2501 3360 2567 qui
3414 2509 3728 2566 conceptum
3754 2501 3929 2553 eccle.

2359 2591 2452 2642 sia:
2480 2590 2852 2653 exstruebant,
2880 2590 3055 2643 aridas
3088 2588 3267 2647 fauces
3320 2605 3538 2643 uvarum
3570 2592 3777 2658 liquore.
3842 2608 3926 2646 re-

2359 2693 2525 2735 creet.
2556 2683 2694 2737 Anni
2724 2683 2868 2736 enim
2924 2684 3180 2750 przeaeriti
3238 2683 3426 2751 frigus,
3459 2683 3684 2751 gemmis
3734 2685 3926 2737 vitium

2358 2775 2603 2839 succisis,
2642 2776 2748 2828 vini
2808 2776 3089 2844 penuriam
3140 2776 3459 2828 adduxerat.
3504 2772 3782 2841 Templum
3826 2773 3929 2826 Na-

2360 2870 2680 2922 zianzenum
2754 2868 2967 2937 magnis
3040 2868 3345 2936 sumptibus
3400 2883 3428 2920 a
3476 2866 3930 2935 Gregorio-patre

2360 2963 2633 3014 conditum
2660 2962 2917 3015 discimus
2945 2975 3012 3014 ex
3052 2960 3305 3028 Theologi
3339 2971 3477 3014 orat.
3516 2960 3600 3013 l9.

2436 3049 2496 3103 ll.
2534 3051 2752 3103 Littera:
2776 3050 2957 3105 Basilii
2992 3052 3056 3102 ad
3087 3050 3395 3116 Libanium,
3430 3063 3484 3106 et
3513 3068 3647 3119 quas
3683 3067 3709 3103 a
3766 3050 3931 3105 Liba-

2364 3141 2451 3193 nio
2483 3141 2710 3195 Basilius
2734 3141 2957 3210 accepit,
2986 3142 3029 3194 si
3056 3158 3181 3195 vere
3213 3145 3425 3212 utrique
3453 3145 3748 3197 tribuenda!
3780 3155 3931 3207 sunt,

2363 3236 2552 3305 partim
2594 3235 2643 3288 in
2667 3249 2883 3289 secessu
2932 3234 3113 3288 Basilii
3148 3236 3360 3301 scripta:
3398 3246 3539 3296 sunt,
3576 3238 3768 3299 partim
3806 3255 3931 3291 cum

2361 3329 2413 3381 in
2488 3329 2925 3399 presbyterorum
2997 3328 3251 3379 cathedra
3325 3328 3580 3390 sederet,

2362 3433 2645 3489 postquam
2678 3422 2741 3473 ad
2770 3424 3138 3487 episcOpatnm
3173 3421 3440 3486 pervenit.

2429 3512 2509 3563 Ad
2569 3526 2842 3565 secessum
2895 3513 3190 3565 referendae
3253 3512 3501 3566 videntur
3532 3511 3773 3580 cpistola:
3806 3514 3932 3576 ithc,

2359 3602 2555 3671 quibus
2600 3603 2828 3658 Basilius
2886 3602 3235 3673 Cappadoces
3298 3605 3665 3659 ailoleseentes
3700 3603 3935 3658 Ltbattio

2359 3697 2722 3758 commendat,
2747 3712 2901 3763 etque
2928 3699 2978 3749 in
3011 3698 3345 3766 disciplinam
3379 3699 3556 3749 tradit.
3586 3697 3717 3749 Nam
3744 3698 3935 3766 priune

2363 3785 2692 3851 rCSpondeus
2723 3784 2974 3839 Libanius
3015 3790 3242 3839 miratur
3270 3798 3323 3839 et
3378 3788 3577 3849 laudat,
3612 3790 3751 3855 quod
3799 3790 3847 3841 ei
3905 3806 3934 3843 τι

2362 3875 2633 3929 nonnullis
2656 3876 2957 3929 nuntiatum
2994 3888 3131 3935 erat,
3158 3877 3412 3930 Basiliuni
3444 3881 3564 3932 vita}
3600 3897 3769 3949 genus
3794 3898 3935 3948 prte-

2359 3965 2746 4018 stantissimum
2804 3966 3109 4033 ingressum
3173 3980 3325 4028 esse,
3377 3979 3539 4035 atque
3594 3970 3696 4021 hoc
3758 3974 3936 4037 magis

2360 4067 2602 4127 spectare
2642 4060 2910 4128 quomodo
2943 4059 3151 4113 amicus
3183 4060 3289 4112 Deo
3336 4065 3559 4125 evadat,
3592 4077 3754 4130 quam
3804 4081 3937 4132 quo-

2359 4151 2519 4201 modo
2558 4164 2745 4200 aurum
2784 4150 3018 4219 colligat.
3055 4149 3218 4203 Paulo
3266 4159 3382 4218 post
3421 4149 3581 4203 aliam
3632 4153 3931 4219 epistolam

2358 4239 2439 4292 sic
2468 4240 2677 4293 orditur
2704 4238 2931 4294 Basilius
2966 4256 2979 4291 :
3018 4238 3153 4293 Ecce
3178 4242 3267 4292 tibi
3294 4252 3340 4292 et
3379 4242 3513 4296 alius
3543 4246 3677 4297 venit
3722 4243 3930 4311 Cappa-

2359 4332 2484 4396 dox,
2518 4342 2622 4385 etc.
2659 4331 2809 4386 lluuc
2840 4332 3199 4387 comitabatur
3238 4335 3374 4389 alius
3431 4336 3673 4404 aequalis,
3729 4339 3936 4393 nobilis

2359 4430 2414 4476 et
2453 4422 2566 4490 ipse
2591 4437 2652 4475 ac
2682 4421 2881 4474 Basilio
2909 4422 3127 4489 charos,
3163 4425 3257 4479 sed
3290 4427 3514 4479 minime
3544 4427 3693 4477 dives
3715 4464 3729 4487 ,
3763 4440 3935 4493 quem

2361 4519 2539 4563 tamen
2571 4509 2804 4563 Basilius
2828 4524 2933 4563 non
2962 4509 3164 4565 idcirco
3200 4512 3339 4578 apud
3384 4510 3665 4564 Libanium
3718 4514 3937 4567 minore

2360 4617 2521 4671 quam
2553 4604 2689 4655 alios
2716 4603 2766 4654 iu
2813 4603 2988 4669 pretio
3020 4604 3261 4656 futurum
3312 4614 3508 4673 sperat.
3545 4604 3689 4658 llanc
3731 4608 3936 4674 episto-

2360 4694 2465 4747 lam
2492 4693 2751 4747 Libanius
2774 4693 2839 4745 ad
2869 4694 3066 4747 caelum
3095 4693 3268 4757 ell'ert,
3319 4709 3485 4761 seque
3536 4694 3619 4747 illa
3673 4698 3933 4764 privatim

2363 4784 2501 4839 lecta
2529 4785 2868 4838 exi-laniasse
2905 4795 3108 4849 narrat,
3166 4783 3337 4837 Victus
3361 4802 3497 4848 sum,
3526 4797 3578 4839 et
3615 4802 3737 4840 cum
3780 4801 3935 4838 eain-

2358 4876 2478 4927 dem
2530 4874 2745 4939 legisset
2804 4874 3025 4941 Alypius
3082 4892 3264 4929 coram
3326 4875 3564 4945 pluribus
3618 4879 3933 4941 honoratis,

2358 4980 2547 5019 omnes
2581 4968 2773 5021 Basilio
2806 4970 3037 5036 palmam
3068 4968 3342 5021 detulisse.
3370 4970 3633 5023 Czeterum
3680 4973 3932 5037 pecunia:

2355 5070 2722 5128 contemptum
2755 5077 2861 5127 pra:
2911 5076 2967 5115 se
3021 5060 3123 5113 lert
3148 5058 3423 5122 Libanius,
3457 5077 3517 5114 ac
3549 5076 3812 5130 pauperes
3843 5066 3928 5118 di-

2355 5153 2536 5207 scendi
2591 5155 2860 5205 studiosos
2905 5153 3073 5221 pluris
3097 5155 3232 5218 apud
3282 5167 3341 5206 se
3378 5168 3537 5222 quam
3573 5154 3773 5209 divites
3807 5156 3929 5209 ﬁeri

2356 5244 2619 5307 declarat,
2652 5245 2898 5310 quamvis
2951 5245 3064 5309 ipse
3095 5244 3290 5296 talibus
3322 5261 3423 5298 non
3485 5261 3611 5295 usus
3646 5246 3717 5298 sit
3746 5251 3931 5317 magi-

2357 5335 2508 5389 stris.
2544 5334 2756 5389 Laudes
2821 5336 3057 5389 vicissim
3098 5336 3339 5403 rependit
3394 5338 3617 5391 Libanio
3666 5338 3929 5405 Basilius,

2359 5437 2409 5481 ct
2445 5428 2547 5481 iste
2567 5444 2753 5481 rursus
2781 5428 2944 5481 instat
2972 5429 3022 5480 iu
3057 5429 3360 5482 extollendo
3378 5428 3595 5482 Basilio.

2431 5520 2538 5574 Sex
2568 5520 2894 5587 litterarum,
2931 5538 3046 5591 qua:
3082 5520 3279 5575 Basilio
3331 5522 3646 5590 presbytero
3704 5525 3930 5591 scrip'z

2360 5610 2629 5677 videntur,
2668 5610 2779 5665 haec
2804 5611 2903 5665 fuit
2933 5612 3167 5668 occasio.
3219 5612 3387 5684 Rogat
3413 5612 3639 5667 Basilius
3664 5613 3739 5683 (ὁ)
3769 5613 3928 5670 Liba-

3658 3331 3932 3384 noun-ind:

2431 5817 2501 5874 (bl
2545 5816 2638 5873 litt.
2666 5816 2790 5867 ‘23l.
