4080 6312
1518 359 1680 417 νιτΑ
1722 358 1777 414 S.
1819 357 1902 412 BA
1912 356 2084 413 SlLll.

3268 377 3388 421 CLII

176 479 315 537 nium
340 490 401 537 ut
428 479 497 534 ad
520 493 578 534 se
608 477 787 533 mittat
816 488 1139 543 orationem,
1173 490 1333 548 quam
1358 474 1411 530 in
1462 475 1731 531 hominem
1762 480 1805 535 Λ
1836 474 1997 542 paulo
2028 481 2145 544 post
2168 472 2345 527 Basilii
2381 476 2613 531 reditum
2662 471 2714 528 in
2750 474 3141 547 Cappadociam
3190 478 3387 544 scripta

177 585 466 633 morosum,
493 566 932 637 frequentissimo
952 578 1219 621 conventu
1266 582 1331 622 ac
1383 567 1615 621 maxima
1640 582 1731 621 ce-

176 663 443 725 lebritate,
467 662 928 729 pronuntiaverat.
952 656 1113 713 Mittit
1136 658 1390 714 Libanius
1423 657 1560 710 hanc
1606 672 1729 709 ora-

180 759 405 818 tionem,
430 767 597 823 seque
632 763 861 808 tremere
892 751 1180 821 signiﬁcat.
1230 752 1448 804 Lectam
1500 748 1729 802 Basilius

176 846 225 899 in
255 851 405 896 astra
439 843 841 899 tollit.Gratias
896 842 1005 910 agit
1048 841 1327 901 Libanius,
1377 853 1441 891 ac
1491 838 1727 892 vicissim

173 932 302 1003 petit
328 938 636 989 orationem
662 930 841 983 Basilii
874 931 925 983 in
956 931 1219 994 ebriosos,
1241 943 1402 997 quam
1440 928 1726 996 perlectam

174 1025 398 1081 Athenis
443 1039 606 1096 quam
663 1022 998 1091 Cappadocia
1057 1021 1355 1091 digniorem
1399 1019 1624 1088 iudicat.
1660 1018 1730 1072 At

174 1114 401 1172 Basilius
448 1114 640 1170 Attica:
696 1117 1018 1181 eloquentiae
1061 1113 1272 1166 laudem
1302 1112 1352 1166 iu
1376 1113 1549 1181 ipsum
1573 1111 1729 1165 Liba-

175 1207 315 1261 nium
357 1212 657 1273 retorquet,
683 1218 847 1274 seque
882 1205 1214 1273 piscatorum
1243 1202 1569 1273 discipulum
1603 1213 1730 1255 esse

173 1300 472 1367 profitetur.

241 1392 365 1442 Duae
408 1398 616 1443 tantum
648 1387 885 1457 epistola:
921 1393 1075 1440 notas
1102 1384 1441 1455 episcopatus
1464 1382 1723 1437 referunt.

172 1482 425 1537 Libanius
465 1484 707 1535 avaritia:
733 1480 1006 1548 episcopos
1031 1489 1268 1541 accusat,
1301 1488 1353 1531 et
1391 1487 1596 1546 quanto
1625 1489 1727 1527 ca:-

174 1572 298 1626 teris
329 1574 547 1627 doctior
587 1569 835 1634 Basilius,
874 1578 1023 1624 tanto
1072 1570 1462 1623 restrictiorem
1524 1567 1576 1618 in
1629 1564 1727 1619 lar-

172 1666 365 1734 giendo
390 1666 634 1717 futurum
683 1664 1008 1731 suspicatur.
1048 1662 1187 1715 Petit
1218 1671 1394 1713 tamen
1420 1659 1487 1713 ab
1521 1672 1585 1712 eo
1615 1666 1725 1713 tre-

173 1770 319 1815 centa
349 1761 520 1827 tigna,
558 1773 621 1811 ne
647 1760 745 1811 sub
774 1758 861 1811 dio
918 1757 1158 1809 hiemare
1188 1763 1429 1821 cngatnr.
1492 1751 1721 1807 Basilius

171 1851 392 1906 Libanio
416 1852 768 1921 judicaudum
797 1849 1078 1914 relinquit,
1109 1847 1211 1900 utri
1242 1847 1351 1900 sint
1394 1848 1717 1911 tenaciores,

170 1945 399 2013 episcopi
424 1961 493 1997 an
521 1943 820 2013 sophistae;
872 1956 993 1996 cum
1030 1939 1281 2008 sophista
1338 1939 1578 1992 venalem
1612 1936 1725 1990 elo-

170 2036 438 2104 quentiam
473 2044 793 2104 proponant,
847 2034 1225 2105 episcoporum
1292 2031 1469 2084 nullus
1505 2028 1724 2085 omnino

173 2126 460 2198 vectigales
492 2127 783 2196 discipulos
828 2125 1015 2182 faciat.
1077 2122 1242 2178 Mittit
1304 2122 1527 2178 Libanio
1583 2120 1723 2190 quod

171 2221 415 2291 petierat,
458 2232 517 2276 et
542 2222 710 2276 debiti
762 2221 1031 2276 solutione
1054 2218 1271 2272 fluvium
1304 2217 1577 2285 Alphmum
1627 2213 1725 2269 ob-

174 2312 408 2381 Stringit.

232 2402 404 2472 Magni
428 2402 556 2454 facit
578 2399 679 2453 has
696 2396 949 2466 epistolas
977 2395 1383 2459 Tilletnontius,
1411 2410 1508 2449 nec
1536 2393 1726 2462 probat

169 2510 252 2548 eas
306 2496 358 2547 in
399 2492 620 2545 dubium
671 2492 935 2545 revocari.
968 2490 1155 2560 Neque
1206 2490 1347 2543 enim
1399 2498 1490 2542 aut
1539 2484 1724 2541 Basilii

170 2588 457 2639 amicitiam
510 2600 634 2639 cum
696 2586 933 2647 ethnico.
964 2594 1056 2638 ant
1103 2584 1245 2653 quod
1287 2582 1543 2637 Libanius
1569 2580 1723 2649 plena

169 2691 323 2729 manu
356 2690 627 2730 secessum
658 2675 839 2729 Basilii
870 2676 1073 2739 laudat,
1104 2676 1237 2727 satis
1270 2673 1572 2739 argumenti
1605 2684 1726 2724 esse

169 2768 329 2831 ducit,
365 2784 467 2823 cur
494 2770 574 2823 [ιε
598 2768 913 2837 rejiciantur
938 2768 1201 2837 epistolaz.
1235 2764 1543 2819 Assentirer
1577 2764 1724 2831 equi-

168 2862 279 2915 dem
311 2863 680 2929 Tillemontio,
716 2864 758 2917 si
784 2861 868 2915 bis
895 2871 1100 2915 tantum
1132 2860 1197 2915 de
1242 2858 1423 2913 causis
1461 2856 1607 2927 rejici
1640 2857 1729 2911 de~

169 2955 373 3008 herent.
401 2956 509 3009 Sed
548 2955 667 3010 alia:
723 2958 961 3010 rationes
1013 2962 1305 3021 suppetunt
1342 2952 1496 3022 longe
1516 2951 1725 3021 gravio-

170 3061 268 3101 res.

232 3180 314 3235 lll.
346 3180 404 3235 1ο
452 3180 597 3235 Nihil
626 3181 822 3234 habent
851 3179 932 3233 ha:
963 3178 1175 3244 litterre,
1211 3178 1254 3232 si
1282 3192 1442 3230 unum
1465 3184 1558 3229 aut
1602 3184 1727 3229 alte-

167 3286 279 3324 runi
340 3272 515 3327 locum
577 3272 830 3341 excipias,
879 3271 1019 3339 quod
1071 3284 1320 3338 magnum
1367 3266 1546 3322 Basilii
1578 3266 1727 3333 inge-

168 3363 307 3415 nium
344 3362 604 3425 redoleat,
641 3361 770 3413 nihil
825 3362 966 3430 quod
1022 3359 1227 3414 Libanii
1258 3360 1394 3412 fama
1438 3374 1539 3411 non
1573 3357 1726 3425 longe

170 3452 344 3507 minus
396 3452 487 3505 sit.
547 3450 662 3505 Non
722 3464 952 3519 agnosco
984 3448 1239 3501 Basiliam
1296 3449 1348 3502 in
1396 3448 1496 3501 hoc
1525 3447 1726 3501 insulso

166 3542 343 3610 lepore
381 3543 456 3616 (α)
510 3561 522 3596 :
600 3541 723 3596 Veto
774 3542 922 3595 niveo
970 3549 1134 3595 tectus
1181 3540 1451 3609 epistolam
1504 3539 1723 3607 scripsi,

165 3650 315 3702 quam
364 3652 480 3687 cum
548 3634 806 3703 acceperis
860 3642 911 3687 et
964 3648 1121 3685 manu
1173 3633 1491 3701 contigeris,
1538 3633 1725 3685 senties

166 3740 315 3792 quant
352 3728 419 3777 sit
455 3725 625 3793 gelida
651 3766 666 3789 ,
699 3740 958 3794 quamque
1008 3724 1199 3791 referat
1238 3739 1354 3777 eum
1384 3741 1414 3775 a
1436 3738 1534 3790 quo
1568 3723 1725 3774 missa

166 3828 257 3878 est,
284 3816 583 3870 latitantem
639 3834 727 3871 nec
776 3827 924 3871 extra
948 3822 1085 3869 (edes
1124 3816 1415 3883 prospicere
1450 3813 1721 3865 valentem.

166 3908 327 3966 llulto
368 3910 548 3964 minus
583 3910 805 3963 dixisset
847 3908 1078 3961 Basilius
1116 3908 1192 3977 (b)
1249 3905 1460 3960 Libanii
1519 3903 1723 3957 oratio-

166 4019 279 4057 nem
343 4003 621 4057 admirans
678 4016 692 4051 :
750 3998 793 4054 0
843 4016 1004 4053 musa:
1063 4007 1113 4051 et
1159 3999 1347 4051 littera:
1391 4005 1438 4049 et
1487 3996 1721 4060 Athenas,

167 4095 340 4161 qualia
403 4092 673 4163 largimiui
718 4091 901 4145 uestris
949 4088 1307 4143 amatoribus!
1365 4086 1496 4155 Quis
1539 4085 1726 4155 probet

168 4184 288 4238 illud
317 4184 531 4239 Libanii
564 4185 631 4256 (ε)
660 4200 674 4237 :
706 4181 911 4235 Horreo
951 4198 1011 4234 ac
1042 4192 1202 4235 tremo
1227 4220 1241 4245 ,
1292 4196 1409 4233 cum
1439 4196 1550 4231 eam
1588 4178 1725 4229 diem

166 4291 363 4329 mecum
398 4287 610 4343 reputo,
637 4292 740 4345 qua
774 4291 942 4327 meam
971 4273 1211 4340 inspicies
1251 4272 1536 4326 orationem
1567 4285 1585 4324 .'
1618 4272 1722 4322 imo

166 4367 317 4420 etiam
347 4365 457 4433 fere
478 4378 642 4418 ruente
672 4364 848 4433 lapsus
867 4379 982 4419 sunt
1002 4362 1029 4416 ?

226 4500 286 4554 2ο
315 4499 483 4554 Multa
539 4500 591 4552 in
628 4498 710 4552 his
738 4497 977 4567 epistolis
1002 4506 1054 4552 et
1081 4512 1203 4552 cum
1245 4496 1425 4551 Basilii
1452 4494 1611 4549 rebus

167 4607 343 4646 secum
378 4590 811 4645 disconveniunt.
846 4587 980 4641 Tres
1011 4588 1256 4656 epistolae
1288 4588 1363 4641 ita
1404 4601 1585 4641 secum
1633 4600 1730 4651 pu-

167 4692 345 4750 gnant,
377 4693 437 4735 ut
463 4680 603 4735 nulla
624 4680 692 4732 sit
723 4694 790 4733 ex
814 4681 1005 4740 trthus,
1033 4692 1151 4747 qua
1166 4693 1268 4730 non
1292 4677 1461 4746 prima
1489 4674 1727 4729 Omnium

167 4773 362 4839 scripta
404 4770 673 4825 videatur.
710 4769 860 4823 llunc
888 4769 989 4823 sibi
1015 4768 1190 4823 locum
1229 4767 1471 4820 vindicat
1499 4765 1727 4836 epistola

168 4862 285 4927 545,
310 4879 478 4933 quam
507 4864 588 4917 sic
615 4862 802 4931 incipit
829 4861 1115 4916 Libanius:
1152 4860 1323 4931 Magis
1348 4858 1572 4913 arbitror
1598 4859 1727 4912 mihi

168 4973 285 5019 opus
319 4971 432 5009 esse
463 4956 818 5021 excusatione,
846 4954 984 5023 quod
1012 4970 1114 5008 non
1145 4954 1271 5007 clins
1321 4952 1389 5005 ad
1421 4962 1468 5007 te
1506 4951 1726 5007 scribere

168 5049 484 5116 inceperim,
518 5064 675 5117 quant
714 5062 848 5099 nunc
882 5047 1200 5100 recusatione
1228 5047 1367 5116 quod
1388 5044 1612 5099 scribere
1640 5047 1725 5097 in-

168 5140 377 5204 cipiens.
423 5138 576 5193 Tunc
606 5139 836 5209 primum
880 5151 1007 5206 ergo
1036 5138 1304 5191 scribebat
1347 5136 1626 5199 Libanius,
1671 5141 1728 5188 et

170 5233 313 5297 prior
339 5230 623 5284 scribebat
648 5228 867 5283 Basilio.
892 5229 997 5283 Sed
1024 5227 1295 5297 quomodo
1326 5228 1376 5281 id
1406 5227 1722 5283 conciliabi-

170 5340 282 5379 mus
334 5339 459 5378 cutn
508 5323 736 5391 epistola
768 5321 894 5386 358,
945 5323 997 5375 in
1044 5335 1149 5390 qua
1197 5319 1423 5376 Basilius
1456 5322 1725 5388 laudatur,

171 5417 307 5482 quod
325 5414 599 5469 scribendi
631 5415 892 5483 incmptor
921 5413 1120 5467 fuerit?
1146 5412 1223 5467 Eo
1246 5414 1450 5481 :equius
1493 5413 1725 5481 videtur,

172 5515 225 5558 ut
259 5508 379 5562 hac
397 5506 627 5576 epistola
655 5506 759 5562 558
779 5507 1012 5578 primum
1042 5505 1301 5561 sortiatur
1334 5504 1533 5572 locum,
1584 5506 1724 5576 quod

231 5706 309 5846 iii
339 5707 433 5849 ἓξ·
468 5708 596 5836 ἓξὲξ

1829 575 1934 633 est,
1970 581 2091 621 cum
2122 565 2365 620 Alcimus
2386 566 2606 621 Romam
2633 565 2978 638 proficiscens
3012 581 3198 622 curam
3232 567 3388 621 insti-

1832 660 2151 714 tuendorum
2185 672 2467 727 puerorum
2493 661 2539 711 ei
2570 660 2928 728 imposuisset.

1900 749 2006 803 Sed
2043 751 2211 819 prima
2260 748 2386 802 sede
2443 758 2724 818 utramque
2761 747 3039 818 epistolam
3098 762 3225 803 ecce
3284 746 3389 801 alia

1830 839 2026 909 pellere
2076 842 2286 895 nititur.
2320 839 2454 892 Nam
2488 839 2566 909 (Δ)
2599 854 2717 892 eum
2749 839 3056 895 adolesrens
3101 840 3387 911 Cappadox

1831 932 1898 985 ad
1938 931 2217 986 Libanium
2269 930 2502 985 venisset
2553 943 2673 984 cum
2716 930 2905 985 litteris
2934 930 3113 985 Basilii
3152 947 3386 1001 conque-

1830 1025 2019 1087 rentis,
2060 1024 2198 1091 quod
2246 1038 2327 1075 ειη
2380 1020 2658 1076 Libanium
2715 1023 2942 1088 cepisset
2980 1021 3208 1086 oblivio;
3249 1039 3385 1093 quo-

1830 1118 1988 1171 modo
2037 1118 2139 1171 hoc
2187 1118 2391 1170 crimen
2442 1131 2471 1170 a
2518 1131 2577 1170 se
2630 1115 2905 1185 propulsat
2943 1117 3230 1171 Libanius?
3269 1119 3387 1175 Non

1829 1208 2056 1276 scriptas
2087 1224 2115 1261 a
2146 1222 2206 1263 se
2260 1208 2517 1276 epistolas
2550 1219 2954 1272 commemorat,
2993 1213 3085 1264 sed
3124 1213 3197 1266 ait
3237 1225 3296 1267 se
3323 1214 3389 1269 de

1829 1298 2026 1355 Basilio
2067 1302 2117 1353 in
2161 1299 2387 1369 patriam
2452 1314 2667 1354 reverso
2733 1300 3021 1354 sollicitum
3068 1300 3251 1368 fuisse,
3295 1316 3387 1358 ec-

1828 1393 1967 1460 quod
1993 1394 2113 1445 vita:
2146 1406 2316 1461 genus
2351 1390 2630 1458 amplents
2675 1400 2837 1457 esset,
2867 1407 2992 1445 mtm
3023 1392 3074 1445 in
3102 1392 3215 1447 foro
3264 1410 3388 1449 ver-

1828 1491 2059 1545 saretur,
2094 1500 2219 1538 num
2251 1484 2498 1536 rhetores
2533 1480 2772 1536 alliceret
2802 1484 3175 1553 Cappadocum
3218 1485 3384 1550 ﬁlios;

1826 1582 1883 1628 at
1920 1572 2008 1627 ubi
2041 1588 2106 1626 ex
2148 1575 2418 1629 nonnullis
2445 1589 2475 1629 e
2514 1574 2847 1642 Cappadocia
2891 1576 3229 1631 venientibus
3253 1576 3387 1630 didi-

1827 1666 1990 1721 cisset
2036 1680 2159 1721 eum
2206 1664 2360 1733 longe
2414 1668 2843 1734 praestantiorem
2901 1667 3041 1721 viam
3088 1668 3385 1737 ingressum

1826 1774 1967 1821 esse,
2023 1766 2133 1812 tum
2184 1772 2311 1811 vero
2340 1757 2524 1811 beatos
2566 1756 2668 1811 sibi
2710 1768 2764 1810 et
2802 1758 3145 1826 Cappadoces
3171 1771 3222 1814 et
3245 1760 3389 1814 Basi-

1825 1850 1952 1903 lium
1988 1852 2130 1905 visos
2177 1864 2315 1903 esse.
2374 1846 2487 1901 Νοη
2539 1848 2809 1904 immerito
2863 1863 2991 1919 ergo
3026 1850 3136 1904 bam
3183 1850 3387 1904 Libanii

1826 1942 2056 2012 cpistola
2100 1942 2339 1996 omnium
2375 1942 2549 2011 prima
2586 1943 2651 1993 ad
2692 1942 2944 1995 Basilium
2976 1942 3173 2012 scripta
3205 1943 3387 1996 videa-
3470 1988 3481 2007 η,

1826 2048 1931 2093 tur.
1997 2036 2125 2091 Illud
2186 2040 2343 2091 etiam
2404 2036 2641 2091 occurrit
2685 2036 3023 2099 incommodi,
3082 2036 3221 2102 quod
3266 2051 3385 2089 cum

1824 2131 2024 2198 scripta
2092 2129 2333 2183 videatur
2394 2146 2499 2182 non
2563 2128 2743 2183 multis
2794 2129 2951 2182 annis
3003 2138 3122 2197 post
3158 2131 3385 2181 reditum

1824 2222 2005 2277 Basilii
2048 2221 2101 2276 in
2164 2219 2592 2290 Cappadociam,
2646 2233 2770 2275 tunc
2806 2232 2983 2275 tamen
3017 2221 3385 2290 presbyterum

1827 2316 1994 2370 fuisse
2052 2306 2306 2369 Basiliam
2357 2323 2449 2366 aut
2502 2314 2810 2380 episcopum
2863 2329 2927 2367 ex
2981 2313 3087 2365 alio
3140 2312 3257 2366 loco
3294 2325 3388 2377 pa-

1827 2415 1955 2459 teat.
2028 2408 2117 2460 Sic
2172 2409 2313 2461 enim
2371 2405 2555 2473 incipit
2617 2404 2841 2458 Basilius
2895 2404 3169 2469 epistolam
3233 2402 3383 2457 337:

1828 2495 1961 2549 Ecce
1984 2497 2077 2549 tibi
2104 2507 2150 2550 et
2181 2498 2317 2550 alius
2345 2500 2476 2550 venit
2507 2497 2812 2565 Cappadox,
2840 2510 2980 2547 meus
3009 2506 3054 2547 et
3080 2497 3184 2563 ipse
3222 2494 3387 2561 ﬁlius.

1828 2586 2017 2642 Omnes
2046 2588 2178 2641 enim
2207 2589 2352 2641 nobis
2381 2591 2594 2653 adoptat
2631 2590 2863 2659 dignitas
2889 2588 3006 2653 illa,
3031 2590 3087 2642 in
3118 2606 3218 2658 qua
3253 2605 3388 2642 nunc

1826 2694 2024 2733 sumus.
2069 2678 2218 2733 Hanc
2234 2687 2409 2732 autem
2439 2678 2723 2745 epistolam
2753 2680 2908 2747 paulo
2932 2690 3050 2747 Post
3082 2680 3389 2746 prazceden-

1827 2774 1933 2819 tem
1984 2768 2239 2836 scriptam
2297 2782 2417 2822 esse
2473 2776 2620 2836 patet
2669 2782 2734 2822 ex
2771 2770 3117 2837 responsione
3158 2769 3387 2825 Libanii.

1827 2854 1949 2911 Scio
1982 2868 2049 2923 te,
2094 2859 2287 2927 inquit,
2340 2860 2437 2911 hoc
2466 2860 2646 2912 crebro
2673 2861 3007 2927 scripturum,
3050 2860 3183 2915 Ecce
3208 2861 3299 2913 tibi
3339 2872 3387 2916 et

1828 2946 1965 3000 alius
1986 2950 2119 3001 venit
2144 2947 2447 3017 Cappadox.
2478 2948 2673 3004 Multos
2702 2967 2944 3020 namque,
2970 2962 3116 3020 puto,
3140 2952 3388 3006 missurus

1828 3053 1900 3090 es.
1932 3036 2178 3092 Nondum
2207 3052 2336 3105 ergo
2371 3040 2570 3094 multos
2620 3041 2845 3094 miserat
2890 3041 3134 3106 Basilius,
3169 3044 3261 3095 sed
3287 3042 3389 3096 ini-

1754 3152 1797 3211 ο
1834 3128 1962 3181 tium
1995 3128 2225 3184 ducebat
2269 3130 2517 3185 mittendi
2551 3141 2605 3185 ct
2634 3132 2927 3186 scribendi.
2962 3134 3027 3185 At
3050 3132 3093 3186 si
3120 3141 3259 3186 tanta
3292 3134 3390 3187 fuit

1831 3220 2082 3275 Basilium
2106 3222 2247 3277 inter
2284 3234 2338 3276 et
2371 3221 2652 3276 Libanium
2690 3224 3054 3287 necessitudo,
3089 3236 3286 3294 quanta
3321 3238 3389 3280 cx

1831 3312 1915 3368 his
1947 3312 2138 3368 litteris
2185 3314 2532 3383 perspicitur,
2585 3315 2673 3369 vix
2708 3313 2965 3371 credibile
3009 3326 3092 3371 est
3131 3327 3245 3371 tum
3294 3318 3391 3369 ἀε-

1833 3421 1975 3460 mum
2006 3406 2145 3461 inter
2171 3422 2265 3461 eos
2296 3406 2566 3461 silentium
2610 3410 2781 3478 rumpi
2812 3408 3064 3477 cmpisse,
3093 3424 3215 3464 cum
3238 3409 3391 3463 Basi-

1830 3496 1934 3554 lius
1968 3499 2272 3555 saccrdotio
2303 3498 2635 3571 fungeretur,
2674 3500 2724 3557 id
2755 3509 2857 3564 est,
2890 3499 3045 3554 annis
3076 3514 3262 3553 novem
3299 3509 3393 3553 aut

1831 3589 2014 3644 decem
2045 3578 2164 3660 post
2210 3591 2393 3645 Basilii
2423 3592 2649 3646 reditum
2693 3595 2745 3647 in
2791 3592 3204 3663 Cappadociam.
3255 3588 3389 3654 Hoc.

1832 3680 2071 3749 inquam,
2102 3681 2193 3733 vix
2228 3680 2485 3734 credibile
2517 3691 2621 3740 est,
2658 3695 2719 3735 ac
2746 3692 3002 3750 praeterea
3036 3693 3235 3753 pugnat
3265 3696 3389 3736 cum

1830 3772 1931 3825 alia
1980 3772 2225 3839 epistola,
2276 3775 2325 3825 in
2374 3788 2478 3841 qna
2517 3771 2777 3827 Basilium
2834 3774 3105 3827 laudatum
3156 3774 3391 3829 vidimus

1830 3864 1973 3933 quod
2001 3863 2147 3931 prior
2192 3864 2518 3932 scripsisset,
2546 3874 2681 3931 tum,
2712 3882 2831 3919 cum
2856 3865 3278 3918 adolescentium
3309 3868 3386 3919 in-

1833 3953 2218 4008 stituendorum
2252 3971 2446 4008 munus
2473 3956 2821 4025 suscepisset,
2864 3956 2917 4008 id
2962 3964 3047 4007 est
3075 3966 3198 4010 octo
3233 3958 3389 4011 annis

1831 4053 2111 4113 antequam
2134 4046 2411 4115 presbyter
2433 4045 2603 4099 fleret.

1900 4181 2167 4236 Praeterea
2203 4197 2269 4235 ex
2297 4180 2521 4248 epistola
2556 4180 2660 4235 545
2692 4182 2954 4252 colligitur
2978 4184 3257 4236 Libanium
3289 4184 3392 4236 lia-

1831 4273 1933 4332 silii
1968 4272 2400 4341 condiscipulum
2450 4272 2653 4340 fuisse;
2700 4274 2815 4344 ipse
2842 4289 2969 4329 vero
3003 4274 3243 4343 magistri
3272 4290 3391 4327 mu-

1829 4382 1927 4421 nus
1976 4368 2297 4421 sustinuisse
2336 4382 2393 4419 se
2443 4366 2641 4420 indicat
2694 4367 2745 4419 in
2794 4368 2953 4436 epist.
2994 4365 3119 4419 555.
3153 4363 3284 4418 Nam
3337 4367 3387 4420 in

1665 4502 1721 4548 el
1752 4508 1794 4561 Β
1830 4460 2001 4528 prima
2031 4459 2274 4527 queritur
2303 4459 2461 4526 quod,
2497 4474 2614 4513 cum
2645 4460 2697 4510 in
2742 4459 2992 4527 praetorio
3021 4460 3083 4513 de
3106 4473 3251 4511 more
3286 4474 3388 4509 una

1828 4564 1947 4603 cum
1987 4550 2184 4604 Basilio
2236 4561 2562 4613 versaretur,
2616 4564 2845 4616 eumque
2876 4556 3088 4619 rogaret
3123 4562 3181 4604 ut
3215 4564 3274 4603 se
3304 4551 3388 4601 in-

1827 4640 2137 4694 troduceret
2168 4642 2218 4693 in
2262 4640 2582 4709 profundum
2631 4638 2901 4694 Homerici
2940 4640 3160 4705 furoris,
3198 4639 3248 4692 id
3285 4642 3387 4691 im-

1824 4742 2041 4802 petrare
2095 4749 2195 4787 non
2229 4735 2477 4802 potuerit.
2523 4737 2577 4786 In
2610 4732 2777 4787 altera
2836 4740 3013 4785 autem
3050 4730 3226 4786 Basilii
3262 4746 3389 4785 ora-

1824 4826 2025 4879 tionem
2066 4836 2251 4879 contra
2289 4825 2533 4879 ebriosos
2566 4826 2639 4879 sic
2676 4824 2880 4878 extollit
2917 4825 3180 4891 laudibus,
3227 4834 3283 4876 ut
3330 4839 3390 4881 se

1832 4917 1957 4970 talia
1990 4917 2134 4970 illum
2164 4932 2268 4970 non
2306 4918 2556 4971 docuisse
2585 4918 2831 4970 fateatur.
2870 4915 3131 4969 Videntur
3163 4932 3291 4985 ergo
3308 4918 3390 4970 lue

1831 5007 2009 5062 Basilii
2043 5009 2107 5061 ad
2146 5005 2433 5061 Libanium
2467 5018 2521 5061 et
2565 5006 2773 5062 Libanii
2819 5008 2884 5060 ad
2915 5005 3167 5061 Basilium
3199 5005 3392 5061 littene

1832 5098 1885 5151 in
1922 5098 2157 5150 maxime
2186 5095 2367 5150 dubiis
2394 5100 2669 5163 ponendae.

1900 5230 1991 5287 IV.
2018 5231 2125 5288 Sex
2166 5240 2473 5301 sequentes,
2505 5241 2562 5284 ut
2607 5227 2889 5284 manifeste
2923 5226 3139 5296 spurize,
3183 5226 3249 5279 ab
3279 5241 3397 5280 om-

1832 5324 1987 5382 nibus
2020 5323 2233 5393 explodi
2268 5322 2486 5389 debent,
2535 5320 2580 5375 si
2621 5330 2798 5374 tamen
2844 5319 3080 5387 excipias
3131 5315 3393 5379 ultimam,

1833 5431 1996 5486 quam
2030 5415 2406 5470 'l’illemontius
2448 5428 2557 5468 non
2582 5412 2800 5467 omnino
2832 5410 3178 5478 rejiciendam
3220 5416 3391 5476 putat,

1834 5505 2083 5575 quamvis
2111 5503 2250 5559 illius
2282 5503 2517 5561 rationes
2539 5516 2644 5557 non
2672 5499 2820 5556 valde
2853 5496 3153 5569 probabiles
3178 5495 3307 5561 sint,
3336 5504 3396 5547 ut

1912 5703 1986 5844 l3)
2011 5704 2109 5842 iii:
2134 5702 2266 5829 ἓξὲξ

1968 5777 1986 5844 )
2015 5775 2109 5842 Ep.
2134 5774 2256 5829 556.
