4074 6312
661 382 765 427 αι

2019 336 2551 401 PBOLEGOMENA.

665 488 719 541 iu
759 494 882 540 nota
912 481 975 535 ad
1000 481 1141 533 hanc
1178 471 1461 542 epistolam
1500 466 1927 524 observavimus.
1949 464 2018 518 At
2042 466 2236 535 prima,
2269 463 2315 519 A
2342 452 2417 507 vel
2460 453 2724 510 manibus,
2759 444 2833 498 νει
2878 442 3117 509 ρνετίὺιιε
3159 440 3270 507 rogi
3300 442 3492 507 posset,
3531 435 3768 542 arripere
3794 444 3911 485 stu.

662 576 916 652 quamvis
948 575 998 626 in
1028 567 1263 624 concilio
1286 564 1517 635 septimo
1537 562 1699 616 citata
1734 558 1918 621 fuerit,
1949 558 2029 612 sic
2054 568 2232 610 tamen

667 649 965 742 imaginum
990 665 1199 720 cultum
1220 660 1479 723 defendit,
1505 665 1561 709 ιιι
1584 671 1704 711 eam
1733 656 1800 709 ab
1819 651 1997 719 aliquo
2019 649 2237 706 Greco-

666 740 801 821 rum?
824 772 952 816 tune
983 758 1306 813 fabricatam
1338 753 1505 807 fuisse
1552 750 1777 819 liqueat,
1818 759 1942 798 cum
1968 745 2109 798 hunc
2135 740 2221 795 Ec-

665 857 843 915 clesia:
875 867 1030 907 usum
1062 848 1408 904 lconoclastze
1439 844 1842 913 impugnarunt.

734 947 885 1015 Quod
916 952 1123 1014 spectat
1149 940 1215 994 ad
1241 937 1499 1009 epistolas
1536 934 1719 988 Basilii
1751 932 1815 985 ad
1842 927 2234 997 Apollinarium

661 1051 720 1095 et
754 1035 1067 1107 Apollinarii
1118 1034 1184 1089 ad
1214 1031 1491 1093 Basiliuui,
1526 1044 1647 1082 cum
1699 1028 1763 1081 de
1806 1025 1965 1078 rebus
1996 1036 2026 1075 e
2063 1019 2233 1073 media

668 1130 934 1200 theologia
978 1128 1223 1198 repetitis
1254 1128 1605 1192 pertractent,
1643 1120 1745 1171 hoc
1797 1116 1912 1183 ipso
1946 1109 2239 1182 peregrini.

677 1234 840 1278 tatem
881 1225 1185 1275 clamitant.
1228 1213 1407 1269 Semel
1450 1212 1594 1266 enim
1627 1208 1857 1263 Basilius
1881 1208 1932 1261 in
1966 1207 2072 1261 vita
2104 1204 2239 1258 seri-

676 1315 780 1384 psit
804 1310 1158 1381 Apollinario,
1185 1316 1239 1361 ut
1268 1307 1381 1377 ipse
1408 1315 1485 1359 tot
1514 1304 1644 1358 locis
1669 1301 1930 1358 declarat.
1956 1300 2116 1367 idque
2141 1296 2241 1349 lai-

670 1420 765 1458 cus
800 1405 866 1457 ad
898 1403 1114 1469 laicum,
1155 1412 1209 1457 et
1243 1400 1375 1454 nihil
1402 1412 1621 1467 prorsus
1645 1396 1710 1449 dc
1750 1393 1873 1457 fide,
1908 1392 1998 1447 sed
2034 1398 2238 1442 tantum

670 1495 859 1549 amicae
911 1492 1256 1549 salutationis
1283 1505 1470 1545 causa.
1520 1486 1824 1541 Cotelerius
1872 1483 1962 1552 qui
2012 1493 2243 1549 quatuor

668 1586 881 1641 litteras
915 1586 966 1639 in
1000 1584 1173 1638 lucem
1196 1583 1387 1648 edidit,
1424 1582 1729 1650 suppositas
1759 1580 1825 1631 ab
1843 1573 2241 1645 Apollinaristis

666 1689 843 1748 putat,
878 1685 955 1739 et,
982 1677 1123 1745 quod
1146 1689 1229 1729 me
1251 1673 1427 1729 fateor
1466 1688 1570 1726 non
1599 1670 2063 1734 animadvertisse,
2088 1668 2243 1721 Aria-

667 1770 833 1825 nisini
861 1779 915 1824 et
948 1768 1355 1839 Apollinarismi
1406 1764 1705 1819 seminibus
1754 1764 2044 1829 inspersas.
2100 1759 2240 1815 San-

665 1872 790 1919 ctus
837 1862 1085 1933 Ephrmm
1128 1859 1500 1914 Antiochenus
1532 1857 1669 1925 apud
1714 1854 1961 1910 Photium
2003 1852 2078 1924 (a)
2111 1855 2241 1909 citat

666 1954 952 2025 epistolam
985 1953 1155 2008 sancti
1189 1950 1373 2006 Basilii
1413 1950 1480 2005 ad
1511 1948 1927 2016 Apollinarium,
1970 1957 2027 2000 ut
2053 1949 2241 2016 probet

668 2045 954 2098 veritatem
987 2044 1215 2095 duarum
1259 2043 1310 2094 in
1338 2055 1443 2094 una
1481 2053 1707 2106 persona
1752 2046 2086 2091 naturarum.
2136 2037 2240 2090 Sed

670 2137 786 2192 luce
816 2134 1038 2205 epistola
1073 2134 1142 2187 ab
1171 2134 1257 2195 iis,
1280 2147 1413 2200 quas
1437 2131 1603 2184 edidit
1630 2128 1951 2192 Cotelerius,
1986 2129 2237 2197 distingui

669 2230 853 2291 debet,
874 2244 993 2297 qua:
1017 2228 1145 2280 nihil
1176 2225 1522 2295 suppeditant
1554 2224 1812 2277 adversus
1831 2222 2193 2292 Entychianos
2223 2235 2236 2272 :

668 2336 819 2390 aeque
841 2330 1018 2373 autem
1053 2332 1117 2372 ac
1148 2318 1262 2370 ista:
1285 2317 1471 2387 spuria
1511 2327 1615 2381 cst,
1641 2331 1761 2369 cum
1794 2328 2066 2380 nunquam
2098 2309 2243 2365 Basi-

669 2413 774 2466 lius
806 2413 873 2467 ad
910 2410 1307 2477 Apollinarium
1341 2410 1407 2465 de
1457 2409 1620 2463 rebus
1648 2403 1968 2475 dogmaticis
2010 2403 2242 2472 scripse-

672 2506 764 2558 tit.

1268 2591 1495 2649 CAPUT
1529 2590 1604 2647 XI
1630 2632 1643 2646 .

668 2688 709 2745 ι.
732 2686 926 2744 Basilii
956 2702 1095 2740 mors
1122 2695 1170 2737 et
1201 2686 1380 2752 funns.
1420 2684 1483 2739 11.
1528 2684 1683 2737 Illius
1726 2682 2039 2752 corporiset
2078 2681 2243 2752 animi

740 2761 947 2833 eﬂigies.
998 2756 1081 2811 ΙΙΙ.
1134 2749 1349 2822 Quanta
1383 2756 1450 2808 de
1501 2756 1593 2808 illo
1620 2753 1913 2807 exstiterint
1970 2749 2240 2802 hominum

734 2832 965 2903 judicia.

741 2924 781 2980 1.
811 2923 916 2978 Tot
950 2920 1230 2977 laboribus
1257 2932 1354 2989 pro
1378 2916 1619 2973 Ecclesia
1640 2913 1954 2985 perfunctus
1983 2912 2240 2978 Basilius,

672 3014 921 3086 pervenit
953 3014 1169 3066 tandem
1207 3011 1272 3065 ad
1322 3022 1624 3064 extremam
1662 3006 1872 3074 horam,
1913 3021 2074 3077 quam
2102 3018 2244 3075 saepe

671 3115 733 3161 ut
760 3116 1081 3175 prtesentem
1127 3103 1433 3171 gravissimi
1484 3102 1655 3155 morbi
1694 3102 2115 3166 intentaverant,
2149 3098 2243 3153 sed

676 3200 816 3256 Deus
834 3197 1090 3254 Ecclesiae
1116 3195 1439 3250 utilitatibus
1468 3194 1756 3263 providens
1778 3202 2071 3249 averterat.
2102 3191 2245 3245 Pau-

677 3305 727 3350 to
756 3302 882 3347 ante
932 3302 1160 3345 mortem
1191 3288 1289 3361 (lt),
1324 3301 1447 3342 cum
1474 3284 1588 3341 fere
1623 3292 1869 3337 mortuus
1894 3293 1949 3336 et
1979 3282 2246 3338 exanimis

677 3397 855 3451 esset,
892 3400 1089 3440 novum
1112 3382 1509 3453 quodammodo
1532 3378 1694 3433 robur
1718 3375 1934 3446 collegit
1960 3375 2026 3428 ad
2064 3384 2248 3427 extre-

677 3495 794 3534 mos
823 3491 1122 3539 sermones,
1153 3484 1210 3528 ut
1245 3489 1366 3528 cum
1391 3473 1607 3541 pietatis
1632 3470 1811 3526 verbis
1838 3468 2173 3531 abscederet,
2194 3475 2250 3521 et

678 3570 1007 3626 fidelissimis
1030 3570 1142 3622 suis
1169 3565 1448 3633 discipulis
1493 3580 1710 3619 manum
1746 3564 2025 3632 imposuit,
2070 3577 2136 3617 ne
2161 3577 2249 3616 sa-

675 3662 941 3728 crarium,
986 3661 1163 3731 inquit
1198 3657 1492 3729 Gregorius
1514 3658 1610 3727 (c),
1657 3654 2068 3710 defraudaretur
2109 3654 2249 3709 illius

677 3754 960 3825 discipulis
982 3762 1039 3809 et
1063 3752 1353 3808 sacerdotii
1378 3750 1736 3820 adjutoribus.
1756 3748 2039 3804 Concludit
2059 3764 2121 3803 es
2150 3763 2251 3818 po-

681 3846 899 3901 stremis
930 3844 1110 3899 verbis
1141 3842 1540 3905 Tillemontius,
1585 3843 1784 3911 quibus
1818 3840 2050 3895 Basilius
2077 3840 2252 3911 ,disci-

682 3937 820 4007 pulis
874 3951 1091 3990 manum
1122 3937 1401 4003 imposuit,
1430 3948 1546 3996 eos,
1590 3949 1711 3987 cum
1730 3934 1841 4001 jam
1872 3942 2029 3985 antea
2073 3941 2254 3985 essent

683 4030 827 4083 illius
856 4027 1147 4083 sacerdotii
1189 4026 1489 4096 adjutores,
1522 4026 1807 4092 episcopos
1832 4024 1882 4076 in
1908 4025 2043 4078 locis
2065 4024 2252 4078 catho-

681 4123 786 4177 lico
818 4122 1076 4191 episcOpo
1117 4119 1428 4174 carentibus
1455 4118 1785 4174 constitutos
1823 4116 1989 4170 fuisse
2024 4132 2038 4170 :
2099 4114 2253 4183 cujus

684 4217 760 4273 rei
788 4218 999 4287 copiam
1032 4215 1195 4268 dabat
1225 4229 1330 4281 pax
1390 4210 1647 4266 Ecclesize
1667 4220 1787 4280 post
1810 4218 2036 4263 mortem
2065 4207 2255 4263 Valen-

684 4309 755 4362 tis
788 4308 1016 4363 reddita.
1045 4304 1149 4361 Sed
1184 4304 1297 4358 haec
1333 4302 1643 4370 conjectura
1676 4318 1779 4357 non
1814 4301 2002 4355 nititur
2047 4298 2254 4369 magnis

684 4398 997 4452 momentis.
1024 4396 1323 4451 Sacerdotii
1370 4397 1512 4449 enim
1549 4395 1826 4462 adjutores
1855 4393 1959 4448 dici
2007 4402 2253 4461 possunt,

684 4490 991 4559 quicunque
1022 4487 1219 4543 Basilio
1252 4503 1469 4559 operam
1515 4487 1565 4541 in
1618 4486 1870 4542 Ecclesia:
1913 4487 2256 4542 administra-

687 4584 832 4636 tione
866 4582 1159 4635 navabant.
1194 4579 1256 4634 lli
1297 4594 1427 4648 ergo
1455 4592 1519 4632 ex
1552 4584 1698 4632 clero
1728 4576 1984 4632 inferiore
2016 4579 2249 4644 diaconi,

684 4674 773 4728 vel
802 4688 869 4727 ex
908 4673 1155 4728 diaconis
1173 4671 1478 4743 presbyteri
1510 4685 1538 4723 a
1566 4668 1768 4723 Basilio
1797 4668 2041 4724 ordinari
2068 4680 2255 4738 potue-

688 4777 834 4823 runt.
880 4766 1159 4834 Quomodo
1206 4776 1384 4818 autem
1438 4762 1887 4835 pretiosissimam
1926 4777 2107 4817 coram
2144 4761 2254 4816 Deo

687 4869 915 4914 mortem
943 4858 1161 4920 obierit,
1180 4865 1232 4910 et
1250 4872 1409 4924 quam
1438 4853 1667 4909 mirabili
1691 4853 1966 4906 hominum
1993 4866 2256 4907 concursu

686 4949 932 5020 sepultus
947 4949 1126 5009 fuerit,
1140 4950 1355 5017 egregie
1377 4946 1630 5000 describit
1649 4943 1940 5013 Gregorius
1959 4941 2258 4996 Nazianze-

690 5040 1041 5096 nnsJacebat
1068 5041 1175 5105 ille,
1198 5039 1489 5109 inquitld),
1514 5050 1769 5093 extremos
1798 5037 2011 5105 spiritus
2035 5038 2257 5097 ducens,

688 5141 845 5200 atque
879 5148 911 5183 a
944 5132 1135 5184 caelesti
1173 5133 1353 5192 choro,
1404 5130 1474 5182 ad
1520 5144 1674 5198 quem
1720 5127 2041 5197 jampridem
2075 5127 2257 5179 oculo-

688 5238 805 5275 rum
836 5224 1000 5276 aciem
1044 5224 1363 5285 intendebat,
1410 5223 1691 5282 expetitus.
1728 5220 1917 5289 Eﬂ'usa
1947 5233 2119 5272 autem
2152 5219 2260 5271 cir-

687 5335 806 5374 cum
842 5334 956 5385 eum
985 5330 1094 5373 erat
1126 5330 1233 5371 tota
1265 5319 1468 5380 civitas,
1506 5318 1772 5386 jacturam
1818 5316 1952 5368 hanc
1992 5315 2259 5384 tegerrime

690 5408 884 5477 ferens,
924 5427 986 5463 ac
1039 5413 1343 5468 discessum.
1377 5410 1589 5479 perinde
1623 5420 1675 5461 ut
1718 5407 2069 5477 Iyrannidem,
2104 5422 2261 5458 accu-

688 5514 835 5565 sans,
869 5500 1082 5571 ejusque
1118 5503 1347 5554 animam
1377 5518 1477 5555 non
1508 5518 1652 5555 secus
1692 5517 1753 5555 ac
1781 5503 1826 5554 si
1857 5499 2085 5563 retineri,
2109 5506 2262 5567 atque

769 5642 844 5707 (a)
868 5641 1141 5697 Cod.3l5.

774 5713 1008 5785 (bjiNaz.
1047 5729 1129 5769 or.
1155 5713 1244 5778 20,
1278 5729 1329 5785 ρ.
1372 5711 1493 5771 370.

776 5784 846 5852 (c)
869 5784 999 5836 Ibid.

773 5855 853 5923 (tt)
883 5854 976 5911 0r.
1004 5854 1088 5909 20.

2337 546 2483 597 dens.
2524 541 2793 595 Dementes
2836 536 2973 589 enim
3022 553 3109 590 eos
3165 533 3439 587 calamitas
3485 526 3772 584 reddebat:
3820 541 3914 578 nec

2335 637 2612 706 quisquam
2643 644 2776 696 erat,
2813 630 2900 698 qui
2926 645 3026 680 non
3052 629 3283 695 aliquam
3314 623 3430 674 vita:
3464 639 3573 675 sua:
3606 629 3834 687 partem,
3868 619 3914 666 si

2338 728 2452 794 [ieri
2486 739 2678 793 posset,
2713 725 2858 778 illius
2889 722 3005 775 vitae
3034 722 3227 774 addere
3268 726 3484 787 paratus
3520 724 3672 768 esset.
3712 708 3783 765 Ut
3816 724 3915 760 au-

2335 832 2436 874 tent
2489 821 2609 872 cielt
2654 826 2774 873 sunt
2828 812 3114 886 (oportebat
3175 814 3311 867 enim
3355 825 3470 863 eum
3517 807 3781 859 hominem
3826 803 3914 853 de-

2335 914 2607 987 prehendi)
2632 924 2789 965 atoue
2816 912 2924 980 ipse
2950 916 3061 975 post
3097 915 3328 958 extrema
3358 904 3466 957 hare
3490 899 3638 953 verba
3657 916 3675 951 :
3703 899 3761 952 In
3795 912 3913 951 ma-

2338 1028 2437 1067 nus
2473 1020 2592 1064 tuas
2632 1005 2953 1061 commendo
2971 1000 3217 1069 Spiritum
3251 1015 3425 1054 meum
3456 996 3550 1067 (e),
3578 995 3714 1047 inter
3753 1008 3917 1063 ange-

2337 1105 2439 1170 los,
2474 1123 2503 1157 a
2528 1102 2717 1175 quibus
2747 1097 3135 1159 abducebatur,
3179 1095 3409 1145 animam
3441 1096 3586 1147 lwtus
3625 1086 3915 1151 exhalavit,

2338 1217 2441 1254 non
2466 1210 2583 1251 ante
2626 1208 2798 1247 tamen
2836 1207 2995 1263 quant
3027 1195 3361 1241 sacrosancta
3398 1186 3635 1237 doctrina
3660 1197 3772 1241 eos,
3826 1181 3916 1246 qui

2338 1292 2580 1349 aderant,
2631 1286 2868 1339 nonnihil
2912 1280 3261 1343 instruxisset,
3294 1279 3639 1345 extremisque
3661 1270 3913 1341 alloquiis

2340 1383 2580 1435 meliores
2635 1377 2926 1444 e/fecisset;
2981 1384 3090 1426 tum
3122 1387 3239 1424 rero
3285 1366 3597 1421 miraculum
3652 1364 3914 1422 omnium,

2340 1492 2451 1544 qua
2489 1485 2711 1541 unquam
2754 1467 2963 1536 fuerunt
2993 1462 3380 1517 celeberrimum
3412 1458 3738 1527 designatur.
3776 1455 3919 1523 Effe-

2343 1570 2555 1623 rebatnr
2578 1564 2654 1618 vir
2678 1570 2913 1620 sanctus,
2950 1568 3248 1613 sanctorum
3269 1558 3495 1607 virorum
3542 1549 3786 1602 manibus
3807 1549 3921 1602 ela-

2342 1670 2425 1712 tus
2457 1676 2475 1713 :
2496 1655 2846 1722 unusquisque
2886 1663 3056 1703 autem
3089 1664 3296 1709 onerant
3325 1646 3505 1709 dabat,
3538 1642 3673 1694 alius
3703 1651 3760 1692 ut
3802 1641 3921 1707 ﬁm—

2345 1751 2532 1809 briam,
2562 1747 2699 1798 alius
2731 1756 2785 1797 ut
2833 1745 3095 1803 umbram,
3129 1738 3269 1792 alius
3304 1746 3361 1791 ut
3412 1736 3724 1803 sacriferum
3753 1731 3921 1784 lectu-

2278 1821 2317 1876 Β
2342 1844 2448 1895 lum
2476 1842 2748 1905 arriperet,
2781 1855 2842 1891 ac
2874 1835 2949 1891 rel
2981 1834 3150 1889 solum
3180 1835 3455 1903 attingeret
3490 1829 3637 1900 (quid
3668 1827 3807 1881 enim
3827 1824 3921 1877 illo

2341 1950 2555 2001 corpore
2583 1936 2811 1987 sanctius
2846 1942 2891 1986 et
2922 1931 3104 1999 purius
3124 1929 3192 1997 3’),
3221 1928 3356 1981 alius
3397 1936 3449 1979 ut
3472 1925 3683 1993 prOpins
3716 1922 3787 1974 ad
3811 1934 3919 1983 eos,

2341 2026 2427 2093 qui
2466 2041 2653 2089 corpus
2696 2024 2953 2091 ferebant,
2991 2025 3274 2084 accederet,
3308 2020 3446 2071 alius
3485 2028 3538 2069 ut
3568 2025 3782 2082 aspectu
3810 2013 3921 2066 solo

2342 2115 2625 2179 frueretur,
2668 2121 2917 2180 tanquam
2948 2124 3007 2161 eo
3036 2124 3237 2176 quoque
3273 2107 3517 2160 utilitatis
3552 2105 3754 2172 aliquid
3785 2102 3919 2169 affe-

2342 2212 2503 2261 rente.
2535 2200 2700 2256 Plena
2722 2212 2868 2255 erant
2898 2203 3037 2269 fora,
3071 2198 3324 2267 porticus,
3350 2196 3577 2264 duplicia
3615 2206 3662 2246 et
3688 2192 3920 2259 triplicia

2344 2297 2606 2361 tabulata,
2633 2297 2901 2349 hominum
2938 2290 3321 2352 deducentium,
3349 2287 3714 2355 prmeuntium,
3740 2300 3923 2352 prose-

2344 2392 2635 2458 quentium,
2676 2389 3067 2447 assectantium,
3099 2387 3156 2437 in
3185 2399 3239 2437 se
3265 2383 3483 2435 invicem
3522 2378 3918 2441 insultantium,

2344 2482 2508 2534 multa
2557 2481 2725 2534 millia
2765 2480 3031 2532 hominum
3075 2476 3243 2529 omnis
3279 2473 3479 2543 generis
3507 2482 3555 2525 et
3590 2472 3770 2527 letalis
3800 2480 3922 2523 ante

2344 2587 2463 2624 eum
2493 2572 2630 2624 diem
2655 2569 2943 2638 incognita.
2979 2567 3299 2621 Psalmodite
3322 2583 3354 2619 α
3393 2564 3534 2617 luctu
3560 2564 3921 2626 vincebantur,

2348 2661 2603 2727 patientia
2624 2660 2822 2711 doloris
2854 2657 3214 2728 magnitudine
3242 2653 3601 2725 frangebatur.
3635 2652 3920 2705 Certabant

2345 2752 2507 2803 nostri
2560 2766 2675 2802 eum
2709 2752 2920 2809 exteris,
2971 2766 3089 2802 cum
3138 2749 3377 2809 ethnicis,
3425 2745 3648 2804 Jurlu'is,
3684 2743 3919 2805 advenis,

2344 2842 2482 2911 iique
2509 2841 2735 2894 vicissim
2761 2838 3049 2902 nobiscum,
3080 2839 3212 2890 utris
3235 2837 3494 2889 uberiores
3523 2837 3773 2904 laeryma’.
3804 2839 3924 2889 ube-

2346 2937 2537 2987 riorem
2599 2933 2880 2985 utilitatem
2928 2932 3204 2999 afferrent.
3251 2928 3488 2998 Denique
3534 2929 3815 2981 calamitas
3864 2945 3923 2982 ea

2347 3027 2402 3080 in
2442 3024 2729 3094 periculum
2759 3023 2931 3077 desiit.
2984 3020 3167 3075 Mulae
3201 3021 3335 3073 enim
3384 3021 3576 3073 anima:
3605 3037 3669 3074 es
3713 3023 3765 3075 vi
3800 3037 3923 3089 pro-

2350 3118 2595 3171 trusionis
2633 3126 2679 3170 et
2722 3113 3123 3183 compressionis
3160 3129 3263 3164 uno
3297 3127 3414 3164 cum
3444 3128 3503 3165 eo
3532 3118 3872 3165 excesserunt
3903 3125 3919 3160 :

2348 3227 2468 3281 quae
2514 3210 2672 3279 hujus
2712 3209 2831 3277 ﬁnis
2879 3209 3086 3260 nomine
3124 3205 3299 3275 felices
3342 3205 3639 3273 prma’icata!
3671 3212 3816 3263 sunt,
3871 3211 3922 3253 ut

2353 3305 2601 3357 discessus
2637 3304 2801 3371 ipsius
2838 3304 3014 3366 socitv,
3064 3310 3220 3369 atque
3270 3310 3323 3351 ut
3368 3298 3735 3367 ferventiorum
3781 3295 3925 3364 quis-

2348 3396 2489 3466 piam
2524 3397 2737 3458 dizerit,
2774 3394 3013 3461 funebres
3049 3394 3289 3445 victimte.
3322 3389 3549 3442 Tandem
3580 3401 3924 3450 corpus,cur.

2351 3487 2665 3555 rapientium
2693 3500 2876 3536 manus
2906 3486 2991 3536 vix
3023 3483 3307 3550 e/fugisset,
3338 3496 3399 3531 ac
3442 3488 3805 3545 prosequentes
3837 3492 3926 3529 su-

2348 3586 2596 3644 perasset,
2617 3577 2670 3628 in
2696 3585 2965 3638 parentum
2985 3572 3221 3637 sepulcro
3253 3572 3520 3633 conditur,
3543 3586 3603 3622 ac
3631 3569 3924 3622 sacerdoti-

2350 3671 2443 3724 bus
2478 3667 2807 3723 sacerdotum
2842 3661 3553 3735 princeps,prcedica'toribas
3584 3679 3780 3732 magna
3806 3679 3924 3725 vox,

2351 3763 2577 3833 meisque
2604 3760 2819 3816 auribus
2843 3761 3115 3823 insonans,
3152 3756 3471 3827 martyribus
3495 3765 3699 3827 martyr
3731 3755 3923 3825 adjun-

2352 3856 2516 3925 gitur.

2425 3945 2604 3999 Basilii
2638 3958 2782 3997 mors
2834 3942 2965 4011 ipsis
3004 3942 3166 3996 etiam
3219 3939 3465 3994 veritatis
3503 3937 3739 3991 inimicis
3775 3936 3924 3992 dolo~

2356 4051 2468 4089 rem
2499 4035 2679 4088 attulit
2723 4033 3081 4085 admiratione
3127 4040 3285 4082 tantae
3311 4029 3529 4081 virtutis
3564 4044 3579 4080 :
3636 4029 3926 4095 quominus

2355 4130 2573 4194 mirum,
2607 4128 2650 4181 si
2691 4124 2984 4193 Gregorius
3010 4130 3063 4176 et
3092 4120 3327 4175 Macrina
3357 4128 3412 4173 et
3450 4134 3547 4174 suo
3573 4129 3626 4172 et
3676 4118 3925 4173 Ecclesia:

2354 4220 2681 4295 detrimento
2707 4216 3011 4272 doluerunt.
3038 4214 3143 4267 Sed
3182 4223 3358 4267 tamen
3383 4212 3719 4283 Macrina'U)
3743 4227 3772 4265 a
3799 4226 3920 4264 con-

2355 4310 2586 4374 stantia,
2620 4322 2785 4376 quam
2824 4306 2878 4361 in
2912 4303 3164 4360 omnibus
3194 4303 3355 4357 rebus
3403 4302 3676 4368 servabat,
3709 4300 3924 4354 minime

2356 4400 2625 4463 discessit,
2660 4411 2725 4450 ac
2756 4397 3070 4466 episcopum
3117 4392 3342 4447 fratrem
3376 4392 3592 4447 videtur
3626 4393 3730 4445 hac
3766 4390 3818 4444 in
3869 4401 3926 4442 re

2288 4511 2332 4567 υ
2360 4506 2663 4561 superasse.
2697 4488 2830 4543 Nam
2855 4503 2977 4541 cum
3010 4486 3167 4539 ambo
3194 4498 3385 4539 novem
3414 4492 3534 4553 post
3570 4481 3753 4535 Basilii
3788 4494 3924 4535 mor-

2359 4595 2465 4639 tem
2502 4583 2781 4637 mensibus
2816 4580 3275 4648 colloquerentur,
3313 4592 3379 4630 ae
3406 4576 3473 4630 de
3512 4574 3679 4629 lratre
3709 4572 3927 4628 incidis-

2359 4686 2441 4731 set
2470 4674 2696 4738 mentio,
2736 4669 2979 4740 Gregorii
3004 4669 3159 4722 dolor
3178 4668 3358 4722 statim
3379 4666 3672 4729 recruduit,
3702 4679 3769 4718 ac
3798 4678 3926 4719 mm-

2362 4768 2507 4823 stitia
2553 4766 2734 4819 vultus
2762 4774 2816 4819 et
2857 4761 3111 4834 lacrymis
3159 4762 3404 4828 proditus
3429 4767 3555 4811 est:
3590 4766 3645 4810 at
3692 4755 3926 4811 Macrin:

2366 4859 2656 4915 immobilis
2674 4857 2897 4920 exstitit,
2925 4870 2988 4908 ac
3010 4856 3144 4908 tanti
3172 4854 3271 4908 viri
3292 4850 3666 4908 recordatione
3690 4852 3924 4904 animum

2362 4954 2429 5005 ad
2457 4951 2824 5006 sublimiorem
2860 4948 3250 5017 philosophiam
3278 4945 3501 4999 arrexit.

2431 5044 2655 5097 Videtur
2699 5040 2994 5111 Gregorius
3044 5038 3318 5109 Nyssenus
3362 5033 3608 5089 morienti
3641 5031 3800 5086 fratri
3839 5026 3926 5083 ad-

2363 5133 2551 5197 fuisse,
2602 5134 2685 5187 vel
2714 5136 2908 5188 saltem
2964 5132 3147 5185 audita
3192 5130 3338 5184 illius
3378 5134 3551 5180 morte
3601 5123 3922 5177 accurrisse.

2365 5225 2497 5280 Nam
2573 5224 2865 5295 Gregorius
2929 5222 3301 5277 Nazianzenus
3365 5217 3625 5272 Seleucia:
3688 5216 3926 5268 detentus

2365 5319 2513 5387 gravi
2548 5328 2599 5371 et
2626 5317 2930 5387 periculoso
2958 5316 3143 5370 morbo
3168 5326 3458 5366 interorem
3505 5322 3659 5363 suum
3692 5305 3925 5375 Nysseno

2366 5404 2635 5473 signiticet
2664 5404 2760 5474 (g),
2792 5404 2933 5473 quod
2968 5405 3014 5457 ei
3038 5417 3101 5455 ac
3124 5398 3498 5455 communibus
3524 5395 3714 5449 aulicis
3746 5394 3798 5447 in
3828 5395 3925 5447 hoc

2370 5500 2507 5553 tristi
2562 5510 2755 5552 eventu
2813 5498 3024 5559 adesse,
3059 5502 3113 5550 et
3166 5502 3412 5549 sanctum
3460 5489 3645 5545 Basilii
3688 5486 3924 5543 cinerem

2442 5636 2513 5705 (ρ)
2540 5634 2679 5705 Ρνεειι.
2716 5652 2840 5705 χχχ,
2863 5636 2914 5687 li.

2553 5704 2653 5775 Yit.
2685 5706 2744 5759 S.
2776 5704 2966 5767 Macr.,
2992 5702 3193 5774 p.189,

2445 5774 2521 5848 (g)
2551 5774 2675 5829 Naz.
2707 5792 2789 5846 rp.
2814 5775 2901 5830 37.
