4080 6312
1484 346 1641 401 νιτΑ
1678 347 1736 400 S.
1777 348 2045 407 BASILII.

3258 377 3389 420 CLII

168 454 449 510 etosculari
488 466 592 507 non
648 454 1218 545 possltrctesaricnsis
1262 460 1515 518 Ecclesia:
1559 474 1710 520 tanto
1739 470 1785 524 Δ
1808 472 2013 531 modus.
2047 479 2156 524 tum
2191 470 2349 524 etiam
2396 474 2461 527 nd
2497 472 2811 545 loquendum
2840 472 3056 526 minime
3081 484 3384 543 promptum

168 545 737 638 ornametitospoliatse
783 544 1014 599 solitudo
1058 548 1156 615 (a),
1200 551 1555 617 spectaculum
1598 560 1717 607 erat
1814 577 1941 626 esse,
2005 567 2094 618 sed
2146 574 2202 616 ut
2222 562 2509 633 plurimum
2564 544 2978 637 cogitabunduns
3035 576 3192 638 atque
3240 568 3385 623 intra

167 635 408 703 Gregorio
438 634 780 691 Nazianzeno
813 650 1034 703 prorsus
1062 639 1419 695 intolerabile.
1439 640 1554 710 Ipse
1590 657 1717 697 vero
1814 652 2083 708 collectum
2115 654 2189 723 (id
2207 656 2343 723 quod
2362 656 2511 709 multi
2541 634 2651 712 m'
2665 665 2799 711 recte
2821 634 3113 719 imitantes,
3139 673 3231 711 nec
3257 662 3382 713 ani-

168 734 391 780 mortnns
424 742 493 782 ex
548 726 721 779 media
773 736 924 795 parte
972 738 1024 781 et
1056 730 1321 786 dissectus
1361 732 1465 786 sibi
1496 733 1714 789 videba-

167 829 242 871 tur
274 817 367 886 (b),
410 819 611 874 amlsso
647 819 736 872 tali
772 822 940 880 socio.
971 836 999 875 a
1033 838 1138 892 quo
1167 827 1328 877 etiam
1372 839 1465 892 per
1491 835 1712 880 noctur-

165 922 249 963 nas
276 910 528 972 visiones,
555 920 609 962 ut
641 909 768 964 olim
797 924 917 965 cum
946 916 1168 975 viveret,
1214 918 1605 971 admonebatur
1657 927 1713 971 et

164 1003 529 1072 castigabatur,
557 1002 599 1056 si
636 1002 762 1071 quid
794 1002 1011 1059 fecisset
1037 1006 1209 1058 minus
1232 1008 1446 1063 decore.
1481 1010 1710 1065 Carmen

162 1091 366 1148 funebre
398 1092 681 1148 duodecim
716 1096 785 1165 (c)
810 1136 823 1161 ,
851 1106 908 1150 ut
939 1098 1054 1163 ipse
1087 1098 1335 1166 appellat,
1360 1102 1712 1172 epigramma-

164 1186 237 1238 tiis
253 1193 527 1246 constans,
566 1186 647 1240 sui
690 1188 741 1241 in
771 1187 1024 1241 Basiliam
1071 1192 1269 1244 amoris
1306 1200 1707 1247 monumentum

161 1291 264 1330 esse
288 1274 473 1331 voluit.
514 1276 618 1333 Sed
656 1281 822 1333 multo
854 1280 1069 1335 uberius
1104 1283 1214 1335 desi
1241 1284 1371 1339 lerio
1406 1299 1504 1339 suo
1544 1285 1707 1339 satis-

162 1365 293 1429 fecit,
326 1380 451 1421 cum
496 1385 743 1425 reversus
772 1368 1233 1440 Constantinopoli
1267 1374 1318 1427 in
1363 1374 1562 1429 Basilio
1587 1376 1706 1430 exi-

160 1457 248 1509 mia
283 1460 529 1514 oratione
556 1460 820 1514 laudando
848 1475 1039 1517 omnes
1074 1464 1271 1533 ingenii
1306 1474 1361 1519 et
1386 1464 1705 1532 eloquentia:

160 1552 280 1603 vires
335 1552 595 1621 profundit.
630 1551 883 1607 Testatur
917 1554 996 1623 (ά)
1037 1554 1144 1622 jam
1181 1556 1614 1626 multospublice
1643 1574 1704 1614 ac

158 1640 383 1705 privatim
446 1642 549 1695 hoc
608 1640 855 1699 laudandi
892 1643 1076 1697 Basilii
1119 1660 1341 1699 munere
1390 1646 1701 1715 perfunctos

159 1728 321 1782 fuisse.

214 1817 491 1875 Prmclaris
520 1821 679 1877 etiam
707 1823 1038 1880 orationibus
1062 1824 1345 1883 laudarunt
1372 1831 1429 1885 S.
1453 1830 1701 1901 Ephrrcm
1735 1826 1777 1881 Β

156 1921 200 1966 et
240 1926 454 1971 sanctus
512 1916 803 1988 Gregorius
856 1919 1148 1991 Nyssenos.
1199 1922 1342 1977 Nihil
1397 1926 1570 1978 dicam
1639 1928 1704 1982 de

156 2002 608 2074 S.Amphilochio,
625 2011 708 2062 cui
727 2012 899 2066 oratio
927 2013 1237 2069 attribuitur
1264 2015 1315 2067 in
1337 2027 1581 2069 sanctum
1598 2014 1703 2069 Ba-

154 2098 308 2150 siliam
338 2098 458 2167 ipso
491 2098 932 2159 Circumcisionis
965 2104 1049 2159 die
1084 2106 1447 2173 pronuntiata,
1477 2122 1582 2176 quo
1607 2109 1705 2161 Ba-

155 2189 290 2243 silius
333 2190 586 2262 migravit
635 2195 684 2247 in
730 2195 946 2250 etelum.
998 2195 1123 2250 Haec
1156 2198 1351 2263 oratio,
1403 2199 1584 2253 itidem
1648 2210 1706 2255 ut

153 2291 333 2351 septem
372 2283 496 2339 alia:
528 2302 557 2338 a
594 2285 918 2340 Combellsio
961 2289 1060 2342 sub
1094 2289 1454 2359 Ainphilochii
1489 2292 1704 2348 nomine

153 2371 195 2424 in
221 2373 382 2430 lucem
414 2377 598 2440 editm,
633 2376 876 2444 pluribus
912 2378 1126 2434 videtur
1180 2398 1285 2436 non
1339 2384 1701 2439 certissimum

151 2482 252 2520 esse
281 2479 709 2529 monumentum.
731 2474 978 2537 quamvis
1009 2488 1111 2527 non
1146 2483 1250 2527 tam
1277 2476 1560 2528 manifeste
1579 2492 1701 2544 spn-

152 2559 214 2607 ria
262 2558 349 2622 sit,
381 2573 546 2626 quam
604 2559 784 2614 Basilii
836 2561 952 2614 Vita
998 2562 1171 2618 eidem
1202 2562 1375 2618 aﬂicta
1421 2566 1700 2634 Amphilo-

151 2645 271 2699 chio.

208 2738 263 2792 II.
291 2740 477 2797 Sancti
515 2740 702 2797 Basilii
737 2743 961 2816 cﬂigiem
1014 2747 1093 2801 sic
1144 2746 1467 2817 descriptam
1503 2748 1703 2818 reperit

148 2828 379 2889 Barcinus
415 2836 489 2901 fe)
521 2837 573 2889 in
599 2853 865 2909 anonymo
899 2838 1188 2895 Vaticano:
1222 2841 1443 2912 Magnus
1465 2842 1698 2897 Basilius

149 2935 333 2983 procero
356 2921 458 2988 [ait
490 2926 672 2976 habitu
704 2929 935 2991 corporis
962 2938 1009 2980 et
1045 2941 1201 2991 recto,
1224 2931 1417 2992 siccus,
1442 2934 1654 3000 gracilis
1677 2950 1697 2996 ,'

148 3011 268 3064 color
289 3011 401 3081 ejus
445 3014 652 3083 fuscus,
692 3016 859 3068 uultus
908 3028 1227 3085 temperatus
1260 3022 1480 3089 pallore,
1515 3023 1694 3091 justus

149 3118 301 3169 nasus,
331 3108 620 3176 supercilia
650 3109 700 3161 in
722 3107 894 3162 orbem
918 3110 1110 3180 inﬂexa
1134 3123 1178 3165 et
1205 3116 1430 3166 adducta
1446 3130 1465 3179 ;
1494 3116 1696 3184 cogita-

148 3195 293 3253 bunda
319 3202 513 3255 similis
546 3202 671 3270 fuit,
704 3218 885 3271 pauca:
913 3203 965 3257 in
995 3205 1135 3258 cultu
1169 3222 1332 3275 rugae,
1361 3224 1531 3277 eaeque
1556 3210 1696 3261 reni-

147 3290 318 3355 dentes,
349 3309 500 3362 gente
531 3294 786 3363 oblongae,
806 3307 1036 3365 tempora
1062 3300 1385 3368 aliquantum
1403 3318 1550 3366 cava,
1567 3318 1695 3371 pro-

147 3380 283 3433 :issa
304 3382 466 3436 barba
492 3394 541 3437 et
582 3386 856 3438 mediocris
888 3388 1120 3443 canities.

202 3472 335 3528 Illius
368 3476 542 3529 animi
572 3475 769 3543 elligies
795 3491 862 3529 ex
894 3482 1051 3534 rebus
1077 3482 1260 3551 gestis,
1295 3496 1433 3550 quas
1467 3496 1694 3537 enarra-

146 3578 193 3619 re
210 3568 376 3621 conati
409 3584 628 3632 sumus,
665 3570 797 3624 satis
817 3572 1158 3639 perspicitur.
1191 3574 1307 3644 Ipse
1342 3590 1469 3629 vero
1493 3576 1691 3631 sesein

146 3658 333 3726 scriptis
362 3674 428 3713 ac
466 3660 769 3729 praisertim
800 3662 852 3714 in
898 3662 1137 3730 epistolis
1168 3665 1392 3718 miriﬁce
1432 3667 1690 3737 depingit.

148 3746 267 3805 Illius
306 3755 557 3823 gravitas
585 3763 637 3807 et
682 3754 983 3808 constantia
1022 3756 1293 3809 nonnullis
1325 3756 1495 3811 fastus
1521 3767 1576 3811 cl
1611 3774 1696 3811 su-

147 3845 299 3908 perbia
331 3861 455 3901 esse
497 3848 802 3907 videbatur,
831 3848 925 3899 sed
952 3847 1286 3901 demonstrat
1314 3847 1605 3919 Gregorius
1624 3848 1692 3918 (f)

146 3935 382 3991 nemiuem
427 3939 500 3991 ab
524 3939 631 3993 hoc
662 3939 789 3994 vitio
820 3939 987 4008 magis
1017 3939 1251 3993 alienum
1295 3939 1480 4006 fuisse,
1532 3956 1690 4010 quam

145 4022 385 4092 Basiliam,
438 4029 539 4099 qui
568 4044 635 4083 ne
680 4029 917 4100 leprosos
947 4031 1159 4098 quidem
1198 4032 1499 4087 deosculari
1544 4034 1693 4086 dedi-

146 4118 393 4182 gnabatur.
438 4121 578 4175 Erat
633 4121 775 4176 illius
806 4122 1066 4177 severitas
1111 4139 1317 4177 summa
1362 4124 1692 4193 benignitate

147 4218 404 4279 temperata
435 4214 515 4285 (p.
554 4212 703 4285 561).
738 4214 809 4268 ita
857 4224 915 4269 ut
950 4216 1091 4270 illius
1127 4216 1209 4269 vel
1244 4217 1521 4286 perteuuis
1552 4218 1691 4271 risus

144 4297 343 4360 laudatio
371 4318 543 4374 esset,
573 4318 629 4362 et
654 4308 924 4363 silentium
951 4309 1274 4380 obiurgatio.
1321 4308 1437 4363 Non
1484 4308 1691 4377 lepidus

145 4396 327 4459 quidam
368 4412 517 4461 erat,
540 4410 596 4453 et
620 4400 825 4455 facetus
850 4401 1421 4456 antcircumforaneus
1449 4419 1459 4453 :
1490 4401 1580 4455 sed
1612 4411 1662 4454 ta

1814 747 2215 811 madvertentes,
2252 748 2306 801 in
2349 749 2586 801 odiosam
2626 750 2911 819 quamdam
2936 751 3202 805 tristitiam
3247 750 3381 804 inci-

1812 839 2053 908 derunt),-
2084 840 2237 894 oestis
2259 838 2415 893 etiam
2445 855 2627 909 genus,
2660 853 2705 893 et
2733 839 2913 895 lectuli
2942 844 3152 905 species,
3189 852 3238 898 et
3278 841 3381 896 cibi

1810 932 2049 984 sumendi
2088 929 2273 984 modus
2307 944 2569 999 :qnorum
2608 930 2736 983 nihil
2757 931 2844 985 ille
2877 931 3056 984 dedita
3090 951 3265 999 Opera,
3287 933 3379 987 sed

1808 1022 2113 1090 simpliciter
2135 1042 2197 1079 at:
2222 1024 2443 1093 fortuito
2474 1024 2776 1091 factitabat.
2813 1024 2885 1077 Ac
2921 1024 3113 1077 multos
3130 1026 3236 1091 iam
3270 1025 3379 1080 Ba-

1809 1113 1958 1167 silios
1997 1119 2161 1183 specie
2192 1126 2339 1170 tenus
2377 1118 2551 1171 videre
2589 1116 2733 1180 licet,
2776 1126 2984 1170 statuas
3040 1116 3287 1171 nimirum
3320 1119 3376 1172 in

1810 1206 2043 1270 umbris;
2082 1209 2305 1260 multum
2345 1209 2480 1261 enim
2517 1206 2673 1276 fuerit
2705 1206 2750 1258 si
2795 1206 3059 1274 repetitam
3090 1204 3267 1260 Eclius
3285 1223 3377 1260 vo-

1808 1314 1916 1351 cem
1940 1315 2049 1352 esse
2071 1300 2275 1353 dixero.
2301 1298 2437 1352 Nam
2464 1299 2558 1351 illa
2585 1298 2821 1367 quamvis
2847 1307 3157 1363 postremam
3180 1301 3375 1352 dunta-

1806 1398 1896 1442 xat
1930 1389 2069 1441 cocis
2116 1400 2316 1457 partem
2347 1389 2641 1453 expressius
2682 1398 2854 1440 tamen
2870 1386 3092 1455 efﬁngit,
3121 1387 3171 1437 lii
3202 1399 3376 1441 autem

1807 1481 2013 1547 longius
2038 1479 2101 1532 ab
2129 1496 2189 1532 eo
2213 1479 2429 1542 distant,
2450 1495 2606 1549 quam
2639 1491 2891 1548 quantum
2920 1478 3165 1532 accedere
3182 1494 3375 1531 concu-

1804 1574 2028 1640 piscunt.
2072 1569 2217 1623 Illud
2243 1587 2358 1625 vero
2384 1588 2484 1623 non
2507 1571 2621 1640 jam
2649 1572 2815 1638 parci,
2855 1572 2944 1625 sed
2979 1571 3374 1625 maximietiam

1805 1661 2047 1714 momenti
2106 1663 2173 1713 ad
2229 1660 2451 1730 gloriam
2521 1658 2663 1711 haud
2718 1658 2974 1713 immerito
3018 1660 3371 1721 existimatur,

1804 1753 2230 1805 consuetudinem
2266 1769 2380 1804 cum
2412 1768 2470 1805 eo
2505 1750 2790 1821 aliquando
2831 1750 3093 1812 habuisse,
3124 1760 3213 1803 aut
3257 1767 3372 1803 eum

1805 1842 2043 1906 coluisse,
2098 1852 2187 1894 aut
2243 1844 2508 1910 quidpiam
2558 1844 2622 1896 ab
2648 1860 2706 1896 eo
2732 1841 2856 1912 joco
2898 1844 2973 1895 vel
3007 1844 3143 1895 serio
3176 1844 3373 1895 dictum

1804 1948 1894 1990 aut
1948 1938 2147 2006 factum
2196 1938 2498 1990 monimenti
2567 1936 2680 1990 loco
2731 1938 2869 2006 ferre
2918 1936 3373 2007 (quemadmodum

1807 2027 1919 2093 ipse
1939 2044 2140 2097 quoque
2171 2044 2251 2081 me
2269 2029 2365 2081 hoc
2390 2026 2594 2080 nomine
2610 2041 2744 2093 sirpe
2768 2026 3049 2095 gloriatum
3072 2042 3181 2080 esse
3208 2025 3373 2094 scio):

1804 2119 2051 2187 quoniam
2093 2135 2211 2186 qua:
2260 2121 2324 2173 ab
2378 2118 2471 2172 illo
2524 2119 2661 2173 velut
2718 2120 2883 2172 obiter
2932 2119 3144 2184 ﬁebant,
3208 2118 3374 2171 multo

1803 2212 2170 2280 prwstantiora
2222 2222 2395 2275 erant,
2446 2228 2601 2281 quam
2632 2229 2691 2265 ea
2729 2214 2781 2265 in
2822 2212 3010 2282 quibus
3061 2211 3155 2265 alii
3192 2210 3370 2266 elabo-

1804 2316 1943 2359 rant.

1873 2395 2012 2452 Idem
2036 2398 2101 2452 de
2127 2396 2322 2452 Basilio
2348 2410 2411 2450 ac
2448 2396 2513 2450 de
2562 2395 2806 2465 pluribus
2860 2396 2978 2450 aliis
3010 2397 3372 2451 sanctissimis

1803 2488 1932 2542 viris
1964 2490 2067 2543 dici
2109 2498 2307 2559 potest,
2358 2488 2737 2543 miraculorum
2764 2486 2919 2543 donis
2947 2488 3234 2543 instructos
3276 2502 3372 2541 eos

1803 2594 1908 2633 non
1954 2580 2145 2643 fuisse,
2196 2582 2289 2635 sed
2339 2583 2564 2650 gradum
2607 2582 2932 2645 sanctitatis,
2978 2582 3045 2634 ad
3080 2596 3241 2651 quam
3271 2595 3370 2635 eos

1802 2671 2004 2727 Christi
2035 2672 2209 2742 gratia
2239 2673 2449 2737 evexit,
2482 2674 2652 2739 majus
2686 2674 2952 2743 quoddam
2984 2689 3104 2729 esse
3142 2677 3363 2736 donum,

1803 2780 1960 2833 quam
1997 2763 2234 2832 prodigia
2262 2771 2317 2816 et
2340 2762 2622 2817 miracula.
2647 2763 2909 2817 Nonnulla
2942 2775 3118 2819 tamen
3144 2764 3211 2818 de
3241 2779 3371 2819 sau-

1801 2866 1888 2908 cto
1929 2853 2124 2907 Basilio
2151 2866 2461 2917 narrantur,
2497 2867 2617 2921 quin
2647 2853 2698 2906 in
2728 2852 2988 2922 prodigiis
3012 2860 3067 2906 et
3092 2853 3372 2906 miraculis

1802 2949 2070 3001 numerari
2110 2949 2360 3001 debeant.
2403 2946 2604 3000 Praeter
2629 2960 2689 3000 ea
2713 2984 2729 3009 ,
2760 2960 2880 3016 quas
2909 2960 3051 2999 anno
3078 2944 3185 2999 372
3217 2955 3367 3015 gesta

1800 3040 2101 3103 retulimus,
2131 3055 2251 3092 cum
2286 3040 2477 3093 Valens
2512 3040 2771 3093 Ciesareae
2808 3047 3150 3105 versaretur,
3184 3048 3373 3091 narrat

1807 3130 2105 3200 Gregorius
2138 3129 2410 3201 Nyssenus
2441 3129 2513 3200 (ρ)
2545 3131 2661 3199 ejus
2712 3130 2962 3199 precibus
2999 3131 3226 3184 imbrem
3290 3129 3369 3185 di-

1801 3225 2001 3279 vinitus
2072 3238 2387 3278 COIlteSSlllll
2435 3221 2648 3287 fuisse,
2720 3237 2841 3276 cum
2900 3223 3121 3279 siccitas
3171 3224 3369 3279 hiemis

1799 3315 1997 3369 nullam
2017 3330 2166 3385 spem
2187 3312 2395 3386 frugum
2423 3313 3045 3383 relinquere'videretur:
3064 3331 3126 3369 ac
3146 3315 3221 3385 (p.
3241 3315 3368 3391 ωδ)

1800 3422 1865 3461 eo
1890 3418 2048 3461 noctu
2076 3407 2365 3477 aliquando
2400 3418 2610 3472 orante,
2649 3411 2867 3462 domum
2905 3407 3192 3480 all‘ulgente
3232 3410 3353 3464 divi-

1798 3498 1942 3551 nitus
1971 3498 2201 3567 quodam
2242 3498 2444 3552 lumine
2477 3497 2774 3552 refulsisse.

1869 3590 1991 3644 Dies
2022 3588 2195 3644 festus
2213 3591 2384 3644 sancti
2415 3589 2598 3644 Basilii
2628 3605 2733 3644 non
2769 3588 2936 3645 multo
2965 3600 3087 3660 post
3127 3592 3246 3661 ejus
3270 3592 3365 3647 ob-

1796 3682 1927 3735 itum
1989 3680 2309 3737 celebratus.
2354 3680 2607 3737 Testatur
2654 3681 2797 3735 enim
2847 3678 3139 3751 Gregorius
3170 3678 3364 3753 Nysso-

1795 3790 1894 3829 nus
1920 3774 1994 3845 (p.
2028 3773 2150 3845 479)
2180 3774 2319 3828 diem
2349 3773 2541 3829 festum
2571 3774 2639 3828 de
2672 3773 2814 3829 illius
2846 3774 3063 3827 nomine
3093 3785 3214 3842 post
3258 3772 3358 3826 Na-

1796 3869 1899 3922 tale
1925 3868 2154 3932 Domini,
2182 3877 2236 3922 et
2274 3867 2516 3922 natalitia
2563 3866 2733 3920 sancti
2766 3863 3061 3934 Stephani,
3094 3866 3367 3931 S.'Petri,

1794 3959 1851 4015 S.
1886 3960 2090 4025 Jacobi,
2128 3960 2183 4013 S.
2202 3958 2427 4014 Joannis
2458 3969 2511 4013 et
2532 3957 2590 4012 S.
2620 3956 2767 4012 Pauli
2800 3971 3109 4012 occurrere.
3132 3956 3362 4027 Amphi-

1794 4050 2021 4113 Ioehius,
2060 4060 2116 4103 ut
2140 4049 2250 4117 jam
2301 4049 2553 4113 diximus,
2580 4063 2673 4103 seu
2708 4048 2888 4118 quivis
2936 4048 3073 4101 alius
3101 4047 3364 4103 orationis

1794 4160 1952 4212 supra
1989 4143 2147 4197 dicta:
2193 4152 2401 4208 auctor,
2455 4142 2647 4197 festum
2691 4141 2865 4195 sancti
2898 4140 3081 4195 Basilii
3120 4139 3206 4194 die
3244 4137 3360 4193 Cir-

1791 4234 2139 4288 cuiucisionis
2171 4234 2225 4287 in
2281 4234 2533 4288 omnibus
2579 4233 2731 4288 orbis
2768 4243 3035 4288 terrarum
3066 4232 3201 4288 locis
3221 4231 3360 4287 cele-

1792 4326 1934 4381 brari
1960 4326 2153 4382 docet:
2186 4330 2328 4397 quod
2363 4328 2580 4398 quidem
2614 4327 2680 4379 de
2713 4324 2908 4379 vicinis
2941 4326 3248 4395 regionibus
3276 4327 3345 4378 in-

1794 4427 2118 4490 terpretatur
2162 4420 2562 4476 Tillcmontius.
2617 4420 2762 4474 Idem
2800 4435 2916 4474 mos
2970 4418 3106 4488 apud
3145 4416 3358 4473 Graecos

147 4500 240 4596 Te“
273 4488 468 4544 ίλιειυτ
496 4489 796 4559 Gregorius
840 4494 1106 4547 neminem
1140 4493 1192 4547 in
1223 4494 1454 4547 εωίίυυε
1492 4493 1689 4562 l“c""'
1720 4541 1763 4596 ι)
1793 4488 2179 4583 perseveravit,
2244 4529 2342 4568 nec
2386 4512 2570 4568 Basilii
2617 4510 2813 4567 festum
2868 4525 2897 4564 a
2946 4510 3359 4565 circumcisione

145 4578 316 4634 diorem
357 4583 496 4636 etin
539 4585 810 4636 narrando
844 4584 1174 4638 festiviorem
1220 4586 1541 4639 exstitisse:
1590 4600 1683 4639 ne-

146 4672 309 4728 minem
349 4676 401 4729 iu
422 4676 671 4744 jocando
696 4677 1021 4744 argutiorein
1050 4686 1106 4732 et
1144 4678 1193 4731 iu
1219 4677 1550 4748 objurgando
1606 4676 1686 4730 le-

146 4762 339 4820 olorem.
376 4776 383 4781 '

197 4852 267 4910 IlI.
307 4856 522 4922 Quanta
566 4857 877 4912 exstiterint
915 4859 981 4914 de
1011 4858 1212 4915 Basilio
1248 4862 1525 4916 hominum
1550 4860 1690 4929 judi-

145 4940 209 4995 cia
232 4946 479 5011 praeclare
512 4944 814 5015 Gregorius
842 4947 925 5001 his
957 4949 1138 5004 verbis
1187 4959 1438 5004 testatum
1470 4951 1686 5018 reliquit

146 5030 201 5100 (p.
222 5035 335 5107 370)
368 5054 381 5089 :
418 5036 602 5089 Tanta
635 5038 820 5105 ipsius,
853 5038 1046 5107 inquit,
1066 5042 1228 5094 virtus
1259 5041 1538 5111 gloriaeque
1560 5059 1689 5107 prte-

146 5129 308 5178 stautia
324 5126 450 5193 fuit,
471 5135 533 5179 ut
567 5127 734 5178 multa
756 5128 913 5179 etiam
939 5143 1003 5181 ex
1021 5133 1197 5195 parvis
1224 5130 1363 5181 illius
1382 5130 1683 5196 virtutibus,

147 5222 268 5281 atque
282 5218 408 5270 adeo
434 5233 506 5271 ex
536 5216 805 5282 corporeis
823 5216 1107 5287 delectibus
1134 5220 1197 5271 ab
1221 5220 1341 5272 aliis
1370 5221 1436 5271 ad
1467 5220 1687 5289 gloriam

148 5310 435 5380 nominisque
491 5307 799 5362 claritatem
854 5310 1145 5375 parandam
1214 5309 1507 5378 excogitata
1561 5312 1687 5365 sint.

146 5392 275 5464 Cujus
301 5402 505 5469 generis
553 5409 708 5467 sunt,
754 5399 946 5468 pallor,
991 5401 1175 5467 t-arba,
1213 5410 1384 5454 certus
1420 5400 1689 5456 incedendi

199 5554 261 5627 (ᾳ)
286 5555 411 5611 Naz.
446 5574 539 5627 ep.
568 5555 666 5612 57.

198 5625 259 5696 (ο)
282 5627 405 5683 has.
424 5625 637 5682 rit-.91.

212 5707 257 5763 ρ)
276 5697 453 5753 Carm.
480 5698 577 5755 65.

212 5764 259 5827 ὀ)
282 5766 370 5825 0r.
394 5768 481 5827 90.

1796 4605 2136 4677 disjttngitur.
2172 4606 2325 4676 Apud
2355 4606 2574 4661 Latinos
2610 4606 2753 4660 illius
2788 4619 2932 4659 mors
2957 4612 3253 4658 annotatur
3295 4604 3359 4657 ad

1796 4695 1936 4750 diem
2011 4696 2451 4753 Circumcisionis
2505 4699 2561 4753 in
2611 4697 2985 4767 Martyrologio
3038 4695 3262 4751 Usuardi
3307 4706 3358 4749 et

1795 4789 1915 4844 aliis
1956 4792 2368 4859 posterioribus.
2404 4794 2474 4846 At
2520 4793 2638 4847 dies
2689 4793 2855 4848 festus
2909 4789 3154 4845 dilfertur
3191 4805 3353 4859 usque

1796 4883 1861 4938 ad
1896 4884 2038 4939 diem
2065 4884 2132 4938 Μ
2156 4884 2323 4950 Junii,
2360 4901 2467 4955 quo
2500 4886 2588 4939 die
2644 4884 2834 4939 festum
2868 4882 3048 4938 Basilii
3085 4898 3225 4937 nono
3261 4898 3351 4935 ste-

1792 4975 1912 5029 culo
1945 4977 2207 5032 celebrari
2252 4979 2469 5035 solitum
2520 4978 2683 5033 fuisse
2705 4994 2767 5033 ex
2823 4976 3071 5033 Usuardo
3099 4976 3347 5047 perspici

1794 5082 1930 5121 mus.

2362 5160 2587 5217 CAPUT
2620 5160 2756 5216 XLI.

1793 5269 1832 5323 I.
1864 5268 2074 5341 Quanta
2110 5272 2249 5341 apud
2303 5283 2541 5340 antiquos
2580 5275 2749 5328 sancti
2794 5272 2981 5327 Basilii
3015 5288 3226 5341 operum
3268 5275 3339 5325 ad

1862 5340 2095 5398 miratio.
2144 5340 2206 5395 Il.
2265 5341 2336 5397 De
2370 5359 2544 5397 prooem
2604 5342 2831 5397 Itomiliis
2866 5345 2921 5398 in
2977 5340 3338 5396 Hexaemeron

1864 5407 1946 5462 III.
1984 5408 2062 5463 De
2086 5413 2250 5466 tribus
2274 5412 2503 5469 homiliis
2546 5430 2663 5485 qua:
2706 5426 2826 5469 sunt
2865 5414 2929 5469 de
2966 5413 3191 5468 hominis
3219 5426 3334 5468 stru

1863 5564 1933 5703 (3
1975 5566 2051 5621 Ad
2082 5582 2168 5620 an.
2200 5568 2321 5624 578.

1867 5641 1883 5700 (
1975 5635 2105 5693 Naz.
2134 5653 2215 5691 or.
2238 5637 2321 5693 20.

1867 5635 1933 5700 (f)
1975 5635 2105 5693 Naz.
2134 5653 2215 5691 or.
2238 5637 2328 5693 ΞΟ.

1869 5708 1943 5777 (9)
1984 5706 2077 5764 Or.
2114 5707 2167 5763 in
2196 5707 2357 5765 Basil.
