4080 6314
701 352 787 393 3ιὶ
802 356 838 393 ΙΙ

765 468 929 509 ctura.
967 455 1054 526 ιν.
1086 458 1157 511 De
1177 456 1406 510 bomiliis
1441 457 1494 511 in
1535 456 1794 513 Psnlntos.
1827 456 1888 510 ν.
1922 456 1995 511 De
2039 462 2264 514 uonnnl-
2292 469 2337 526 Α

763 528 920 598 !is_in
967 525 1520 598 Psalmoshltontiliis,
1567 545 1682 598 qua:
1723 531 1913 595 spuria:
1960 543 2049 579 aut
2089 535 2263 587 dubia:

762 596 1156 672 existimantur.
1205 596 1289 649 Vl.
1322 597 1393 649 De
1440 596 1585 650 locis
1617 601 1903 659 nonnullis,
1934 614 2049 660 qua:
2089 602 2141 653 in
2185 620 2264 672 ge-

764 667 956 720 nuinas
977 668 1220 721 Iwmilias
1260 676 1439 720 assuta
1474 671 1721 721 dicuntur
1747 671 1927 734 fuisse.

763 818 803 871 I.
845 821 1146 888 Antequam
1182 819 1306 873 huic
1332 822 1741 888 Pertraetationi
1780 823 1936 877 linem
1970 822 2262 891 imponam,

690 909 924 963 breviter
945 914 1272 967 recensenda
1309 915 1479 969 sancti
1511 914 1695 967 Basilii
1738 932 1920 985 opera,
1942 930 2005 970 ac
2042 932 2265 986 praeser-

691 1001 785 1052 tim
835 1002 889 1055 in
945 1003 1211 1058 nonnullis
1256 1006 1635 1059 examinandis
1684 1007 2098 1073 immorandum,
2145 1024 2264 1077 quas

690 1106 971 1162 perperam
1003 1093 1049 1146 ei
1076 1094 1402 1161 abjudicata.
1441 1096 1545 1150 Sed
1571 1096 1624 1150 in
1659 1100 1850 1167 primis
1873 1111 2072 1165 quanta
2101 1100 2265 1153 fuerit

692 1184 837 1241 illius
867 1185 1193 1253 scriptorum
1220 1187 1359 1255 apud
1393 1188 1642 1256 antiquos
1687 1190 1997 1255 admiratio,
2032 1207 2093 1245 ex
2124 1191 2262 1245 Gre-

686 1277 820 1348 gorii
856 1278 1162 1333 testimonio
1183 1283 1551 1348 spectandum.
1575 1281 1825 1345 Quoniam
1852 1284 2004 1336 hodie
2029 1284 2155 1345 alia,
2185 1284 2264 1334 in-

685 1369 920 1439 quit(a),
958 1370 1116 1425 ullius
1161 1384 1435 1425 conventus
1469 1374 1652 1427 laetitia
1683 1375 1707 1426 ?
1746 1390 1862 1443 quia
1914 1377 2261 1428 conviviorum

686 1460 918 1526 voluptas
947 1461 1108 1528 ?qucc
1140 1460 1238 1527 furi
1276 1463 1302 1516 ?
1337 1480 1452 1530 quae
1496 1465 1847 1516 l'fcclesiarum
1881 1466 2047 1533 ?quaz
2067 1467 2262 1532 princi-

682 1567 805 1619 pum
846 1562 891 1604 et
942 1555 1261 1619 priuatorum
1303 1557 1549 1610 deliciw?
1588 1574 1704 1627 qua?
1751 1561 2141 1621 monachorum,
2171 1571 2261 1613 aut

681 1658 860 1693 eorum
905 1644 994 1713 qui
1028 1650 1271 1700 societate
1319 1651 1544 1718 gaudent
1572 1652 1595 1701 ἱ)
1622 1668 1737 1715 qua:
1781 1670 1992 1714 eorum,
2024 1652 2111 1720 qui
2136 1668 2189 1704 se
2227 1668 2260 1705 a

684 1736 902 1802 negotiis
934 1750 1279 1805 removerunt,
1308 1740 1385 1791 uel
1418 1757 1596 1794 eorum
1637 1746 1723 1812 qni
1760 1745 1814 1795 in
1848 1745 1995 1796 rebus
2022 1745 2257 1813 gerendis

2048 342 2577 398 PBOLEGOMENA.

2436 460 2498 515 ll.
2534 460 2614 515 Ex
2637 460 2702 515 iis
2724 474 2841 529 qua:
2864 473 3084 514 sanctus
3098 457 3329 514 Basilius
3361 458 3413 511 in
3431 454 3765 528 explicandis
3789 452 3938 509 Scri-

2365 553 2540 619 pturis
2572 552 2903 615 elaboravit,
2938 549 3140 603 nulhnn
3171 562 3306 618 opus
3348 550 3611 616 majorem
3642 544 3810 602 habet
3841 546 3939 596 att-—

2366 643 2725 711 mirationem,
2761 658 2922 711 quam
2953 656 3140 696 novem
3177 643 3231 693 in
3277 640 3642 695 Hexaemeron
3676 636 3934 695 homilim.

2364 733 2555 801 Quanti
2596 737 2696 789 hoc
2730 748 2863 801 opus
2907 734 3111 789 faceret
3138 732 3532 793 Nazianzenus,
3570 746 3635 784 ex
3682 734 3772 786 his
3821 742 3939 801 qua?

2370 826 2526 880 modo
2564 828 2842 881 attulimus
2874 827 3102 894 perspici
3130 833 3324 894 potest.
3356 824 3472 877 Non
3504 824 3717 891 parcior
3753 826 3807 878 in
3844 839 3936 877 eo-

2364 918 2483 971 dem
2514 934 2677 987 opere
2727 918 2997 973 laudando
3027 916 3321 987 Nyssenus,
3352 916 3433 971 vel
3462 917 3638 984 potius
3669 929 3780 968 non
3822 917 3940 972 sine

2363 1012 2781 1080 exaggeratione
2812 1014 2941 1067 illud
2977 1012 3178 1065 laudat.
3215 1010 3386 1078 llujns
3423 1007 3797 1065 testimonium
3852 1010 3940 1061 ba-

2362 1103 2458 1158 bes
2486 1105 2538 1157 in
2575 1102 2779 1159 Slonito
2812 1108 2895 1160 his
2922 1104 3159 1160 bomiliis
3188 1105 3427 1172 przetixo.

2435 1196 2540 1251 Sed
2569 1196 2699 1251 nihil
2735 1199 2800 1251 ad
2853 1198 3013 1268 hujus
3049 1196 3229 1266 operis
3263 1195 3791 1251 commendationem
3821 1190 3941 1245 illu-

2362 1291 2529 1345 etrius
2567 1290 2743 1345 allen-ri
2785 1302 2979 1360 potest,
3006 1306 3167 1361 quam
3194 1288 3455 1359 judicium
3492 1289 3665 1343 sancti
3702 1285 3940 1341 Ambro-

2362 1381 2425 1435 sii
2455 1384 2567 1451 qui,
2599 1383 2845 1450 quamvis
2877 1382 3105 1445 Basilio,
3138 1391 3195 1435 ut
3223 1381 3300 1434 ait
3343 1376 3739 1439 Tillemontius,
3795 1373 3939 1429 nulla

2364 1471 2415 1524 in
2452 1486 2511 1526 re
2532 1476 2768 1534 cederet,
2800 1469 2920 1538 ejus
2953 1480 3130 1523 tamen
3185 1468 3414 1536 vestigia
3443 1478 3686 1534 premere
3717 1462 3940 1517 indeco-

2361 1578 2479 1617 rum
2518 1564 2618 1617 sibi
2652 1577 2772 1616 esse
2802 1578 2906 1615 non
2938 1560 3113 1622 duxit,
3146 1566 3308 1627 atque
3329 1572 3395 1611 ex
3435 1557 3517 1610 his
3543 1568 3734 1609 novem
3759 1552 3940 1607 liomi-

2360 1655 2447 1709 liis
2479 1656 2707 1725 plurima
2738 1655 2791 1707 in
2830 1668 2965 1723 opus
3013 1650 3189 1707 simile
3240 1649 3534 1712 transtulit,
3568 1660 3631 1699 ac
3670 1659 3772 1715 pro
3828 1645 3942 1698 suis

2363 1765 2493 1803 usus
2517 1758 2615 1803 est.
2639 1748 3003 1802 Pronuntiatre
3034 1739 3694 1812 ineruntQuatlragesimze
3728 1748 3941 1805 tempo-

683 1836 951 1877 rersantur
983 1828 1008 1880 ?
1040 1843 1154 1892 qua:
1200 1846 1380 1882 eorum
1424 1832 1511 1899 qui
1556 1835 1815 1903 profante,
1848 1834 1923 1888 vel
1961 1851 2138 1887 eorum
2171 1837 2264 1905 qui
2297 1825 2339 1882 Β
2371 1856 2429 1893 re
2458 1839 2529 1911 (e)
2561 1855 2575 1891 :
2606 1855 2669 1893 ac
2709 1839 2841 1891 duas
2881 1837 3095 1906 quidem
3144 1838 3353 1907 priores
3396 1835 3580 1891 eodem
3623 1832 3711 1886 die
3748 1830 3942 1888 habuit

682 1928 873 1971 nostra?
908 1920 1197 1987 disciplina:
1232 1923 1467 1977 studium
1511 1928 1824 1995 proﬁtentur
1852 1928 1877 1980 .9
1910 1925 2029 1981 Una
2074 1939 2121 1982 et
2169 1945 2261 1997 per

680 2009 877 2074 omnia,
902 2021 947 2062 et
987 2013 1215 2065 maxima
1249 2015 1547 2079 oblectatio,
1573 2018 1713 2071 illius
1745 2018 2011 2073 volumina
2037 2030 2083 2074 et
2105 2020 2259 2073 lucu-

680 2098 961 2155 brationes.
992 2101 1102 2156 Nec
1126 2106 1465 2172 scriptoribus
1503 2111 1719 2162 materia
1751 2110 1863 2164 ulla
1891 2113 1997 2164 alia
2030 2123 2077 2165 et
2114 2113 2259 2180 copia

678 2202 791 2259 post
814 2209 929 2246 eum
953 2206 1138 2261 pra'ter
1164 2197 1326 2261 ipsius
1350 2200 1543 2263 scripta
1588 2203 1836 2270 suppetit.
1872 2201 2107 2256 Silentur
2128 2212 2262 2256 vete-

680 2300 764 2348 ra,
786 2300 1103 2352 quwcunque
1126 2287 1177 2337 in
1205 2287 1499 2342 divinorum
1531 2294 1863 2345 oraculorum
1893 2294 2259 2361 explanatione

680 2387 710 2423 η
747 2373 1055 2439 quibusdam
1096 2373 1366 2429 elaborata
1408 2389 1529 2432 sunt
1560 2395 1580 2432 .'
1618 2398 1750 2434 noua
1782 2384 2159 2448 pra'dicantur,
2186 2396 2263 2438 at-

680 2480 776 2533 que
815 2466 858 2518 is
894 2466 1033 2535 apud
1088 2483 1179 2521 nos
1237 2471 1628 2526 eruditissimus
1674 2475 1924 2542 habetur,
1973 2478 2063 2547 qui
2097 2478 2258 2533 libros

679 2559 839 2621 ipsius
864 2575 1020 2625 quam
1053 2560 1277 2612 maxime
1314 2561 1590 2633 intelligit,
1630 2583 1691 2620 ac
1734 2568 1912 2637 lingua
1940 2580 2131 2635 uersat,
2162 2589 2260 2625 au—

679 2650 920 2719 ribusque
950 2650 1192 2704 instillat.
1231 2650 1376 2706 Unus
1405 2661 1542 2711 enim
1593 2663 1824 2713 omnium
1856 2662 1967 2716 loco
2003 2666 2257 2718 studiosis

680 2745 744 2795 ad
767 2747 1107 2804 eruditionem
1134 2754 1540 2821 comparandam
1572 2754 1780 2821 sufficit.
1817 2753 2161 2810 [luctantum
2193 2759 2257 2811 de

681 2851 735 2890 eo
780 2839 975 2893 dicam.
1014 2840 1143 2896 Cum
1179 2844 1535 2900 Hexaemeron
1568 2848 1710 2900 illius
1763 2849 1816 2899 in
1858 2865 2044 2901 manus
2085 2867 2255 2917 sumo,

680 2936 831 2993 atque
858 2930 909 2981 in
938 2948 1024 2982 ore
1046 2933 1229 2998 lmbeo,
1255 2955 1368 2988 cum
1393 2936 1640 2990 Creatore
1678 2938 1988 3010 conjungor,
2021 2958 2083 2994 ac
2120 2960 2259 2997 erea-

679 3015 832 3071 tionis
868 3023 1095 3075 rationes
1144 3041 1418 3094 cogncsco,
1457 3028 1857 3100 Creatoremque
1901 3036 2065 3104 magis
2094 3038 2260 3089 mimi-

681 3125 767 3163 ror
787 3129 848 3165 ac
884 3119 1136 3185 suspicio,
1162 3135 1318 3187 quam
1353 3125 1499 3182 prius
1528 3124 1778 3190 solebam,
1819 3143 1935 3179 cum
1959 3130 2070 3181 solo
2109 3148 2231 3194 aspe

688 3214 774 3255 ctu
819 3208 1068 3275 magistro
1106 3221 1294 3265 uterer.
1329 3211 1459 3265 Cum
1502 3214 1663 3267 libros
1712 3233 1819 3277 eos,
1852 3218 2037 3285 quibus
2083 3221 2254 3273 Itazre-
2283 3188 2328 3247 Ο

679 3292 903 3349 tit'orum
961 3301 1153 3369 scripta
1203 3303 1419 3370 refutat,
1477 3306 1608 3374 lego,
1656 3307 2040 3363 Sodomiticum
2087 3313 2257 3381 ignem

680 3401 833 3443 cerno
858 3406 959 3459 quo
993 3394 1240 3461 improba.-
1286 3412 1347 3449 ac
1387 3398 1657 3453 scelerata:
1695 3400 1889 3471 lingua:
1933 3404 1987 3455 in
2032 3404 2257 3458 cinerem

681 3481 1008 3550 rediguntur,
1046 3496 1135 3539 aut
1182 3486 1434 3542 Cltalnnte
1481 3493 1692 3554 turrim,
1749 3505 1801 3545 ut
1846 3496 1980 3548 male
2024 3509 2260 3550 constru-

681 3584 835 3641 Jtam,
864 3578 938 3630 ita
970 3589 1107 3633 recte
1159 3581 1505 3648 interruptam
1550 3593 1704 3651 atque
1740 3587 1980 3639 deletam.
2010 3585 2151 3651 Cum.
2172 3604 2253 3650 ea,

681 3686 790 3736 qua:
821 3670 886 3721 de
919 3668 1122 3735 Spiritu
1155 3682 1336 3723 sancto
1375 3673 1621 3740 scripsit,
1651 3674 1846 3736 evolvo,
1881 3674 2074 3739 Deum,
2103 3692 2249 3746 quem

679 3762 861 3824 habeo,
910 3760 1205 3825 nanciscor,
1246 3762 1512 3815 ceritatem
1561 3764 1722 3817 libero
1754 3773 1803 3817 et
1852 3765 2034 3833 fidenti
2075 3768 2254 3820 animo

680 3853 926 3919 prtedieo,
968 3852 1113 3906 illius
1154 3852 1387 3907 uidelicet
1435 3853 1704 3921 theologia:
1739 3868 1893 3927 atque
1939 3859 2257 3928 contempla-

680 3944 807 3997 tioni
831 3946 1088 4000 insistens.
1121 3944 1255 4000 Cum
1282 3946 1417 4002 alias
1458 3947 1571 4018 ejus
1608 3951 1968 4004 enarrationes
2007 3953 2253 4022 perlego,

679 4051 808 4105 quas
830 4036 917 4102 iis,
953 4038 1043 4108 qui
1071 4040 1317 4092 ttebetiori
1347 4040 1554 4109 ingenio
1581 4052 1701 4096 sunt
1740 4044 1963 4113 explicat
1988 4044 2255 4113 trifariam

679 4127 731 4180 in
763 4128 945 4181 solidis
978 4129 1061 4181 sui
1105 4130 1297 4183 tabulis
1327 4134 1647 4195 describens,
1674 4151 1734 4188 eo
1780 4136 2038 4201 adducor,
2060 4145 2118 4190 ut
2151 4153 2255 4191 non

680 4218 734 4273 in
757 4230 968 4273 esterno
1006 4219 1197 4273 littera:
1233 4224 1425 4275 cortice
1449 4226 1628 4290 pedem
1653 4226 1836 4295 ﬁgam,
1873 4243 1963 4279 nec
1982 4230 2253 4284 uerborum

681 4320 882 4366 tantum
914 4312 1235 4381 superficiem
1263 4324 1506 4383 spectem,
1552 4318 1641 4369 sed
1675 4318 1895 4369 ulterius
1924 4321 2253 4388 progrediar,

680 4415 834 4474 atque
851 4420 916 4457 ea:
945 4407 1207 4474 profundo
1242 4407 1295 4459 in
1339 4407 1659 4476 profundum
1682 4418 1969 4471 transeam,
2006 4413 2252 4480 abyssum

2361 1930 2609 1993 Basilius,
2632 1930 2722 1999 qui
2750 1930 2901 1983 initio
2934 1931 3185 1984 secundae
3210 1936 3599 1983 commemorat
3626 1925 3939 1979 orationem

2363 2026 2638 2081 matutinis
2671 2026 2818 2080 horis
2848 2026 3272 2095 pronuntiatam.
3315 2022 3473 2076 Initio
3491 2020 3689 2080 .tertia:
3730 2017 3941 2088 pariter

2362 2134 2748 2180 commemorat
2782 2124 3090 2178 hesternam
3125 2118 3574 2186 disputationem;
3604 2116 3698 2170 sed
3754 2124 3937 2166 tamen

2362 2232 2585 2273 necesse
2612 2226 2696 2273 est
2730 2232 2840 2272 uno
2876 2215 3058 2281 aliquo
3087 2211 3174 2265 die
3196 2208 3363 2264 semel
3390 2217 3598 2261 tantum
3637 2204 3937 2258 conciona-

2364 2320 2448 2365 tus
2474 2311 2562 2375 sit,
2598 2313 2710 2366 sive
2744 2311 2921 2377 aliqua
2960 2304 3300 2375 aegritudine,
3328 2302 3440 2357 sive
3488 2294 3940 2366 occupationibus

2361 2402 2628 2457 detentus.
2656 2400 2789 2453 Nam
2820 2400 2921 2453 sub
2972 2396 3135 2450 linem
3161 2403 3364 2449 octava:
3402 2387 3635 2445 bomiliae
3665 2383 3940 2455 promittit

2362 2494 2719 2561 vespertinam
2756 2491 2832 2562 (p.
2864 2489 2976 2559 80),
3002 2504 3162 2559 quam
3185 2486 3373 2541 eodem
3403 2483 3509 2546 die,
3551 2490 3797 2549 tempore
3844 2475 3940 2530 ad-

2361 2594 2794 2651 veSperascc'nte,
2833 2582 3067 2640 absolvit
3096 2582 3171 2652 (p.
3200 2580 3311 2651 88).

2430 2677 2685 2732 Basiliam
2714 2694 2778 2734 ex
2809 2687 3053 2748 tempore
3099 2672 3407 2729 concionari
3452 2670 3665 2725 solitum
3696 2680 3823 2722 esse
3852 2677 3939 2719 re-

2361 2768 2465 2825 fert
2495 2770 2751 2839 Ruﬁnus;
2785 2772 2943 2839 idque
2975 2770 3038 2822 de
3070 2766 3156 2819 his
3202 2763 3497 2832 praesertim
3530 2773 3721 2812 novem
3758 2754 3939 2811 bomi-

2361 2860 2449 2916 liis
2477 2863 2729 2931 Opinatur
2758 2856 3158 2921 Tillemontius,
3197 2852 3505 2921 conjectura
3535 2853 3693 2907 ducta
3735 2864 3805 2904 ex
3840 2849 3938 2902 ho-

2360 2956 2507 3010 milia
2539 2966 2725 3007 octava
2775 2951 2851 3021 (p.
2902 2949 3014 3021 7i),
3058 2950 3150 3005 ubi
3198 2948 3427 3003 Basilius
3485 2958 3792 3002 sermonem
3835 2940 3938 2994 ali-

2360 3047 2594 3117 quamliu
2635 3046 2997 3114 interrumpit.
3051 3060 3113 3100 ac
3161 3042 3418 3099 nonnulla
3459 3036 3825 3108 praetermissa
3881 3032 3937 3084 in

2361 3139 2673 3195 inemoriam
2711 3153 2963 3193 revocare
2999 3138 3247 3197 instituit,
3283 3133 3584 3188 acutiorum
3613 3127 3937 3182 auditorum

2365 3233 2567 3288 mutuis
2602 3233 2743 3287 inter
2783 3246 2842 3286 se
2866 3230 3082 3285 nutibus
3104 3225 3429 3282 admonitus.
3453 3222 3559 3278 Sed
3588 3236 3710 3276 cum
3754 3218 3940 3274 multa:

2359 3325 2540 3382 Basilii
2572 3328 2871 3390 orationes,
2919 3324 3067 3379 velut
3099 3321 3152 3374 in
3194 3318 3372 3388 gulam
3418 3325 3475 3371 et
3505 3314 3852 3376 ebrietatem,
3882 3310 3935 3364 in

2358 3418 2732 3482 fmrreratores,
2756 3428 2812 3471 et
2840 3416 2957 3468 aliae
2984 3411 3273 3482 ejusmodi,
3298 3411 3372 3465 ita
3400 3408 3648 3465 omnibus
3675 3405 3939 3474 eloquen-

2360 3514 2447 3566 tiae
2480 3510 2720 3563 numeris
2750 3507 3009 3561 absoluta:
3035 3516 3181 3572 sunt,
3214 3517 3274 3559 ut
3298 3513 3520 3575 paratus
3544 3515 3605 3554 ac
3643 3498 3939 3553 meditatus

2356 3603 2569 3656 venisse
2612 3600 2895 3665 videatur;
2934 3607 3043 3653 tum
3100 3598 3262 3651 etiam
3310 3596 3450 3650 idem
3496 3595 3561 3647 de
3611 3590 3694 3644 his
3741 3600 3936 3642 novem

2357 3692 2592 3747 bomiliis
2618 3691 2924 3755 dicendum,
2955 3705 3073 3759 qua:
3100 3689 3262 3742 rebus
3294 3694 3347 3740 et
3377 3692 3535 3739 acute
3576 3682 3836 3752 cogitatis
3883 3692 3939 3736 et

2354 3782 2565 3837 erudite
2598 3781 2842 3837 collectis
2869 3793 2923 3836 et
2959 3777 3311 3846 comportatis
3353 3773 3577 3829 ώσω-ιω
3608 3781 3758 3830 sunt.

2427 3875 2537 3931 llas
2582 3890 2773 3930 novem
2830 3872 3079 3928 homilias
3126 3881 3256 3925 ante
3292 3869 3661 3939 cpiscOpatum
3718 3867 3938 3921 habitas

2356 3967 2523 4024 fuisse
2552 3968 2799 4038 conjieio.
2826 3963 3129 4017 Verisimile
3160 3961 3303 4016 enim
3332 3970 3416 4015 est
3457 3959 3787 4030 posteriores
3816 3973 3938 4013 esse

2355 4060 2604 4116 bomilias
2645 4060 2696 4111 in
2728 4056 3008 4122 Psalmos;
3044 4070 3179 4123 quas
3217 4052 3470 4116 Basilius,
3502 4062 3559 4106 ut
3586 4050 3746 4105 modo
3784 4050 3939 4103 vide-

2357 4154 2551 4216 bimus,
2576 4152 2858 4222 presbyter
2907 4150 3113 4204 habuit.
3151 4148 3260 4203 Etsi
3315 4148 3460 4201 enim
3503 4154 3710 4200 certum
3755 4155 3816 4198 et
3844 4158 3938 4197 es-

2356 4244 2624 4316 ploratum
2662 4259 2770 4297 non
2807 4251 2893 4297 est
2927 4242 3069 4310 quod
3119 4249 3346 4294 testatur
3376 4239 3643 4294 Cassiodo
3678 4250 3740 4289 us
3788 4235 3939 4289 Basi-

2357 4334 2487 4387 lium
2535 4333 2959 4388 commentarios
3009 4331 3064 4385 in
3118 4340 3283 4384 totam
3350 4329 3684 4397 Scriptorum
3732 4339 3939 4383 ‘conte-

2355 4427 2569 4491 xuisse;
2592 4426 2718 4495 quia
2747 4435 2924 4480 tamen
2952 4420 3394 4494 plurimoslibros
3420 4421 3814 4490 interpretatus
3832 4426 3936 4479 est,

680 4511 769 4564 per
798 4495 1042 4566 abyssum
1087 4499 1331 4552 invocans
1356 4497 1453 4569 (ὁ),
1479 4515 1541 4550 ac
1574 4516 1667 4567 per
1697 4500 1875 4559 lumen
1910 4500 2083 4556 lumen
2114 4502 2252 4556 inve-

2361 4516 2634 4581 probabile
2665 4528 2748 4571 est
2796 4531 2921 4571 eum
2972 4516 3161 4570 ordine
3209 4512 3391 4582 aliquo
3421 4512 3777 4582 processisse,
3819 4518 3875 4563 et
3907 4521 3938 4561 a

680 4588 847 4651 nieus,
883 4589 1224 4657 quoadusque
1249 4593 1317 4643 ad
1340 4606 1599 4645 summum
1629 4594 1837 4644 tandem
1860 4595 2103 4647 uerticem
2134 4610 2252 4663 per-

681 4695 883 4736 uenero.
927 4677 1059 4733 Cum
1113 4692 1406 4752 martyrum
1438 4683 1673 4735 encomia
1712 4682 1846 4754 lego,
1895 4700 2082 4754 corpus
2130 4702 2254 4739 cou-

680 4782 874 4837 temno,
902 4783 952 4825 et
976 4789 1090 4826 cunt
1114 4774 1181 4827 iis
1204 4776 1291 4845 qui
1325 4774 1571 4830 laudibus
1599 4775 1910 4845 eluuntur,
1936 4778 2113 4831 animo
2143 4794 2255 4831 ver-

680 4884 786 4931 sor,
812 4879 967 4935 atque
1012 4867 1079 4921 ad
1122 4879 1386 4922 certamen
1424 4871 1643 4923 excitor.
1687 4869 1818 4925 Cum
1854 4871 2117 4925 orationes
2166 4886 2254 4924 eas

680 4978 807 5027 ques
827 4963 891 5014 de
930 4960 1163 5015 moribus
1205 4979 1265 5015 ac
1316 4964 1440 5016 bene
1469 4963 1667 5017 vivendi
1714 4964 1915 5018 ratione
1944 4964 2173 5031 scripsit,
2197 4963 2253 5017 in

682 5070 865 5108 manus
889 5054 1113 5121 accipis,
1147 5055 1322 5107 animo
1337 5066 1385 5108 et
1411 5072 1631 5123 corpore
1658 5072 1873 5125 purgor,
1908 5054 2255 5122 templumque

684 5143 778 5199 Dei
806 5160 975 5214 capas:
1011 5143 1225 5213 efﬁcior,
1269 5156 1423 5214 atque
1476 5147 1877 5200 instrumentum
1924 5147 2181 5200 musicum
2218 5165 2248 5200 a

682 5238 888 5300 Spiritu
931 5239 1201 5307 pulsatum
1249 5242 1580 5308 diuinamque
1612 5239 1837 5308 gloriam
1873 5250 1921 5292 et
1966 5240 2250 5307 potentiam

681 5347 889 5386 canens.
930 5329 1033 5385 Per
1059 5348 1147 5384 eas
1184 5333 1422 5400 corrigor
1455 5341 1500 5384 et
1524 5333 1810 5384 concinnor
1831 5374 1846 5398 ,
1888 5342 2045 5401 atque
2078 5332 2253 5386 divina

679 5423 905 5492 quadam
929 5425 1294 5477 immutatione
1320 5424 1459 5478 alius
1487 5438 1551 5478 ea:
1573 5423 1675 5476 alio
1709 5424 1920 5492 efﬁcior.
1954 5422 2085 5479 Vide
2115 5422 2256 5478 Pho-

679 5515 809 5565 timn
844 5513 961 5567 cod.
1006 5513 1101 5568 “l
1138 5523 1191 5568 et
1224 5514 1345 5569 191.

748 5650 829 5723 (e)
860 5650 995 5705 Nae.
1032 5668 1115 5707 or.
1140 5654 1229 5708 20.

750 5724 827 5795 (ό)
860 5722 1137 5795 l’saLxLI,
1170 5726 1223 5780 8.

750 5764 826 5866 (25
861 5764 1143 5849 ἰιῖιίίίῖὲῖ
1170 5764 1223 5780 ν’

2360 4609 2628 4678 prioribus
2663 4607 2814 4663 libris
2841 4608 3051 4662 initium
3093 4605 3336 4659 duxisse.

2431 4694 2700 4751 Praeterea
2732 4697 2782 4751 in
2813 4698 2897 4751 his
2956 4696 3197 4752 bomiliis
3239 4696 3383 4749 nulla
3414 4692 3940 4749 Pneumatomacho—

2362 4804 2477 4843 rum
2508 4788 2729 4843 hiut-esis
2765 4788 3000 4849 mentio,
3035 4802 3155 4854 quae
3201 4786 3355 4840 initio
3385 4785 3721 4853 episcopatus
3749 4781 3939 4837 Basilii

2362 4879 2444 4933 vel
2474 4879 2631 4948 paulo
2672 4886 2799 4932 ante
2838 4879 3071 4947 grassari
3105 4877 3290 4945 ccepit.
3340 4874 3491 4941 Quod
3528 4872 3573 4926 si
3607 4886 3805 4925 novem
3840 4872 3941 4926 illae

2360 4970 2636 5039 orationes
2664 4980 2789 5023 ante
2841 4969 3210 5039 episcopatum
3258 4964 3649 5037 pronuntiatis,
3692 4977 3805 5018 non
3830 4962 3940 5031 jam

2362 5073 2548 5115 sancto
2571 5034 2827 5127 .prrmm
2856 5034 3076 5128 accepia
3126 5034 3310 5113 refer—ri
3344 5066 3522 5126 potest
3556 5053 3942 5125 interpretatio

2356 5152 2548 5205 borum
2597 5152 2915 5212 verborum,
2952 5149 3017 5202 Et
3067 5151 3294 5216 Spiritus
3325 5147 3415 5201 Dei
3467 5146 3731 5215 ferebatur
3787 5160 3943 5211 super

2358 5258 2521 5310 aquas
2546 5240 2624 5313 (ά)
2642 5281 2657 5303 ,
2690 5256 2849 5309 quam
2883 5241 3109 5296 Basilius
3127 5238 3195 5312 (e)
3220 5258 3248 5293 a
3274 5241 3389 5293 viro
3412 5239 3548 5308 Syro
3565 5237 3849 5307 accepisse
3884 5248 3941 5290 se

2372 5344 2623 5388 testatur.
2675 5334 2958 5389 Libentius
3018 5350 3139 5388 cum
3205 5331 3555 5387 Tillemontio
3605 5329 3937 5400 conjicerem

2366 5423 2426 5478 S.
2487 5424 2777 5478 Eusebium
2846 5426 3282 5479 Samosatensem
3332 5424 3419 5480 hic
3472 5421 3773 5493 designari,
3812 5420 3859 5473 si
3889 5418 3938 5472 ei

2368 5527 2692 5585 congrueret
2740 5518 2881 5587 quod
2935 5517 3003 5571 de
3047 5518 3135 5573 illo
3165 5518 3305 5589 Syro
3338 5518 3415 5573 ait
3453 5515 3725 5580 Basilius,
3755 5526 3881 5569 eum
3910 5525 3938 5563 a

2428 5656 2504 5726 (ά)
2538 5656 2670 5711 Gen.
2700 5674 2748 5725 ι,
2785 5656 2839 5711 2.

2443 5731 2513 5798 (e)
2555 5728 2744 5783 llontil.
2772 5730 2829 5797 2,
2858 5744 2914 5801 p.
2946 5729 3035 5783 18.
