4080 6314
1468 354 1626 420 vmi
1668 365 1722 419 s.
1766 363 2029 420 BASILII.

3206 381 3375 424 εειιη

146 489 315 544 mundi
360 486 624 556 sapientia
657 496 865 540 tantum
893 484 1184 549 distitisse,
1214 491 1474 553 quantum
1510 485 1574 538 ad
1617 499 1696 537 τε·
1725 491 1769 547 Α
1798 488 1865 541 ad
1901 484 2097 555 ingenii
2133 482 2577 538 exercitationem
2613 481 2863 551 eligeret;
2893 497 3015 538 cum
3069 486 3369 553 praise-nim

147 598 251 632 rum
286 595 526 633 verarum
569 580 855 633 scientiam
891 578 1374 645 appropinquabat.
1401 576 1530 629 Nam
1581 591 1703 629 sau-

145 682 276 721 ctum
320 669 609 722 Eusebium
656 684 925 722 sacrarum
973 668 1188 737 quidem
1224 667 1525 720 litterarum
1559 666 1705 733 peri-

148 762 401 814 tissimum
462 761 630 814 fuisse
660 762 895 825 scimus;
943 769 996 813 :tt
1046 760 1098 811 in
1135 758 1375 811 externis
1408 758 1704 824 disciplinis

148 853 329 919 hospes
354 852 516 905 fuisse
544 868 648 905 non
680 853 1009 919 perhibetur.
1039 849 1180 902 Nihil
1208 864 1336 917 ergo
1367 858 1531 914 vetat,
1562 862 1697 916 quo-

148 946 313 996 minus
345 944 585 1011 ignotum
631 942 781 995 nobis
816 958 937 994 esse
969 941 1166 1011 Syrum
1192 942 1335 993 illum
1370 940 1625 993 fateatur.

209 1036 293 1088 lll.
326 1036 657 1088 Promiserat
696 1034 921 1088 Basilius
952 1034 1027 1100 (α)
1063 1049 1120 1087 se
1152 1033 1556 1102 cxplanalurunt
1605 1033 1703 1086 bo-

149 1131 299 1182 minis
351 1127 751 1198 generationem
803 1144 817 1178 :
863 1127 955 1178 sed
1008 1135 1182 1177 tamen
1248 1123 1531 1192 promissis
1597 1137 1702 1175 non

146 1222 349 1274 videtur
393 1220 625 1271 stetisse.
671 1216 801 1269 Nam
850 1231 1039 1271 novem
1080 1224 1282 1268 tantum
1333 1216 1609 1268 orationes
1652 1216 1703 1268 in

148 1314 503 1368 Hexaemeron
582 1321 936 1364 numerantur
1012 1310 1079 1363 ab
1140 1308 1469 1378 llieronymo
1522 1309 1593 1379 (ι’)
1652 1320 1705 1362 et

148 1408 455 1462 Cassiodoro
476 1401 822 1471 (c).Testatur
838 1405 1087 1456 Socrates
1108 1402 1183 1471 (ά)
1204 1417 1338 1467 opus
1363 1401 1564 1465 Basilii,
1584 1417 1703 1456 cum

150 1499 509 1564 imperfectum
532 1504 696 1556 CSsel,
740 1511 767 1548 a
798 1494 1056 1562 Gregorio
1089 1496 1254 1561 ipsius
1292 1495 1461 1547 fratre
1488 1493 1705 1547 absolu-

151 1602 250 1638 tum
307 1586 493 1638 fuisse.
527 1587 701 1654 Atque
748 1586 859 1652 ipse
898 1586 1058 1636 etiam
1112 1584 1405 1653 Gregorius
1450 1585 1517 1652 (ε)
1570 1583 1707 1636 hanc

150 1675 239 1727 sibi
272 1674 334 1726 de
367 1674 604 1728 hominis
642 1674 853 1741 opilicio
883 1674 1154 1728 scribendi
1183 1690 1401 1727 causam
1448 1688 1565 1727 esse
1612 1674 1706 1725 de-

150 1765 329 1827 clarat,
365 1768 507 1835 quod
560 1776 807 1821 vereatur
855 1782 919 1820 ne
956 1765 1185 1822 Basilius
1230 1766 1701 1835 reprehensionem

151 1873 243 1911 non
278 1858 517 1928 effugiat,
554 1860 597 1913 si
634 1860 773 1913 illius
807 1860 857 1913 in
883 1875 1017 1929 opus
1051 1874 1145 1913 sex
1179 1861 1386 1912 diermn
1428 1859 1709 1913 elucubra-
1740 1844 1782 1901 Β

147 1948 267 2001 tioni
304 1950 444 2003 desit.
476 1965 822 2020 eorum,quzc
872 1951 935 2003 ad
970 1950 1244 2003 hominem
1287 1959 1560 2017 spectant,
1583 1964 1709 2003 con-

148 2039 411 2093 sideratio.

213 2131 431 2186 Exstant
468 2130 533 2199 (ι’)
576 2140 749 2181 tamen
794 2129 933 2184 inter
971 2146 1133 2201 opera
1175 2132 1351 2188 Basilii
1388 2135 1505 2189 dure
1536 2135 1710 2191 homi-

150 2218 223 2274 liae
255 2221 317 2273 de
351 2221 584 2272 hominis
616 2230 906 2287 structura,
931 2224 1126 2291 quibus
1156 2228 1312 2278 tertia
1351 2227 1415 2280 de
1460 2229 1713 2296 paradiso

148 2311 460 2380 adiungitur.
510 2310 649 2365 Sunt
685 2313 767 2368 hic
790 2314 1062 2369 orationes
1102 2316 1166 2368 ad
1202 2315 1388 2371 Basilii
1444 2320 1711 2386 promissa

148 2403 460 2471 perﬁcienda
508 2406 639 2460 satis
677 2409 950 2475 apposita,
1002 2423 1064 2461 ac
1091 2408 1163 2461 ita
1199 2409 1338 2461 inter
1374 2424 1433 2463 se
1456 2426 1625 2473 nexae,
1656 2422 1713 2463 ut.

149 2510 257 2563 qua:
304 2496 353 2549 in
393 2512 502 2550 una
539 2508 857 2563 tractantur,
907 2500 959 2552 in
1002 2500 1246 2567 sequenti
1306 2501 1710 2559 continuentur.

150 2585 333 2641 Basilio
368 2590 681 2643 tribuuntur
709 2606 738 2642 a
778 2590 1099 2646 Combetisio
1126 2600 1178 2646 et.
1212 2593 1422 2661 anino
1456 2610 1469 2659 ;
1501 2597 1593 2649 sed
1621 2611 1712 2650 eas

150 2678 517 2735 Tillemontius
562 2683 627 2736 ab
672 2682 850 2751 aliquo
884 2686 1114 2752 scriptas
1171 2686 1467 2752 existimat,
1504 2690 1713 2743 excrci-

152 2769 357 2822 tationis
391 2784 582 2836 causa,
615 2786 714 2822 nor
773 2785 864 2840 per
909 2772 1109 2835 dolum,
1164 2786 1257 2828 aut
1307 2776 1503 2831 malum
1551 2778 1710 2831 alieni

151 2863 277 2913 fetus
312 2860 513 2913 Basilio
554 2862 885 2930 supponeudi
928 2863 1233 2917 consilium.

214 2952 436 3007 Dillicile
470 2963 557 3009 est
584 2954 824 3023 profecto
852 2955 951 3010 has
986 2957 1236 3013 homilias
1290 2967 1475 3013 sancto
1512 2957 1712 3017 Basilio

149 3044 456 3109 attribuere,
496 3062 616 3099 cum
665 3048 885 3102 accedat
914 3047 978 3100 ad
1015 3050 1315 3105 certissima
1361 3060 1599 3107 veterum
1635 3064 1713 3107 te-

150 3138 397 3192 stimonia
432 3139 560 3209 styli
590 3141 987 3195 dissimilitudo.
1022 3142 1127 3196 Sed
1159 3144 1536 3213 inquirendum
1560 3147 1713 3200 nobis

148 3239 245 3293 est,
282 3245 348 3282 an
381 3232 581 3286 merito
620 3233 892 3289 existimet
923 3231 1295 3289 Tillemontius
1325 3237 1555 3305 aliquem
1591 3255 1713 3294 sese
1739 3208 1781 3265 Ο

151 3324 197 3375 in
220 3324 300 3376 bis
323 3323 560 3378 homiliis
583 3324 683 3378 sub
702 3324 881 3380 Basilii
905 3329 1116 3381 nomine
1145 3327 1525 3384 elucubrandis
1552 3344 1709 3384 exer-

150 3418 359 3472 citasse.
376 3418 546 3472 Favet
569 3418 693 3472 huic
714 3420 992 3473 sententia:
1018 3431 1205 3472 auctor
1236 3435 1426 3489 prnme
1458 3421 1708 3483 homilize,

150 3515 265 3565 dum
300 3513 544 3566 declarat
592 3513 735 3579 (pag.
771 3510 897 3581 524)
952 3526 1009 3565 se
1060 3521 1211 3567 vetus
1269 3514 1532 3583 debitum,
1560 3517 1713 3587 cujus

149 3602 465 3655 solutionem
501 3616 642 3669 a-gra
667 3601 913 3655 valetudo
958 3602 1331 3670 impediverat,
1366 3607 1580 3660 tandem
1613 3609 1710 3660 ali-

149 3694 356 3759 quando
394 3693 724 3763 persolvere.
772 3694 1018 3762 Iniquum
1056 3696 1193 3749 enim
1219 3696 1399 3763 fuerit,
1426 3700 1626 3770 inquit,
1661 3710 1713 3753 ut

149 3800 257 3839 cum
300 3788 511 3851 bestiis,
550 3787 710 3857 deque
760 3788 1069 3842 natatilibus
1110 3800 1154 3843 et
1180 3790 1431 3857 jumentis
1472 3809 1533 3843 ac
1573 3793 1713 3845 volu-

149 3880 333 3947 cribus,
380 3880 447 3933 de
486 3881 613 3933 curio
646 3882 765 3933 item
803 3890 851 3933 et
894 3882 972 3934 lii:
1016 3899 1132 3951 qui:
1180 3886 1233 3936 in
1272 3884 1428 3947 caelo;
1470 3886 1535 3937 de
1576 3895 1714 3937 terra

150 3978 191 4021 et
209 3972 476 4037 stirpibus,
509 3988 627 4041 qua!
652 3974 704 4025 in
726 3983 864 4025 terra
885 3985 1001 4026 sunt
1024 4016 1037 4039 ,
1057 3974 1415 4041 didicerimus,
1435 3991 1536 4029 non
1558 3978 1713 4029 etiam

150 4063 205 4113 de
233 4074 411 4115 nostra
438 4066 769 4133 generatione
802 4080 866 4117 ea:
897 4064 1188 4134 Scriptum
1224 4070 1413 4122 dioime
1449 4069 1562 4123 luce
1592 4073 1717 4123 edo-

151 4167 370 4205 natatur.
417 4153 641 4209 Miriﬁce
671 4157 785 4210 haec
822 4154 1018 4207 Basilio
1057 4170 1377 4226 congruunt.
1408 4159 1714 4225 Quinetiam

152 4258 263 4297 cum
312 4244 389 4298 ait
432 4259 489 4297 se
533 4256 689 4301 antea
744 4249 1043 4304 ostendisse
1086 4249 1207 4316 quis
1256 4250 1485 4316 dixerit,
1516 4250 1715 4305 Furia-

154 4352 259 4389 nuu
290 4340 402 4408 (ς),
429 4344 484 4392 et
528 4337 593 4389 ad
620 4354 777 4407 quem
820 4342 1049 4403 dixerit,
1086 4356 1189 4393 non
1239 4342 1467 4395 obscure
1520 4344 1717 4397 indicat

152 4432 445 4482 orationem
484 4444 676 4483 nouam
716 4429 765 4481 in
814 4431 1219 4499 Hexaemeron,
1251 4434 1301 4485 in
1344 4450 1445 4501 qua
1492 4437 1605 4490 lucc
1650 4435 1715 4489 ad

1806 578 1986 630 statim
2022 586 2141 643 post
2194 584 2418 628 mortem
2452 575 2622 628 sancti
2662 573 2842 627 Basilii
2876 590 3012 643 opus
3040 574 3204 637 illius,
3235 584 3374 629 teste

1805 666 2010 731 Niceta,
2058 666 2225 719 frater
2271 666 2580 719 absolverit.
2619 664 2755 720 Hinc
2790 667 2949 719 etiam
2990 676 3099 720 tres
3136 668 3375 721 humilia:

1807 762 2147 831 reperiuntur
2169 760 2385 829 quidem
2418 758 2518 812 sub
2547 760 2765 813 nomine
2806 759 2862 814 S.
2892 760 3071 813 Basilii
3102 762 3152 813 in
3183 776 3379 815 recen-

1808 854 2031 907 tioribus
2062 852 2338 906 codicibus
2390 867 2554 914 mss.,
2597 861 2651 904 at
2698 868 2963 921 nusquam
3006 863 3264 921 apparent
3320 851 3375 906 in

1806 945 2220 1014 antiquioribus.
2265 944 2378 997 Non
2444 945 2588 998 enim
2640 944 2877 999 eruditos
2934 946 3181 999 librarios
3225 944 3375 999 fraus

1808 1038 2086 1093 manifesta
2140 1037 2405 1093 latuisset.
2444 1039 2515 1091 At
2552 1038 2964 1100 recentioribus,
3012 1054 3133 1091 cum
3179 1038 3376 1091 doctis-

1806 1131 1925 1184 simi
1957 1146 2060 1183 non
2092 1142 2293 1193 essent,
2320 1141 2497 1201 atque,
2519 1140 2576 1182 ut
2604 1130 2895 1183 verisimile
2931 1139 3033 1190 est,
3070 1130 3382 1196 ignorarent

1807 1223 1987 1276 Basilii
2015 1238 2148 1292 opus
2173 1238 2200 1275 a
2231 1222 2399 1277 fratre
2428 1222 2669 1292 Nysscno
2702 1221 2997 1275 absolutum
3032 1220 3219 1282 fuisse,
3253 1235 3379 1287 pro-

1806 1316 1942 1368 clive
1974 1315 2074 1367 fuit
2104 1315 2372 1378 homilias,
2400 1329 2514 1381 qua:
2544 1314 2609 1367 ad
2654 1312 2779 1365 illml
2816 1328 2949 1379 Opus
2992 1311 3377 1366 abSolvendum

1806 1417 1941 1476 aptae
1971 1406 2308 1470 videbantur,
2349 1407 2530 1459 Basilii
2562 1404 2762 1457 nomini
2794 1404 3062 1470 allingete.

1876 1504 1935 1555 2°
1959 1502 2093 1556 Tres
2128 1502 2359 1554 homilia:
2394 1516 2495 1553 non
2533 1518 2625 1553 sua
2658 1510 2847 1567 sponte
2880 1499 3037 1551 simul
3078 1498 3380 1567 conjuncue

1808 1603 1951 1654 sunt,
1983 1593 2073 1645 sed
2106 1593 2217 1646 lucc
2253 1610 2280 1645 a
2322 1592 2556 1645 librariis
2605 1592 2845 1645 instituta
2885 1588 3212 1654 coniunctio.
3249 1587 3380 1641 Nam

1806 1684 2053 1736 secundm
2082 1684 2310 1737 orationi
2344 1686 2545 1739 nullum
2581 1688 2719 1739 inest
2752 1683 3032 1738 consilium
3070 1681 3381 1735 absolvendi

1808 1774 1859 1827 id
1907 1776 2045 1844 quod
2084 1776 2134 1829 in
2189 1778 2360 1844 prima
2408 1778 2595 1831 disseri
2644 1788 2880 1846 emptum
2930 1773 3131 1828 fuerat.
3178 1771 3375 1826 Habita

1810 1868 1953 1921 enim
1979 1876 2059 1921 est
2096 1870 2209 1922 haec
2237 1869 2469 1923 secunda
2495 1869 2711 1922 homilia
2748 1871 2816 1922 ad
2860 1868 3200 1922 occasionem
3230 1864 3381 1918 Scri-

1811 1969 2001 2029 pturze,
2028 1976 2145 2029 qua:
2174 1961 2261 2014 illo
2294 1962 2380 2016 die
2426 1963 2560 2017 lecta
2608 1960 2783 2016 fuerat
2816 1978 2830 2015 :
2860 1974 3090 2028 eamque
3130 1962 3207 2013 sic
3255 1974 3383 2013 con-

1813 2053 1980 2107 cludit
2020 2053 2065 2106 is
2098 2070 2125 2106 a
2174 2068 2280 2122 quo
2316 2056 2658 2121 pronuntiata
2689 2064 2792 2120 est,
2825 2063 2883 2107 ut
2913 2067 2973 2106 se
3018 2052 3084 2105 ad
3122 2066 3379 2105 necessa-

1812 2145 1951 2198 rium
1984 2146 2086 2198 iter
2116 2156 2491 2213 properantem
2528 2147 2830 2199 auditorum
2883 2144 3137 2215 precibus
3188 2144 3379 2197 deduci

1813 2237 2068 2305 postulet.
2102 2236 2279 2293 Tertia
2333 2240 2449 2293 sine
2499 2239 2603 2292 ullo
2631 2253 2853 2307 prorsus
2890 2238 3114 2291 exordio
3139 2237 3327 2306 incipit
3355 2250 3383 2288 a

1814 2328 2078 2381 versiculo
2107 2328 2421 2398 Scriptum,
2454 2330 2701 2397 quamvis
2738 2324 2980 2396 prtcfatio
3009 2329 3256 2396 quaedam
3287 2326 3384 2379 ad-

1814 2419 1985 2473 hiberi
2012 2419 2307 2487 debuisset,
2328 2422 2370 2473 si
2404 2423 2447 2476 is
2473 2424 2561 2491 qtti
2588 2420 2876 2475 secundam
2912 2420 3383 2489 pronuntiaverat,

1815 2512 2027 2565 tertiam
2056 2526 2119 2565 ex
2174 2511 2366 2565 itinere
2421 2512 2586 2565 redux
2638 2511 3057 2579 pronuntiasset.
3114 2508 3249 2563 Tota
3299 2524 3386 2562 res

1813 2620 1942 2674 ergo
1968 2607 2017 2658 in
2044 2606 2317 2659 librarium
2348 2605 2581 2675 aliquem
2620 2606 2930 2674 rejicienda,
2969 2603 3059 2673 qui
3091 2616 3213 2657 cum
3252 2616 3387 2671 Opus

1814 2697 1983 2750 sancti
2037 2696 2218 2749 Basilii
2273 2697 2575 2751 absolutum
2630 2707 2749 2767 post
2785 2697 2925 2750 illius
2956 2706 3183 2749 mortem
3223 2695 3389 2748 fuisse

1814 2787 2068 2853 nesciret,
2093 2789 2251 2841 simul
2305 2789 2588 2857 conjunxit
2633 2800 2737 2842 tres
2794 2787 2911 2841 illas
2956 2786 3234 2852 bomilias,
3268 2799 3389 2855 qua

1814 2880 2017 2934 idoneae
2052 2880 2117 2933 ad
2143 2880 2269 2934 illud
2316 2881 2695 2936 absolvendum
2728 2882 3069 2935 videbantur.

1882 2971 1939 3025 5ο
1972 2972 2166 3025 Addita
2193 2987 2314 3026 esse
2348 2982 2400 3026 et
2446 2982 2650 3037 assuta,
2676 2987 2796 3041 qua:
2825 2971 2877 3023 in
2919 2973 3089 3039 prima
3141 2971 3388 3024 oratione

1815 3064 2100 3119 coosilium
2143 3067 2385 3120 indicant
2432 3066 2747 3121 absolvendi
2791 3066 2973 3136 Operis
3014 3065 3224 3129 Basilii,
3266 3065 3389 3117 inde

1817 3158 2160 3226 perspicitur,
2180 3158 2321 3226 quod
2350 3173 2469 3211 cum
2497 3174 2590 3212 sua
2614 3169 2802 3227 sponte
2837 3160 2951 3213 haec
2982 3158 3157 3211 oratio
3188 3156 3388 3210 nullam

1814 3249 2011 3302 habeat
2043 3262 2163 3299 cum
2194 3250 2402 3303 duabus
2428 3249 2551 3304 aliis
2584 3251 3058 3313 necessitudinem,
3093 3264 3154 3301 ac
3182 3249 3246 3301 de
3272 3250 3392 3316 plu-

1815 3342 1963 3394 ribus
1985 3355 2017 3393 a
2042 3339 2241 3394 Basilio
2268 3342 2548 3409 promissis
2589 3358 2757 3410 pauca
2796 3352 3175 3410 persequatur,
3209 3343 3391 3395 minus

1815 3433 2004 3486 idonea
2053 3433 2126 3486 sit
2162 3432 2228 3486 ad
2286 3432 2674 3489 absolvendum
2708 3450 2844 3503 opus
2892 3436 2943 3488 in
2993 3433 3383 3488 Hexaemeron.

1814 3524 1992 3589 Quare
2026 3526 2319 3581 verisimile
2347 3538 2433 3581 est
2460 3541 2607 3590 eum,
2634 3529 2722 3597 qui
2764 3543 2886 3580 cum
2929 3528 3030 3580 hac
3061 3526 3232 3596 prima
3257 3525 3390 3579 duas

1815 3616 1947 3671 alias
1991 3618 2306 3688 conjunxit,
2340 3634 2406 3673 ea
2460 3618 2623 3673 etiam
2679 3619 2743 3673 de
2797 3634 2896 3673 suo
2938 3619 3232 3683 addidisse,
3273 3632 3393 3687 qua:

1818 3710 1875 3765 S.
1919 3710 2114 3765 Basilio
2146 3727 2447 3781 congruere
2476 3713 2815 3767 videbantur.

1885 3802 1970 3854 ιν.
2007 3803 2138 3855 Cum
2178 3803 2364 3855 decem
2406 3812 2459 3858 et
2502 3814 2706 3863 septem
2761 3805 2993 3857 homilia:
3040 3804 3092 3857 in
3150 3802 3391 3858 Psalmos

1816 3893 1945 3949 nihil
1970 3908 2189 3965 prorsus
2215 3895 2575 3963 suppeditant,
2600 3911 2667 3949 ex
2699 3910 2804 3965 quo
2828 3893 3081 3951 Basilium
3118 3906 3245 3950 tunc
3272 3896 3389 3963 epi-

1816 4006 2035 4060 scopum
2065 3991 2249 4053 t'uisse,
2286 4001 2379 4045 aut
2410 3988 2522 4057 jam
2555 3992 2819 4059 prodiisse
2849 3992 3096 4046 haeresim
3129 3992 3393 4046 Pueuma-

1819 4078 2191 4131 tomachorum
2248 4078 2672 4146 perspiciamus;
2718 4088 2826 4133 tum
2870 4096 2999 4135 vero
3028 4082 3147 4135 dua:
3181 4097 3246 4135 ex
3288 4082 3392 4135 illis

1817 4172 2001 4223 decem
2044 4182 2096 4223 et
2136 4180 2338 4239 septem
2382 4170 2618 4224 homiliis
2662 4172 3034 4240 presbyterum
3084 4174 3229 4226 illum
3266 4186 3392 4227 tunc

1816 4262 1985 4315 fuisse
2006 4260 2256 4329 probant.
2288 4261 2379 4316 Sic
2408 4262 2548 4315 enim
2574 4261 2808 4329 loquitur
2846 4262 2896 4315 in
2930 4263 3147 4318 homilia
3171 4266 3222 4317 in
3247 4267 3391 4332 psal-

1818 4368 1905 4407 mo
1934 4369 2022 4406 xtv
2054 4353 2127 4423 (p.
2163 4352 2285 4419 HO)
2314 4372 2326 4407 :
2363 4354 2471 4406 Ἑνὶ
2514 4352 2687 4418 τούτῳ
2710 4353 3037 4427 διαφέρομεν
3070 4356 3179 4411 τῶν
3226 4359 3393 4411 πλου-

1815 4447 2047 4500 τούντων
2071 4448 2120 4498 οἱ
2151 4446 2398 4515 πένητες,
2429 4448 2493 4517 τῇ
2534 4447 2855 4519 ἁμεριμνίᾳ.
2896 4448 3015 4503 Hac
3044 4467 3147 4502 una
3181 4467 3234 4502 re
3269 4452 3397 4504 divi-

153 4513 336 4571 Filium
364 4520 510 4574 dicta
540 4534 663 4574 esse
685 4522 1004 4577 ostenditur.
1027 4525 1131 4579 Sed
1166 4536 1342 4580 tamen
1383 4544 1487 4581 non
1522 4529 1713 4583 desunt
1745 4553 1787 4608 υ
1817 4540 1949 4591 (ibus
1992 4554 2081 4590 nos
2133 4513 2385 4605 pauperes
2430 4513 2761 4608 put-simitu},
2805 4513 3052 4592 curarum
3110 4544 3391 4597 vacuitate.

156 4614 404 4679 rationes,
433 4633 531 4671 cur
562 4618 744 4671 malim
779 4618 893 4673 haec
928 4637 955 4672 a
998 4622 1237 4677 librariis
1271 4625 1577 4679 recentibus
1627 4638 1714 4677 as-

154 4714 264 4760 suta
304 4710 548 4771 credere,
581 4726 741 4780 quant
770 4722 877 4766 tres
930 4713 1051 4767 illas
1080 4716 1329 4770 [inutilius
1369 4717 1573 4771 homini
1621 4714 1716 4769 tri-

186 4812 313 4852 nere
359 4808 557 4853 οιιθεο.

217 4889 274 4943 1ο
312 4888 652 4960 Perantiqute
676 4906 800 4950 sunt
824 4896 924 4952 illa)
966 4896 1218 4963 homilize,
1256 4917 1319 4953 ac
1346 4911 1584 4954 veterum
1618 4899 1719 4952 l’a-

157 4991 286 5036 trum
323 4984 624 5039 disserendi
656 4988 916 5044 rationem
974 4994 1197 5045 omnino
1248 4994 1510 5047 referunt.
1551 4994 1717 5047 l’orro

156 5078 415 5131 neminem
452 5092 520 5129 ex
553 5079 786 5145 antiquis
817 5083 973 5150 paulo
1010 5085 1317 5153 peritiorem
1354 5086 1517 5139 fuisse
1542 5085 1721 5139 existi-

156 5181 315 5233 mem,
369 5172 458 5241 qui
508 5188 644 5241 opus
695 5174 878 5231 Basilii
928 5179 982 5232 in
1045 5178 1412 5233 Hexaemeron
1462 5180 1722 5248 Gregorio

156 5257 391 5329 διεθρηο
438 5265 743 5320 absolutum
788 5268 953 5323 fuisse
1016 5273 1270 5327 nesciret.
1316 5271 1497 5336 Quare
1541 5270 1729 5325 debuit

154 5367 209 5405 ea
242 5371 331 5410 res
352 5358 645 5422 deterrere,
671 5360 959 5429 quominus
974 5365 1259 5433 quisquam
1288 5364 1427 5418 hanc
1445 5364 1725 5418 materiam

240 5603 291 5661 α)
341 5600 527 5654 llomil.
570 5604 622 5663 9,
661 5618 710 5667 [ι.
750 5604 835 5657 88.

215 5602 291 5787 gn)
341 5602 527 5654 llomil.
570 5604 622 5663 9,
661 5618 710 5667 [ι.
750 5604 835 5657 88.

239 5671 287 5795 [νζ
345 5669 414 5719 De
434 5674 674 5746 scriptor.
710 5673 907 5750 Ιςεςιεε.

228 5750 264 5795 _r:
341 5735 405 5785 De
442 5742 854 5792 tnudutmlwm.
888 5742 905 5791 ι

228 5735 286 5810 ξς)
341 5735 413 5810 {)e
442 5738 854 5810 irratdut._riiviri.
888 5742 990 5805 ιη..
1017 5758 1134 5810 Cap.
1182 5747 1226 5797 I.

215 5804 291 5855 ω)
342 5799 451 5854 Lib.
481 5819 555 5861 tv.
588 5820 639 5857 c.
661 5805 750 5859 26.

1818 4628 2097 4698 Nunquam
2160 4644 2287 4684 sane
2341 4645 2541 4699 pauper
2586 4644 2705 4683 esse
2751 4630 2911 4685 desiit
2944 4630 3195 4698 Basilius,
3229 4636 3393 4689 etiam

1818 4720 1957 4773 inter
2008 4722 2213 4791 amplos
2245 4724 2447 4777 reditus
2498 4722 2838 4792 episcopatus
2883 4724 3233 4782 stariensis
3261 4746 3273 4782 :
3302 4728 3393 4781 sed

1788 4803 1996 4866 'tamen
2025 4814 2189 4866 multo
2211 4815 2415 4882 requius
2431 4822 2487 4869 et
2502 4816 2682 4871 verius
2704 4816 2844 4871 inter
2862 4831 3125 4885 pauperes
3145 4830 3265 4873 sese
3291 4834 3392 4870 nu-

1820 4920 2031 4958 merare
2065 4906 2255 4974 potuit,
2278 4921 2400 4961 cum
2428 4924 2549 4963 eum
2584 4911 2837 4964 omnibus
2867 4912 3028 4965 rebus
3056 4913 3250 4964 nudum
3279 4928 3397 4981 pro-

1819 4998 2000 5064 pinqui
2033 5007 2085 5049 et
2110 4997 2259 5051 chari
2297 5010 2685 5063 sustentarent,
2719 5016 2879 5068 quam
2916 5017 3036 5055 cum
3071 5003 3184 5070 ipse
3205 5007 3397 5073 opibus

1819 5088 1883 5141 ad
1925 5088 2151 5143 aliorum
2183 5092 2415 5160 inopiam
2450 5094 2860 5147 sustentandam
2895 5093 3215 5149 abuujaret.

1894 5178 2067 5247 Supra
2110 5183 2185 5250 (Ii)
2226 5184 2504 5237 attulimus
2557 5184 2705 5238 aliud
2768 5186 3138 5239 testimonium
3193 5204 3256 5243 ex
3302 5192 3372 5245 ho

1825 5272 1969 5324 milia
2002 5273 2052 5326 in
2083 5276 2274 5341 psalin.
2304 5290 2429 5329 cxtv
2499 5275 2632 5329 Cum
2677 5276 2906 5343 populus
2950 5292 2980 5330 a
3032 5280 3203 5332 media
3236 5289 3396 5334 nocte

1828 5380 1996 5433 usque
2046 5368 2109 5418 ad
2155 5368 2433 5421 meridiem
2483 5368 2533 5421 in
2570 5370 2799 5436 quadam
2842 5379 3136 5441 martyrum
3168 5372 3396 5429 ecclesia

1900 5614 1966 5684 (ξ)
2004 5612 2160 5684 Tum.
2197 5615 2236 5684 l,
2272 5633 2322 5684 p.
2350 5619 2403 5670 4.

1897 5683 1963 5754 (Γ)
2002 5682 2152 5754 Tum.
2189 5683 2227 5747 Ι,
2254 5682 2515 5754 appetiti,
2550 5703 2601 5754 μ.
2636 5687 2758 5741 524.

1898 5753 1971 5811 ty)
2010 5750 2143 5801 Gen.
2180 5770 2214 5809 ι,
2241 5752 2329 5805 26.

1897 5821 1971 5873 Hi)
2013 5816 2137 5869 Cat).
2183 5820 2263 5876 l0.
2303 5836 2355 5873 n.
2394 5823 2443 5873 2.
