4080 6314
701 346 798 391 Cu
807 347 861 389 ιν

2051 327 2561 386 PROLEGOIENA
2573 370 2589 383 .

704 452 925 518 psalmis
951 452 1208 507 canendis
1228 458 1525 521 occupatus
1553 450 1739 506 fuisset
1764 492 1780 517 ,
1816 448 2031 504 advenit
2058 451 2272 504 tandem
2301 454 2348 510 Α
2379 460 2585 515 rentur,
2638 451 2690 505 id
2736 453 2873 521 quod
2914 454 3154 509 secundo
3200 452 3384 509 Basilii
3424 455 3778 525 episcopatus
3824 470 3980 510 anno

702 546 952 609 Basilius,
993 554 1156 614 atque
1186 543 1285 598 hac
1315 545 1661 599 excusatione
1688 547 1876 605 utitur,
1902 559 1999 596 cur
2032 544 2118 595 diu
2156 559 2274 595 inn-

701 647 851 691 ratus
881 636 1105 692 fuisset:
1133 635 1194 688 El
1227 635 1284 687 δὲ
1309 634 1387 687 δεῖ
1416 634 1511 687 καὶ
1558 634 1706 704 ἡμᾶς
1738 632 1876 702 ὑπὲρ
1912 631 2069 702 ἡμῶν
2098 630 2275 683 αὐτῶν

699 728 1162 799 ἀπολογήσασθαιτ
1215 728 1313 799 τῆς
1363 726 1645 797 διατριῦἧς
1691 726 1875 778 ἕνεκεν
1925 725 2021 777 καὶ
2054 724 2150 793 τῆς
2184 724 2277 776 ἐπὶ

699 821 950 875 πλεῖστον
975 819 1309 890 ἀπολείψεως
1342 818 1518 889 ὑμῶν,
1555 816 1787 888 ἐροῦμεν
1826 814 1921 883 τὴν
1948 816 2152 876 αἰτίαν,
2191 816 2275 867 ὅτι

696 910 864 981 ἀλλην
901 912 1160 983 ὁμότιμον
1199 910 1371 983 ταύτῃ
1411 912 1504 964 τοῦ
1530 910 1665 963 Θεοῦ
1710 909 2033 979 Ἐκκλησίαν
2068 910 2277 961 οἰκονο-

701 1007 925 1077 μοῦντες
955 1007 1055 1059 οὐκ
1086 1004 1252 1076 ὀλίγῳ
1293 1003 1429 1075 πρὸς
1469 1005 1613 1074 ὑμᾶς
1658 1002 2035 1076 διειργομένην
2062 1002 2138 1072 τῷ
2164 1002 2277 1056 δια-

698 1100 958 1169 στήματι,
984 1097 1074 1151 τὸν
1104 1098 1292 1169 χρόνον
1320 1095 1507 1149 τοῦτον
1551 1096 1651 1164 τῆς
1700 1095 1910 1167 ἡμέρας
1954 1092 2275 1148 κατανωλώ-

698 1206 891 1261 σαμεν.
929 1189 1081 1242 Ἐπεὶ
1108 1183 1200 1241 οὖν
1242 1187 1442 1240 ἔδωκεν
1492 1189 1519 1240 ὁ
1566 1185 1761 1258 Κύριος
1814 1186 2087 1249 κάκείνοις
2137 1185 2275 1255 πλη-

700 1284 870 1353 ρῶσαι
940 1282 1036 1354 τὴν
1089 1280 1465 1352 λειτουργίαν,
1524 1280 1617 1333 καὶ
1675 1280 1748 1350 μὴ
1799 1279 2117 1349 διαμαρτεῖν
2174 1278 2275 1347 τῆς

696 1373 968 1445 ὑμετέρας
1006 1372 1248 1440 ἀγάπης,
1290 1370 1514 1423 ἀπόδοτε
1562 1367 1679 1440 μεθ’
1711 1367 1866 1439 ἡμῶν
1909 1368 2007 1437 τὴν
2054 1367 2273 1435 εὐχαρι-

696 1464 850 1518 otiati
884 1464 962 1535 τῷ
996 1464 1279 1536 εὐεργέτῃ,
1325 1463 1403 1533 τῷ
1451 1463 1549 1532 τὴν
1595 1460 1880 1531 ὁρωμένην
1934 1458 2136 1529 ταύτην
2178 1456 2271 1510 τοῦ

696 1556 948 1628 σώματος
980 1556 1136 1628 ἡμῶν
1171 1555 1454 1609 ἀσθένειαν
1491 1556 1558 1624 τῇ
1594 1553 1811 1623 ἀοράτῳ
1851 1548 2015 1605 αὐτοῦ
2044 1550 2270 1619 δυνάμει

693 1650 1139 1721 χειραγωγοῦντι.
1177 1648 1330 1713 Quod
1370 1649 1413 1702 si
1456 1648 1606 1700 nobis
1647 1645 1985 1698 excusatione
2017 1660 2145 1709 opus
2172 1652 2269 1706 est,

692 1747 831 1815 quod
866 1747 1058 1798 morati
1107 1746 1292 1809 simus,
1339 1754 1384 1797 et
1422 1761 1453 1797 a
1498 1743 1637 1797 vobis
1686 1740 2007 1810 abfuerimus
2045 1742 2268 1808 perdiu,

2374 543 2619 611 contigit.

2446 631 2671 688 Videtur
2708 634 3001 705 Gregorius
3045 636 3422 694 Nazianzenus
3472 640 3732 697 homilias
3777 642 3979 697 Basilii

2376 724 2429 778 in
2467 725 2708 783 Psalmos
2735 728 2995 791 indicare.
3021 746 3143 786 cum
3173 730 3352 786 laudat
3384 732 3525 788 illius
3548 735 3977 798 enarrationes,

2375 816 2429 869 in
2482 818 2677 882 quibus
2735 817 3073 887 Scrtpturam
3122 822 3207 887 iis,
3256 822 3348 891 qui
3399 823 3764 892 simpliciores
3818 836 3976 891 sunt,

2379 908 2642 963 trifariam
2700 910 3047 979 explanabat.
3103 913 3158 967 Id
3210 914 3413 982 Optime
3472 917 3732 970 convenit
3775 918 3871 971 liis
3920 918 3975 971 in

2378 999 2612 1066 psalmos
2641 1001 2900 1057 bomiliis.
2930 1000 3045 1055 Non
3079 1003 3220 1057 enim
3255 1003 3485 1060 Basilius
3513 1005 3563 1059 in
3600 1006 3811 1061 littera:
3848 1021 3978 1060 cor—

2380 1088 2503 1152 tice,
2534 1100 2591 1143 ut
2629 1091 2703 1145 ait
2745 1090 3059 1161 Gregorius,
3103 1095 3290 1163 pedem
3352 1095 3485 1165 ﬁgit,
3529 1099 3621 1152 sed
3682 1110 3975 1167 praetcrea

2378 1180 2633 1236 moralem
2664 1198 2879 1239 sensum
2909 1195 2963 1239 et
2988 1201 3074 1251 ea,
3101 1201 3221 1255 qua:
3264 1189 3329 1241 ad
3364 1188 3639 1244 Christum
3671 1201 3977 1260 spectant,

2377 1273 2687 1344 investigat.
2731 1277 3019 1333 Existimat
3067 1278 3443 1337 Tillemontius
3488 1284 3733 1353 psalmos
3763 1285 3978 1340 ordine

2376 1382 2406 1420 a
2440 1380 2628 1422 sancto
2651 1369 2847 1427 Basilio
2879 1373 3202 1441 explanatos
3231 1373 3417 1439 fuisse,
3450 1387 3609 1447 atque
3647 1394 3719 1434 ex
3760 1395 3977 1449 magno

2376 1460 2467 1514 illo
2518 1462 2855 1518 homiliarum
2914 1482 3141 1522 numero
3180 1483 3473 1537 perpaucas
3517 1473 3582 1525 ad
3623 1488 3727 1527 nos
3765 1488 3977 1541 perve-

2375 1556 2541 1612 nisse.
2575 1556 2670 1610 llis
2702 1557 3002 1615 rationibus
3049 1560 3240 1614 nititur
3294 1562 3636 1619 doctissimus
3690 1567 3974 1635 scriptor,

2374 1651 2516 1717 quod
2554 1650 2695 1703 nulla
2724 1652 2940 1707 videtur
2961 1655 3237 1710 exstitisse
3281 1670 3467 1721 causa,
3500 1670 3595 1709 cur
3623 1658 3726 1713 hos
3775 1660 3977 1729 potius

2374 1756 2533 1811 quam
2558 1742 2680 1797 illos
2699 1743 2764 1797 ad
2790 1744 3180 1814 explanandum
3207 1745 3436 1801 Basilius
3458 1747 3729 1817 elegisset,
3759 1750 3977 1806 deinde

693 1841 831 1892 hanc
870 1839 1148 1907 a/feremus
1186 1854 1422 1901 causam,
1456 1836 1615 1905 quod,
1641 1851 1757 1887 eum
1784 1834 1945 1886 aliam
1976 1832 2069 1886 Dei
2102 1832 2265 1887 eccle—
2302 1831 2345 1886 Β
2373 1834 2512 1901 quod
2575 1835 2954 1890 nonnullorum
3010 1838 3442 1907 explanationem
3504 1854 3607 1893 non
3669 1841 3926 1897 absolvit
3955 1864 3970 1907 ;

692 1931 849 1988 siam.
874 1932 995 1984 huic
1026 1932 1222 1985 honore
1269 1946 1469 1998 parem,
1516 1928 1967 1990 administremus,
2012 1943 2113 1979 non
2163 1942 2271 1978 me-

692 2024 861 2079 diocri
895 2041 927 2077 a
970 2025 1108 2078 vobis
1140 2026 1423 2076 distantem
1450 2021 1749 2083 intervallo,
1795 2022 1894 2074 hoc
1929 2029 2129 2089 tempus
2165 2019 2269 2071 diei

692 2118 1190 2185 consumpserimus.
1231 2114 1362 2172 Cum
1394 2116 1555 2186 igitur
1596 2115 1798 2169 dederit
1828 2113 2101 2176 Dominus,
2142 2122 2197 2164 ut
2222 2118 2270 2163 et

691 2210 799 2265 illis
825 2210 1091 2277 implerem
1138 2210 1429 2278 liturginm,
1466 2226 1558 2262 nec
1607 2218 1787 2262 vestri:
1830 2208 2057 2261 deessem
2094 2203 2270 2258 chari-

692 2303 814 2369 lati,
848 2319 1046 2356 mecum
1071 2301 1298 2368 beneﬁca
1334 2300 1578 2371 largitori
1605 2301 1802 2369 gratias
1832 2300 1993 2368 agite,
2014 2298 2105 2366 qui
2133 2299 2269 2349 hanc

689 2412 850 2460 quam
889 2395 1075 2450 videtis
1138 2394 1376 2461 corporis
1435 2396 1602 2447 nostri
1661 2391 1977 2446 debilitatem
2022 2388 2268 2442 invisibili

690 2505 787 2543 sua
807 2488 1041 2558 potentia
1069 2488 1306 2541 deduxit.
1348 2486 1420 2540 Ex
1468 2488 1551 2541 his
1598 2496 1747 2556 patet
1780 2500 1941 2538 unam
1989 2498 2057 2537 ex
2087 2481 2268 2538 Casa-

696 2578 963 2636 rieusibus
1016 2579 1261 2635 ecclesiis
1308 2577 1503 2634 Basilio
1558 2580 1900 2632 commissam
1960 2576 2158 2642 fuisse,
2204 2589 2270 2629 ac

693 2672 922 2744 proinde
959 2672 1195 2727 nondum
1238 2670 1549 2741 episcopum
1592 2669 1781 2723 fuisse.
1817 2668 1931 2723 Non
1994 2668 2135 2721 enim
2189 2666 2270 2721 sic

693 2764 946 2822 Iounatur
970 2767 1260 2834 cpiscopus
1295 2762 1359 2816 ad
1400 2777 1558 2831 quem
1592 2763 1832 2816 omnium
1888 2761 2141 2816 dimcesis
2179 2775 2268 2815 ec-

689 2856 976 2910 clesiarum
1011 2871 1140 2909 cura
1186 2854 1458 2922 pertinet;
1497 2863 1592 2907 aut
1644 2853 1688 2907 si
1732 2852 2041 2916 ecclesiam,
2077 2852 2264 2921 inqua

690 2947 965 3018 liturgiam
993 2948 1272 3004 celebrare
1322 2946 1480 3012 solet,
1512 2947 1613 3001 sibi
1647 2946 1711 3000 ad
1747 2947 2037 3016 regendum
2073 2944 2265 3013 praecl.

689 3057 796 3111 pne
824 3042 1171 3096 commissam
1208 3041 1392 3094 dicere
1426 3040 1616 3108 possit,
1652 3053 1755 3091 non
1793 3046 1971 3091 tamen
2009 3038 2135 3090 huic
2179 3052 2270 3091 ec-

691 3133 869 3191 clesia
893 3134 1026 3187 alias
1069 3134 1121 3187 in
1159 3133 1303 3202 agris
1342 3141 1432 3185 aut
1462 3131 1529 3185 ad
1560 3131 1748 3185 urbem
1795 3138 2136 3184 constructas
2170 3129 2267 3183 ho—

693 3238 826 3282 nore
852 3237 908 3283 et
943 3225 1205 3297 dignitate
1240 3239 1398 3296 pares
1429 3224 1725 3281 existimet.

762 3410 821 3469 Si
882 3411 1141 3468 Ba'ilium
1198 3413 1265 3467 ad
1313 3412 1413 3467 has
1466 3412 1598 3465 duas
1646 3410 1919 3475 homilias,
1972 3409 2179 3480 nempe'
2210 3412 2263 3464 in

690 3508 884 3580 psalm.
912 3523 1003 3562 xtv
1031 3517 1086 3561 et
1114 3522 1261 3573 cxtv,
1310 3506 1429 3577 ipso
1476 3505 1808 3576 psalmorum
1856 3505 2047 3560 ordine
2096 3506 2265 3559 addu-

689 3609 838 3657 ctum
876 3613 999 3655 esse
1037 3610 1353 3664 constaret,
1397 3610 1639 3653 statuere
1698 3615 1983 3668 possemus
2042 3608 2265 3653 cmteras

686 3706 904 3763 quoque
935 3691 987 3745 in
1020 3689 1256 3761 psalmos
1298 3688 1551 3743 homilias
1590 3698 1715 3742 ante
1755 3688 2121 3756 episcopatum
2164 3690 2263 3742 ha-

688 3784 834 3840 bitas
868 3785 1055 3840 fuisse.
1084 3783 1189 3840 Sed
1214 3783 1433 3839 bomilia
1472 3783 1525 3838 in
1557 3783 1750 3854 psalm.
1774 3798 1900 3838 cxtv
1935 3782 1986 3835 in
2012 3781 2261 3845 ecclesia,

692 3875 747 3930 in
781 3891 887 3945 qua
916 3876 1145 3932 Basilius
1175 3876 1485 3931 concionari
1523 3892 1627 3930 non
1663 3876 1889 3941 solebat,
1921 3874 1987 3929 ad
2016 3874 2263 3929 occasio.

692 3980 815 4023 nem
879 3967 1093 4037 psalmi,
1140 3968 1232 4038 qui
1296 3968 1630 4038 ingrediente
1683 3968 1882 4024 Basilio
1946 3969 2261 4035 cauebatur,

688 4060 1040 4131 pronuntiata
1107 4071 1211 4118 est.
1283 4060 1436 4130 Quod
1494 4073 1701 4132 spectat
1758 4062 1825 4115 ad
1882 4063 2155 4117 homiliam
2207 4062 2261 4117 in

689 4154 884 4224 psalm.
920 4169 1036 4219 xsv,
1072 4154 1214 4209 illam
1241 4156 1457 4225 quidem
1484 4155 1673 4209 habuit
1709 4154 1958 4217 Basilius.
1996 4165 2054 4210 ut
2082 4156 2261 4210 absol-

687 4252 840 4299 veret
872 4260 991 4314 qua:
1012 4246 1182 4315 pridie
1216 4246 1282 4301 de
1321 4246 1511 4302 eodem
1546 4246 1751 4316 psalmo
1780 4248 2129 4303 disseruerat.
2155 4248 2261 4304 Sed

687 4350 811 4390 cum
848 4335 1065 4390 dubium
1096 4337 1168 4391 sit
1201 4353 1267 4392 an
1314 4338 1591 4393 bomiliam
1642 4338 1783 4393 illam
1812 4340 1985 4408 pridie
2021 4355 2259 4408 pronun-

686 4428 877 4485 tiatam
915 4427 1240 4495 habeamus,
1289 4430 1551 4485 incertum
1582 4432 1747 4485 etiam
1780 4440 1864 4486 est
1898 4441 2077 4486 utrum
2114 4435 2165 4485 in
2198 4449 2257 4487 ea

2375 1938 2487 1981 tum
2517 1930 2677 1984 etiam
2709 1933 2831 2001 quia
2866 1932 2918 1986 in
2966 1932 3182 1987 bomilia
3224 1934 3273 1987 in
3304 1934 3496 2003 psalm.
3531 1949 3717 1988 xxxvu
3751 1936 3975 1991 citatur

2374 2019 2590 2073 homilia
2638 2021 2688 2075 in
2743 2023 2935 2091 psalm.
2987 2039 3062 2091 Vl,
3111 2036 3165 2078 et
3221 2027 3359 2094 apud
3413 2026 3741 2098 Symeonem
3782 2025 3974 2081 Meta-

2373 2112 2648 2181 phrastem
2702 2115 2932 2170 bomilia:
2982 2117 3035 2171 in
3085 2118 3317 2186 psalmos
3356 2134 3435 2183 xt,
3484 2134 3671 2182 xxxiv,
3708 2134 3970 2185 xxxvm,

2371 2220 2439 2258 ιγ
2498 2205 2757 2259 citantur.
2828 2206 3162 2262 Sententiam
3227 2209 3554 2265 Tillemontii
3615 2213 3972 2267 coiilirtnare

2370 2312 2657 2367 possumus
2700 2314 2764 2352 ex
2810 2299 3025 2351 bomilia
3056 2301 3107 2353 in
3150 2303 3344 2370 psalm.
3394 2319 3544 2365 xxix,
3574 2304 3661 2357 ubi
3714 2302 3971 2357 Basilius

2369 2389 2514 2441 velut
2545 2389 2596 2442 in
2625 2389 2781 2460 longo
2812 2391 3043 2458 quodam
3080 2404 3144 2443 ac
3187 2408 3291 2444 non
3328 2394 3637 2446 intermisso
3674 2406 3853 2461 opere
3883 2392 3971 2446 ci-

2371 2488 2587 2550 tat-quze
2615 2480 2668 2535 in
2705 2482 3079 2550 superioribus
3111 2481 3347 2535 homiliis
3379 2498 3516 2551 stepe
3558 2485 3795 2538 dixerat.
3833 2485 3969 2540 Sae-

2368 2587 2429 2642 pe
2453 2573 2648 2626 dictum
2672 2586 2768 2638 est,
2803 2574 2999 2641 inquit,
3030 2576 3092 2626 de
3119 2572 3346 2627 clamore
3372 2575 3440 2624 ad
3472 2572 3779 2635 Dominum,
3807 2576 3965 2643 quod

2369 2662 2437 2715 sit
2468 2662 2582 2732 ejus
2610 2664 2794 2728 solius,
2818 2667 2906 2733 qui
2931 2681 3120 2734 magna
3149 2674 3194 2717 et
3232 2663 3457 2716 calestia
3491 2662 3648 2730 cupit,
3685 2663 3963 2719 clamare.

2371 2752 2590 2808 Scilicet
2623 2753 2781 2824 hujus
2832 2759 2980 2810 vocis
3028 2769 3168 2823 saepe
3221 2754 3553 2824 explicandae
3597 2755 3965 2810 occasionem.

2367 2846 2661 2899 attulerant
2693 2844 2880 2913 psalmi
2902 2848 2953 2899 in
2979 2846 3172 2915 quibus
3200 2860 3341 2908 saepe
3374 2845 3632 2900 occurrit.
3658 2844 3817 2912 Quod
3848 2861 3963 2899 au-

2370 2946 2710 3008 temspectat
2741 2940 2807 2993 ad
2862 2940 3109 2994 homilias
3181 2958 3210 2993 a
3263 2938 3527 3011 Symeoue
3576 2937 3964 3008 Metapbraste

2369 3030 2585 3093 citatas,
2620 3039 2731 3084 tota
2772 3046 2857 3083 res
2889 3032 3075 3085 nititur
3102 3032 3251 3086 falsis
3284 3030 3545 3104 numeris,
3574 3032 3663 3098 qui
3699 3032 3770 3085 ad
3799 3048 3965 3086 mar-

2370 3116 2548 3187 ginem
2574 3116 2898 3172 Parisiensis
2933 3116 3187 3172 editionis
3217 3120 3437 3187 appositi
3479 3122 3713 3175 fuerant.
3746 3121 3961 3177 Errata

2292 3180 2339 3244 θ
2368 3209 2775 3265 emendavimus
2805 3209 2860 3262 in
2892 3209 2993 3263 hac
3018 3210 3272 3263 editione.
3306 3210 3404 3266 Ubi
3429 3213 3573 3265 enim
3604 3213 3965 3269 indicabatur

2368 3302 2587 3358 bomilia
2645 3303 2819 3358 sancti
2871 3300 3057 3356 Basilii
3112 3301 3165 3356 i-n
3228 3302 3420 3371 psalm.
3482 3317 3537 3356 χι
3601 3306 3961 3371 reposuimus

2366 3393 2555 3463 psalm.
2594 3409 2708 3457 xlv,
2750 3393 2966 3449 bomilia
3021 3394 3074 3449 iu
3125 3393 3321 3464 psalm.
3372 3408 3539 3447 xxxiv
3584 3392 3860 3449 citabatur
3895 3395 3959 3451 in

2365 3502 2615 3543 sermone
2655 3490 2842 3558 quinto
2885 3504 3032 3543 num.
3071 3488 3103 3543 5
3151 3498 3207 3544 ct
3250 3489 3302 3544 in
3350 3490 3582 3560 septimo
3632 3506 3684 3543 ιι.
3739 3490 3793 3545 6.
3838 3490 3960 3547 Sed

2365 3579 2480 3635 haec
2525 3582 2630 3635 duo
2690 3582 2802 3635 loca
2862 3583 3209 3651 reperiuntur
3251 3582 3302 3635 in
3357 3582 3592 3636 ltontiliis
3641 3579 3830 3637 Basilii
3892 3584 3957 3637 in

2365 3673 2557 3744 psalm.
2608 3688 2779 3727 xxxttt
2836 3683 2890 3727 et
2940 3688 3062 3727 va.
3114 3672 3376 3728 Similiter
3423 3690 3542 3743 quae
3593 3674 3645 3729 in
3686 3689 3958 3730 sermone

2366 3764 2469 3823 i3,
2513 3779 2661 3817 num.
2706 3764 2757 3828 4,
2802 3765 3114 3834 deprompta
3161 3766 3479 3818 videbantur
3518 3782 3582 3819 ex
3630 3767 3852 3819 humilia
3893 3768 3958 3823 in

2367 3855 2557 3925 psalm.
2600 3871 2686 3923 ιν,
2715 3869 2771 3910 et
2810 3858 2863 3910 in
2903 3870 3153 3910 sermone
3188 3855 3277 3920 14,
3330 3872 3384 3909 n.
3425 3856 3483 3920 ὅ,
3526 3871 3591 3912 ex
3634 3857 3860 3913 bomilia
3893 3862 3955 3917 in

2365 3951 2554 4019 psalm.
2600 3966 2831 4017 xxxvm,
2873 3965 2937 4006 ea
2976 3950 3276 4019 reperimus
3309 3950 3361 4004 in
3392 3949 3630 4006 homiliis
3655 3950 3708 4005 in
3738 3954 3952 4023 psalm.

2365 4058 2449 4097 LIX
2502 4054 2557 4100 et
2591 4061 2702 4099 LXI.

2434 4137 2743 4203 Quinetiam
2778 4138 2845 4193 de
2876 4138 2982 4193 illis
3018 4152 3143 4212 quas
3171 4144 3390 4192 exstant
3428 4137 3613 4193 decem
3645 4148 3700 4193 et
3729 4148 3951 4208 septem

2364 4230 2598 4286 homiliis
2629 4234 2993 4287 controversia
3017 4239 3097 4284 est
3118 4245 3182 4282 an
3208 4228 3406 4286 Basilio
3428 4246 3616 4287 onmes
3640 4231 3951 4285 tribuenda:

2362 4325 2490 4379 sint.
2526 4324 2768 4391 Quatuor
2795 4327 3008 4394 rejectae
3038 4334 3162 4378 sunt
3207 4325 3259 4379 in
3298 4325 3686 4397 Appendicem,
3717 4336 3777 4378 ut
3805 4340 3949 4395 spu-

2362 4420 2457 4475 ria:
2484 4434 2547 4474 ac
2592 4420 2791 4475 Basilio
2837 4433 3059 4488 prorsus
3098 4418 3348 4489 indigum,
3392 4433 3583 4487 nempe
3620 4418 3795 4486 prima
3840 4422 3951 4480 bo-

686 4520 920 4577 Basilius
963 4531 1270 4593 susceptam
1315 4522 1754 4591 explicandorum
1799 4525 2128 4591 psalmorum
2177 4538 2261 4579 se-
2292 4531 2337 4587 ι)
2364 4512 2509 4565 milia
2545 4512 2597 4565 ίη
2628 4512 2821 4583 psalmo
2865 4526 2979 4574 XIV.
3011 4516 3245 4569 SBCUIIda
3294 4514 3347 4567 in
3391 4512 3580 4581 Psalm-
3611 4528 3806 4579 xxvHI.
3840 4517 3947 4571 h0-

688 4614 851 4682 riem,
879 4629 947 4668 an
972 4615 1207 4669 oblatam
1252 4614 1491 4686 aliquam
1540 4616 1882 4670 occasionem
1914 4625 2135 4671 secutus
2164 4616 2256 4672 sit.

686 4707 865 4777 Quare
891 4708 1147 4779 temporis
1174 4719 1333 4775 notae,
1371 4724 1506 4777 quas
1563 4709 1616 4763 in
1668 4708 1905 4763 bomiliis
1951 4710 2003 4764 in
2060 4710 2255 4779 psalm.

687 4816 775 4857 xtv
804 4810 860 4856 et
886 4815 1015 4858 cxtv
1074 4799 1549 4870 deprehendimus,
1611 4798 1677 4854 ad
1733 4798 1867 4852 alias
1918 4798 1968 4852 in
2020 4798 2259 4869 psalmos

685 4892 935 4949 homilias
974 4908 1080 4948 non
1115 4893 1387 4962 pertinent
1423 4910 1438 4946 :
1472 4908 1606 4960 quas
1646 4903 1823 4946 tamen
1858 4891 2149 4947 verisimile
2176 4900 2260 4945 est

685 4994 813 5038 ante
853 4994 1217 5055 episcopatum
1270 4982 1481 5039 habitas
1538 4982 1721 5046 fuisse,
1775 4992 2057 5051 propterea
2087 4982 2255 5052 quod,

687 5086 745 5130 ut
768 5075 879 5144 jam
926 5076 1060 5143 dixi,
1094 5074 1294 5130 nullam
1327 5074 1674 5145 episc0patus
1715 5084 1921 5137 notam,
1983 5074 2114 5128 nihil
2162 5072 2259 5126 ad-

684 5181 874 5222 versus
900 5166 1419 5223 Pneumatomaehos
1465 5164 2031 5233 babent.-Quinetiam
2066 5166 2117 5219 in
2156 5166 2255 5217 ho-

684 5260 829 5315 milia
855 5258 923 5313 'in
949 5258 1138 5328 psalm.
1165 5275 1354 5323 xxvm,
1383 5275 1439 5313 n.
1476 5261 1531 5323 5,
1564 5269 1620 5314 et
1670 5258 1771 5313 sub
1823 5258 1981 5311 ﬁnem
2024 5255 2257 5312 boanilize

679 5349 738 5404 in
766 5350 956 5418 psalm.
996 5363 1121 5413 cxv,
1172 5351 1461 5405 vehemens
1517 5350 1863 5418 reprehensio
1918 5363 2125 5409 eorum,
2163 5346 2253 5414 qui

682 5439 870 5495 relicta
900 5440 1155 5506 ecclesia,
1180 5454 1415 5511 synaxes
1442 5442 1494 5495 in
1529 5441 1751 5509 privatis
1772 5437 1978 5494 aedibus
2008 5439 2244 5493 celebra-

682 5532 831 5597 bant,
857 5532 1086 5603 probare
1109 5531 1279 5603 possit
1309 5531 1403 5585 bas
1441 5532 1691 5586 homilias
1725 5542 1851 5587 ante
1884 5529 2094 5586 habitas
2120 5528 2241 5583 fuis-

679 5636 759 5687 se,
790 5637 950 5694 quam
982 5624 1288 5695 persecutio
1327 5623 1379 5679 in
1407 5620 1627 5679 Oriente
1680 5622 1919 5679 Valentis
1964 5622 2251 5692 praesentia

681 5713 1099 5786 ingravesceret,
1132 5730 1195 5770 ac
1241 5716 1482 5785 pluribus
1520 5714 1573 5769 in
1619 5715 1753 5771 locis
1784 5713 2046 5769 Catholici
2096 5721 2250 5767 extra

681 5821 863 5864 muros
916 5806 1000 5865 vel
1051 5808 1105 5864 in
1160 5808 1387 5878 privatis
1442 5806 1646 5865 aedibus
1706 5807 2029 5879 congregari
2084 5821 2248 5875 coge-

2362 4606 2525 4659 milize
2575 4607 2624 4659 in
2657 4604 2895 4676 psalmos
2936 4621 3119 4661 xxxvu
3173 4619 3227 4663 et
3257 4622 3379 4663 cxv.
3432 4606 3695 4663 Praeterea
3742 4622 3946 4665 auctor

2361 4697 2693 4767 praefationis
2735 4698 2786 4751 in
2842 4710 3043 4755 tomum
3084 4702 3315 4771 primum
3368 4701 3618 4756 nonnulla
3669 4703 3851 4772 rejicit
3882 4704 3943 4757 in

2360 4791 2480 4845 aliis
2508 4791 2767 4857 ltontiliis,
2802 4806 2922 4862 qum
2949 4810 3015 4848 ex
3051 4793 3283 4847 Eusebio
3308 4807 3336 4845 a
3384 4793 3620 4847 librariis
3645 4795 3942 4862 desumpta

2358 4886 2633 4939 existimat
2660 4902 2672 4938 :
2702 4900 2893 4955 nempe
2917 4887 2967 4941 in
2994 4886 3177 4941 IlOlttil.
3204 4884 3253 4937 in
3274 4885 3466 4953 psalm.
3498 4900 3667 4948 xxxn,
3692 4887 3759 4939 ad
3792 4887 3943 4941 hunc

2358 4975 2705 5042 versiculum,
2751 4975 2912 5031 Verbo
2950 4977 3162 5030 Domini
3195 4977 3310 5031 τωιι
3355 4978 3554 5046 ﬁrmati
3578 4987 3697 5030 sunt
3724 4986 3775 5029 et
3820 4979 3941 5041 spi-

2359 5069 2464 5121 ritu
2495 5068 2605 5121 oris
2633 5068 2746 5136 ejus
2786 5070 2953 5122 omnis
2982 5071 3148 5124 virtus
3186 5083 3388 5135 eorum,
3438 5067 3647 5122 initium
3696 5063 3944 5121 bomilia:

2358 5157 2411 5212 in
2442 5160 2635 5229 psalm.
2670 5175 2816 5226 thv,
2844 5162 3061 5233 longum
3096 5160 3457 5231 fragmentum
3482 5162 3533 5216 in
3562 5161 3667 5215 fine
3694 5158 3941 5216 homilite

2360 5248 2411 5303 in
2445 5251 2635 5319 psalm.
2662 5268 2804 5309 cxtv.

2437 5343 2501 5401 γ.
2537 5344 2661 5399 Scio
2691 5348 3023 5401 eruditorum
3077 5346 3355 5401 hominum
3392 5360 3496 5400 non
3524 5343 3711 5413 paucis
3736 5342 3937 5411 displi-

2364 5442 2556 5506 3uisse,
2591 5441 2732 5507 quod
2767 5441 2825 5495 S.
2860 5439 3056 5494 Basilio
3106 5441 3160 5494 in
3211 5438 3421 5494 duobus
3468 5437 3735 5507 prioribus
3769 5437 3937 5491 tomis

2380 5547 2467 5585 am
2497 5531 2660 5585 multa
2692 5532 2992 5601 ahjudicata
3024 5533 3133 5587 sint
3161 5546 3342 5602 opera.
3376 5529 3449 5586 Ut
3470 5544 3656 5586 eorum
3687 5528 3936 5599 querelis

2356 5623 2682 5679 satisfaciam
2716 5639 2815 5678 nec
2864 5624 2916 5678 in
2948 5626 3276 5679 contrariam
3323 5626 3598 5680 incurram
3633 5622 3935 5691 reprehen-

2354 5718 2559 5774 sionem
2581 5756 2595 5781 ,
2617 5728 2818 5787 quanta
2845 5728 3031 5787 potero
3055 5719 3285 5773 maxima
3311 5719 3393 5774 his
3418 5718 3469 5773 in
3496 5717 3657 5772 rebus
3671 5717 3934 5771 cautione

2356 5810 2634 5865 versabar.
2682 5805 2837 5875 Quod
2876 5816 3087 5879 spectat
3130 5810 3197 5864 ad
3242 5818 3473 5878 quatuor
3502 5806 3777 5874 homilias,
3806 5818 3933 5877 quas
