4080 6312
1530 320 1685 374 Vl'l'A
1721 321 1777 373 S.
1822 318 2090 372 BASILII.

3262 355 3392 389 ειιν

183 418 232 469 in
286 418 646 489 Appendicem
691 420 898 491 reiectae
938 432 1091 489 sunt;
1126 441 1227 480 non
1280 426 1463 480 timide
1528 444 1739 485 asseve-
1769 445 1813 497 Α
1841 430 2153 483 memoriam
2194 445 2446 487 onerasse
2478 436 2663 493 alienis
2696 438 2953 506 chSmOdi
3001 442 3224 495 divitiis.
3261 445 3403 497 Inest

185 511 310 565 rabo
344 510 473 564 nihil
513 510 566 563 in
600 510 679 569 cis
710 514 829 585 legi,
863 514 1004 583 quod
1030 513 1228 571 Basilio
1255 515 1529 587 indignum
1554 520 1624 572 sit
1648 531 1740 573 aut

182 599 248 654 ab
276 601 389 667 ejus
412 600 655 657 doctrina
691 606 944 659 alienum.
985 604 1039 659 lu
1064 607 1281 663 homilia
1316 607 1367 661 in
1405 608 1598 678 psalm.
1626 626 1735 669 xlv.

182 690 306 759 quid
342 690 414 744 sit
457 692 861 750 tabernaculum
902 696 994 755 Dei
1035 699 1226 755 eodem
1259 701 1417 755 modo
1440 701 1740 769 explicatur

181 796 245 834 ac
276 780 325 832 in
349 787 579 853 genuina
613 786 824 840 homilia
868 788 920 844 in
959 792 1148 860 psalm.
1193 807 1385 854 xxvm,
1420 793 1484 846 ad
1514 792 1611 848 has
1645 810 1741 849 vo.

181 885 271 925 ees
302 873 467 937 tituli,
493 892 546 927 ιη
574 876 716 929 exitu
746 896 775 932 a
799 880 1153 935 tabernaculo.
1188 880 1283 935 llis
1315 881 1474 937 etiam
1500 885 1738 947 vocibus,

182 961 285 1027 Qui
306 967 604 1034 ingreditur
644 971 755 1025 sine
784 974 1011 1037 macula,
1050 973 1135 1043 pia
1180 982 1234 1029 et
1268 985 1420 1030 acuta
1459 978 1742 1048 apponitur

177 1059 486 1115 observatio
506 1060 580 1131 (p.
600 1061 711 1130 93),
734 1079 890 1132 quam
911 1064 1071 1117 etiam
1091 1064 1141 1119 in
1174 1067 1390 1123 homilia
1409 1070 1460 1124 in
1482 1069 1671 1140 psalm.
1700 1084 1735 1130 ι,

175 1149 418 1214 reperire
475 1161 578 1206 est.
639 1151 693 1205 ln
742 1153 844 1207 line
871 1153 1108 1222 ejusdem
1152 1157 1202 1213 in
1228 1163 1417 1228 psalm.
1452 1177 1541 1216 xiv
1570 1160 1740 1215 homi-

173 1239 259 1294 liae
283 1242 524 1296 delectus
558 1242 770 1309 quidam
798 1246 1100 1315 pracipitur
1122 1259 1172 1301 et
1200 1251 1380 1304 cautio
1416 1253 1466 1305 in
1500 1252 1732 1307 elecmo-

174 1335 323 1403 synis
357 1343 417 1386 ut
470 1334 522 1387 in
570 1334 691 1391 aliis
742 1336 923 1394 Basilii
965 1341 1119 1404 locis,
1180 1357 1371 1411 nempe
1416 1360 1529 1416 reg.
1584 1344 1733 1399 brev.

174 1424 279 1478 100
309 1432 364 1479 et
393 1423 517 1491 101,
550 1436 603 1482 et
644 1443 725 1499 cp.
773 1430 893 1497 150,
933 1449 988 1488 n.
1028 1433 1081 1486 5.
1118 1430 1300 1502 Neque
1350 1438 1509 1492 etiam
1541 1437 1737 1491 Basilio

174 1532 277 1571 non
309 1517 650 1588 dignissima,
684 1522 727 1575 si
757 1536 841 1577 res
868 1534 923 1576 et
962 1524 1259 1579 sententias
1288 1536 1517 1595 spectes,
1558 1529 1735 1582 Immi-

173 1608 241 1663 lia
275 1610 327 1665 in
368 1611 563 1683 psalm.
595 1627 718 1667 cxv.
764 1615 874 1668 Sub
915 1614 1075 1668 linem
1119 1616 1489 1685 vituperantur
1526 1620 1613 1686 qui
1648 1636 1732 1674 re—

174 1703 292 1759 licta
343 1705 572 1760 ecclesia
623 1705 674 1758 in
727 1706 949 1773 privatis
979 1708 1184 1761 aedibus
1233 1722 1461 1776 synaxes
1494 1710 1733 1765 celebra-

1848 518 1984 573 idem
2012 520 2197 573 vitium
2232 520 2461 575 homilia:
2506 526 2559 578 in
2602 529 2866 595 psalmum
2904 543 3013 590 xiv,
3051 528 3201 597 cujus
3245 533 3398 586 initio

1844 612 2083 678 prolixus
2110 611 2335 666 'Euscbii
2390 612 2559 677 locus,
2600 618 2817 674 totidem
2874 633 3011 689 pene
3050 623 3249 686 verbis,
3304 623 3398 675 sed

1845 705 2019 762 minus
2054 705 2327 776 eleganter
2370 707 2698 760 constructis
2745 710 2959 779 legitur.
3004 709 3283 768 Dillicilius
3319 727 3404 769 cst

1843 794 2038 853 Basilio
2062 798 2276 853 auferre
2306 796 2580 851 homiliam
2608 798 2660 852 in
2694 800 2953 867 psalmum
2978 820 3101 869 cxv,
3126 820 3245 877 qua?
3269 806 3400 860 nihil

1842 887 2000 943 habet
2027 905 2089 944 ex
2126 889 2351 945 Eusebio
2388 888 2603 943 totidem
2637 888 2816 944 verbis
2848 892 3204 966 desumptum,
3242 913 3339 951 nec
3369 914 3396 951 θ

1842 978 1978 1048 ston
1996 979 2175 1033 Basilii
2199 981 2473 1037 discedere
2496 979 2730 1049 videtur,
2760 981 2803 1035 si
2834 985 3067 1049 excipias
3091 989 3203 1043 haec
3234 993 3395 1043 verba

1842 1070 2003 1123 modo
2034 1069 2193 1124 allata
2240 1088 2253 1123 :
2293 1071 2397 1128 Sed
2437 1073 2637 1125 utinam
2686 1084 2731 1125 et
2775 1074 2900 1126 mihi
2951 1078 3212 1148 contingat
3245 1083 3399 1152 digne

1839 1158 2063 1223 credere,
2097 1169 2150 1211 ut
2184 1175 2317 1211 nunc
2352 1174 2555 1229 magna:
2600 1159 2719 1211 huic
2752 1159 2846 1213 Dei
2893 1158 3139 1215 Ecclesia:
3177 1166 3397 1234 quinque

1839 1250 1990 1303 verba
2014 1249 2199 1319 loquar
2224 1249 2276 1301 in
2301 1260 2464 1307 mente
2498 1267 2629 1305 mea.
2660 1247 2793 1303 Cum
2836 1254 2947 1307 bmc
2985 1251 3166 1307 Basilii
3204 1251 3393 1324 st'yluiu

1839 1356 1944 1396 non
1986 1340 2249 1405 redolent,
2314 1350 2425 1393 tum
2476 1342 2639 1395 etiam
2689 1340 2942 1396 videntur
2990 1344 3059 1399 ab
3117 1343 3224 1401 alio
3266 1361 3399 1415 quo-

1837 1432 1957 1487 dam
2012 1430 2286 1500 episcopo,
2339 1429 2453 1485 sive
2510 1431 2825 1503 presbytero
2871 1432 3165 1490 Ecclesiam
3222 1436 3399 1492 Ca‘sa-

1834 1526 2065 1581 riensem
2137 1523 2403 1578 invisente
2464 1526 2833 1592 pronuntiata.
2905 1524 3050 1580 Inest
3103 1528 3245 1583 enim
3315 1530 3397 1584 his

1833 1616 2012 1672 verbis
2066 1616 2275 1685 species
2338 1616 2580 1684 quaedam
2645 1616 2956 1671 honoriﬁca:
3013 1616 3393 1687 salutationis,

1832 1708 2045 1775 qualem
2106 1708 2175 1763 ab
2228 1706 2438 1777 hospite
2496 1704 2848 1763 concionante
2914 1721 3012 1779 par
3064 1719 3180 1763 erat
3239 1712 3389 1764 adhi-

169 1793 318 1859 bant,
355 1805 416 1849 ut
463 1792 616 1849 initio
656 1796 901 1865 genuina:
954 1798 1184 1852 homilia:
1220 1798 1271 1853 in
1323 1801 1509 1871 psalm.
1537 1819 1725 1857 xxvnt.
1761 1808 1805 1868 Β
1836 1797 1974 1851 beri.

172 1884 471 1953 Displicere
503 1901 613 1941 non
652 1887 842 1942 debent
866 1903 984 1959 qua:
1028 1888 1275 1961 leguntur
1308 1910 1365 1948 n.
1394 1896 1465 1949 5:
1507 1896 1730 1960 Quando

166 1978 372 2044 quidem
404 1980 579 2034 tuoin
616 1980 879 2049 infernum
921 1983 1165 2039 descensu
1207 2002 1237 2039 a
1283 1986 1480 2055 peccati
1519 1984 1732 2038 vinculis

168 2086 247 2123 me
272 2070 537 2133 liberasti,
569 2080 725 2143 atque
745 2072 1025 2129 humanam
1054 2087 1303 2131 naturam
1356 2075 1537 2128 mortis
1577 2081 1733 2129 astri-

168 2170 303 2211 ctam
337 2158 579 2227 vinculis,
608 2172 655 2217 et
688 2163 744 2217 in
772 2164 966 2233 inferni
994 2163 1314 2227 carceribus,
1340 2163 1478 2217 unde
1517 2164 1731 2217 evadere

170 2267 269 2305 non
291 2252 475 2321 datur,
517 2255 777 2309 detentam
824 2256 1111 2317 exsolvisti,
1154 2255 1349 2309 idcirco
1390 2256 1484 2309 tibi
1527 2255 1731 2322 sacriﬁ-

169 2344 312 2410 cabo,
348 2353 461 2401 etc.
493 2344 569 2399 Ex
604 2346 686 2399 his
714 2345 891 2417 colligi
922 2354 1100 2416 potest
1137 2359 1409 2403 auctorem
1437 2348 1596 2419 hujus
1629 2348 1727 2403 ho-

169 2433 325 2487 milia:
357 2434 703 2489 existimasse
746 2436 889 2505 ipsos
934 2437 1099 2493 etiam
1129 2439 1463 2508 patriarchas
1487 2449 1541 2492 et
1557 2440 1729 2509 justos

166 2521 363 2576 veteris
387 2526 698 2578 testamenti
731 2526 783 2578 in
814 2525 1002 2581 inferis
1041 2535 1167 2582 ante
1205 2526 1408 2582 Christi
1439 2527 1726 2582 adventum

167 2612 410 2667 detento:
444 2620 499 2666 et
532 2613 768 2670 inclusos
805 2613 988 2671 fuisse.
1042 2615 1153 2671 Sed
1195 2616 1393 2671 similia
1437 2627 1729 2672 occurrunt

167 2706 300 2773 apud
335 2703 477 2760 alios
538 2706 830 2777 scriptores
876 2707 1304 2775 ecclesiasticos;
1352 2708 1467 2779 ipse
1499 2705 1727 2765 Basilius

168 2797 349 2851 homil.
379 2797 434 2849 in
482 2797 672 2863 psalm.
702 2814 894 2864 xum,
936 2815 1082 2854 num.
1120 2800 1174 2865 9,
1203 2802 1282 2855 sic
1320 2801 1555 2871 loquitur
1583 2816 1598 2855 :
1623 2802 1725 2855 De-

164 2888 405 2953 pascebat
434 2888 575 2944 enim
600 2902 737 2940 mors
765 2889 829 2939 ab
856 2890 1025 2941 Adam
1054 2889 1121 2943 ad
1153 2906 1313 2959 usque
1344 2890 1541 2960 Hoysis
1564 2894 1728 2945 admi-

164 2980 394 3033 nistratit
429 2980 707 3035 .emdonec
729 2980 863 3034 venit
892 2996 1041 3034 verus
1078 2990 1278 3051 pastor,
1314 2983 1403 3052 qui
1434 2999 1583 3036 suam
1612 2985 1727 3036 ani-

164 3090 295 3127 mam
328 3089 427 3141 pro
464 3075 643 3129 ovibus
671 3076 861 3143 posuit,
886 3078 1058 3147 sicque
1085 3093 1173 3132 eas
1196 3093 1369 3133 secum
1396 3080 1649 3134 excitatas
1678 3090 1724 3135 et

1904 1886 1991 1945 Vl.
2033 1887 2187 1958 Quod
2245 1898 2451 1959 spectat
2500 1888 2565 1945 ad
2614 1889 2860 1959 quaedam
2913 1891 3049 1957 loca,
3090 1907 3206 1961 quae
3254 1892 3394 1948 Pras-

1832 1979 2051 2035 fationis
2080 1989 2269 2035 auctor
2300 1981 2576 2037 contextui
2613 1982 2672 2037 S.
2711 1980 2897 2036 Basilii
2938 1991 3120 2037 assuta
3156 1999 3183 2037 a
3226 1984 3393 2038 libra—

1832 2073 1927 2127 riis
1957 2084 2131 2142 putat,
2171 2072 2451 2128 fatendum
2486 2088 2616 2129 sane
2652 2085 2734 2130 est
2772 2074 2987 2129 initium
3018 2075 3392 2144 explicationis

1831 2158 1987 2229 hujus
2022 2161 2299 2227 versiculi,
2327 2160 2599 2214 Eructavit
2632 2178 2719 2215 cor
2748 2180 2916 2218 meum
2947 2166 3151 2220 verbum
3177 2164 3387 2231 bonum,

1840 2251 1980 2322 quod
2041 2251 2262 2306 totidem
2312 2251 2495 2306 verbis
2542 2252 2679 2320 apud
2738 2252 3028 2308 Eusebium
3089 2256 3389 2324 reperitur,

1833 2359 1955 2400 cum
1989 2358 2084 2399 sua
2112 2349 2305 2414 sponte
2334 2342 2495 2398 nimis
2523 2343 2790 2413 prolixum
2819 2358 2960 2411 esse,
2994 2360 3154 2415 quam
3184 2356 3240 2401 ut
3268 2362 3389 2401 eum

1828 2435 2056 2490 Basilius
2079 2436 2145 2491 ad
2183 2434 2405 2490 verbum
2433 2432 2736 2498 edidicerit,
2770 2444 2880 2490 tum
2915 2450 3046 2491 vero
3068 2438 3266 2492 nullam
3292 2454 3387 2493 ne-

1828 2526 2208 2581 cessitudinem
2240 2526 2440 2583 habere
2468 2542 2589 2583 cum
2621 2527 2981 2598 explicatione
3010 2530 3245 2599 ejusdem
3274 2546 3389 2585 ver-

1828 2616 1983 2673 siculi
2029 2631 2191 2687 quam
2223 2620 2403 2674 statim
2456 2620 2609 2675 allert
2659 2620 2909 2677 Basilius.
2962 2623 3031 2676 At
3089 2622 3227 2677 idem
3282 2640 3385 2678 non

1826 2708 2001 2765 dicam
2028 2708 2094 2763 de
2122 2707 2487 2779 explicatione
2539 2710 2699 2780 hujus
2747 2712 3016 2777 versiculi,
3067 2712 3233 2767 Verbo
3283 2714 3388 2765 Do-

1826 2800 1956 2856 mini
1994 2800 2110 2855 carli
2158 2800 2357 2870 firmati
2397 2811 2555 2866 sunt,
2600 2810 2648 2855 et
2696 2803 2883 2870 spiritu
2922 2804 3026 2857 oris
3066 2803 3177 2873 ejus
3220 2806 3387 2857 omnis

1825 2896 1987 2949 virtus
2028 2910 2228 2949 eorum.
2281 2892 2410 2961 Quae
2459 2896 2597 2965 apud
2666 2892 2956 2948 Eusebium
3014 2896 3208 2949 similia
3260 2907 3387 2949 sunt

1827 2984 1951 3039 huic
1980 2984 2164 3039 Basilii
2195 2985 2567 3053 explicationi,
2614 3000 2681 3039 ex
2715 2983 2917 3039 Basilio
2947 2986 3124 3052 potius
3174 2988 3387 3041 desum—

1827 3084 1912 3145 pta
1946 3075 2111 3130 videri
2154 3075 2370 3132 debent.
2397 3074 2622 3129 Fatetur
2652 3085 2841 3130 auctor
2890 3074 3221 3131 Praal'ationis
3251 3094 3385 3133 non-

163 3164 447 3231 ezinferni
474 3180 682 3218 carcere
716 3164 784 3217 ad
824 3167 1217 3222 resurrectionis
1256 3170 1570 3223 matutinum
1604 3172 1728 3224 edu-
1754 3162 1796 3219 C
1833 3170 1974 3224 nulla
2002 3169 2252 3225 librarios
2281 3185 2314 3225 e
2366 3171 2597 3242 genuina
2654 3171 2835 3227 Basilii
2880 3174 2929 3226 in
2981 3172 3172 3241 psalm.
3214 3190 3380 3226 xxvm

166 3261 269 3307 ctas
290 3254 519 3307 tradidit
543 3254 653 3307 suis
675 3254 892 3322 angelis.
919 3253 1051 3310 Vide
1066 3266 1207 3313 orat.
1231 3259 1283 3312 in
1312 3260 1504 3328 psalm.
1531 3276 1720 3324 vam,

165 3358 275 3414 pag.
342 3344 468 3398 186.
522 3342 764 3396 Bidicula
818 3345 1088 3400 immerito
1137 3346 1389 3401 videntur
1420 3348 1532 3403 haec
1565 3350 1723 3403 verba

165 3438 231 3503 (p.
266 3435 398 3503 571)
430 3454 443 3487 :
490 3435 627 3488 Ἀλλ’
651 3436 761 3490 εἴθε
791 3436 958 3506 κάμοὶ
984 3436 1191 3505 γένοιτο
1226 3438 1508 3493 πιστεῦσαι
1538 3439 1721 3506 ἀξίως,

163 3526 239 3578 ἵνα
269 3526 493 3598 λαλήσω
527 3526 619 3583 νῦν
650 3530 716 3599 τῇ
761 3528 1052 3601 Ἐκκλησίᾳ
1088 3529 1179 3585 τοῦ
1221 3529 1353 3584 Θεοῦ
1399 3534 1463 3603 τῇ
1517 3533 1725 3606 μεγάλῃ

160 3616 323 3689 ταύτῃ
361 3618 524 3672 πέντε
552 3618 738 3689 λόγους
778 3622 836 3673 ὲν
884 3620 961 3691 τῷ
1003 3622 1082 3674 νοτ
1126 3638 1249 3692 μου.
1297 3623 1402 3677 Sed
1424 3624 1625 3677 utinam
1675 3636 1720 3678 et

160 3710 281 3761 mihi
309 3711 577 3780 contingat
616 3713 771 3782 digne
804 3714 1026 3773 credere,
1079 3724 1135 3767 ut
1193 3731 1328 3767 nunc
1364 3730 1567 3783 magna?
1603 3716 1725 3768 huic

166 3797 249 3851 Dei
273 3796 529 3853 Ecclesia
556 3803 781 3871 quinque
802 3803 951 3855 verba
987 3802 1171 3870 loquar
1192 3803 1248 3855 in
1274 3813 1440 3857 mente
1462 3818 1595 3857 mea.
1613 3803 1724 3859 Nec

161 3903 273 3957 qua:
300 3889 549 3956 proxime
568 3900 881 3960 sequuntur,
912 3892 1006 3946 καὶ
1043 3893 1232 3964 μηδεὶς
1282 3895 1723 3966 καταχλευαζέτω

158 3980 245 4033 τὸν
270 3981 454 4051 λόγον,
488 3980 601 4037 Nec
620 3984 893 4054 quisquam
919 3986 1135 4041 irrideat
1170 3988 1481 4053 doctrinam,
1514 3989 1564 4042 in
1603 4004 1720 4042 eam

160 4074 486 4126 sententiam
522 4074 751 4143 accipio,
797 4075 951 4144 quasi
996 4085 1249 4130 vereatur
1277 4087 1466 4132 auctor
1486 4078 1722 4133 homilia:

161 4178 225 4215 ne
255 4162 427 4217 risum
478 4165 813 4225 auditoribus
862 4165 931 4220 ob
989 4181 1139 4223 suam
1178 4168 1573 4237 simplicitatem
1610 4184 1723 4222 mo-

158 4264 321 4319 veat;
365 4254 462 4309 sed
488 4257 785 4325 generatim
812 4266 994 4313 monet
1024 4259 1302 4315 ridendum
1342 4275 1449 4313 non
1486 4275 1605 4316 esse
1637 4277 1721 4315 re-

159 4346 409 4414 ligionem
444 4346 825 4415 Christianam,
873 4351 1026 4421 quasi
1071 4353 1189 4407 sine
1228 4361 1544 4422 argumento
1570 4355 1722 4408 audi-

160 4445 301 4493 tores
337 4440 404 4493 ad
435 4439 833 4497 assentiendum
866 4444 1115 4498 adducat.
1138 4443 1322 4512 Neque
1337 4445 1498 4500 etiam
1515 4445 1715 4500 Christi

1827 3260 2043 3316 homilia
2092 3263 2231 3332 apud
2267 3261 2557 3318 Eusebium
2592 3265 2952 3317 transtulisse.
3000 3264 3141 3317 Idem
3184 3266 3250 3319 ab
3305 3266 3385 3319 eis

1827 3351 2027 3406 factum
2076 3353 2128 3406 in
2180 3353 2286 3408 hoc
2331 3353 2622 3419 versiculo,
2679 3354 2833 3422 cujus
2864 3353 3170 3423 explanatio
3204 3372 3383 3409 emen-

1825 3444 2003 3498 datior
2034 3443 2202 3497 multo
2235 3454 2291 3497 et
2333 3443 2541 3513 plenior
2581 3452 2665 3499 est
2713 3446 2853 3514 apud
2899 3444 3183 3509 Basiliam,
3219 3462 3380 3514 quam

1825 3534 1965 3601 apud
2004 3533 2313 3587 Eusebium.
2371 3532 2633 3589 l’razterea
2666 3535 2732 3590 ab
2768 3535 2985 3590 Eusebii
3022 3536 3261 3607 ingenia,
3288 3537 3377 3604 qui

1827 3622 1956 3675 nihil
2011 3622 2180 3692 magis
2208 3622 2486 3676 metuebat
2517 3637 2677 3691 quam
2736 3637 2803 3676 ne
2856 3622 3023 3678 Filius
3050 3633 3102 3676 et
3149 3623 3382 3690 Spiritus

1824 3719 2045 3765 sanctus
2075 3725 2141 3766 ex
2168 3710 2345 3768 Patris
2389 3711 2691 3769 substantia
2722 3727 2839 3768 esse
2886 3713 3214 3778 dicerentur,
3249 3713 3379 3765 alic-

1824 3802 2103 3858 nissimum
2131 3800 2232 3857 l‘uit
2257 3803 2460 3869 dicere,
2493 3802 2727 3858 Verbum
2754 3804 2869 3859 oris
2904 3815 2957 3857 et
2982 3802 3236 3871 Spiritum
3269 3805 3381 3857 oris

1822 3893 1951 3958 dici,
1984 3904 2041 3948 ut
2087 3893 2413 3964 intelligatur
2458 3893 2708 3949 Salvator
2757 3895 2864 3963 ipse
2912 3905 2959 3948 et
3006 3903 3217 3949 sanctus
3265 3895 3381 3959 eius

1822 3982 2048 4051 Spiritus
2067 3999 2131 4037 ea:
2162 3982 2342 4038 Patre.
2366 3984 2606 4039 humane
2631 3994 2889 4055 quantum
2916 3986 3028 4040 hac
3053 3986 3119 4040 ab
3149 3985 3379 4040 Eusebio

1821 4075 2129 4141 discrepant
2157 4072 2255 4143 (α),
2301 4076 2396 4143 qui
2443 4072 2705 4144 Spiritum
2750 4084 2993 4130 sanctum
3026 4090 3123 4143 per
3160 4076 3377 4140 Filium,

1822 4174 1881 4217 ut
1937 4174 2126 4218 caetera
2179 4161 2306 4229 alla,
2368 4174 2607 4221 creatum
2671 4165 2833 4223 fuisse
2870 4167 3144 4237 conceptis
3201 4168 3380 4221 verbis

1822 4254 2149 4324 pronuntiat.

1894 4343 2151 4412 Superest
2196 4345 2337 4401 aliud
2392 4345 2749 4417 fragmentum
2800 4344 3035 4399 homilim
3082 4348 3132 4400 in
3184 4349 3374 4417 psalm.

1819 4452 1961 4501 cxtv,
1996 4438 2061 4491 ab
2094 4438 2177 4491 his
2202 4438 2444 4502 vocibus,
2470 4438 2499 4491 ὁ
2539 4438 2741 4507 κόσμος
2778 4430 2929 4500 οὗτος
2970 4438 3126 4502 αὑτός
3166 4456 3225 4491 τε
3260 4440 3378 4492 ἐστὶ

160 4531 463 4592 passionem
493 4530 807 4600 martyrium
846 4533 1098 4602 appellat,
1157 4534 1250 4587 sed
1298 4534 1409 4588 hac
1444 4534 1605 4588 verba
1639 4532 1714 4603 (p.

1828 4526 2038 4599 θνητός,
2086 4542 2255 4599 usque
2305 4529 2371 4583 ad
2422 4528 2606 4582 linem.
2638 4527 2748 4581 Cur
2798 4537 2937 4583 totus
2988 4527 3074 4583 hic
3119 4531 3287 4593 locus,
3323 4539 3383 4581 ut

158 4617 282 4685 574)
310 4638 324 4673 :
364 4619 480 4675 Hoc
508 4630 604 4685 est,
641 4622 817 4675 sitiens
842 4625 910 4676 ad
946 4628 1185 4695 martyrii
1218 4628 1713 4681 consummationem

156 4712 432 4775 contendo,
463 4712 530 4765 ad
560 4711 809 4766 Davidem
840 4713 1164 4772 referuntur.

228 4798 331 4854 Sed
363 4808 544 4855 tamen
577 4801 715 4856 inest
757 4802 838 4856 his
879 4803 1113 4859 homiliis
1144 4806 1390 4876 quaedam
1423 4820 1543 4860 cum
1576 4808 1714 4877 stylo

158 4891 336 4945 Basilii
371 4891 769 4957 dissimilitudo,
798 4907 915 4962 quae
959 4906 1106 4949 certo
1140 4897 1257 4951 illas
1282 4898 1329 4952 ei
1364 4898 1578 4952 attribui
1609 4915 1710 4953 nou

156 4982 298 5035 sinit.
333 4980 539 5035 Idcirco
568 4982 782 5036 homilia
838 4984 891 5036 in
934 4984 1124 5051 psalm.
1167 5000 1333 5040 xxvm
1366 4985 1476 5040 fere
1506 4988 1572 5039 ab
1596 5002 1710 5040 Olli-

157 5072 313 5125 nibus
343 5070 607 5139 rejicitur.
638 5071 800 5125 Dubia
828 5074 1101 5128 nonnullis
1122 5074 1235 5130 visa
1280 5085 1363 5129 est
1408 5076 1622 5131 homilia
1659 5079 1708 5130 in

155 5164 347 5231 psalm.
384 5180 589 5220 xxxvu.
631 5164 893 5219 Praeterea
946 5182 1049 5220 non
1087 5166 1220 5220 levis
1261 5168 1514 5221 momenti
1546 5170 1710 5221 videri

154 5257 310 5311 debet
342 5256 485 5324 quod
516 5258 975 5311 observatauctor
998 5258 1337 5313 Praefationis
1376 5263 1503 5312 tomi
1531 5260 1709 5328 primi,

155 5350 289 5403 hanc
328 5350 379 5402 in
409 5348 673 5418 psalmum
701 5364 886 5405 xxxvtl
913 5349 1186 5405 homiliam
1213 5365 1279 5406 ex
1310 5351 1473 5403 variis
1500 5349 1711 5404 Eusebii

155 5441 283 5496 locis
313 5440 380 5495 ad
422 5440 645 5494 verbum
693 5445 963 5512 excerptis
1012 5453 1379 5498 c0iistructam
1430 5456 1567 5497 esse.
1599 5441 1712 5495 Non

152 5537 289 5588 enim
323 5533 599 5602 probabile
627 5545 708 5590 est
737 5534 792 5588 S.
821 5536 1098 5597 Bssilimn,
1130 5538 1252 5590 dum
1277 5536 1713 5601 concionaretur,

220 5718 290 5789 (a)
328 5735 344 5773 1
378 5719 453 5773 De
486 5719 667 5783 theol.,
701 5734 817 5788 Cap.
857 5720 908 5774 8.

387 5809 666 5873 Ριτιοι..
709 5810 824 5874 Gn.
876 5811 1110 5871 XXlX.

1818 4618 1972 4686 plane
1987 4618 2198 4686 spurius
2223 4628 2277 4673 et
2303 4632 2367 4672 ex
2396 4616 2628 4671 Eusebio
2661 4626 2905 4687 sumptus
2935 4616 3382 4685 rejiciatur,mul-

1822 4722 1891 4766 tm
1929 4710 2222 4767 afferuntur
2266 4711 2505 4766 rationes
2552 4710 2605 4764 in
2663 4710 2989 4765 Pnciatione
3028 4709 3122 4779 (b),
3156 4725 3380 4778 quarum

1819 4803 2083 4858 nonnullae
2117 4802 2318 4871 aliquid
2352 4803 2677 4871 suspicionis
2702 4812 2755 4856 et
2780 4801 3131 4856 dubitationis
3160 4802 3210 4855 in
3240 4803 3379 4856 hunc

1815 4895 1991 4950 locum
2025 4895 2294 4961 conjicere
2348 4895 2580 4965 possint,
2627 4895 2721 4949 sed
2769 4893 2966 4948 nullius
3021 4909 3240 4963 prorsus
3270 4910 3379 4946 mo-

1818 4985 1983 5038 menti
2024 4999 2142 5051 quae
2176 4985 2418 5039 secundo
2468 4983 2589 5039 loco
2638 4984 2874 5053 ponitur.
2924 4969 3209 5053 Poslquant
3254 5000 3383 5037 scn-

1814 5090 1950 5145 ptor,
1986 5077 2159 5146 inquit
2181 5086 2372 5133 auctor
2402 5076 2760 5141 Praefationis,
2784 5094 2983 5131 omnem
3015 5078 3278 5129 hominum
3307 5079 3382 5129 ci-

1813 5178 1921 5219 tam
1954 5167 2118 5221 tribus
2155 5184 2410 5222 annorum
2460 5168 2869 5223 hebdomadibus
2904 5168 3157 5236 definivit,
3190 5168 3381 5219 nihilo-

1820 5260 2011 5325 minus,
2043 5276 2213 5313 secum
2260 5260 2368 5328 ipse
2399 5277 2502 5313 non
2558 5260 2903 5321 consentiens,
2957 5262 3132 5311 eodem
3178 5260 3230 5309 in
3270 5258 3381 5309 loco

1818 5348 2041 5417 quinque
2070 5360 2315 5413 recenset,
2350 5360 2550 5420 tempus
2576 5349 2904 5413 dentitionis,
2936 5348 3382 5401 accommodatam

1823 5442 1889 5491 ad
1914 5440 2216 5508 disciplinas
2272 5441 2575 5495 ediscendas
2622 5451 2848 5505 (etatem,
2904 5455 3069 5492 annos
3122 5438 3381 5508 ephebios,

1823 5543 2017 5586 statum
2050 5532 2269 5597 virilem,
2294 5542 2624 5587 senectutem.
2670 5532 2785 5587 Non
2836 5542 2998 5587 totam
3042 5532 3273 5586 hominis
3301 5530 3384 5582 vi~

1894 5712 1965 5784 (b)
2007 5712 2070 5767 N.
2112 5714 2201 5781 57,
2242 5732 2294 5785 p.
2334 5715 2423 5769 ss.
3084 5798 3118 5855 ι
