4080 6312
758 332 917 374 CLXVI

2121 335 2645 391 PliULthMENA.

763 453 870 495 tam
903 437 1132 510 scriptor
1170 437 1256 492 ille
1287 438 1454 493 tribus
1480 452 1742 495 annorum
1768 441 2187 499 hebdomadibus
2226 449 2315 501 de-
2345 455 2388 510 Α
2420 468 2541 506 num
2597 453 2926 511 eruditorum
2978 458 3264 514 auctoritas
3305 462 3452 531 parvi
3498 462 3756 518 momenti
3811 466 3976 522 videri

759 534 896 596 linit,
929 532 1019 587 sed
1056 542 1261 599 tempus
1309 532 1449 585 intra
1485 533 1625 596 quod
1668 534 1910 589 homines
1953 551 2200 593 crescere
2230 555 2315 593 so-

757 626 887 679 lent.
919 622 1122 677 Similis
1153 624 1419 676 sententia
1456 625 1718 691 reperitur
1750 624 1799 676 in
1822 633 1959 678 orat.
1994 626 2018 678 I
2049 628 2112 681 de
2141 628 2314 683 homi-

755 719 841 771 nis
873 722 1165 776 structura,
1207 728 1261 765 n.
1292 712 1355 763 I7
1384 722 1435 767 et.
1464 712 1550 767 18.

826 804 1078 860 Pluribus
1111 804 1289 857 Basilii
1324 804 1374 857 in
1404 805 1639 872 psalmos
1680 808 1912 862 homiliis
1944 810 2099 864 nulla:
2130 814 2313 867 insunt

754 907 913 957 notte,
945 911 1008 949 ex
1035 897 1228 964 quibus
1256 901 1627 963 pronuntiatus
1656 898 1824 952 fuisse
1842 914 2152 967 cognoscas.
2176 903 2309 958 Nam

751 988 1159 1058 gloriﬁcatinne,
1215 1003 1333 1055 qua:
1384 988 1685 1057 ltujusmodi
1746 995 2018 1047 orationes
2063 996 2309 1051 claudere

750 1080 904 1143 solet,
940 1090 1125 1133 carent
1188 1080 1419 1133 liomilia:
1461 1082 1512 1134 in
1575 1084 1765 1150 psalm.
1819 1101 1911 1148 vit,
1957 1102 2104 1153 XXIX,
2134 1105 2303 1155 xxx",

745 1188 940 1235 nam,
975 1187 1179 1235 xxxvn,
1211 1188 1355 1235 xuv,
1388 1189 1509 1238 ην,
1543 1191 1730 1232 XLVIII.
1765 1176 1867 1231 Sed
1906 1195 2027 1233 cum
2078 1182 2305 1238 Basilius

746 1268 888 1322 dicat
917 1265 989 1334 (α)
1021 1267 1071 1317 ἰιι
1110 1266 1323 1318 bomilia
1358 1266 1409 1318 in
1458 1268 1646 1335 psulm.
1697 1285 1823 1323 xstx
1860 1290 1871 1322 :
1906 1271 2040 1335 Quot
2078 1274 2304 1339 fornica-

743 1369 897 1421 tores,
932 1367 1053 1427 quot
1090 1359 1229 1425 fures
1263 1359 1344 1411 hic
1382 1364 1562 1414 stant?
1601 1370 1655 1414 et
1694 1361 1743 1413 in
1770 1364 1983 1416 ltomilia
2030 1366 2078 1418 in
2111 1367 2300 1433 psalm.

743 1468 913 1505 xxxm
946 1470 957 1503 :
993 1452 1177 1503 Audite
1211 1468 1314 1514 vos,
1344 1454 1430 1520 qui
1460 1469 1612 1506 aures
1636 1455 1805 1507 cordis
1844 1455 2042 1508 habetis
2073 1469 2301 1523 apertas,

742 1542 909 1612 liquet
944 1542 1040 1596 has
1070 1544 1202 1596 duas
1242 1544 1512 1609 liomilias,
1544 1546 1643 1597 etsi
1688 1547 1737 1598 in
1793 1546 1894 1600 line
1949 1548 2298 1616 glorilicatio-

743 1651 859 1688 nem
906 1652 1008 1689 non
1060 1636 1275 1697 habent,
1328 1636 1701 1702 pronuntiatas
1750 1649 1923 1692 tamen
1970 1640 2020 1693 in
2066 1643 2294 1697 ecclesia

739 1727 933 1792 fuisse;
972 1742 1071 1781 nec
1098 1728 1248 1781 video
1274 1743 1369 1781 cur
1396 1729 1531 1781 idem
1561 1730 1625 1783 de
1650 1730 1769 1785 aliis
1793 1732 2181 1801 gloriﬁcatione
2206 1750 2296 1789 ca-

737 1822 979 1875 rentibus
1005 1821 1259 1890 judicium
1294 1836 1395 1873 non
1434 1820 1658 1875 feratur.

1312 1934 1537 1990 CAPUT
1576 1936 1732 1989 XLII.

731 2024 771 2081 Ι.
807 2027 1259 2100 _Commentarium
1319 2028 1372 2100 in
1435 2027 1984 2100 Isaiampropltetant
2048 2037 2293 2100 perpauci

800 2096 1001 2152 Basilio
1049 2113 1151 2150 non
1206 2099 1577 2149 attribuerunt.
1634 2099 1691 2151 ll.
1741 2098 1998 2165 Scriptum
2039 2096 2289 2163 hoc'opus

801 2170 941 2239 intra
990 2167 1121 2219 illud
1180 2177 1376 2235 tempus
1426 2184 1529 2239 quo
1578 2168 1809 2221 Basilius
1854 2171 2118 2239 presbyter
2166 2174 2286 2239 fuit.

798 2238 1065 2312 Scriptum
1095 2234 1357 2312 etiamin
1408 2234 1755 2312 Cappadocia.
1802 2238 1884 2312 III.
1918 2234 2103 2312 Basilii
2145 2234 2289 2312 iuge-

796 2308 939 2360 nium
974 2315 1021 2359 et
1044 2309 1307 2360 sementim
1333 2308 1384 2358 in
1418 2309 1511 2358 hoc
1539 2308 1937 2361 Commentario.
1970 2309 2054 2362 IV.
2091 2308 2287 2365 Eadem

795 2376 1081 2441 Scriptum
1123 2378 1523 2444 interpretanda’
1553 2382 1704 2430 ratio.
1734 2380 1787 2431 ι’.
1816 2378 2165 2443 Comparatur
2191 2386 2285 2435 hoc

796 2465 922 2511 Opus
957 2463 1073 2498 cum
1108 2449 1333 2499 homiliis
1383 2450 1443 2498 de
1469 2446 1675 2514 jejunio
1722 2461 1768 2500 et
1813 2452 1863 2501 in
1908 2452 2152 2504 ebriosos.
2201 2452 2281 2505 VI.

800 2517 1081 2571 Nonnullis
1114 2517 1232 2569 aliis
1260 2517 1575 2588 exemplis‘et
1601 2520 1917 2585 argumentis
1946 2523 2285 2588 con/irritatur

795 2597 1055 2639 auctorem
1087 2588 1453 2639 Commentarii
1488 2584 1742 2639 Basiliam
1768 2606 1895 2643 esse.
1930 2584 2265 2646 VllCSolvun

794 2666 881 2708 tur
900 2656 1119 2725 objecta.

792 2745 833 2800 I.
870 2747 1111 2801 Debitam
1152 2748 1207 2801 S.
1246 2746 1442 2802 Basilio
1499 2749 1707 2802 laudem
1753 2749 2144 2805 vindicaturum
2198 2768 2283 2807 me

722 2853 897 2907 spero,
959 2840 1003 2893 si
1056 2839 1170 2907 ejus
1206 2839 1405 2893 nomini
1439 2840 1698 2893 vindicem
1745 2843 2187 2895 commentarium
2227 2844 2281 2895 in

722 2930 941 2993 Isaiam,
1000 2930 1091 2999 qui
1135 2930 1204 2995 ei,
1245 2940 1300 2983 ut
1334 2946 1467 2998 opus
1497 2940 1643 2984 tanto
1686 2934 1799 2986 viro
1843 2934 2277 3001 indignissimum,

719 3020 1053 3087 :ibjnilicatus
1081 3022 1238 3075 estin
1272 3019 1591 3076 Prwlatione
1625 3026 1748 3077 Iomi
1781 3024 1817 3086 I,
1858 3040 1909 3093 p.
1940 3025 2025 3078 48.
2059 3024 2279 3080 Iamdu-

717 3118 843 3170 dum
881 3115 1027 3168 visus
1058 3123 1138 3169 est
1186 3115 1283 3169 sibi
1330 3116 1581 3170 Erasmus
1618 3117 1977 3185 eloquentiam
2008 3119 2187 3172 Basilii
2228 3121 2278 3172 in

2423 559 2527 598 non
2558 546 2740 611 debet;
2790 549 2883 603 scd
2912 558 3085 604 tamen
3121 553 3251 607 certi
3287 554 3584 622 argumenti
3630 561 3839 623 pondus
3874 575 3974 612 non

2421 636 2645 690 obtinet.
2702 637 2877 703 Quare
2919 641 3021 694 alia
3070 643 3295 697 ineunda
3349 656 3430 699 est
3478 646 3559 699 via
3612 649 3678 701 ad
3726 652 3841 703 veri
3892 652 3976 704 in-

2420 726 2849 795 vestigationem,
2899 745 2962 784 ac
3015 732 3064 785 in
3106 735 3290 801 primis
3342 736 3670 805 inquirenda.-
3720 744 3975 809 temporis

2420 826 2575 871 ηοιερ.

2486 907 2869 975 Antiquitatem
2910 915 3087 982 operis
3117 916 3341 983 pldrima
3382 917 3639 983 probant;
3681 918 3775 971 sed
3826 918 3973 972 nobis

2418 1006 2539 1050 nota
2574 999 2746 1067 aliqua
2775 1016 2907 1069 opus
2935 1016 3035 1067 est,
3086 1021 3202 1071 qua:
3242 1021 3344 1059 non
3395 1006 3496 1060 Ιῑιιυ
3540 1019 3739 1074 pateat,
3776 1023 3838 1060 ac
3874 1026 3972 1060 nun

2417 1092 2571 1145 modo
2616 1094 2864 1147 smcultim
2914 1108 3164 1163 quartum
3211 1098 3467 1166 designet,
3514 1102 3606 1155 sed
3649 1104 3816 1155 etiam
3849 1103 3973 1154 illud

2416 1185 2666 1252 temporis
2694 1187 2946 1254 spatium,
2996 1204 3099 1257 quo
3148 1191 3373 1244 Basilius
3421 1193 3472 1245 in
3509 1192 3740 1246 Ecclesia
3794 1195 3971 1248 Caesa-

2415 1274 2569 1327 riensi
2605 1279 2879 1347 presbyter
2922 1290 3012 1333 aut
3055 1284 3335 1352 episcopus
3369 1285 3489 1337 luit.
3545 1285 3597 1337 In
3629 1285 3776 1338 hunc
3821 1302 3969 1339 usum

2408 1366 2580 1435 colligi
2610 1382 2847 1435 possunt,
2878 1386 2994 1439 quae
3025 1372 3089 1425 de
3126 1374 3401 1428 Anommis
3442 1375 3689 1443 leguntur
3725 1377 3970 1445 pluribus

2410 1458 2459 1511 in
2494 1461 2624 1514 locis
2659 1478 2672 1513 :
2709 1462 2843 1516 Sunt
2878 1466 3133 1528 nonnulli,
3174 1468 3341 1535 inquit
3387 1479 3572 1521 auctor
3621 1469 3972 1522 Commenta-

2408 1551 2470 1601 rii
2513 1551 2585 1621 (p.
2613 1553 2758 1623 555),
2810 1556 2899 1623 qui
2936 1573 3049 1608 cum
3097 1568 3266 1623 patres
3299 1575 3418 1611 suos
3469 1570 3513 1611 et
3549 1560 3747 1611 tradita
3796 1561 3863 1611 ab
3900 1561 3969 1611 eis

2404 1644 2647 1711 dogmata
2692 1649 2833 1716 sequi
2872 1652 3166 1719 fastidiant,
3200 1654 3295 1714 ipsi
3326 1655 3577 1705 Ita'resum
3617 1654 3839 1720 cupiunt
3874 1670 3969 1704 au-

2403 1746 2565 1789 ctores
2592 1755 2713 1791 esse.
2752 1740 2925 1804 Quare
2956 1745 3201 1795 novitates
3218 1746 3469 1810 quasdam
3500 1745 3971 1796 comminiscuntur

2328 1819 2368 1871 Β
2399 1830 2641 1882 adrersus
2677 1842 2865 1883 rectum
2899 1848 3203 1896 sermonem,
3251 1836 3506 1887 malitiam
3546 1836 3968 1902 intpietatemque

2402 1923 2603 1985 scriptis
2637 1925 2907 1989 prodentes
2939 1940 2956 1976 :
2989 1927 3054 1976 ad
3095 1943 3220 1993 quos
3249 1928 3497 1994 pervenit,
3533 1943 3632 1991 νει),
3684 1929 3753 1979 ad
3792 1941 3966 1994 patres

2398 2013 2624 2065 videlicet
2650 2013 2798 2081 falsa:
2825 2026 2869 2067 et
2895 2016 3199 2069 adulterina:
3222 2018 3465 2081 scientiaz,
3493 2028 3537 2070 et
3564 2019 3631 2069 ad
3657 2019 3966 2085 dogmatum

2397 2104 2669 2166 impiorum
2700 2108 2992 2172 scriptores.
3029 2108 3178 2162 Tales
3216 2112 3348 2163 enim
3373 2127 3478 2173 eos,
3513 2111 3599 2177 qui
3626 2110 3753 2174 [idei
3783 2113 3965 2173 inopia

2396 2195 2654 2258 laborant,
2697 2194 2970 2262 diripiunt,
3008 2211 3159 2264 atque
3188 2201 3240 2251 in
3270 2200 3473 2251 animas
3494 2216 3617 2253 vero
3652 2200 3746 2251 illo
3778 2216 3965 2265 sponso

2394 2285 2501 2339 Deo
2546 2287 2707 2343 Verbo
2753 2292 2931 2343 viduas
2962 2293 3291 2360 tyrannidem
3339 2301 3592 2345 exercent.
3657 2290 3761 2346 Sed
3824 2303 3872 2344 et
3918 2289 3965 2345 si

2391 2382 2679 2447 quempiam
2706 2382 2810 2436 Deo
2841 2387 3075 2437 orbatum
3101 2386 3161 2436 ob
3186 2395 3449 2451 peccatum
3478 2385 3719 2445 viderint,
3750 2394 3801 2438 et
3832 2386 3963 2437 hunc

2391 2473 2486 2523 sibi
2523 2474 2671 2540 quasi
2699 2477 2927 2541 praedam
2967 2475 3226 2527 vindicant
3267 2491 3285 2526 :
3324 2475 3508 2542 quippe
3545 2475 3617 2526 eis
3650 2477 3960 2539 promittunt

2390 2565 2716 2616 securitatem
2739 2581 2960 2627 omnem,
2984 2576 3028 2617 et
3062 2565 3403 2630 voluptariam
3437 2564 3590 2616 vitam
3636 2577 3957 2630 praponunt,

2389 2656 2430 2707 si
2462 2656 2608 2707 modo
2655 2672 2739 2708 eos
2777 2656 3034 2723 dogmatis
3060 2655 3389 2708 Divinitatem
3420 2657 3848 2723 oppugnantibus
3882 2658 3960 2706 in-

2388 2744 2618 2813 telligant
2664 2748 2921 2799 assentiri.
2961 2745 3143 2810 Qualis
3180 2764 3313 2799 nunc
3359 2746 3635 2815 pullulavit
3676 2748 3955 2799 Anomueo-

2389 2854 2498 2890 rum
2518 2839 2743 2903 literesis,
2775 2842 2864 2908 qui
2888 2840 3277 2905 scortatoribtts,
3302 2840 3572 2902 adulteris,
3598 2841 3957 2892 masculorum

2388 2930 2839 2995 concubitoribus,
2898 2930 3207 2999 plagiariis,
3268 2933 3495 2999 perjuris
3564 2948 3624 2983 ac
3687 2932 3959 2983 mendaci-

2388 3022 2479 3073 bus
2530 3023 2731 3074 veniam
2772 3032 3095 3088 peccatorum
3148 3022 3479 3089 pollicentur,
3529 3024 3573 3075 si
3622 3038 3676 3073 δυ
3728 3040 3797 3073 ἠι
3848 3037 3956 3074 sua:

2388 3112 2632 3163 adversus
2670 3108 3001 3179 Unigenitum
3045 3112 3374 3179 blasphemia:
3407 3113 3573 3164 socios
3606 3111 3726 3163 illos
3761 3111 3956 3165 habue-

719 3207 819 3260 lioc
865 3222 1026 3274 opere
1079 3222 1182 3259 non
1227 3210 1485 3277 reperire,
1530 3209 1669 3275 quod
1713 3209 1843 3262 satis
1888 3209 1933 3261 ei
1978 3210 2277 3277 argumenti
2309 3176 2348 3232 Ο
2385 3203 2508 3254 rint-

718 3298 837 3363 l'uit,
888 3309 945 3351 ut
991 3300 1277 3368 genuinum
1329 3314 1448 3353 esse
1502 3299 1662 3352 fetum
1706 3310 1945 3367 negaret.
2002 3301 2279 3369 Ascripto-

717 3403 829 3440 rem
866 3387 942 3455 (ὁ)
973 3388 1147 3441 hacin
1180 3404 1236 3443 re
1272 3390 1456 3443 habuit
1494 3390 1761 3442 Rivetum.
1794 3390 1908 3457 Ipse
1932 3391 2089 3443 etiam
2128 3392 2279 3445 Peta-

716 3478 833 3531 vius
889 3480 1062 3532 obiter
1116 3482 1422 3548 pronuntiat
1474 3484 1890 3535 commentarios
1949 3483 2013 3535 ad
2060 3483 2273 3547 Isaiam,

714 3570 803 3638 qui
838 3569 1035 3623 Basilio
1068 3572 1240 3624 solent
1276 3573 1517 3634 inscribi,
1546 3573 1684 3628 illius
1721 3589 1822 3626 non
1851 3588 1989 3635 esse,
2026 3575 2115 3626 sed
2159 3574 2277 3626 nul-

716 3664 816 3718 lam
846 3664 1029 3734 judicii
1060 3666 1138 3718 sui
1169 3666 1426 3720 rationem
1455 3669 1674 3735 profert.
1710 3668 1849 3720 Inter
1875 3666 2092 3720 Graecos
2112 3667 2275 3720 Joan-

714 3770 809 3809 nes
864 3757 1208 3825 Drungarius,
1256 3759 1433 3811 saeculi
1479 3758 1774 3811 duodecinti
1828 3740 2078 3825 scriptor,
2126 3759 2277 3826 cujus

714 3848 1073 3918 fragmentum
1109 3858 1287 3902 eXStat
1332 3853 1382 3902 in
1431 3848 1649 3902 Collect.
1705 3850 1921 3902 Patrum
1950 3850 2273 3914 Gra’corum,

712 3942 814 3995 hoc
850 3955 981 4009 opus
1020 3940 1076 3992 S.
1117 3939 1309 3993 Basilio
1348 3940 1615 4007 abjudicat
1652 3942 1795 4008 (pag.
1838 3941 1984 4008 550‘).
2019 3942 2107 3994 Sic
2131 3943 2274 3996 enim

708 4032 946 4099 loquitur
989 4050 999 4084 :
1038 4032 1145 4083 Καὶ
1196 4033 1351 4083 τοῦτο
1404 4033 1457 4084 δὲ
1501 4032 1795 4103 κατάδηλον
1852 4032 1987 4084 ποιῶ
2034 4036 2144 4095 τοῖς
2192 4036 2276 4086 ὲν-

706 4124 1079 4194 τυγχάνουσιν,
1122 4124 1196 4187 ὡς
1226 4126 1252 4175 ὁ
1288 4127 1343 4176 ἐν
1372 4124 1544 4191 ἁγίοις
1578 4124 1853 4186 Βασίλειος
1898 4126 2058 4194 μέρος
2098 4144 2147 4177 τι
2178 4125 2274 4195 τῆς

704 4220 764 4270 ὲν
782 4217 933 4287 χερσὶ
954 4215 1287 4286 προφητείας
1323 4218 1661 4285 ἠρμήνευσεν
1683 4233 1695 4245 ·
1729 4218 1845 4286 ἥτις
1877 4217 2136 4289 ἑρμηνεία
2166 4234 2272 4269 πα-

705 4310 774 4380 ρὰ
800 4309 1009 4371 πολλοῖς
1036 4308 1451 4377 ἀμφιϐάλλεται.
1493 4307 1602 4361 Hoc
1642 4318 1813 4360 autem
1840 4310 2050 4360 lectores
2090 4308 2273 4361 admo-

704 4404 836 4455 nitos
879 4404 1012 4465 volo,
1061 4400 1310 4469 Magnum
1346 4399 1603 4452 Basiliam
1655 4401 1809 4469 hujus
1836 4401 2117 4469 prapltetiae
2148 4414 2271 4467 par-

2453 3294 2511 3347 II.
2557 3294 2706 3358 Illttd,
2754 3295 2909 3347 ὁποία
2963 3298 2993 3365 ἡ
3032 3295 3125 3349 νῦν
3160 3296 3660 3367 παραϐλαστήσασα
3691 3297 3805 3350 τῶν
3836 3300 3954 3351 ἀνο-

2386 3384 2550 3454 μοίων
2582 3385 2809 3455 αἵρεσις,
2847 3384 3030 3449 Qualis
3072 3404 3205 3439 nunc
3262 3389 3538 3457 pullulavit
3576 3388 3953 3443 Anomaeorum

2380 3478 2609 3539 licet-esis,
2640 3493 2743 3530 non
2776 3478 3109 3531 referendum
3138 3481 3441 3534 necessario
3467 3490 3547 3533 est
3571 3482 3635 3533 ad
3667 3482 3843 3549 ipsum
3874 3499 3954 3535 ar-

2384 3569 2620 3629 ticulum,
2649 3585 2752 3637 quo
2782 3570 3015 3623 haeretici
3053 3570 3125 3623 illi
3159 3572 3421 3637 prodiere.
3468 3570 3655 3625 Statim
3688 3574 3839 3625 enim
3874 3584 3951 3625 at-

2380 3674 2483 3726 que
2517 3659 2767 3712 verticem
2812 3660 3030 3713 sustulit
3065 3674 3247 3713 eorum
3300 3659 3566 3727 impietas,
3597 3662 3950 3715 vehementer

2379 3753 2445 3803 ab
2477 3750 2541 3803 iis
2577 3749 2663 3817 qui
2701 3749 3018 3803 Scmiariani
3060 3751 3327 3813 dicuntur,
3364 3752 3655 3821 oppugnati
3693 3763 3863 3817 sunt;
3900 3764 3950 3806 et

2378 3856 2498 3893 cum
2525 3842 2575 3893 in
2597 3840 2942 3894 odensionent
2977 3841 3072 3910 ipsi
3100 3840 3414 3895 Constantio
3447 3844 3745 3905 venissent,
3781 3844 3946 3910 pluri-

2384 3947 2525 3983 mum
2568 3932 2762 3997 negotii
2811 3930 3045 3984 habuere
3082 3930 3133 3983 in
3178 3931 3316 3983 illius
3359 3931 3723 3999 recolligenda
3754 3934 3945 4002 gratia,

2379 4036 2476 4075 nec
2506 4032 2714 4090 tempus
2748 4032 2865 4075 erat
2900 4022 3231 4089 impunitatis
3258 4022 3374 4075 aliis
3410 4024 3814 4089 promittendm,
3857 4023 3944 4077 sed

2377 4114 2721 4182 sibimetipsis
2752 4115 3071 4182 quaerendae.
3107 4113 3400 4166 Retraxere
3432 4114 3501 4165 illi
3531 4115 3753 4183 quidem
3789 4117 3855 4167 ad
3890 4130 3947 4169 se

2376 4216 2557 4277 postea
2585 4206 2833 4259 mobilem
2856 4220 2918 4257 ac
2952 4204 3118 4257 levem
3147 4204 3442 4258 Constantii
3478 4204 3744 4270 animum,
3786 4222 3847 4260 ac
3885 4207 3946 4261 de

2376 4299 2721 4353 Semiarianis
2758 4311 2942 4366 pcenas
2983 4298 3211 4351 vicissim
3255 4306 3596 4362 sumpserunt
3646 4310 3797 4352 anno
3823 4299 3942 4351 360.

2375 4389 2477 4443 Sed
2534 4400 2709 4442 tamen
2763 4404 2881 4443 cum
2925 4390 3036 4458 ipse
3070 4388 3411 4442 Constantius
3466 4403 3569 4441 non
3624 4397 3835 4443 tantam
3870 4391 3943 4442 eis

701 4509 801 4550 tom
832 4498 1223 4560 interpretatum
1269 4510 1375 4548 esse
1398 4535 1412 4559 ,
1448 4510 1563 4560 qua:
1596 4493 1800 4559 quidem
1850 4492 2203 4559 interpretatio
2236 4508 2266 4543 a
2300 4512 2343 4566 ι)
2373 4483 2741 4535 ειυεῑοΐὶιέὶιθῐη
2777 4496 2840 4535 ac
2878 4480 3145 4534 “Genuam
3190 4480 3383 4543 dabat:
3441 4488 3637 4548 quam“
3682 4481 3741 4533 ίη
3790 4481 3943 4532 ³¹¹³ιο

699 4589 876 4640 multis
916 4590 969 4641 in
1012 4588 1226 4639 dubium
1258 4596 1544 4639 revocatur.
1572 4583 1722 4649 Quod
1758 4584 1833 4636 ait
1877 4583 2209 4652 Drungarius
2235 4598 2263 4635 a

699 4678 881 4731 multis
937 4677 1191 4741 dubitari,
1242 4691 1306 4728 an
1348 4687 1535 4728 auelor
1582 4675 1650 4727 sit
1694 4673 1849 4741 hujus
1889 4671 2265 4725 commentarii

698 4768 943 4831 Basilius,
978 4766 1029 4818 id
1068 4766 1131 4819 de
1159 4765 1513 4833 scriptoribus
1537 4762 1919 4817 ecclesiasticis
1958 4760 2264 4828 intelligen-

695 4863 821 4913 dum
868 4876 973 4914 non
1026 4861 1253 4913 videtur.
1300 4859 1441 4923 Quos
1471 4859 1610 4911 enim
1649 4858 1915 4919 novimus,
1964 4856 2015 4908 lii
2055 4868 2265 4909 summo

697 4969 963 5007 consensu
988 4961 1263 5021 parentem
1288 4951 1443 5019 hujus
1465 4950 1641 5018 operis
1662 4948 1915 5003 Basilium
1941 4953 2260 5015 agnoscunt,

694 5043 959 5095 Maximus
987 5040 1278 5105 confessor,
1311 5040 1545 5093 Joannes
1590 5040 1970 5099 Damascenus,
2028 5037 2258 5107 Symeon

696 5133 1013 5203 Logotheta.
1075 5135 1339 5188 Antonius
1387 5132 1621 5196 Melissa,
1690 5130 2001 5194 Tharasius,
2073 5137 2262 5183 auctor

698 5226 1035 5280 Scholiorutn
1103 5226 1411 5279 Graecorum
1484 5226 1535 5275 in
1602 5222 1855 5291 epistolas
1917 5220 2258 5289 apostolicas.

697 5316 900 5369 t.r;ecis
944 5317 1191 5370 assentiri
1241 5332 1344 5369 non
1368 5314 1680 5368 dubitarunt
1708 5312 2031 5366 recentiores
2067 5310 2261 5375 critici,

696 5407 901 5462 Natalis
924 5409 1244 5471 Alexander,
1290 5408 1550 5473 Dupinus,
1574 5405 1973 5467 Tillemontius,
2007 5412 2060 5457 et
2084 5400 2263 5456 erudi—

700 5510 780 5553 tus
804 5502 979 5554 editor
999 5515 1221 5567 Operum
1252 5497 1310 5555 S.
1345 5497 1567 5552 Joannis
1598 5496 1931 5549 Damasceni.
1961 5494 2061 5548 Tot
2100 5493 2265 5547 homi-

768 5699 841 5761 (a)
883 5696 947 5749 N.
977 5698 1028 5760 5,
1063 5712 1181 5765 pag.
1222 5696 1343 5747 I27.

765 5770 837 5825 (ὁ)
877 5767 1027 5823 Τοιιι.
1054 5768 1115 5820 ιιι
1143 5766 1325 5828 Doqnt.
1354 5768 1599 5831 tlteoloq.,
1640 5767 1730 5822 lib.
1765 5782 1801 5831 t,
1841 5782 1891 5827 ο.
1926 5765 1980 5832 2,
2015 5780 2066 5819 n.
2098 5765 2150 5819 4.

2377 4572 2678 4625 testimonio
2742 4570 3062 4640 perspicitur
3123 4568 3266 4640 (nam
3316 4586 3435 4623 cum
3487 4571 3662 4624 ventis
3712 4569 3942 4623 maxime

2374 4661 2624 4715 secundis
2665 4670 2961 4723 uterentur,
3013 4660 3259 4727 imposita
3308 4659 3546 4712 Eudoxio
3586 4674 3781 4713 eorum
3823 4664 3938 4714 duci

2376 4750 2545 4803 tristis
2576 4750 2864 4803 necessitas
2884 4750 3129 4804 Eunomii
3169 4750 3249 4804 sui
3274 4748 3628 4819 deponendi);
3669 4760 3783 4804 tum
3821 4766 3941 4805 vero

2372 4857 2564 4897 nomen
2588 4842 2968 4896 Anomaaorum
2993 4859 3269 4912 accepere,
3303 4842 3525 4896 testibus
3553 4853 3749 4897 sancto
3778 4845 3940 4897 Atha-

2370 4937 2522 4991 nasio
2542 4937 2610 5007 (c)
2640 4946 2692 4990 et
2720 4936 2939 4991 Socrate
2960 4938 3058 5005 (d),
3087 4947 3365 5005 postquam
3397 4935 3447 4988 in
3481 4937 3720 4990 concilio
3750 4936 3937 4989 Antio-

2370 5032 2541 5084 clteno
2570 5030 2759 5081 Filium
2798 5028 2941 5081 Patri
2974 5030 3285 5082 dissimilem
3319 5028 3590 5089 dixerunt,
3629 5030 3773 5095 quod
3818 5029 3935 5095 qui-

2360 5127 2476 5176 dem
2510 5137 2649 5175 anno
2683 5121 2778 5173 561
2819 5122 3037 5189 contigit
3065 5120 3228 5190 paulo
3266 5130 3388 5173 ante
3412 5128 3644 5172 mortem
3676 5119 3936 5173 Constan-

2363 5217 2441 5270 tii.
2482 5216 2657 5281 Quare
2692 5230 2809 5282 quae
2833 5214 2896 5267 de
2912 5213 3186 5265 Anommis
3223 5213 3273 5264 in
3311 5213 3409 5265 hoc
3438 5212 3835 5264 commentario
3860 5212 3935 5265 di-

2361 5318 2573 5368 cuntur,
2602 5306 2877 5360 referenda
2904 5307 2965 5358 ad
2989 5320 3172 5359 eorum
3200 5307 3300 5360 sub
3324 5306 3544 5358 Valente
3569 5305 3934 5357 dominatum.

2362 5398 2491 5451 Illttd
2557 5396 2689 5459 νῦν,
2736 5406 2793 5450 ιιι
2852 5397 3250 5451 observavimus
3307 5397 3372 5448 ad
3431 5396 3727 5463 epistolam
3796 5394 3933 5457 238,

2363 5505 2501 5557 saepe
2536 5491 2673 5542 idem
2706 5500 2871 5542 sonat.
2898 5504 2958 5543 ac
2996 5504 3183 5557 nuper,
3210 5489 3353 5542 etde
3385 5489 3541 5542 rebus
3569 5498 3698 5541 ante
3722 5484 3931 5555 aliquod

2444 5692 2512 5755 (c)
2555 5690 2629 5741 De
2667 5692 2849 5760 syttod.
2880 5706 2929 5759 p.
2962 5690 3091 5745 907.

2450 5762 2525 5825 tu)
2570 5761 2683 5816 Lib.
2720 5777 2775 5826 ιι,
2829 5778 2877 5816 ς.
2913 5762 2997 5815 ts.
