4080 6312
1526 374 1679 433 νιΤΑ
1725 380 1782 434 S.
1826 380 2093 436 BASILII.

3213 403 3310 445 CLX
3318 402 3389 444 νη

167 487 368 548 tempus
426 482 659 549 peractis
718 481 934 538 dicitur.
988 484 1133 541 Unde
1165 487 1389 543 Basilius
1432 493 1497 547 de
1533 496 1719 549 haeresi
1751 504 1793 558 Α
1826 499 1948 549 dum
1981 499 2196 565 scriptis
2222 499 2489 567 cognitum
2538 508 2685 551 tanta
2729 498 3083 555 similitudine
3126 501 3386 565 retuierit,

172 570 772 628 Pneumatomaehorum
805 576 854 629 in
882 576 1037 645 epist.
1072 578 1173 634 159
1208 597 1221 632 :
1251 581 1322 634 Τὸ
1346 582 1439 635 νῦν
1479 587 1725 657 παρακύ-

166 660 262 728 ψαν
308 662 464 733 παρὰ
508 664 614 717 τῶν
671 668 757 719 ἀεὶ
797 675 1131 739 καινοτομεῖν
1183 675 1597 745 ἐπιχειρούντων
1631 679 1725 749 ςή-

166 768 326 821 τημα.
364 753 524 807 Nunc
557 759 799 824 pratliens
827 761 887 810 ab
925 762 1214 818 hominibus
1242 784 1441 836 semper
1474 772 1589 822 novi
1626 773 1724 823 ali-

166 848 281 907 quid
314 848 563 901 inducere
588 850 892 905 conantibus
925 858 1163 922 qua'stio.

226 939 306 991 Ad
338 941 481 991 idem
512 939 742 994 Valentis
771 942 1052 1011 imperium
1084 949 1349 1016 pertinent
1370 968 1487 1019 qum
1513 956 1580 1008 de
1604 970 1727 1007 eon-

170 1032 445 1083 troversiis
495 1033 632 1087 inter
676 1036 821 1099 ipsos
863 1038 1167 1095 Catholicos
1206 1045 1409 1097 exortis
1457 1045 1722 1114 leguntur,

169 1138 211 1185 p.
243 1120 346 1173 5οί
380 1140 391 1171 :
428 1124 657 1191 Ὄφελον
706 1128 761 1179 δὲ
809 1131 857 1181 οἱ
899 1131 1187 1201 αὐχοῦντες
1226 1134 1321 1203 τὴν
1368 1135 1725 1209 ἁποστολικὴν

166 1210 502 1266 διξισκα).ίαν
526 1221 904 1289 τετηρηκέναι,
932 1224 1021 1275 καὶ
1042 1225 1177 1277 κατὰ
1199 1224 1443 1298 διαδοχὴν
1474 1231 1566 1282 ἀπ’
1594 1234 1725 1285 ὲκεί-

165 1319 261 1353 νων
297 1304 360 1355 τὸ
390 1308 654 1379 κήρυγμα
694 1312 785 1364 τοῦ
816 1314 1138 1380 Εὐαγγελίου
1190 1318 1602 1389 παρειληφέναι,
1638 1325 1723 1378 διὰ

164 1394 252 1461 τῆς
306 1399 436 1467 περὶ
481 1400 588 1451 τῶν
635 1402 915 1471 δογμάτων
960 1407 1266 1475 ὁμοφωνίας
1320 1410 1604 1477 ἐδείκνυον,
1643 1415 1723 1467 ὅτι

168 1488 285 1553 μιᾶς
321 1490 429 1541 εἰσὶ
464 1491 601 1560 μέρη
623 1493 721 1560 τῆς
745 1496 976 1564 Χριστοῦ
1018 1499 1358 1570 Ἐκκλησίας.
1390 1501 1599 1557 Utinam
1623 1523 1722 1557 att-

166 1589 256 1629 tem
284 1580 375 1647 qui
406 1598 461 1632 se
487 1582 774 1636 doctrinam
802 1588 1139 1653 apostolicam
1164 1608 1389 1658 servare,
1413 1611 1473 1647 ac
1493 1613 1585 1663 per
1609 1613 1722 1648 suc-

166 1674 436 1724 cessionem
460 1675 521 1725 ab
553 1679 794 1743 apostolis
826 1682 1248 1746 prtetlicationam
1280 1684 1555 1756 Evangelii
1578 1704 1721 1740 acce-

162 1763 287 1827 pisse
317 1762 647 1831 gloriantur,
688 1773 1031 1837 ostenderent,
1074 1777 1252 1829 eadem
1298 1780 1360 1830 de
1397 1779 1719 1847 dogmatibus

1826 597 2021 653 quanta
2045 590 2383 657 semetipsum
2413 588 2640 641 Basilius
2670 589 2722 641 in
2752 589 3001 643 omnibus
3030 593 3281 659 operibus
3308 610 3390 644 re-

1829 677 1949 731 fert.
2012 678 2203 732 Paucis
2252 694 2378 747 ergo
2431 679 2907 733 demonstrandum
2953 697 3217 735 summam
3271 698 3391 737 esse

1828 773 1964 825 inter
1998 774 2439 826 commentarium
2470 784 2523 827 et
2558 773 2658 827 alia
2693 771 2879 827 Basilii
2908 774 3104 844 scripta
3134 774 3389 829 similitu-

1828 868 2022 919 dinem.

1898 958 1972 1025 (a)
2001 958 2169 1013 Nemo
2197 970 2280 1014 est
2308 974 2439 1013 sane
2472 960 2583 1027 qui,
2614 958 2660 1012 si
2691 958 3085 1013 animadvertat
3110 959 3387 1023 attentius,

1827 1062 1985 1115 quam
2015 1050 2239 1103 libenter
2278 1050 2648 1104 commentarii
2691 1060 2878 1104 auctor
2932 1052 2997 1103 de
3032 1053 3269 1120 physicis
3306 1067 3387 1103 re-

1828 1136 1944 1197 bus,
1979 1153 2038 1191 ac
2076 1140 2338 1207 praecipue
2365 1140 2432 1193 de
2472 1140 2781 1193 animalium
2809 1141 3229 1208 proprietatibus
3279 1141 3389 1195 dis-

1827 1238 1992 1291 serat,
2024 1246 2126 1281 non
2159 1228 2311 1282 facile
2346 1243 2603 1299 agnoscat
2639 1242 2911 1284 auctorem
2964 1231 3298 1284 homiliarum
3337 1233 3391 1284 in

1827 1316 2080 1371 Hexaem.
2112 1321 2365 1374 [ledttlent
2394 1323 2556 1374 etiam
2592 1322 2664 1391 (b)
2702 1323 2955 1377 nonnulla
2984 1340 3198 1393 operam
3230 1340 3258 1378 a
3286 1324 3391 1376 Ba-

1827 1409 1945 1461 silio
2012 1414 2060 1463 in
2122 1413 2450 1469 astronomia
2515 1412 2609 1484 (c)
2683 1415 2911 1469 Athenis
2966 1416 3250 1469 ediscenda
3313 1416 3390 1468 in-

1826 1509 2111 1568 sumptam.
2152 1502 2295 1557 inter
2333 1513 2475 1558 artes
2506 1520 2623 1573 quze
2655 1507 2720 1557 ad
2757 1505 2917 1556 vitam
2954 1505 3293 1567 necessarias,
3335 1518 3389 1560 et

1825 1605 1917 1643 eas
1939 1607 2056 1659 quae
2081 1609 2229 1648 vanae
2259 1607 2313 1650 et
2347 1596 2560 1650 inutiles
2589 1606 2736 1662 sunt,
2782 1596 2917 1650 idem
2949 1612 3172 1663 prorsus
3201 1599 3391 1653 discri~

1826 1696 1944 1734 men
1973 1686 2228 1739 statuitur
2260 1688 2311 1741 in
2337 1691 2725 1743 commentario
2758 1693 2833 1758 (p.
2866 1689 3013 1759 941),
3044 1705 3105 1744 ac
3131 1691 3182 1743 in
3212 1694 3389 1759 prima

1826 1771 2042 1828 humilia
2068 1777 2120 1830 in
2148 1776 2403 1834 Hexaem.
2441 1781 2514 1850 (p.
2551 1781 2627 1849 7;,
2657 1790 2708 1834 et
2736 1781 3015 1851 utriusque
3086 1781 3183 1835 loci
3221 1784 3390 1836 simil-

163 1854 392 1921 άὶεεηιίο,
431 1871 485 1908 δέ
515 1862 667 1913 unius
699 1861 942 1916 [ζει-[θείω
970 1864 1163 1917 Christi
1190 1876 1364 1933 partes
1388 1870 1534 1921 esse!
1568 1867 1717 1924 Mifi-
1748 1858 1789 1912 Β
1819 1861 1946 1917 lima
1972 1869 2260 1922 sententia.
2295 1869 2541 1940 Legimus
2568 1871 2617 1923 in
2645 1872 2865 1924 homilia
2905 1873 2937 1924 3
2959 1872 3011 1925 in
3039 1871 3295 1926 llexaem.
3334 1891 3383 1941 μ.

166 1943 256 1999 ﬁce
281 1947 394 2001 inec
418 1954 743 2006 conveniunt
784 1956 838 2009 in
884 1955 1009 2010 illud
1052 1956 1291 2015 Valentis
1326 1970 1553 2031 tempus,
1596 1978 1717 2017 cum

164 2047 211 2091 et
249 2040 312 2093 de
359 2042 531 2095 tribus
573 2045 951 2113 hypostasibus
983 2050 1216 2103 maxima
1242 2062 1383 2107 esset
1421 2055 1714 2123 contentio,

166 2144 221 2182 ac
246 2132 389 2185 inter
425 2134 687 2203 plurimos
723 2138 1000 2206 episcopos
1028 2140 1266 2210 disrupta
1295 2145 1601 2199 communio
1632 2160 1718 2201 es-

161 2233 253 2287 set,
280 2227 331 2278 in
362 2241 469 2293 qua
501 2227 776 2280 sarcienda
811 2244 908 2283 nec
932 2230 1210 2302 presbyter
1230 2233 1457 2289 Basilius
1492 2250 1588 2290 nec
1614 2238 1717 2305 epi-

160 2326 342 2380 scopus
400 2313 643 2368 laborare
676 2317 895 2373 destitit.
931 2321 1175 2389 Scriptus
1212 2340 1340 2393 ergo
1378 2338 1711 2381 commenta-

161 2405 263 2458 rius
311 2406 365 2457 in
414 2404 618 2459 Isaiam
672 2412 769 2465 sub
818 2411 1070 2477 Valente;
1119 2415 1276 2483 idque
1326 2417 1460 2471 intra
1512 2429 1710 2488 septem

162 2496 356 2561 priores
413 2512 586 2553 annos
627 2499 763 2554 illius
808 2502 1040 2571 imperii,
1089 2514 1373 2576 antequam
1424 2523 1454 2561 e
1497 2509 1715 2565 latebris

159 2588 592 2645 dissimulationis
625 2593 908 2659 prodiisset
952 2597 1155 2653 nefaria
1190 2600 1715 2662 Pneumatomacho-

159 2694 264 2733 rum
290 2683 539 2751 hmresis,
576 2700 695 2753 quae
731 2687 881 2743 initio
903 2690 1239 2760 episcopatus
1266 2693 1444 2748 Basilii
1482 2700 1712 2765 grassari

157 2763 329 2841 coepit,
386 2792 452 2829 ac
490 2778 739 2846 deinceps
787 2792 1096 2849 perpetuum
1138 2801 1257 2838 cum
1290 2802 1352 2839 eo
1385 2789 1576 2841 hellum
1619 2790 1713 2843 ha-

157 2863 280 2919 buit.
304 2866 451 2920 Nihil
476 2870 617 2921 enim
648 2872 712 2924 de
744 2873 829 2925 illa
860 2874 1048 2928 haeresi
1087 2877 1320 2943 reperias
1353 2880 1403 2931 in
1438 2895 1715 2933 commen-

158 2960 279 3011 tario
330 3000 342 3012 .
392 2961 541 3015 solus
583 2961 748 3016 Filius
785 2965 1089 3020 defenditur
1135 2987 1147 3022 :
1198 2970 1295 3023 soli
1336 2972 1713 3042 impugnantur

155 3049 343 3114 Ariani,
376 3052 490 3121 qui,
521 3065 577 3106 ut
608 3054 660 3105 in
706 3054 809 3109 alio
841 3057 955 3111 loco
980 3059 1057 3129 (p.
1091 3060 1215 3132 525)
1263 3063 1507 3134 legimus,
1540 3068 1710 3121 tradi-

157 3150 286 3195 turos
320 3160 380 3197 se
416 3145 807 3212 pollicebantur
842 3166 959 3220 qua:
986 3155 1049 3207 ad
1079 3155 1269 3207 Filium
1319 3170 1586 3224 spectant,
1625 3172 1708 3215 at-

154 3247 245 3299 que
274 3236 371 3289 hoc
394 3238 644 3304 specioso
672 3254 920 3297 sermone
945 3245 1364 3312 simplicioribus
1392 3248 1704 3304 illudebant.

154 3325 445 3390 Quinetiam
511 3332 1028 3389 Pneumatomachos
1084 3337 1331 3408 intelligit
1379 3353 1709 3395 commenta-

154 3429 244 3485 tor,
276 3438 379 3476 non
414 3424 717 3487 hmreticos,
768 3429 857 3494 qui
886 3428 1219 3483 divinitatem
1276 3432 1508 3499 Spiritus
1536 3435 1708 3490 sancti

153 3512 547 3583 impugnabant,
604 3521 693 3573 sed
732 3521 974 3576 homines
1024 3540 1235 3577 :unaros
1260 3537 1312 3577 et
1349 3527 1534 3589 malos,
1575 3544 1709 3596 quos

152 3622 256 3658 cum
296 3612 378 3675 api
426 3626 491 3663 ex
533 3613 773 3669 immisso
810 3616 991 3667 aculeo
1027 3617 1283 3669 moriente
1308 3630 1588 3685 comparat.
1627 3622 1702 3689 (p.

151 3697 278 3764 551).
309 3702 456 3753 Talis
483 3715 579 3765 est,
607 3704 797 3771 inquit,
823 3707 1091 3759 hominum
1122 3725 1423 3762 amararum
1457 3722 1501 3763 et
1534 3716 1710 3765 adver-

149 3804 225 3842 sus
243 3789 505 3858 Spiritum
529 3799 867 3864 pugnantium
894 3812 1102 3866 natura,
1129 3802 1248 3857 Τῶν
1274 3806 1486 3876 πικρῶν
1506 3807 1707 3879 ἀνθρώ-

150 3896 250 3935 πων
300 3887 393 3939 καὶ
424 3887 923 3961 Πνευματομάχων,
979 3897 1067 3963 qui
1116 3898 1415 3965 semetipsos
1475 3902 1705 3969 nequitia

148 3981 294 4047 magis
330 3982 561 4048 laedunt,
593 4002 747 4052 quam
790 4003 875 4040 eos
925 3990 1013 4057 qui
1062 3990 1115 4042 in
1153 4007 1336 4043 eorum
1374 3994 1704 4044 iracundiam

148 4075 433 4129 inciderint.
495 4076 721 4131 Videtur
774 4095 903 4148 ergo
952 4082 1563 4137 Pneumatomacborum
1605 4101 1701 4137 vox

149 4167 363 4219 nondum
444 4177 574 4221 tunc
642 4170 979 4240 designandis
1037 4175 1307 4231 haereticis
1381 4175 1546 4233 fuisse
1610 4179 1703 4232 ad-

149 4258 268 4311 dicta
279 4302 291 4313 .

202 4348 309 4404 iam
351 4369 611 4424 magnum
642 4353 895 4409 habemus
934 4368 1332 4427 argumentum.
1375 4377 1471 4413 cur
1506 4360 1701 4415 Basilio

146 4442 394 4499 tribuatur
432 4448 543 4500 hoc
570 4462 722 4515 opus.
762 4446 1127 4517 Prreterquam
1162 4451 1303 4520 quod
1338 4450 1387 4503 ei
1426 4450 1699 4519 adjudica—

146 4542 217 4581 tur
235 4537 298 4590 ab
336 4539 606 4607 antiquis,
632 4538 768 4591 intra
800 4538 924 4590 illud
952 4549 1161 4608 tempus
1196 4541 1450 4608 scriptum
1477 4555 1697 4604 compe-
1730 4550 1774 4605 ι)

146 4624 281 4689 ritur,
320 4641 432 4695 quo
486 4630 785 4699 presbyteri
836 4644 1054 4683 munere
1108 4630 1543 4700 perfungebatur.
1603 4627 1698 4685 His

144 4717 257 4773 adde
299 4734 407 4771 non
449 4718 722 4772 inﬁrmam
753 4721 1135 4789 conjecturam,
1185 4735 1248 4773 ex
1290 4737 1391 4790 qua
1422 4730 1695 4775 auctorem

140 4810 291 4874 operis
321 4809 704 4880 Cappadocem
736 4826 853 4867 esse
885 4810 1169 4878 colligitur.
1204 4808 1336 4865 Nam
1363 4813 1540 4865 varias
1569 4827 1700 4879 gen-

142 4908 205 4951 tes
229 4914 563 4956 enumerans
585 4900 757 4970 primo
795 4905 911 4959 loco
951 4904 1024 4973 (p.
1061 4902 1185 4973 428)
1224 4906 1461 4959 nominat
1486 4903 1698 4975 Cappa-

138 4988 346 5046 dociam.

192 5078 269 5134 lli.
310 5084 470 5151 Quod
512 5085 561 5138 si
600 5095 654 5139 et
690 5082 867 5139 Basilii
902 5086 1175 5157 ingenium
1222 5096 1275 5138 et
1307 5087 1589 5142 sententire
1639 5096 1693 5142 et

140 5178 405 5247 Scriptura
452 5181 874 5248 interpretanda:
922 5181 1058 5233 ratio
1099 5179 1149 5232 in
1188 5178 1373 5231 eodem
1397 5194 1558 5248 opere
1597 5179 1691 5232 de-

140 5271 528 5330 prehendantur
548 5312 563 5335 ,
606 5285 711 5324 non
741 5273 892 5325 video
920 5271 1045 5338 quid
1078 5271 1176 5325 loci
1218 5268 1459 5322 relictum
1493 5270 1562 5324 sit
1591 5269 1660 5322 du

139 5359 373 5415 bitationi.
417 5360 612 5429 Neque
654 5362 794 5414 enim
830 5363 968 5415 intra
1004 5360 1130 5414 illud
1169 5369 1399 5426 tempus,
1441 5361 1581 5426 quod
1619 5360 1686 5414 ab

137 5460 253 5502 anno
280 5452 383 5506 564
405 5454 475 5505 ad
502 5468 707 5506 annum
731 5453 822 5506 571
856 5452 1077 5514 eﬂluxit,
1104 5452 1237 5505 alius
1267 5452 1316 5503 in
1344 5450 1685 5517 Cappadocia

138 5544 341 5610 scriptor
395 5545 712 5614 ﬁngendus,
749 5548 837 5615 qui
870 5545 1121 5600 Basilium
1164 5545 1465 5600 recentibus
1502 5545 1688 5598 admo-

138 5733 254 5851 “(In
294 5734 408 5787 Viti.
460 5750 517 5801 p.
565 5732 691 5796 ιιι,
739 5731 865 5796 tst,
924 5732 1035 5799 m,
1079 5732 1198 5797 478,
1231 5731 1352 5797 500,
1399 5731 1521 5798 503,
1559 5730 1680 5795 529,

1816 1954 1904 2020 25,
1933 1964 1985 2009 et
2008 1959 2055 2009 in
2080 1970 2366 2013 comment.
2389 1977 2441 2030 p.
2468 1961 2593 2025 582,
2627 1978 2689 2016 ea
2713 1977 2827 2031 qua:
2852 1962 3035 2017 labore
3062 1973 3213 2030 parta
3242 1976 3383 2030 sunt,

1817 2051 2017 2104 servari
2068 2050 2392 2121 diligentius,
2445 2054 2603 2109 facile
2649 2056 2909 2123 parabilia
2944 2058 3236 2110 contemni.
3272 2057 3384 2113 Ob-

1816 2152 1994 2195 servat
2032 2143 2260 2200 Basilius
2288 2147 2360 2215 (p.
2385 2147 2439 2217 2)
2484 2148 2533 2200 in
2564 2149 2748 2202 homil.
2780 2148 2802 2200 1
2853 2150 2908 2201 in
2945 2149 3202 2204 llexaem.
3238 2150 3387 2221 Moy-

1816 2247 1909 2287 sen
1939 2239 2098 2291 certis
2123 2240 2377 2306 gradibus
2416 2240 2725 2310 pervenisse
2760 2241 2824 2293 ad
2861 2240 2955 2294 Dei
2993 2242 3273 2307 visionem,
3307 2255 3389 2295 at--

1814 2339 1916 2392 que
1944 2328 2043 2382 hoc
2070 2329 2387 2386 beneﬁcium
2437 2348 2577 2386 anno
2603 2334 2776 2387 aetatis
2808 2335 3133 2401 octogesimo
3170 2348 3386 2389 assecu-

1814 2422 1925 2469 tum
1982 2433 2117 2473 esse.
2182 2422 2437 2475 Eamdem
2508 2422 2939 2479 observationem
3004 2426 3263 2481 habemus
3328 2427 3382 2481 in

1812 2510 2072 2573 prooemio
2095 2512 2461 2566 commentarii
2491 2512 2566 2581 (p.
2593 2514 2739 2567 582i.
2771 2514 2993 2568 Miritice
3016 2516 3258 2583 placebat
3281 2515 3384 2569 Ba-

1813 2600 1932 2654 silio
1960 2602 2199 2657 adhibita
2234 2619 2261 2657 a
2299 2603 2509 2659 Nathan
2542 2608 2798 2675 propheta
2836 2606 3049 2659 Davidis
3094 2610 3385 2675 reprehen-

1814 2693 1969 2747 dendi
2018 2697 2170 2748 ratio.
2204 2696 2350 2751 Hanc
2380 2697 2562 2751 laudat
2594 2700 2643 2752 in
2675 2700 2829 2768 epist.
2866 2698 2900 2752 2
2936 2698 3009 2770 (p.
3043 2699 3191 2772 479).
3225 2700 3383 2755 Eant-

1813 2783 1933 2836 dem
1965 2789 2303 2840 commendat
2324 2787 2375 2840 in
2412 2791 2823 2845 commentario.

1882 2877 2144 2934 Observat
2183 2890 2372 2935 auctor
2405 2887 2779 2938 commentarii
2820 2901 3029 2939 versmn
3070 2887 3382 2941 vicesimum

1812 2973 2110 3027 secundum
2144 2975 2337 3044 capitis
2360 2979 2604 3042 secundi,
2640 2994 2761 3032 cum
2790 2980 3002 3032 deesset
3029 2980 3078 3031 in
3111 2982 3384 3048 exempla-

1812 3061 1960 3115 ribus
1986 3065 2290 3120 communis
2314 3066 2584 3130 editionis,
2624 3082 2687 3122 ac
2723 3069 2772 3121 in
2804 3065 3028 3123 Hebraeo
3054 3068 3199 3125 fonte
3238 3071 3381 3141 lege-

1815 3162 1979 3217 retur,
2033 3169 2097 3207 ex
2142 3156 2261 3210 aliis
2295 3158 2827 3226 interpretationibus
2868 3162 2970 3215 huc
3004 3176 3124 3215 esse
3157 3164 3383 3216 transla-

1815 3252 1946 3295 tutn.
1996 3245 2143 3309 Quod
2188 3249 2400 3313 quidem
2432 3249 2806 3304 Tillcmontins
2852 3268 3144 3305 consonum
3174 3254 3383 3321 judicat

1811 3338 2183 3390 consuetudini
2211 3339 2415 3404 Basilii,
2443 3343 2531 3409 qui
2562 3343 2611 3395 in
2647 3343 2884 3399 bomiliis
2910 3346 2963 3398 in
2994 3345 3250 3401 llexaem.
3281 3363 3382 3401 sae-

1811 3440 1874 3493 pe
1910 3428 2039 3480 citat
2072 3428 2541 3497 interpretationes
2594 3435 2800 3503 Aquiltc
2846 3448 2899 3489 et
2942 3437 3189 3491 aliorum.
3227 3437 3382 3506 Ejus-

1810 3518 1926 3571 dem
1956 3519 2279 3576 Tillemontii
2304 3523 2524 3590 judicio,
2552 3538 2965 3593 commentator,
2992 3530 3114 3582 dum
3143 3531 3192 3583 in
3219 3532 3381 3601 expli-

1809 3611 1980 3662 cando
2054 3612 2314 3680 pr0pheta
2381 3614 2613 3669 litteram
2676 3620 2935 3686 sequitur,
2996 3622 3379 3691 explicatimtes

1809 3701 2032 3769 profert,
2090 3704 2272 3759 itidem
2331 3716 2387 3760 ut
2436 3707 2686 3774 Basilius,
2724 3709 2899 3764 claras
2947 3722 3001 3766 et
3046 3715 3377 3781 perspicuas,

1810 3809 1913 3847 non
1948 3793 2105 3863 longe
2142 3797 2333 3861 petitas
2362 3807 2454 3850 aut
2486 3814 2581 3867 per
2603 3801 2710 3855 vim
2741 3810 2940 3857 tractas
2980 3820 2993 3854 :
3033 3805 3157 3857 dum
3199 3814 3377 3861 autem

1811 3885 1859 3937 in
1895 3887 2131 3940 moribus
2167 3887 2518 3945 iniormandis
2549 3904 2813 3960 versatur,
2841 3910 3049 3949 morum
3079 3895 3375 3952 doctrinam

1811 3979 1989 4041 tradit,
2020 3994 2123 4031 non
2172 3980 2341 4035 solum
2388 3998 2539 4053 aeque
2582 3994 2822 4041 sanctam
2864 3996 2918 4041 et
2963 4003 3171 4056 puram,
3222 4004 3285 4043 ac
3322 3990 3374 4043 in

1807 4068 1926 4121 aliis
1956 4071 2207 4136 operibus
2230 4074 2399 4127 sancti
2426 4074 2630 4141 Basilii,
2650 4078 2741 4131 sed
2765 4078 2949 4141 etiam,
2973 4077 3106 4131 ut'in
3136 4078 3375 4133 homiliis

1805 4156 1985 4211 Basilii
2014 4159 2067 4211 in
2100 4158 2363 4228 Psaltnos,
2404 4177 2435 4217 e
2459 4165 2685 4230 singulis
2720 4167 2994 4235 propheta:
3025 4167 3248 4224 vocibus
3278 4170 3374 4225 de-

1804 4248 2042 4303 ductam.

1872 4335 1959 4390 ιν.
2004 4338 2155 4407 Saepe
2182 4350 2573 4396 commentator
2615 4359 2680 4399 ex
2729 4346 2850 4403 aliis
2893 4348 3184 4419 Scriptura:
3220 4352 3371 4407 libris

1805 4429 2105 4484 testimonia
2152 4434 2436 4500 depromit,
2479 4444 2535 4487 ιιι
2578 4435 2768 4492 Isaiam
2819 4440 3067 4495 illustret.
3117 4442 3207 4496 Sic
3243 4443 3371 4498 illud

1805 4518 1951 4574 Isaia:
1982 4541 1993 4575 :
2025 4521 2089 4574 Et
2113 4523 2427 4576 exaltabitur
2450 4524 2701 4579 Dominus
2737 4528 2970 4581 Sabaoth
2998 4529 3266 4598 injttdicio
3292 4536 3365 4602 (p.

1806 4614 1953 4684 499),
1986 4615 2215 4668 illustrat
2236 4616 2318 4668 his
2341 4618 2529 4684 psalmi
2571 4620 2763 4681 verbis,
2800 4619 3058 4675 Exaltabo
3086 4633 3155 4687 te,
3186 4623 3370 4676 Domi-

1808 4726 1887 4773 ne,
1914 4708 2160 4774 quoniam
2210 4713 2481 4779 suscepisti
2522 4729 2619 4774 me,
2653 4714 2937 4782 variosque
2982 4716 3220 4783 assignat
3253 4732 3369 4769 mo-

1806 4804 1919 4863 dos,
1964 4802 2160 4868 quibus
2206 4803 2345 4857 Deus
2388 4805 2454 4856 ab
2496 4804 2712 4860 homine
2764 4806 2987 4860 exaltari
3034 4810 3222 4877 possit.
3272 4813 3366 4862 seti

1803 4896 2016 4948 eosdem
2052 4911 2274 4963 prorsus
2310 4913 2370 4949 ac
2413 4898 2461 4949 in
2504 4896 2689 4951 homil.
2728 4900 2779 4954 in
2813 4904 3058 4955 eumdem
3104 4903 3365 4972 psalmum

1804 5004 1956 5052 XXIX,
1984 4987 2208 5043 Basilius
2241 4990 2424 5041 homil.
2461 4990 2494 5044 5
2532 4992 2585 5044 in
2631 4991 2883 5046 Hexaem.
2909 4996 3184 5063 explicans
3212 4994 3362 5059 illud,

1801 5081 1926 5133 Caeli
1960 5091 2202 5134 enarrant
2233 5080 2454 5149 gloriam
2493 5083 2603 5144 Dei,
2632 5094 2788 5153 negat
2826 5083 2897 5153 (p.
2933 5086 3021 5151 5t)
3051 5086 3174 5139 inde
3210 5087 3363 5140 colli-

1797 5173 2025 5240 gendum
2075 5171 2241 5227 ctrlos
2289 5189 2407 5228 esse
2455 5176 2742 5239 animatos,
2783 5180 2874 5229 sed
2907 5177 3241 5244 Scripturatn
3284 5181 3363 5232 sic

1796 5265 2219 5331 interpretatur:
2262 5265 2397 5317 Ἀλλ’
2430 5268 2456 5317 ὁ
2501 5268 2556 5319 ἐν
2596 5268 2802 5331 τούτοις
2850 5268 3005 5335 λόγος
3060 5273 3209 5339 παρὰ
3254 5271 3363 5322 τῶν

1794 5357 1916 5411 νοῦν
1946 5358 2171 5429 ἐχόντων
2212 5361 2633 5430 τεθεωρημένως
2680 5361 3175 5433 ἐκλαμϐανόμενος,
3220 5381 3361 5435 συμ-

1793 5450 2131 5521 πληρωτικός
2159 5452 2270 5502 ἐστι
2312 5455 2409 5522 τῆς
2446 5453 2747 5523 δοξολογίας
2790 5454 2879 5507 τοῦ
2913 5456 3214 5519 κτίσαντος.
3255 5455 3361 5509 Sed

1796 5545 1978 5595 lterum
2031 5544 2414 5597 constitutionis
2460 5548 2593 5599 ratio
2639 5559 2885 5601 accurata
2931 5549 3363 5616 contemplatione

1864 5728 1936 5794 (b)
1984 5726 2099 5779 Vid.
2129 5744 2177 5795 p.
2220 5727 2343 5781 589..

1865 5799 1931 5863 (c)
1974 5796 2103 5850 Νη.
2133 5797 2307 5851 or.'20
