4080 6314
728 371 933 416 CLXVIII

733 576 989 629 cationem
1023 570 1305 627 Creatoris.
1334 571 1536 628 Vitiosa
1566 583 1681 628 erat
1714 576 1871 644 hujus
1900 575 1998 630 loci
2032 575 2296 643 interpre«

736 664 886 725 talio,
918 663 1011 718 sed
1044 678 1162 730 qua:
1192 679 1220 717 a
1247 678 1331 717 me
1356 662 1513 717 allata
1540 674 1623 718 est
1653 665 2002 719 conﬁrmatur
2030 664 2296 720 simillima

732 758 1176 811 commentatoris
1216 757 1501 817 sententia,
1532 759 1617 825 qui
1653 758 1731 811 sic
1770 757 2093 827 quuitur(p.
2128 759 2251 827 49$)
2280 778 2292 811 :

734 851 797 901 Ol
813 848 1054 916 οὐρανοὶ
1069 848 1409 917 διηγοῦνται
1421 848 1609 913 δόξαν
1627 850 1791 903 Θεοῦ·
1806 851 1902 920 οὐχ
1917 851 1995 902 ὅτι
2007 852 2186 919 φωνὴν
2216 854 2297 904 αἰ-

734 940 932 1011 σθητὴν
966 941 1155 1009 ἀφίασι
1190 944 1307 1005 ταῖς
1341 943 1531 1005 ἀκοαῖς
1561 942 1735 1021 ἡμῶν,
1772 942 1883 995 ἀλλ’
1908 944 1987 996 ὅτι
2018 946 2045 997 ὁ
2068 948 2176 1006 τοῖς
2207 943 2293 995 λό-

729 1050 842 1100 γοις
866 1034 963 1102 τῆς
993 1033 1084 1087 τοῦ
1118 1036 1324 1106 κόσμου
1353 1035 1661 1097 συστάσεως
1686 1038 2179 1106 ἐγγυμνασάμενος,
2203 1038 2296 1090 καὶ

728 1128 998 1196 γνωρίσας
1019 1128 1271 1181 ἁπάντων
1294 1128 1401 1180 τῶν
1423 1131 1542 1183 κατ’
1577 1130 1799 1199 οὐρανὸν
1823 1131 1921 1200 τὴν
1952 1130 2185 1183 διάθεσιν
2210 1132 2295 1185 διὰ

728 1217 929 1269 τούτων
964 1220 1123 1271 οἱονεὶ
1150 1221 1333 1291 φωνὴν
1357 1220 1644 1289 ἀφιέντων,
1680 1221 1739 1273 τὸ
1775 1221 2055 1291 μεγαλεῖον
2084 1222 2177 1293 τῆς
2206 1221 2291 1273 δό-

729 1309 823 1379 ξης
876 1311 967 1362 τοῦ
1019 1312 1375 1380 πεποιηκότος
1427 1313 1620 1375 αὐτοὺς
1676 1312 2067 1383 διδαχθήσεται.
2107 1332 2124 1364 s
2168 1314 2293 1367 Cteli

727 1414 975 1455 enarrant
1035 1402 1252 1471 gloriam
1303 1403 1396 1457 Dei
1448 1404 1461 1433 ¹
1515 1421 1527 1454 :
1580 1424 1598 1455 ι
1648 1420 1748 1457 ηοη
1813 1408 1950 1473 quod
2010 1407 2078 1457 ad
2141 1422 2291 1459 aures

728 1501 934 1545 nostras
974 1495 1206 1545 emittunt
1256 1509 1423 1546 vocem
1458 1493 1774 1557 sensibilem,
1818 1495 1907 1547 sed
1943 1497 2076 1559 quod
2116 1496 2204 1563 qui
2238 1497 2293 1547 in

722 1583 791 1634 iis
821 1584 1135 1636 meditandis
1171 1583 1478 1645 rationibus,
1520 1584 1703 1651 quibus
1729 1586 2038 1638 constitutus
2068 1586 2291 1639 mundus

724 1686 821 1740 est,
877 1676 1191 1727 exercitatus
1237 1674 1415 1742 fuerit,
1477 1687 1522 1727 et
1571 1691 1660 1739 per
1702 1676 1851 1728 caelos
1906 1677 2055 1745 quasi
2122 1693 2291 1731 vocem

722 1768 949 1829 edentes,
984 1767 1262 1820 ctelestium
1308 1768 1542 1820 omnium
1591 1784 1756 1821 rerum
1796 1770 2182 1836 dispositionem
2228 1787 2289 1824 ac

722 1869 963 1913 ornatum
1008 1860 1320 1927 cognoverit,
1365 1858 1599 1912 addiscat
1635 1860 2070 1929 magniﬁcentiam
2113 1861 2289 1932 gloria:

720 1950 853 2018 ejus,
877 1954 965 2020 qui
997 1951 1226 2005 condidit
1261 1950 1433 2003 ccelos.

792 2083 855 2137 V.
889 2081 1119 2135 Maxima
1159 2078 1318 2132 etiam
1361 2086 1441 2131 est
1471 2077 1762 2133 similitudo
1810 2079 1949 2133 inter
1974 2093 2034 2132 ea
2078 2094 2195 2148 quae
2225 2079 2289 2135 de

713 2176 917 2245 jejunio
949 2174 1196 2242 leguntur
1224 2170 1276 2225 in
1302 2172 1687 2225 commentario
1711 2181 1763 2225 et
1787 2172 1839 2225 in
1866 2181 2091 2239 utraque
2121 2172 2288 2227 liomi-

721 2268 787 2319 lia
832 2266 880 2319 in
911 2259 1174 2334 jejunium
1212 2280 1225 2315 :
1254 2262 1394 2330 quod
1417 2262 1633 2330 quidem
1670 2261 2096 2314 testimoniorum
2123 2277 2286 2331 appo-

717 2358 911 2413 sitioue
946 2354 1282 2426 probandum
1317 2353 1545 2405 videtur.
1586 2350 1675 2405 Sic
1707 2353 1864 2422 igitur
1899 2363 2285 2411 commentator

718 2472 770 2506 n.
803 2452 894 2512 '51,
920 2466 970 2519 p.
1003 2448 1108 2503 405
1151 2464 1163 2497 :
1210 2446 1393 2515 Itaque
1420 2462 1451 2497 a
1474 2444 1679 2514 jejunio
1716 2447 1852 2516 quod
1887 2446 1937 2498 in
1964 2449 2161 2501 occulto
2186 2456 2282 2514 est,

715 2546 998 2601 carendum
1027 2542 1171 2595 nobis
1206 2550 1300 2602 est,
1328 2538 1466 2607 quod
1485 2538 1632 2605 justo
1652 2538 1854 2603 judicio
1884 2538 2079 2589 dicitur
2111 2555 2141 2589 a
2179 2537 2283 2589 Da-

713 2642 852 2693 mino
887 2638 1007 2692 odio
1036 2634 1237 2697 haberi,
1284 2634 1419 2699 quod
1460 2641 1505 2683 et
1549 2632 1799 2698 propheta
1848 2631 2168 2696 deprecatur,
2203 2630 2283 2682 di—

714 2745 875 2783 cens:
914 2747 931 2778 ι
973 2727 1092 2779 Νοη
1116 2722 1385 2790 interﬁciet
1422 2722 1558 2790 fame
1595 2722 1846 2777 Dominus
1882 2725 2085 2777 animas
2106 2723 2280 2791 justo-

714 2838 830 2875 rum
869 2823 910 2874 ’.
946 2838 963 2871 s
995 2816 1265 2886 Siquidem
1326 2829 1427 2866 non
1465 2813 1528 2865 de
1575 2814 1832 2879 corporali
1869 2815 2004 2880 fame
2051 2815 2280 2884 loquitur

708 2912 934 2984 (alioqui
966 2909 1181 2963 dixisset
1207 2921 1423 2975 corpora
1440 2904 1751 2973 justorum),
1784 2905 1872 2957 sed
1894 2906 1956 2957 de
1980 2905 2278 2958 animarum

710 3006 907 3059 inedia.
952 3022 969 3053 ι
1019 3001 1142 3055 Non
1184 2998 1324 3050 enim
1360 2996 1629 3063 interﬁt-iet
1671 2996 1809 3063 fame
1858 2998 2060 3051 animas
2106 2997 2278 3067 justo-

711 3114 826 3152 rum
860 3113 877 3161 ;
909 3116 926 3148 ι
963 3092 1193 3161 alioquin
1224 3090 1317 3143 hoc
1352 3100 1501 3156 pacto
1548 3091 1601 3141 in
1644 3090 1909 3140 beatorum
1947 3090 2049 3141 vita
2087 3089 2274 3155 futura

709 3202 837 3245 esset
885 3188 1247 3247 contrarietas,
1278 3182 1698 3252 quandoquidem
1736 3179 1938 3234 Paulus
1996 3183 2047 3235 in
2089 3182 2168 3235 his
2214 3184 2276 3235 de

710 3284 893 3351 quibus
925 3280 1186 3351 gloriatur
1227 3276 1279 3327 id
1320 3284 1585 3329 enumerat
1618 3290 1635 3325 :
1673 3292 1690 3324 ι
1730 3272 1791 3327 In
1808 3274 2023 3343 jejnniis
2064 3292 2215 3341 sa'pe,
2252 3295 2269 3325 ι

713 3377 833 3426 item
861 3372 991 3425 illud
1025 3383 1042 3419 .·
1074 3388 1091 3419 ι
1130 3367 1197 3420 In
1248 3368 1389 3435 [ante
1432 3375 1477 3417 et
1530 3365 1613 3415 siti
1644 3364 1679 3413 ³.
1733 3383 1749 3413 ι
1794 3361 2008 3416 Famem
2042 3374 2212 3416 autem
2242 3383 2273 3417 a

702 3468 866 3534 justis
904 3465 1227 3529 deprecatur.
1274 3454 1461 3510 Verum
1488 3454 1692 3524 singula
1732 3458 1839 3507 hare
1878 3466 2087 3524 pra'stat
2117 3455 2273 3519 juxta

708 3553 1062 3608 sublimiorem
1092 3548 1279 3601 inedia:
1304 3546 1696 3613 intelligentiam
1729 3544 2079 3612 interpretari.
2116 3543 2273 3613 Ejus-

709 3646 850 3698 modi
875 3652 947 3695 est
982 3650 1031 3694 et
1057 3638 1188 3692 illud
1220 3652 1238 3689 :
1280 3656 1298 3687 ι
1335 3636 1455 3689 Non
1493 3635 1594 3687 vidi
1618 3635 1811 3700 iustum
1832 3634 2152 3697 derelictum,
2184 3651 2272 3686 nec

708 3752 881 3787 :emen
923 3732 1034 3800 ejus
1084 3744 1321 3797 qutcrens
1362 3741 1547 3795 panem
1619 3766 1629 3775 .
1679 3743 1697 3773 ι
1740 3723 2070 3776 Meminimus
2118 3722 2270 3773 etiam

711 3825 863 3887 tiliae,
896 3824 1043 3892 quia
1075 3820 1325 3874 Sidonide
1357 3819 1533 3885 petivit
1573 3833 1754 3884 panem
1810 3817 1830 3846 ⁸
1876 3835 1886 3868 :
1925 3816 2047 3883 quin
2102 3826 2145 3866 et
2193 3830 2269 3866 se-

707 3936 820 3973 men
853 3915 1039 3968 Jacobi
1065 3916 1117 3966 in
1143 3911 1372 3982 Egypto
1398 3927 1558 3977 panes
1591 3908 1866 3976 qutcrebat.
1896 3907 2046 3971 Quod
2078 3905 2268 3957 sitita-

710 4014 931 4063 verimus
989 4005 1248 4076 abjectam
1295 4013 1341 4057 et
1399 4000 1644 4055 humilem
1704 3998 2115 4066 intelligentiam,
2156 3997 2269 4063 jam

706 4110 966 4157 evanescet
1011 4116 1072 4153 ea
1119 4112 1237 4167 qua:
1286 4098 1336 4149 in
1368 4095 1634 4149 terbornm
1682 4090 2019 4164 repugnantia
2060 4090 2159 4140 sita
2196 4100 2269 4140 est

706 4192 921 4259 ineptia.
963 4188 1242 4258 Ejusmodi
1276 4188 1438 4257 igitur
1473 4187 1673 4254 jejunio
1712 4186 2026 4254 jejunubant
2069 4176 2266 4244 Iudici,

704 4288 843 4356 fame
892 4294 1160 4339 enecantes
1206 4283 1500 4337 interiorem
1532 4295 1681 4332 suum
1718 4280 1992 4344 hominem,
2024 4274 2161 4347 quod
2201 4274 2268 4326 ad

704 4379 839 4441 ipsos
881 4372 1189 4440 pervenisset
1214 4372 1550 4424 comminatio
1578 4370 1689 4431 illa,
1721 4385 1836 4439 qua'
1865 4370 1991 4422 dicit
2018 4385 2036 4423 :
2071 4387 2089 4420 ‹
2132 4360 2267 4418 Ecce

2104 363 2632 420 PBOLEGOMENA.

734 484 798 537 ab
831 481 1128 535 hominibus
1154 497 1303 535 sensu
1328 482 1562 551 pra'ditis
1589 492 1821 552 excepta,
1846 484 2063 553 complet
2094 485 2294 555 glori/io
2326 490 2371 546 Α

2402 496 2533 539 stum
2559 486 2877 555 derelictum,
2914 506 3003 545 nec
3041 507 3211 547 semen
3252 494 3365 563 ejus
3393 511 3628 565 quierens
3657 516 3847 570 panem
3866 502 3903 557 ⁸.
3926 526 3941 557 ι

2405 575 2516 630 Nec
2544 578 2679 631 enim
2710 579 2941 649 loquitur
2966 582 3030 636 de
3049 584 3271 651 panibus
3306 588 3658 655 sensibilibus,
3690 592 3780 661 qui
3806 610 3944 649 nove-

2402 679 2481 721 rat
2511 669 2648 735 ]ilios
2695 673 3003 738 patriarchae
3034 675 3196 728 nostri
3228 674 3393 729 Iacob
3422 696 3615 746 panum
3667 699 3829 738 causa
3872 687 3944 740 ἀε-

2400 762 2657 815 scendisse
2688 763 3101 833 iii/Egyptum,
3150 769 3239 820 sed
3292 769 3354 822 de
3404 772 3669 838 spirituali
3724 774 3946 843 loquitur

2400 851 2668 913 alimonia,
2724 870 2825 921 qua
2882 855 3100 907 interior
3146 868 3318 911 noster
3372 857 3522 912 homo
3558 861 3947 927 perficitur.Ne

2401 945 2573 997 veniat
2600 945 2757 997 etiam
2792 946 2847 996 in
2875 961 2967 999 nos
2983 947 3251 1014 jejunium
3276 949 3413 1016 quod
3442 948 3580 1003 Deus
3608 953 3947 1020 comminatur

2398 1035 2646 1089 Judazis:
2694 1055 2711 1084 ι
2756 1034 2889 1089 Ecce
2940 1039 3075 1091 enim
3108 1039 3219 1093 dies
3249 1041 3477 1105 veniunt,
3507 1043 3634 1095 dicit
3678 1044 3943 1111 Dominus,

2400 1138 2446 1179 et
2474 1128 2717 1181 inducam
2762 1130 2816 1181 in
2839 1140 3032 1182 terram
3074 1132 3206 1183 hanc
3237 1133 3449 1199 famem,
3485 1150 3585 1187 non
3610 1136 3805 1204 famem
3858 1156 3944 1203 pa-

2400 1219 2499 1284 nis,
2526 1235 2686 1289 neque
2723 1222 2861 1273 sitim
2896 1238 3065 1290 aquaz,
3111 1224 3199 1275 sed
3238 1224 3430 1292 famem
3467 1226 3711 1279 audiendi
3746 1230 3943 1283 verbum

2398 1308 2691 1363 Domini”:
2728 1329 2744 1362 ι
2774 1328 2929 1379 quam
2968 1311 3084 1365 ideo
3115 1312 3326 1367 immisit
3361 1314 3537 1381 justus
3568 1314 3758 1382 judex,
3816 1319 3943 1385 quod

2396 1400 2701 1465 perspiceret
2749 1416 2926 1454 eorum
2960 1412 3175 1454 mentem
3223 1418 3461 1455 verorum
3505 1404 3815 1472 dogmatum
3856 1407 3946 1459 ine-

2396 1489 2483 1540 dia
2510 1529 2524 1553 ,
2576 1490 2714 1557 fame
2753 1491 2932 1543 necari
2968 1506 2985 1543 :
3021 1501 3201 1544 contra
3254 1508 3369 1545 vero
3396 1533 3412 1556 ,
3462 1505 3730 1547 externum
3774 1512 3944 1548 eorum

2394 1580 2654 1633 hominem
2729 1598 2888 1649 supra
2958 1583 3168 1636 modum
3232 1584 3562 1654 pinguescere
3632 1597 3678 1641 et
3741 1589 3943 1643 obesum

2393 1672 2530 1738 ﬁeri.

2321 1798 2362 1853 Β
2462 1790 2643 1861 Pergit
2689 1797 3076 1845 commentator
3104 1806 3118 1841 :
3153 1788 3598 1854 Quemadmodum
3624 1794 3758 1847 enim
3782 1795 3839 1847 in
3869 1795 3931 1848 li-

2393 1882 2497 1934 bra:
2524 1893 2802 1943 momento,
2834 1880 3042 1948 quando
3064 1879 3190 1933 lana:
3213 1880 3379 1934 altera
3401 1883 3641 1936 deorsum
3666 1886 3855 1952 vergit,
3886 1903 3943 1939 ea

2389 1988 2505 2042 qua:
2538 1973 2657 2025 huic
2708 1972 2920 2025 obversa
2977 1982 3092 2039 est,
3150 1972 3412 2025 attollitur
3440 1989 3459 2025 .·
3486 1976 3603 2041 pari
3653 1976 3857 2029 ratione
3893 1979 3943 2029 in

2388 2064 2592 2116 homine
2624 2063 2679 2116 id
2711 2065 2878 2131 ipsum
2925 2063 3042 2132 ﬁeri
3075 2065 3241 2133 quivis
3283 2066 3549 2120 advertere
3574 2077 3760 2134 potest.
3813 2067 3941 2121 Cum

2386 2155 2521 2207 enim
2543 2155 2823 2223 pinguescit
2852 2171 2995 2218 caro,
3025 2156 3274 2224 contingit
3300 2167 3516 2211 mentem
3539 2158 3653 2226 ﬁeri
3679 2161 3938 2228 quodam-

2388 2245 2538 2297 modo
2564 2245 2902 2313 infirmiorem
2934 2262 2950 2298 :
2976 2248 3244 2299 extenuari
3292 2264 3406 2301 vero
3440 2264 3792 2315 smpenumera
3829 2269 3944 2305 car-

2388 2352 2524 2398 nem,
2571 2336 2693 2389 dum
2729 2353 2871 2392 mens
2904 2343 3091 2392 iterum
3119 2340 3249 2392 bona
3283 2339 3585 2395 habitudine
3620 2345 3839 2411 gaudet.
3872 2343 3937 2397 Et

2386 2428 2437 2478 id
2490 2427 2658 2494 ipsum
2713 2439 2785 2481 est
2838 2430 2975 2499 quod
3018 2430 3089 2482 ait
3120 2430 3394 2497 Apostolus
3429 2432 3471 2464 ¹⁶
3504 2472 3519 2496 ,
3562 2436 3699 2503 quod
3733 2452 3944 2505 «quan-

2386 2530 2493 2570 tum
2524 2522 2879 2583 corrumpitur
2915 2524 3143 2574 exterior
3175 2524 3325 2576 homo
3355 2562 3371 2587 ,
3428 2534 3625 2578 tantum
3657 2542 3939 2583 renovatur

2384 2606 2638 2670 interior;
2665 2626 2683 2658 ι
2712 2609 2833 2662 item
2856 2608 2986 2663 illud
3008 2625 3027 2663 :
3056 2628 3075 2661 s
3097 2610 3317 2675 Quando
3334 2612 3590 2682 inﬁrmor,
3619 2627 3739 2671 tunc
3760 2630 3942 2686 potens

2381 2715 2493 2753 sum
2533 2701 2597 2754 “.
2622 2719 2642 2753 ι
2694 2699 2835 2755 Nam
2864 2702 3161 2773 (uliginosa:
3188 2706 3428 2773 quiedcm
3472 2709 3831 2763 exhalationes
3875 2728 3942 2765 ex

2382 2791 2588 2856 copioso
2629 2801 2675 2845 et
2704 2792 2885 2861 pingui
2922 2793 3171 2848 alimento
3203 2797 3426 2860 emissae,
3468 2799 3643 2851 densi:
3674 2801 3833 2854 nubis
3860 2803 3938 2856 in-

2380 2892 2495 2935 star
2526 2882 2757 2945 infusam
2785 2886 2975 2940 anima:
3005 2902 3037 2939 a
3070 2884 3272 2953 Spiritu
3301 2897 3481 2941 sancto
3526 2887 3940 2947 illustrationem

2378 2973 2733 3045 intercipiunt.

2450 3085 2622 3140 Simili
2653 3102 2873 3155 prorsus
2896 3089 3185 3154 sententia,
3216 3088 3339 3146 licet
3371 3106 3474 3146 non
3511 3095 3697 3148 iisdem
3749 3097 3933 3151 verbis

2378 3177 2603 3232 Basilius
2632 3180 2816 3233 ltomil.
2844 3183 2869 3233 1
2901 3182 2954 3234 in
2980 3181 3185 3249 Jejun.,
3213 3198 3332 3252 pag.
3357 3183 3388 3237 8
3425 3203 3437 3239 :
3465 3185 3547 3238 An
3568 3187 3773 3255 ignoras
3797 3190 3939 3255 quod

2377 3271 2585 3336 perinde
2616 3281 2768 3340 atque
2793 3274 2845 3325 in
2870 3275 2979 3327 acie
3024 3276 3141 3329 hinc
3175 3287 3325 3347 atque
3372 3281 3491 3332 hinc
3534 3280 3812 3342 instructa,
3848 3286 3941 3350 qui

2377 3361 2528 3414 alteri
2556 3364 2693 3430 parti
2722 3364 2824 3432 {ert
2868 3370 3129 3433 suppetias
3153 3409 3167 3433 ,
3201 3372 3320 3437 facit
3364 3383 3415 3423 nt
3445 3375 3609 3426 altera
3656 3375 3886 3429 τὶιρταιιιε
3921 3392 3939 3429 .·

2377 3454 2449 3505 ita
2482 3454 2570 3522 qui
2594 3456 2741 3527 carni
2775 3471 2881 3509 sese
2914 3457 3175 3527 adjungit,
3196 3473 3452 3530 expugnat
3482 3464 3743 3530 spiritum,
3775 3478 3825 3519 et
3849 3470 3939 3535 qui

2375 3546 2443 3597 ad
2490 3547 2726 3613 spiritum
2760 3549 2970 3612 transit,
3025 3566 3235 3605 carnem
3279 3554 3330 3606 in
3361 3556 3651 3608 servitutem
3690 3560 3885 3628 redigit
3917 3561 3942 3613 ?

2377 3635 2503 3690 licec
2532 3638 2667 3690 enim
2694 3640 2793 3693 sibi
2825 3641 3039 3695 invicem
3069 3646 3428 3698 adversantur.
3461 3643 3693 3701 Proinde
3719 3651 3765 3702 si
3788 3654 3939 3718 cupis

2373 3738 2593 3780 mentem
2623 3729 2834 3783 reddere
2864 3731 3114 3795 validam,
3150 3736 3235 3800 fac
3262 3752 3467 3788 carnem
3497 3737 3673 3791 domes
3690 3739 3935 3807 jejunio.

2377 3818 2490 3873 [Ioc
2519 3820 2653 3873 enim
2688 3831 2761 3874 est
2810 3824 2948 3891 quod
3002 3823 3075 3876 ait
3107 3824 3415 3893 Apostolus,
3446 3830 3583 3897 quod
3619 3846 3637 3879 ι
3674 3845 3936 3898 quantum

2372 3923 2611 3964 easternus
2644 3914 2795 3967 homo
2821 3916 3193 3983 corrumpitur,
3224 3926 3423 3970 tantum
3452 3921 3679 3973 internus
3711 3938 3936 3973 renoru-

2372 4013 2490 4064 tur;
2544 4020 2561 4052 )
2622 4003 2743 4055 item
2783 4002 2914 4055 illud
2949 4019 2969 4058 .'
3015 4021 3033 4053 ε
3088 4003 3218 4056 Cum
3262 4006 3520 4073 inﬁrmor,
3571 4021 3692 4059 tunc
3747 4022 3939 4074 potens

2372 4109 2505 4145 sum.
2551 4112 2569 4144 ι
2607 4093 2884 4147 Postrema
2913 4096 3348 4150 commentatoris
3379 4099 3630 4165 periodus
3656 4103 3937 4169 reperitur

2373 4181 2424 4235 in
2476 4182 2659 4237 eadem
2690 4183 2924 4239 homiliie
2969 4184 3162 4253 pagina
3190 4225 3204 4249 ,
3252 4187 3492 4255 pluribus
3528 4188 3646 4246 aliis
3696 4191 3930 4259 iuterje-

2369 4276 2489 4331 etis.

2444 4388 2549 4443 Sed
2589 4399 2695 4444 tum
2732 4391 2964 4447 maxime
2994 4393 3222 4450 Basilius
3257 4396 3584 4466 agnoscitur,
3620 4408 3740 4447 eum
3770 4410 3936 4452 com-

704 4466 811 4518 ἀίει
844 4466 1073 4527 “nium.
1141 4462 1265 4515 άὶείι
1297 4460 1547 4515 υοηιίηῖη
1570 4459 1611 4523 ’ν
1637 4470 1683 4512 εί
1725 4458 1969 4513 inducam
1993 4469 2265 4555 “Peri?”
2295 4482 2339 4540 D
2369 4492 2625 4555 parantur
2676 4497 2794 4535 cum
2844 4482 2984 4539 illius
3016 4486 3067 4539 in
3099 4486 3342 4541 ebriosos
3393 4485 3607 4540 bomilia
3632 4524 3646 4547 ,
3682 4501 3810 4553 quae
3872 4489 3931 4544 in

702 4572 813 4606 ram
855 4556 992 4607 hanc
1031 4553 1218 4618 famem
1262 4567 1281 4604 .'
1323 4567 1423 4604 non
1461 4552 1648 4617 famem
1702 4552 1871 4619 panis,
1924 4565 2083 4618 neque
2119 4551 2257 4603 sitim

703 4662 883 4714 aqua';
925 4643 1015 4697 sed
1040 4642 1228 4705 famem
1258 4641 1507 4695 audiendi
1546 4642 1749 4694 verbum
1781 4640 2009 4693 Domini.
2040 4658 2057 4690 ι
2080 4639 2260 4707 Itaque

692 4737 898 4806 jejunia
936 4738 1102 4789 odisse
1140 4750 1193 4786 se
1225 4735 1351 4785 dicit
1382 4734 1653 4795 Dominus,
1689 4750 1884 4793 eorum,
1909 4733 1996 4800 qui
2026 4734 2257 4784 animum

700 4845 852 4882 suum
914 4828 1192 4894 conﬁciunt
1238 4826 1442 4894 quidem
1496 4826 1610 4878 tabe
1663 4840 1770 4889 pra:
1830 4824 2139 4877 salutarium
2196 4838 2257 4874 ac

700 4919 1073 4989 viviﬁcantium
1124 4919 1547 4971 documentorum
1595 4919 1766 4969 inedia
1834 4931 1852 4969 :
1906 4916 1992 4969 sed
2044 4917 2256 4983 pingue-

697 5014 898 5083 faciunt
930 5019 1119 5079 prtvter
1141 5010 1346 5062 modum
1379 5008 1717 5075 saginantque
1752 5011 2055 5061 exteriorem
2088 5006 2254 5058 homi-

700 5124 833 5158 nem.

771 5228 996 5280 Basilius
1038 5228 1086 5278 in
1118 5221 1298 5277 ltoutil.
1340 5223 1372 5273 2
1422 5225 1473 5276 in
1531 5221 1709 5289 Jejun.
1742 5236 1796 5271 ιι.
1828 5223 1894 5272 8:
1935 5218 2131 5271 Rursus
2186 5219 2247 5271 ab

697 5323 900 5373 interno
937 5319 1117 5370 mentis
1150 5315 1353 5383 jejunio
1399 5330 1690 5377 caveamus,
1720 5313 1855 5382 quod
1904 5320 1950 5363 et
2001 5310 2245 5376 prapheta

696 5416 1021 5477 deprecatur,
1058 5412 1135 5461 his
1164 5410 1324 5461 verbis
1362 5422 1378 5459 .'
1407 5424 1423 5455 ‹
1468 5404 1585 5457 Non
1610 5406 1806 5459 occidet
1836 5403 2087 5457 Dominus
2112 5401 2249 5468 fame

698 5503 900 5556 animas
937 5502 1194 5569 justorum
1229 5502 1267 5554 ⁷.
1317 5520 1333 5550 s
1375 5502 1442 5551 Ac
1486 5514 1661 5550 rursus
1710 5513 1725 5547 .'
1768 5517 1784 5548 ι
1837 5495 1953 5548 Non
2018 5495 2118 5549 vidi
2160 5494 2249 5562 ju-

1315 5733 1332 5759 ¹
1377 5732 1525 5781 I‘I'M'.
1558 5750 1608 5789 χ,
1636 5732 1667 5782 5
1790 5734 1807 5759 ³
1850 5730 1883 5781 Η
1919 5731 2039 5782 (ἴων.
2069 5744 2140 5785 XI.
2176 5728 2264 5779 ‘27.

1462 5801 1966 5859 ⁸Ρδιι1.λλλκι,ίέ.ὺ.

771 5736 785 5765 λ
814 5733 950 5786 Ρδτιι.
984 5748 1130 5790 mu.
1164 5731 1216 5781 2.

694 5819 816 5859 \‘til.
849 5804 928 5856 ll.
1007 5803 1025 5832 ⁷
1064 5801 1218 5855 Ριυν.
1254 5816 1305 5857 κ.
1334 5802 1382 5853 5.

2047 5805 2065 5831 '~‘
2096 5800 2257 5850 Amos
2283 5811 2394 5857 rm,
2436 5795 2514 5848 ll.

2366 4573 2756 4630 commentario
2811 4572 3061 4646 leguntur
3134 4576 3199 4630 de
3251 4577 3512 4631 ebrietate
3568 4576 3642 4647 (p.
3697 4579 3810 4636 488
3880 4591 3939 4635 et

2369 4679 2501 4735 seqq
2533 4667 2570 4731 ).
2604 4663 2867 4719 Nonnulla
2900 4674 2955 4721 et
2981 4666 3157 4721 verbis
3188 4677 3241 4722 et
3269 4666 3549 4723 sententiis
3572 4670 3765 4724 similia
3800 4684 3938 4726 sunt

2369 4760 2418 4812 in
2452 4761 2842 4815 commentario
2872 4769 2925 4813 et
2962 4760 3011 4813 in
3042 4761 3252 4815 homilizt
3279 4778 3292 4824 ;
3341 4760 3434 4813 sed
3465 4776 3582 4831 quae
3613 4764 3821 4818 absunt
3865 4766 3938 4818 ab

2365 4851 2581 4904 homilia
2641 4868 2742 4905 non
2803 4853 2980 4908 minus
3035 4853 3287 4922 prmclat'a
3324 4862 3479 4919 sunt,
3514 4873 3672 4927 quam
3704 4872 3835 4925 quae
3881 4862 3937 4914 in

2364 4950 2590 5011 utroque
2620 4944 2986 5012 reperiuntur,
3019 4946 3089 4997 ita
3128 4955 3182 4995 ut
3234 4943 3389 5001 facile
3433 4958 3612 5016 pateat
3666 4953 3935 5004 eumdem

2364 5031 2556 5100 ubique
2591 5032 2844 5087 Basiliqu
2874 5037 3164 5089 disserere.
3203 5032 3338 5099 Quin
3387 5039 3547 5090 etiam
3580 5036 3937 5095 verisimiili-

2361 5137 2503 5175 mum
2557 5133 2639 5177 est
2686 5123 2939 5178 Basiliam
2999 5138 3065 5174 ex
3096 5128 3479 5180 commentario
3530 5128 3580 5178 iu
3638 5127 3936 5187 bomiliam

2362 5216 2719 5284 transtulisse,
2749 5232 2866 5284 quae
2904 5214 3316 5271 conveniebant.
3369 5216 3519 5282 Quod
3551 5218 3696 5271 enim
3739 5222 3822 5276 ait
3880 5227 3935 5279 in

2357 5309 2573 5362 homilia
2626 5309 2703 5379 (p.
2740 5307 2861 5369 126,
2891 5322 2944 5363 n.
2996 5308 3047 5378 5)
3081 5328 3094 5365 :
3128 5308 3573 5377 Quemadmodum
3601 5326 3754 5379 cava,
3799 5320 3938 5371 dum

2359 5411 2609 5454 torrentes
2639 5401 2925 5468 conﬂuunt,
2949 5402 3096 5469 plena
3126 5405 3393 5463 videntur;
3437 5401 3525 5452 sed
3557 5405 3644 5456 ubi
3679 5413 3937 5462 exunda-

2360 5492 2429 5543 tio
2454 5491 2722 5559 pi-wteriit,
2748 5493 2882 5545 sicca
2912 5496 3161 5563 aridaque
3196 5492 3448 5560 relinqui;
3487 5493 3561 5546 ita
3592 5498 3936 5553 ebriosorum

2370 5726 2390 5753 ⁸
2432 5723 2570 5779 Psal.
2620 5740 2802 5785 xxxw.
2836 5726 2925 5777 ‘25.
3023 5726 3041 5753 ⁸
3084 5720 3296 5788 llllleg.
3323 5739 3453 5788 xvu,
3484 5725 3570 5779 ll.
3697 5726 3715 5751 “
3756 5728 3939 5784 Amm,

2596 5798 2636 5827 ¹ί¹
2669 5797 2705 5849 ll
2735 5798 2856 5850 Cor.
2893 5812 2962 5854 ιν,
2998 5795 3077 5851 10.
3162 5796 3197 5824 ³³
3236 5793 3272 5847 ll
3298 5796 3417 5850 Cor.
3454 5810 3553 5849 xu.
3590 5796 3677 5849 ιω.
