4080 6314
1469 332 1624 383 νιΤΑ
1664 332 1721 383 S.

159 455 324 503 struas,
358 444 685 507 restagnante
708 439 847 501 vino,
876 440 1078 506 plenum
1103 444 1482 506 quodammodo
1525 462 1657 508 esse,
1689 448 1733 503 A

158 546 191 587 et
213 532 477 595 madidum,
505 531 595 583 sed
624 530 781 584 simul
812 544 865 585 ut
910 535 1180 602 paululum
1229 537 1445 607 efﬂuxit,
1473 541 1664 593 siccum

156 636 191 678 et
218 622 428 675 liamoris
461 637 643 689 expers
688 623 927 694 relinqui,
974 626 1023 681 id
1076 637 1200 695 apte
1245 631 1460 698 quidem
1514 641 1566 685 et
1612 632 1664 686 in

158 712 333 768 homilia
355 722 405 767 et
428 712 480 766 in
506 716 892 769 commentario
912 716 1111 771 dictum
1143 728 1247 784 est,
1268 722 1359 775 sed
1386 721 1525 776 haud
1554 722 1666 775 scio

157 821 207 857 an
238 804 394 873 aptius
440 804 495 858 in
552 806 981 872 commentario,
1029 810 1120 864 ubi
1173 812 1533 866 necessariam
1571 812 1667 865 ha-

158 898 227 948 bet
270 892 564 963 juncturam
617 912 737 952 cum
771 899 1189 967 explanatione,
1243 917 1401 972 quam
1448 901 1669 972 subjicit

157 986 346 1040 Basilius
393 986 474 1042 his
528 990 800 1058 propheta
849 991 1071 1045 verbis:
1111 1010 1130 1043 ι
1181 991 1270 1047 Vw
1311 994 1445 1050 iis...
1496 1012 1516 1047 s
1578 995 1666 1065 qui

156 1086 415 1148 exspectant
489 1095 811 1148 vesperam;
871 1084 1047 1136 vinum
1106 1084 1239 1136 enim
1303 1100 1388 1138 eos
1454 1088 1665 1139 combu-

158 1180 213 1223 νει
220 1208 231 1221 .

213 1281 286 1339 Ἦ.
328 1281 379 1336 In
436 1279 593 1335 Notis
639 1282 705 1336 ad
737 1297 854 1351 cap.
883 1284 915 1337 5
952 1282 1070 1337 libri
1098 1281 1172 1336 De
1212 1282 1412 1351 Spiritu
1445 1294 1623 1338 sancto
1650 1322 1666 1348 ,

158 1376 225 1428 ubi
246 1374 459 1427 Basilius
489 1376 566 1427 ait
603 1375 678 1444 (p.
709 1374 762 1445 7)
791 1376 1023 1428 uniuersa
1061 1390 1168 1428 sese
1222 1375 1289 1428 ad
1338 1373 1669 1445 Unigenitum

158 1472 430 1529 convertere,
461 1465 755 1519 inoincibili
777 1476 927 1535 atque
958 1466 1230 1519 insedabili
1258 1467 1486 1537 quodam
1534 1468 1671 1521 desi-

158 1559 274 1609 deria
302 1563 351 1609 et
390 1572 587 1610 arcano
621 1557 811 1624 aﬂ'ecttt
847 1556 917 1609 ad
967 1568 1233 1611 auctorem
1275 1569 1322 1612 et
1372 1558 1671 1628 largitorem

156 1650 246 1699 vita
268 1645 603 1713 respicientia,
632 1646 978 1716 apposuimus
1024 1648 1125 1703 hoc
1173 1650 1545 1703 commentarii
1598 1659 1670 1703 te-

156 1740 423 1791 stimonium
449 1757 462 1791 :
489 1736 800 1808 Unigenittts
828 1742 903 1808 (p.
936 1740 1061 1809 477)
1092 1742 1257 1807 ipsum
1295 1743 1506 1805 bonum,
1531 1739 1670 1809 quod

156 1839 365 1897 appetunt
400 1832 602 1893 omnia,
630 1832 780 1901 cujus
813 1848 961 1887 amor
986 1833 1214 1885 naturali
1251 1842 1297 1886 et
1328 1832 1666 1887 inenarrabili

155 1924 277 1977 modo
305 1925 533 1978 omnium
596 1927 798 1979 ratione
853 1928 1103 1979 utentium
1141 1928 1326 1981 animis
1360 1926 1665 1981 instillatus.

155 2014 347 2085 Agnosci
383 2017 544 2069 etiam
597 2014 753 2070 facile
803 2015 969 2083 possit
996 2015 1226 2072 Basilius
1271 2017 1326 2073 in
1361 2018 1453 2073 illo
1485 2033 1672 2073 mona-

156 2106 248 2159 stici
290 2105 515 2159 instituti
570 2105 747 2159 studio
773 2146 788 2171 ,
828 2106 968 2174 quod
1004 2122 1112 2176 pra:
1152 2124 1209 2162 se
1244 2108 1349 2163 fert
1396 2124 1669 2164 commen-

156 2206 265 2249 tator
303 2195 373 2264 (p.
402 2194 551 2264 464).
607 2210 729 2250 cum
762 2196 1107 2255 vehementer
1154 2200 1428 2256 invehitur
1461 2202 1513 2257 in
1551 2202 1669 2257 illos

156 2285 298 2354 populi
344 2287 618 2355 principes
648 2329 663 2353 ,
703 2288 791 2359 qui
827 2290 1161 2347 voluntarios
1194 2306 1460 2362 pauperes
1482 2332 1499 2358 ,
1549 2308 1669 2347 cum

156 2379 306 2433 beatos
333 2380 632 2449 pradicare
656 2383 932 2447 deberent,
981 2384 1377 2438 calumniantur
1430 2400 1494 2439 ac
1541 2399 1673 2440 con-

156 2477 386 2525 temnunt.

1702 1784 1743 1839 Β

208 2580 360 2637 Unum
387 2593 664 2656 superest,
701 2585 842 2656 quod
879 2585 1165 2657 diligenter
1202 2594 1443 2643 notatum
1472 2596 1526 2644 et
1554 2588 1672 2645 ani-

157 2676 454 2731 madversum
495 2677 680 2734 velim.
733 2676 995 2733 Nimirum
1042 2679 1261 2735 Eusebii
1324 2682 1671 2748 testimonia,

154 2780 249 2834 quae
277 2768 322 2821 in
382 2769 533 2822 hunc
582 2771 1026 2826 commentarium
1063 2773 1320 2829 translata
1353 2784 1496 2842 sunt,
1551 2775 1677 2831 toti-

156 2858 249 2911 dem
277 2859 446 2914 verbis
497 2869 720 2916 exstant
773 2863 912 2934 apud
960 2864 1248 2921 Eusebium
1276 2906 1290 2932 ,
1327 2877 1381 2921 ut
1442 2868 1673 2939 perspici

156 2956 295 3016 potest
330 2951 381 3005 in
410 2949 734 3010 Prmfatione
766 2955 923 3026 primi
959 2958 1083 3012 torni
1115 2956 1348 3028 Operum
1381 2962 1549 3014 sancti
1576 2957 1676 3013 Ba-

157 3040 259 3097 silii.
284 3043 348 3097 At
372 3058 492 3114 qua:
524 3047 582 3101 in
613 3048 717 3102 hoc
747 3052 1132 3105 commentario
1183 3050 1373 3105 similia
1405 3062 1531 3105 sunt
1558 3052 1676 3109 aliis

1767 329 2032 385 BASILII.

1765 453 1872 495 tmn
1905 458 2032 498 vero
2073 443 2351 512 praecipua:
2401 441 2697 497 diﬂlcultati
2741 442 3004 497 solvendae
3033 444 3317 511 plurimum

1768 538 2051 591 conducet.
2095 535 2263 602 Quam
2292 549 2396 589 non
2446 533 2717 588 fastidiret
2760 534 2987 590 Basilius
3022 537 3142 591 trita
3169 553 3199 590 a
3230 552 3320 592 ve-

1770 627 1972 682 teribus
2022 625 2289 695 vestigia,
2329 633 2575 679 testatum
2628 624 2846 694 reliquit
2895 626 3323 696 insignimonu-

1770 728 1971 783 mento,
1998 716 2343 773 Philocaliam
2374 718 2526 781 dico,
2572 718 2713 786 quod
2743 732 2846 771 una
2885 732 3003 771 cum
3058 716 3321 783 Gregorio

1768 809 2106 864 Nazianzeno
2135 810 2333 879 exegit.
2370 808 2632 863 Praeterea
2668 808 2820 864 aliter
2862 808 3209 878 judicandum
3244 815 3315 863 de

1768 901 2031 971 ejusmodi
2059 901 2285 971 scripto,
2320 916 2383 955 ac
2408 903 2475 955 de
2496 899 2827 955 orationibus
2848 942 2863 965 ,
2894 915 3033 969 quas
3053 916 3174 955 cum
3199 916 3321 970 pro-

1774 991 2048 1045 nuntiaret
2084 989 2312 1044 Basilius
2340 1029 2355 1055 ,
2389 989 2690 1043 verisimile
2729 1003 2832 1042 non
2886 998 2969 1043 est
2998 1003 3120 1043 eum
3157 990 3320 1059 proli-

1770 1083 1854 1137 xis
1884 1079 2101 1135 Eusebii
2151 1078 2283 1134 locis
2339 1080 2657 1135 memoriam
2698 1093 2968 1135 onerasse.
3006 1080 3073 1133 At
3100 1083 3323 1136 minime

1770 1181 2080 1241 repugnat,
2110 1178 2168 1223 ut
2194 1185 2259 1223 ex
2309 1168 2575 1238 scriptore
2606 1169 2959 1225 celeberrimo
3004 1169 3324 1227 transferret

1771 1265 1824 1316 in
1861 1262 2304 1316 commentarium
2339 1275 2493 1315 suum
2518 1275 2639 1330 qua:
2660 1261 2951 1317 convenire
2980 1262 3297 1317 videbantur

1772 1354 2016 1423 Denique
2045 1361 2101 1407 ut
2152 1353 2397 1409 omittam
2453 1352 2569 1407 ﬁeri
2596 1352 2835 1422 potuisse
2859 1394 2874 1416 ,
2927 1363 2986 1409 ut
3024 1355 3224 1411 librarii
3257 1372 3321 1411 ex

1771 1443 2001 1499 Eusebio
2050 1442 2102 1498 in
2161 1444 2263 1497 hoc
2314 1458 2449 1512 opus
2477 1442 2660 1498 Basilii
2696 1444 2954 1498 nonnulla
2998 1456 3281 1500 assuerent
3308 1489 3321 1512 ,

1772 1535 2221 1605 quemadmodum
2247 1534 2363 1603 ejus
2386 1534 2725 1590 orationibus
2764 1550 2830 1590 ex
2876 1535 3060 1591 eodem
3093 1536 3323 1593 Eusebio

1772 1627 2025 1682 nonnulla
2074 1627 2459 1693 inseruerunt;
2494 1643 2615 1682 cum
2650 1627 2880 1683 Basilius
2907 1630 3009 1683 hoc
3028 1644 3164 1699 opus
3216 1646 3323 1685 non

1775 1717 2086 1783 absolverit,
2112 1718 2232 1785 quis
2265 1717 2365 1772 scit
2397 1732 2463 1771 an
2500 1718 2601 1771 tale
2625 1719 2871 1775 editurus
2910 1719 3120 1786 fuisset,
3166 1722 3326 1792 quale

1774 1826 1917 1865 nunc
1968 1810 2276 1865 habemus?
2320 1808 2506 1865 Nonne
2548 1812 2723 1878 potius
2755 1813 3048 1869 verisimile
3079 1824 3162 1870 est
3215 1816 3328 1869 htec

1776 1903 2082 1957 testimonia
2112 1918 2175 1955 ex
2232 1901 2483 1968 Eusebio,
2525 1903 2685 1957 veluti
2728 1906 3006 1959 materiam
3041 1905 3327 1975 quamdam

1776 1991 2056 2063 scriptoris
2100 1993 2304 2063 judicio
2338 2004 2523 2061 postea
2575 1995 2945 2063 exponendam
2972 2004 3026 2051 et
3053 1996 3328 2054 illustran-

1778 2086 1920 2151 dam,
1944 2085 2111 2141 fuisse
2148 2085 2524 2155 comportata?

3161 345 3316 386 ειιιλ

1851 2200 1990 2266 Ouin
2037 2201 2194 2254 etiam
2226 2200 2477 2267 decerpta
2516 2214 2579 2253 ex
2615 2199 2805 2255 alienis
2838 2192 3098 2256 messibus
3123 2201 3240 2258 loca
3278 2204 3332 2258 id

1778 2290 2007 2346 afferunt
2032 2290 2316 2349 commodi,
2346 2299 2401 2344 ut
2424 2290 2579 2345 facile
2611 2291 2990 2361 intelligamus,
3033 2306 3130 2348 cur
3162 2295 3331 2367 stylus

1778 2380 2148 2436 commentarii
2175 2394 2277 2433 non
2316 2395 2528 2451 semper
2558 2381 2739 2437 Basilii
2766 2382 2940 2452 Magni
2972 2384 3331 2454 eloquentiam

1778 2472 2035 2529 redoleat.
2068 2470 2147 2525 Ex
2190 2472 2271 2527 his
2293 2472 2437 2525 enim
2463 2486 2580 2540 qua:
2609 2474 2818 2541 objecta
2848 2484 2993 2542 sunt,
3017 2476 3148 2529 nihil
3179 2477 3335 2531 video

1780 2564 1944 2633 quod,
1974 2578 2095 2617 cum
2118 2562 2293 2631 aliqua
2316 2560 2773 2614 verisimilitudine
2794 2560 3062 2627 objectum
3084 2562 3173 2626 sit,
3194 2577 3333 2632 pra:-

1781 2665 1865 2711 ter
1922 2656 2047 2726 styli
2099 2654 2533 2722 discrepantiam.
2590 2651 2695 2709 Sed
2762 2653 2849 2707 ille
2908 2653 3333 2710 verisimilitudi-

1783 2752 1866 2805 nis
1913 2748 2060 2804 color
2111 2747 2423 2811 evanescit,
2472 2746 2559 2801 ubi
2605 2747 3052 2803 animadvertitur
3114 2749 3169 2803 in
3233 2750 3337 2805 hoc

1781 2856 1954 2909 opus,
2013 2840 2154 2907 quod
2207 2840 2442 2895 unanima
2475 2853 2541 2893 ex
2589 2846 2740 2907 parte
2785 2839 3013 2892 nitorem
3054 2837 3338 2895 Basilianze

1782 2930 2043 2986 orationis
2073 2929 2288 2997 retinet,
2321 2929 2545 2985 aliorum
2581 2931 2884 2984 testimonia
2922 2930 3194 2986 interdum
3250 2933 3335 2987 in-

1784 3025 1913 3080 texi.

157 3131 308 3190 Basilii
339 3136 470 3194 locis
494 3178 510 3204 ,
546 3138 831 3193 sententiis
876 3148 1084 3195 tantum
1123 3156 1228 3194 non
1260 3141 1439 3197 verbis
1482 3142 1676 3200 similia

1854 3139 2077 3193 Frustra
2136 3136 2389 3205 obiicitur
2424 3138 2869 3192 commentatoris
2902 3136 2969 3192 de
3005 3138 3339 3193 daemonibus

156 3238 292 3292 sunt,
322 3230 361 3283 si
389 3244 556 3283 unum
596 3237 689 3282 aut
715 3228 952 3284 alterum
992 3230 1165 3286 locum
1216 3232 1474 3303 excipias.
1530 3234 1678 3291 Unde

159 3316 239 3371 hoc
263 3318 575 3387 discrimen,
608 3321 711 3376 nisi
742 3322 866 3391 quia
899 3321 1131 3379 Basilius
1158 3325 1291 3381 alios
1315 3326 1380 3380 de
1413 3326 1675 3379 industria

158 3417 198 3460 et
220 3407 325 3463 data
354 3424 519 3481 opera
574 3412 931 3483 imitabatur;
975 3426 1033 3470 ut
1064 3424 1245 3470 autem
1282 3416 1511 3483 seipsum
1562 3414 1679 3467 imi-

159 3506 348 3566 taretur,
386 3506 523 3560 satis
548 3514 688 3570 erat,
716 3507 879 3560 veluti
907 3515 1103 3560 natura
1133 3506 1266 3559 duce
1289 3545 1305 3570 ,
1340 3505 1531 3559 insitas
1561 3506 1681 3559 ani-

160 3606 228 3646 mo
266 3596 563 3651 sententias
610 3608 667 3651 et
711 3594 1001 3665 Scriptura:
1057 3596 1438 3667 intelligentiae
1484 3600 1682 3669 sequi?

160 3681 250 3737 Non
275 3696 502 3757 estergo
534 3703 635 3742 cur
672 3702 957 3745 vereamur
1007 3690 1148 3747 hunc
1197 3693 1639 3747 commentarium
1666 3732 1682 3758 ,

160 3778 492 3845 utgenuinum
524 3778 711 3835 Basilii
764 3781 964 3837 laboris
998 3792 1396 3838 monumentum
1428 3822 1441 3847 ,
1506 3784 1679 3838 suscia-

164 3876 282 3931 pere.

217 3976 353 4049 Saepe
380 3980 623 4039 Basilius
674 3983 729 4039 in
764 3985 867 4039 hoc
899 3998 1059 4053 opere
1102 4001 1264 4041 unum
1294 4002 1352 4042 se
1381 4000 1501 4042 esse
1549 3984 1686 4039 indi-

161 4078 308 4123 estex
338 4074 651 4129 senioribus
675 4083 730 4129 et
761 4075 1091 4145 principibus
1127 4077 1303 4146 pepuli
1330 4076 1406 4147 (a)
1450 4095 1465 4132 :
1494 4091 1558 4133 ex
1582 4092 1687 4145 quo

162 4157 321 4213 saltem
348 4166 734 4233 presbyterum
761 4164 927 4223 fuisse
947 4167 1284 4237 perspicitur.
1317 4168 1578 4223 Altiorem
1608 4167 1689 4222 di-

162 4249 353 4319 gnitatis
399 4255 634 4324 gradum
674 4265 801 4312 tunc
850 4258 1153 4314 obtinuisse
1197 4272 1299 4313 non
1337 4258 1682 4322 crediderim,

166 4349 253 4395 tum
303 4345 468 4413 quia,
526 4359 651 4399 cum
702 4346 814 4402 haec
874 4350 1177 4415 scriberet,
1237 4350 1469 4404 nondum
1506 4360 1688 4419 aperte

164 4434 418 4503 Pmdibat,
476 4446 541 4492 ut
599 4451 760 4507 supra
820 4439 1096 4507 diximus,
1151 4441 1372 4496 haeresis
1427 4438 1690 4496 Pneuma-

172 4528 519 4584 tomachorum
546 4568 564 4595 ,
604 4544 721 4600 qua:
752 4540 929 4587 tamen
976 4546 1115 4586 anno
1161 4534 1257 4586 571
1307 4533 1539 4602 grassari
1583 4549 1693 4588 coe-

166 4615 227 4679 pit
247 4634 261 4683 ;
282 4626 385 4672 tum
414 4622 544 4689 quia
573 4622 862 4677 verisimile
891 4633 973 4678 est
1003 4623 1208 4679 labores
1234 4627 1572 4694 episc0patus
1601 4627 1690 4681 ob-

164 4712 337 4768 :titisse
369 4756 384 4780 ,
441 4714 735 4781 quominus
783 4715 1013 4771 Basilius
1068 4718 1131 4771 ad
1206 4718 1514 4773 umbilicum
1566 4733 1701 4788 epos

166 4804 481 4867 perduceret.

220 4912 317 4970 VII.
350 4920 467 4974 Non
491 4914 655 4973 valde
677 4914 912 4972 diﬂicilia
955 4926 1078 4971 sunt
1106 4918 1171 4970 ad
1206 4918 1541 4985 solvendum,
1581 4934 1699 4988 qua:

168 5008 297 5066 nobis
324 5013 689 5082 objiciuntur,
731 5011 816 5065 vel
851 5011 1032 5081 potius
1081 5012 1145 5063 ad
1175 5026 1357 5065 eorum
1384 5012 1643 5081 judicium
1679 5052 1693 5075 ,

166 5104 239 5169 qui
270 5104 363 5159 hoc
400 5119 542 5175 Opus
572 5105 774 5160 Basilio
800 5107 1058 5169 tribuunt,
1084 5102 1509 5159 confirmandum
1534 5119 1698 5174 appo-

166 5193 248 5246 sita
271 5195 537 5251 videntur.
592 5194 742 5261 Quod
784 5196 926 5250 enim
976 5196 1246 5266 indignum
1294 5195 1490 5251 Basilio
1525 5196 1691 5251 fuisse

168 5282 335 5341 dicitur
364 5288 439 5360 (ὁ)
463 5328 479 5353 ,
521 5299 743 5345 oratore
781 5288 1220 5355 praestantissimo
1242 5329 1258 5355 ,
1308 5295 1365 5340 ut
1389 5302 1451 5342 ex
1487 5287 1700 5343 Eusebii

168 5380 533 5435 commentario
593 5390 698 5434 tam
734 5378 896 5434 multa
926 5380 977 5434 in
1026 5394 1179 5435 suum
1214 5377 1529 5433 transferret
1563 5421 1576 5444 ,
1638 5378 1689 5433 id

167 5476 267 5519 cum
293 5481 383 5521 sua
440 5481 640 5539 sponte
675 5467 926 5524 Basilium
976 5486 1079 5524 non
1110 5469 1317 5525 videtur
1345 5469 1653 5523 dedecuisse
1683 5488 1695 5532 ;

229 5706 296 5778 (ι)
321 5705 449 5781 Ρη.
479 5709 607 5775 sn,
643 5708 769 5775 tis,
803 5707 924 5777 tto,
958 5708 1079 5775 tea,
1109 5706 1230 5774 tos,
1260 5707 1377 5773 tot,
1407 5707 1527 5763 suo.

1786 3233 2045 3284 sententia
2073 3230 2149 3298 (n.
2184 3228 2253 3281 25
2294 3239 2347 3282 et
2373 3228 2518 3299 256),
2566 3244 2699 3296 quos
2745 3227 2979 3281 victimis
3006 3227 3256 3283 delectari
3285 3239 3340 3284 et

1785 3320 2059 3373 nidoribus
2113 3317 2345 3387 gaudere
2391 3327 2445 3370 et
2500 3318 2566 3371 ali
2624 3333 2728 3370 non
2779 3317 2948 3371 semel
3002 3320 3334 3385 pronuntiat.

1788 3410 1915 3464 Hec
1968 3408 2212 3480 quidem,
2247 3407 2423 3476 inquit
2454 3416 2643 3462 auctor
2694 3405 3051 3471 Praefationis,
3082 3416 3340 3480 utcunque

1788 3504 2061 3558 toleranda
2119 3509 2287 3556 essent
2338 3500 2476 3569 apud
2528 3509 2745 3569 poetas,
2788 3510 2881 3555 aut
2915 3502 3053 3569 apud
3096 3503 3342 3571 jocosutss

1788 3597 2091 3665 scriptorem
2129 3592 2416 3647 Lucianum
2441 3608 2459 3645 :
2490 3602 2541 3645 at
2577 3594 2756 3647 eadem
2788 3594 2843 3647 in
2891 3591 3110 3645 Patrum
3145 3595 3346 3663 gravis-

1789 3692 1917 3741 simo
1940 3686 2140 3740 Basilio
2168 3686 2283 3755 quis
2314 3685 2493 3751 ferat?
2534 3682 2653 3739 Scio
2676 3686 2882 3754 quidem
2925 3683 3150 3738 calestia
3200 3701 3347 3755 quee-

1790 3781 1911 3831 dam
1956 3791 2175 3843 corpora
2219 3775 2417 3846 angelis
2474 3792 2504 3827 a
2554 3775 2865 3843 quibusdam
2915 3774 3167 3829 Patribus
3198 3774 3345 3830 Gra-

1790 3872 1864 3924 cis
1903 3869 2062 3923 tribui
2092 3883 2110 3923 :
2139 3868 2227 3921 sed
2274 3866 2450 3921 nullus
2476 3906 2490 3931 ,
2529 3869 2665 3934 quod
2702 3868 2898 3933 sciam,
2942 3867 3197 3936 ejusmodi
3242 3885 3345 3922 nu-

1792 3976 1883 4031 gas
1942 3974 2170 4028 unquam
2235 3957 2475 4027 garrivit.
2540 3957 2784 4011 Arbitror
2842 3969 3014 4011 autem
3089 3957 3347 4012 Basiliam

1794 4067 1826 4103 a
1894 4048 2053 4102 tantis
2124 4046 2481 4100 deliramentis
2551 4047 2775 4099 maxime
2843 4048 3070 4099 omnium
3145 4048 3346 4099 abhor-

1797 4144 1979 4196 ruisse.

1865 4258 2100 4312 Necesse
2126 4269 2229 4309 non
2262 4264 2345 4307 est
2376 4254 2586 4324 longam
2633 4253 2826 4307 seriem
2861 4251 3180 4322 scriptorum
3210 4253 3347 4305 idem

1799 4348 2145 4403 sentientium
2187 4344 2274 4397 hic
2330 4354 2530 4398 texere.
2564 4342 2709 4397 Satis
2741 4345 2843 4397 erit
2872 4358 3009 4397 unus
3049 4358 3112 4396 ex
3167 4342 3351 4396 multis

1797 4439 1864 4492 ad
1889 4437 2357 4493 demonstrandam
2408 4435 2567 4505 hujus
2607 4434 2794 4502 judicii
2849 4432 3180 4501 iniquitatem
3218 4430 3352 4487 Gre-

1797 4531 1980 4601 gorius
2010 4525 2387 4581 Nazianzenus
2416 4528 2492 4596 (p.
2530 4524 2676 4596 127),
2707 4525 2796 4593 qui
2830 4523 2882 4575 in
2911 4528 3157 4577 oratione
3178 4524 3212 4577 4
3244 4523 3351 4577 dae-

1798 4637 1986 4679 mones
2018 4629 2173 4674 vocat
2201 4620 2417 4689 gulosos
2450 4630 2505 4672 et
2533 4616 2926 4681 fraudulentos,
2948 4624 3002 4668 et
3033 4616 3084 4669 in
3109 4617 3354 4669 oratiOne

1800 4714 1868 4768 18
1892 4724 2181 4779 corporum
2212 4718 2267 4765 et
2290 4711 2623 4779 voluptatum
2654 4716 2924 4761 amatores
2960 4709 3036 4776 (p.
3068 4705 3234 4777 279);
3271 4722 3355 4762 eo-

1803 4818 2028 4872 rumque
2077 4804 2380 4858 mercedem
2420 4815 2539 4856 esse
2569 4799 2815 4854 victimas
2850 4808 2904 4853 et
2935 4798 3181 4853 libamina
3236 4813 3356 4866 pro-

1805 4895 2035 4960 nuntiat,
2076 4908 2140 4949 ac
2163 4910 2261 4964 per
2294 4894 2609 4962 sanguinem
2642 4902 2697 4946 et
2723 4890 2964 4947 nidorem
2995 4905 3114 4945 cum
3140 4890 3219 4945 eis
3243 4889 3356 4943 alli-

1802 4988 2023 5041 nitatcm
2054 4986 2319 5042 contrahi.

1868 5097 2019 5154 Inter
2068 5113 2130 5153 ea
2157 5112 2275 5166 qua:
2306 5106 2363 5151 ut
2393 5096 2594 5152 Basilio
2618 5095 2833 5164 indigna
2869 5094 3193 5166 colliguntur
3217 5094 3359 5149 Prael-

1806 5190 1902 5245 fat.
1943 5207 2091 5245 num.
2122 5189 2190 5245 56
2218 5230 2234 5258 ,
2270 5190 2409 5245 forte
2441 5190 2663 5256 alicujus
2688 5187 2942 5241 momenti
2981 5187 3147 5242 videri
3196 5189 3360 5257 possit

1804 5284 1947 5351 quod
1975 5284 2048 5337 ait
2078 5291 2472 5337 commentator
2501 5281 2568 5336 de
2589 5278 2906 5347 intelligibili
2939 5280 3171 5347 quadam
3204 5295 3362 5331 crure

1807 5375 1870 5428 ad
1894 5385 2126 5443 quatuor
2162 5372 2343 5427 mundi
2367 5382 2547 5441 partes
2574 5372 2899 5442 pertinente.
2937 5369 3043 5426 Sed
3071 5372 3122 5424 id
3169 5370 3348 5423 absur.

1807 5466 1931 5519 dum
1963 5466 2123 5520 videri
2151 5480 2253 5519 non
2284 5465 2473 5530 debet;
2503 5466 2581 5519 vel
2613 5467 2785 5533 potius
2809 5463 3131 5518 eruditionis
3164 5460 3221 5516 S.
3253 5459 3326 5513 Ba

1883 5702 1952 5771 (ὑ)
1986 5701 2133 5757 Tum.
2180 5700 2193 5752 1
2230 5699 2594 5769 1ἰ”;ιίί’.,ιι.ἱν4.
