4080 6314
714 355 847 397 CLXX

2073 333 2578 390 PBOLEGOMENA

717 461 820 511 sdii
875 455 1125 508 indicium
1185 466 1300 520 est,
1358 457 1448 525 qui
1486 456 1713 511 similem
1784 456 2105 510 sententiam
2136 460 2271 526 apud
2302 460 2560 519 Aeodem
2614 455 2698 509 die
2750 454 3064 518 Dominico,
3099 455 3189 524 qui
3233 453 3434 525 jejunia
3481 457 3546 511 ad
3596 457 3919 514 recordatio-

722 558 1007 616 martyrem
1043 544 1315 599 Justinum
1370 548 1579 602 viderat
1608 564 1713 603 non
1749 547 1907 618 longe
1953 564 1983 602 a
2014 549 2119 602 fine
2158 566 2271 602 ma-

717 638 849 700 joris
907 636 1200 706 Αροιοςὶιε.
1270 636 1464 691 Notum
1537 641 1637 695 hoc
1701 655 1837 709 opus
1890 656 1991 694 non
2062 641 2162 694 fuit
2212 641 2269 696 S.

716 730 1044 800 Hieronymo
1104 743 1118 780 :
1182 744 1354 797 neque
1427 729 1582 797 hujus
1652 731 1727 784 rei
1809 737 2036 785 obscura
2110 746 2269 785 causa

716 829 836 885 est,
892 836 1015 873 cum
1062 820 1353 874 verisimile
1410 822 1480 875 sit
1532 822 1600 875 ab
1660 824 1777 893 ipso
1829 822 2028 877 Basilio
2069 824 2270 877 editum

715 916 768 967 in
802 914 973 966 lucem
1010 928 1111 966 non
1146 912 1330 969 fuisse.
1358 912 1606 969 Cilantur
1650 916 1727 986 (a)
1782 915 2021 969 nonnulli
2059 917 2270 970 codices

720 1020 849 1057 mss.
884 1006 935 1056 in
964 1006 1155 1072 quibus
1202 1006 1577 1060 commentarii
1613 1007 1667 1058 in
1703 1006 1903 1060 Isaiam
1960 1021 1988 1059 a
2037 1008 2273 1076 quodam

714 1100 1032 1165 presbytero
1066 1096 1264 1166 vulgati
1308 1098 1560 1152 dicuntur
1606 1106 1726 1166 post
1779 1106 2003 1153 mortem
2062 1097 2119 1152 S.
2166 1098 2267 1151 Ba-

710 1189 837 1243 silii.

1260 1281 1485 1339 CAPUT
1532 1282 1714 1338 XLIII.

709 1371 748 1425 I.
787 1371 860 1425 De
918 1372 1145 1426 homiliis
1192 1375 1405 1427 secundi
1455 1377 1599 1427 tomi.
1646 1374 1876 1427 Homilia
1918 1377 2141 1429 secunda
2201 1377 2265 1429 de

777 1439 971 1509 jejunio
1012 1460 1115 1495 non
1157 1444 1441 1511 auferenda
1495 1444 1713 1497 Basilio.
1746 1444 1806 1497 ll.
1841 1445 1916 1498 De
1946 1445 2171 1499 homiliis
2209 1449 2259 1507 5,

777 1514 833 1574 4,
871 1511 1032 1566 5.1”.
1076 1513 1148 1565 De
1188 1514 1419 1565 homiliis
1448 1516 1498 1567 6.
1531 1514 1582 1574 7,
1614 1517 1665 1575 8,
1701 1515 1731 1567 9
1756 1556 1769 1578 ,
1811 1531 2027 1581 quarum
2067 1527 2262 1579 tempus

776 1584 1134 1633 examinatur.
1183 1583 1268 1634 IV.
1300 1581 1378 1634 De
1423 1584 1648 1637 homilits
1690 1584 1871 1637 10-20.
1919 1584 1979 1637 ν.
2030 1583 2262 1638 Homilia

778 1651 838 1703 21
902 1653 955 1703 in
985 1653 1281 1714 episcopatu
1322 1655 1533 1719 scripta.
1590 1654 1663 1705 De
1701 1655 1863 1707 tribus
1902 1655 2019 1707 aliis
2071 1657 2263 1707 oratio-

776 1724 948 1773 nibus.
1003 1721 1073 1773 De
1127 1719 1356 1774 h-omiliis
1419 1724 1718 1786 deperditis.
1762 1722 1849 1776 Vl.
1909 1723 1979 1775 De
2031 1724 2259 1778 homiliis

778 1792 832 1842 in
906 1792 1237 1856 appendicem
1296 1791 1520 1859 rejectis.

775 1875 1044 1926 perperam
1073 1862 1126 1910 in
1157 1862 1237 1913 his
1267 1862 1493 1912 homiliis
1531 1863 1844 1927 vituperata.
1885 1860 1987 1915 VII.
2021 1862 2092 1913 De
2121 1863 2262 1915 libris

776 1930 831 1980 in
862 1930 1200 1993 Eunomium,
1233 1930 1467 1983 Ascetico
1491 1948 1551 1983 ac
1582 1931 1781 1983 duobus
1805 1931 1953 1983 libris
1982 1933 2044 1984 de
2077 1931 2261 1999 Bapti-

773 2015 906 2051 81710.

775 2088 817 2145 1.
870 2088 1025 2144 hunc
1076 2090 1313 2145 breviter
1367 2091 1523 2146 nobis
1571 2093 1913 2146 recensende
1970 2101 2095 2146 sunt
2147 2091 2264 2145 alia:

705 2183 879 2235 sancti
930 2180 1114 2234 Basilii
1148 2182 1398 2248 homilite,
1431 2198 1661 2251 quarum
1691 2185 1878 2253 viginti
1921 2192 2150 2253 quatuor
2208 2186 2259 2237 in

706 2282 855 2325 tomo
891 2272 1127 2326 secundo
1161 2274 1515 2342 disponuntur
1550 2276 1734 2329 eodem
1763 2276 1951 2329 ordine
1974 2292 2036 2331 ac
2066 2277 2116 2331 in
2142 2276 2261 2331 aliis

702 2363 1053 2427 editionibus,
1076 2372 1199 2418 octo
1233 2364 1351 2417 alia:
1380 2366 1431 2417 in
1462 2364 1823 2435 Appendicem
1868 2367 2080 2436 rejecta:
2110 2380 2254 2423 sunt.

702 2455 907 2521 Agmeu
936 2454 1137 2507 ducunt
1185 2456 1301 2508 dua:
1347 2455 1414 2509 de
1450 2454 1656 2525 jejunio
1698 2456 1929 2512 homilia:
1965 2460 2015 2513 in
2067 2460 2259 2528 quibus

704 2546 935 2600 Basilius
968 2563 1075 2602 non
1125 2548 1178 2601 id
1216 2548 1388 2601 solum
1420 2548 1686 2613 hortatur,
1727 2558 1783 2602 ut
1835 2550 2032 2604 indicta
2070 2553 2135 2604 ab
2161 2551 2258 2605 Ec-

705 2638 868 2690 clesia
909 2637 1112 2707 jejunia
1156 2638 1527 2702 observentur,
1559 2648 1613 2692 et
1640 2654 1704 2694 ea
1735 2640 1958 2705 ratione,
1987 2656 2103 2709 qua:
2149 2642 2258 2697 Deo

698 2729 918 2798 placere
984 2730 1187 2797 possit,
1256 2729 1610 2784 observentur
1664 2731 1758 2799 (ὁ),
1829 2733 1922 2787 sed
1972 2735 2131 2786 etiam
2200 2743 2258 2787 ut

698 2834 768 2873 ne
826 2820 1044 2890 crapula
1098 2820 1430 2874 instantibus
1468 2820 1689 2890 jejuniis
1754 2823 2112 2892 praeminatur
2160 2823 2250 2895 (c).

700 2907 840 2974 Quin
884 2910 1046 2963 etiam
1104 2908 1298 2962 fatetur
1328 2924 1433 2962 non
1471 2919 1676 2964 tantum
1727 2913 1827 2965 sibi
1878 2912 2075 2969 laboris
2110 2914 2256 2969 insu-

698 2996 952 3049 mendum
992 3011 1132 3062 esse,
1181 3006 1239 3050 ut
1291 2999 1354 3052 ad
1384 2998 1644 3067 jejunium
1675 3000 1936 3067 hortetur,
1993 3019 2151 3072 quam
2199 3014 2256 3057 ut

701 3088 1033 3150 dehortetur,
1070 3104 1131 3141 ne
1181 3090 1296 3157 quis
1323 3088 1498 3150 hodie,
1544 3090 1715 3157 inquit
1746 3091 1845 3160 (ά),
1904 3093 1961 3145 in
1992 3095 2253 3147 ebrietatis

1598 1792 1868 1844 Nonnulla
1938 1797 2265 1857 explicantur
2295 1803 2335 1855 Β

2380 564 2503 604 nem
2558 547 2848 602 salutifera:
2898 548 3163 617 passionis
3199 548 3540 619 perducentia
3576 552 3920 607 antecedebat

2376 639 2449 709 (p.
2480 639 2590 710 ιο).

2443 730 2627 783 Mirari
2663 728 2794 783 satis
2822 744 2923 782 non
2945 744 3158 799 possum
3184 729 3446 797 quomodo
3465 727 3663 785 Basilio
3688 732 3918 784 secunda

2373 821 2544 876 oratio
2594 821 2660 875 de
2702 819 2908 888 jejunio
2958 820 3253 889 abjudicari
3312 820 3562 887 potuerit.
3613 819 3921 875 Levissima:

2373 910 2669 966 all'eruntur
2700 924 2914 963 causae:
2951 908 3219 963 Posterior
3264 909 3435 962 oratio
3482 916 3534 962 et
3576 910 3841 978 elegantia
3868 921 3919 963 et

2371 1002 2521 1070 c0pia
2551 1002 2720 1054 multo
2765 999 3085 1068 inferiorlg)
3119 999 3321 1053 :multa
3371 999 3425 1053 in
3471 1001 3703 1053 secunda
3738 1000 3920 1069 legun-

2374 1101 2481 1159 tur,
2526 1108 2750 1161 quorum
2787 1092 2889 1144 alia
2925 1106 2988 1144 ex
3024 1092 3192 1159 prima
3236 1100 3477 1158 sumpta,
3513 1091 3616 1143 alia
3643 1107 3709 1144 ex
3734 1094 3917 1148 eadem

2368 1196 2621 1250 expressa
2653 1222 2667 1245 ,
2716 1181 2855 1249 quod
2911 1196 3099 1249 parum
3147 1181 3335 1234 decere
3376 1182 3586 1235 videtur
3616 1182 3919 1250 c0piosissi-

2367 1288 2512 1327 mum
2556 1274 2730 1327 virum
2763 1273 3038 1327 Basilium.
3084 1272 3383 1327 Secundam
3420 1275 3717 1328 orationem
3749 1275 3915 1329 multo

2366 1361 2671 1416 inferiorem
2700 1365 2879 1432 priore
2907 1378 3026 1418 esse
3045 1362 3301 1430 elegantia
3332 1374 3385 1417 et
3406 1367 3556 1433 copia
3580 1381 3678 1419 nec
3701 1381 3917 1435 possum

2365 1452 2681 1520 concedere,
2711 1470 2805 1509 nec
2838 1470 3190 1510 concessuros
3229 1456 3463 1509 arbitror
3503 1458 3811 1527 quicunque
3842 1468 3920 1512 at-

2367 1546 2566 1598 tentius
2602 1545 2847 1614 legerint.
2885 1546 3066 1600 Prima
3109 1547 3315 1617 longior
3362 1556 3442 1600 est
3470 1587 3485 1612 ,
3516 1564 3578 1603 ac
3628 1552 3917 1605 secundam

2365 1638 2466 1691 hac
2497 1651 2599 1691 una
2648 1651 2705 1690 re
2736 1647 2970 1705 superat.
3022 1637 3172 1704 Quod
3222 1647 3432 1707 spectat
3476 1639 3541 1691 ad
3572 1640 3794 1695 alteram
3835 1657 3919 1695 ra-

2367 1729 2680 1794 tiunculam,
2734 1728 2862 1796 quid
2897 1728 3091 1782 mirum
3139 1730 3203 1795 si,
3238 1746 3356 1783 cum
3386 1728 3611 1784 Basilius
3631 1733 3819 1787 eadem
3853 1736 3919 1789 de

2367 1834 2425 1873 re
2454 1820 2646 1873 iterum
2681 1818 2914 1873 disserat
2955 1834 3017 1873 ac
3061 1823 3244 1874 eadem
3285 1823 3406 1875 vitia
3432 1822 3677 1891 castiget,
3715 1825 3916 1878 eaedem

2363 1910 2644 1963 sententia:
2675 1910 2725 1963 in
2754 1920 2979 1978 utraque
3008 1910 3252 1963 oratione
3285 1912 3548 1965 interdum
3584 1915 3920 1966 occurrunt?

2365 1998 2467 2054 Sed
2504 2010 2680 2055 tamen
2704 2010 2851 2055 tanta
2882 2017 3000 2055 cum
3028 2003 3285 2056 varietate
3311 2013 3641 2070 repetuntur,
3673 2013 3731 2055 ut
3761 2005 3910 2057 novi-

2362 2092 2488 2146 tatis
2526 2092 2695 2161 gratia
2745 2108 2849 2145 non
2898 2102 3118 2151 careant
3154 2109 3167 2146 :
3205 2095 3343 2161 quod
3377 2094 3590 2161 quidem
3620 2092 3792 2147 sancti
3822 2091 3918 2145 Ba-

2363 2182 2467 2236 silii
2521 2184 2820 2236 ubertatem
2852 2184 3059 2238 dicendi
3097 2186 3334 2240 maxime
3365 2187 3716 2239 demonstrat.
3773 2186 3920 2240 Pene

2360 2274 2647 2328 Omiseram
2674 2313 2688 2337 ,
2746 2283 2801 2326 ut
2839 2289 2948 2327 rem
3001 2275 3199 2329 nullius
3233 2277 3507 2338 momenti,
3545 2276 3689 2345 quod
3720 2276 3915 2344 objici-

2362 2375 2467 2430 tur,
2517 2366 2721 2419 duabus
2747 2365 2929 2419 Basilii
2976 2366 3041 2419 de
3067 2367 3358 2435 gratiarum
3392 2368 3605 2421 actione
3632 2368 3917 2422 concioni-

2358 2458 2457 2512 bus
2510 2468 2712 2511 tantam
2767 2458 2945 2511 inesse
2989 2456 3306 2509 varietatem
3333 2497 3347 2517 ,
3378 2466 3431 2510 ut
3471 2474 3533 2511 ex
3583 2459 3647 2512 iis
3688 2475 3809 2527 quae
3860 2461 3911 2512 in

2359 2544 2539 2611 priore
2572 2544 2712 2597 dicta
2744 2543 2976 2608 fuerant,
3026 2542 3159 2596 nihil
3204 2543 3255 2595 in
3288 2546 3580 2613 posteriore
3613 2560 3911 2615 repetatur.

2358 2632 2696 2688 Manifestum
2726 2645 2807 2688 est
2842 2651 2938 2690 sua
2981 2645 3171 2706 sponte
3199 2636 3510 2691 discrimen.
3548 2636 3783 2691 Sanctus
3815 2640 3914 2692 Ba-

2357 2725 2510 2779 silius
2542 2727 2591 2779 in
2639 2728 2870 2781 secunda
2905 2729 3245 2797 prosequitur
3278 2743 3396 2796 qua:
3431 2728 3601 2797 pridie
3634 2729 3914 2783 disserue-

2358 2827 2461 2871 rat.
2518 2820 2588 2873 At
2619 2818 2737 2873 duae
2768 2819 2832 2874 de
2879 2819 3081 2887 jejunio
3119 2820 3387 2875 orationes
3420 2836 3523 2875 non
3556 2822 3742 2875 eodem
3774 2837 3916 2875 anno

2360 2912 2740 2979 pronuntiatur.
2782 2910 2987 2965 Citalur
3018 2913 3131 2965 haec
3170 2914 3402 2966 secunda
3434 2913 3605 2966 oratio
3654 2929 3682 2966 a
3724 2925 3913 2968 sancto

2358 2997 2563 3053 Joanne
2591 3001 2948 3062 Damasceno,
2990 3001 3239 3052 Simeonc
3289 2999 3582 3069 Logotheta
3610 3011 3663 3056 et
3709 3004 3911 3075 Euthy-

2360 3090 2489 3142 mio.
2522 3087 2755 3142 Basilius
2789 3088 3054 3156 promittit
3083 3089 3157 3157 (p.
3205 3088 3290 3156 l6)
3320 3104 3385 3139 ex
3433 3105 3578 3143 more
3606 3107 3704 3145 suo
3743 3103 3916 3145 matu-

700 3178 842 3230 mala
875 3179 1093 3235 incidat.
1122 3178 1253 3232 Nam
1278 3194 1306 3232 a
1332 3179 1534 3249 jejunio
1562 3182 1806 3236 violando
1836 3183 2116 3253 plerosque
2136 3199 2255 3238 con-
2280 3172 2323 3229 C
2360 3178 2525 3232 tinam
2558 3186 2613 3233 et
2654 3178 3011 3247 vespertinam
3046 3177 3355 3231 concionem
3408 3181 3757 3244 sequentibus
3810 3181 3919 3235 die-

703 3270 933 3323 snetudo
969 3281 1022 3325 et
1050 3271 1218 3338 pudor
1250 3273 1611 3328 deterrebant.
1645 3274 1794 3328 Nulla
1827 3277 1966 3330 enim
2008 3287 2121 3330 erat
2167 3279 2250 3331 in-

698 3361 813 3416 Sula
850 3368 926 3429 (ιι.
951 3362 1027 3431 9),
1062 3362 1202 3415 nulla
1245 3364 1524 3419 continens
1562 3376 1723 3431 terra,
1764 3382 1865 3420 non
1904 3368 2111 3432 civitas,
2146 3386 2249 3423 non

695 3468 826 3520 gens
855 3452 976 3513 ulla,
1004 3468 1104 3504 non
1123 3464 1395 3510 extremus
1419 3457 1599 3511 mundi
1631 3457 1874 3526 angulus,
1908 3458 1994 3513 ubi
2024 3476 2124 3514 non
2158 3476 2251 3515 au-

696 3542 1113 3610 direturjejunii
1160 3546 1536 3617 promulgatio,
1574 3564 1733 3616 quam
1782 3562 1835 3605 et
1890 3557 2154 3607 exercitus
2196 3563 2252 3607 et

693 3635 948 3700 viatores,
967 3646 1015 3687 et
1037 3646 1215 3689 nauta:
1245 3646 1297 3689 et
1323 3639 1679 3705 negotiatores
1702 3654 1911 3693 summo
1938 3642 2129 3709 gaudio
2158 3657 2249 3696 ex-

694 3725 983 3791 t'Ipiebillll.
1020 3724 1171 3779 Unde
1200 3741 1298 3781 nec
1330 3727 1522 3782 divites
1576 3744 1673 3783 nec
1724 3745 1984 3799 pauperes
2029 3732 2094 3784 ab
2150 3733 2249 3787 hac

691 3817 878 3888 jejuuii
919 3820 1033 3887 lege
1062 3820 1291 3875 eximios
1316 3821 1478 3875 habet
1502 3822 1729 3877 Basilius
1762 3841 1773 3876 :
1802 3822 2116 3878 mulieribus
2141 3837 2247 3877 tam

698 3911 1025 3964 conveniens
1078 3927 1139 3965 ac
1170 3915 1461 3965 secundum
1509 3923 1753 3967 naturam
1786 3930 1905 3971 esse
1938 3927 2115 3971 censet
2163 3916 2248 3984 je-

691 3999 922 4066 junare,
978 4016 1135 4067 quam
1187 4002 1454 4072 respirare
1495 4024 1505 4057 :
1550 4018 1744 4073 pueros
1775 4042 1790 4069 ,
1837 4007 1997 4060 veluti
2048 4009 2244 4062 virides

691 4093 1125 4161 plantas,jejunii
1161 4108 1298 4163 aqua
1328 4094 1631 4165 irrigandos
1666 4112 1679 4147 :
1708 4093 1927 4149 senibus
1954 4111 2015 4149 eo
2034 4097 2244 4151 facilius

685 4184 947 4251 jejunium
980 4199 1099 4238 esse
1125 4224 1139 4248 ,
1178 4201 1283 4253 quo
1324 4188 1593 4255 antiquior
1621 4203 1742 4243 cum
1778 4202 1843 4241 eo
1872 4186 2242 4254 familiaritas;

689 4273 986 4327 viatoribus
1003 4276 1305 4342 expeditum
1331 4292 1448 4331 esse
1470 4277 1676 4331 itineris
1696 4279 1943 4333 comitem
1960 4278 2238 4348 jejunium.

691 4366 795 4420 Sed
827 4366 1152 4419 instantibus
1179 4364 1398 4435 jejuniis
1425 4371 1612 4435 prmire
1642 4370 1848 4424 solebat
1889 4372 2241 4426 immoderata

685 4459 893 4511 Iustitia.
926 4456 1015 4511 Sic
1051 4459 1193 4513 enim
1243 4460 1481 4511 nonnulli
1518 4464 1654 4529 apud
1685 4476 1742 4516 se
1775 4464 2079 4532 cogitabant
2125 4463 2191 4533 (ε)
2227 4482 2238 4516 :

2358 3270 2491 3414 buii.
2522 3358 2831 3415 Orationem
2862 3358 3069 3411 tertiam
3102 3356 3179 3426 (lt)
3215 3357 3398 3411 habuit
3431 3357 3660 3412 Basilius
3693 3360 3745 3411 in
3785 3359 3912 3413 illud

2357 3452 2670 3521 Scripturaa,
2705 3450 2918 3502 Attende
2944 3449 3034 3501 tibi
3062 3450 3179 3517 ipsi,
3214 3448 3352 3510 quod
3390 3458 3543 3502 antea
3575 3451 3769 3501 lectum
3799 3450 3914 3502 fue-

2359 3552 2459 3595 rat.
2505 3542 2580 3595 Ex
2609 3542 2861 3596 brevibus
2894 3540 2997 3595 illis
3030 3541 3204 3595 verbis
3238 3542 3560 3596 uberrimam
3611 3551 3913 3609 praecepto-

2356 3650 2473 3686 rum
2505 3643 2739 3703 segetem
2770 3634 2985 3687 deducit
3012 3674 3025 3698 ,
3068 3648 3130 3687 ac
3156 3635 3505 3698 demonstrat,
3537 3637 3806 3703 quomodo
3844 3635 3913 3687 vi-

2354 3724 2626 3794 gilandum
2658 3725 2913 3779 adversus
2937 3739 3129 3792 pravas
3175 3725 3552 3794 cogitationes,
3581 3741 3642 3778 ac
3675 3726 3821 3778 ratio
3846 3727 3909 3778 ad

2355 3817 2522 3872 nostri
2554 3816 2850 3869 custodiam
2885 3815 3209 3878 adhibenda,
3242 3818 3508 3883 quomodo
3540 3833 3642 3871 non
3682 3819 3771 3881 iis,
3794 3834 3911 3886 qua:

2353 3922 2536 3966 nostra
2591 3910 2845 3964 dicuntur
2896 3917 2947 3962 et
2995 3908 3139 3961 circa
3189 3923 3286 3961 nos
3315 3918 3459 3969 sunt,
3497 3912 3589 3963 sed
3619 3912 3912 3963 nobismet-

2353 4004 2481 4071 ipsis
2534 4003 2812 4057 atteudere
2866 4000 3172 4054 debeamus.
3223 3998 3500 4063 Quomodo
3549 4016 3641 4053 sua
3678 4001 3909 4069 quisque

2350 4104 2570 4162 peccata
2606 4101 2662 4145 et
2709 4091 3029 4146 conditionis
3065 4102 3172 4143 sua:
3225 4086 3396 4141 ollicia
3430 4089 3779 4143 considerare
3812 4090 3907 4142 de-

2350 4186 2492 4248 beat,
2520 4185 2784 4252 quomodo
2810 4184 2883 4237 uti
2916 4180 3268 4251 praesentibus
3291 4188 3342 4235 et
3370 4181 3561 4235 futuris
3592 4182 3904 4250 providere,

2351 4290 2448 4329 nec
2477 4275 2529 4328 in
2577 4275 2749 4329 aliena
2785 4275 2913 4327 vitia
2942 4311 2957 4334 ,
3009 4271 3101 4323 sed
3135 4271 3185 4324 in
3218 4275 3561 4342 semetipsum
3602 4272 3903 4338 inquirere.

2351 4366 2623 4433 Quomodo
2676 4368 2755 4420 sui
2802 4364 2966 4431 ipsius
3011 4364 3241 4432 cognitio
3295 4365 3346 4418 id
3388 4363 3575 4417 aﬂ‘erat
3608 4363 3902 4427 commodi,

2352 4469 2407 4511 ut
2434 4474 2532 4513 nec
2560 4456 2847 4510 ell'eramur
2872 4454 2923 4506 in
2951 4456 3241 4523 prosperis,
3273 4470 3372 4508 nec
3403 4455 3454 4504 in
3485 4452 3728 4505 adversis
3752 4452 3902 4506 frau-

2329 3420 2356 3451 δ

689 4549 953 4612 Quoniam
1005 4551 1149 4603 nobis
1196 4553 1420 4621 quinque
1452 4552 1651 4604 dierum
1688 4554 1955 4621 jejunium
1993 4557 2244 4609 indictum
2277 4527 2320 4584 θ
2348 4566 2558 4618 gamur,
2590 4547 2681 4602 sed
2711 4561 2773 4599 ex
2813 4546 3002 4610 animm
3033 4563 3095 4601 ac
3122 4548 3289 4613 ipsius
3320 4543 3481 4596 etiam
3517 4544 3764 4612 corporis
3786 4561 3906 4599 con-

686 4650 761 4691 est
793 4642 988 4711 (neque
1018 4642 1159 4693 enim
1194 4644 1330 4708 apud
1358 4640 1578 4697 Graecos
1605 4642 1865 4711 jejunium
1922 4645 1973 4697 in
2006 4646 2245 4711 Quadra-

685 4731 887 4797 gesima
942 4728 1178 4782 Sabbato
1213 4731 1568 4802 servabatur),
1613 4732 1766 4786 hodie
1815 4737 2045 4801 nosipsos
2083 4746 2245 4788 temu-

683 4822 846 4874 lentia
875 4821 1175 4874 obruamus.
1209 4819 1431 4873 Pravam
1464 4824 1599 4878 hanc
1631 4825 2089 4890 consuetudinem,
2126 4827 2234 4880 vel-

683 4919 759 4970 uti
795 4927 1070 4987 paternam
1112 4918 1479 4971 hmreditatem
1515 4920 1605 4987 (ί),
1658 4922 1983 4983 retinebant,
2014 4932 2067 4974 et
2104 4924 2247 4976 velut

685 5011 778 5079 qui
842 5009 1184 5077 longinquam
1242 5009 1624 5077 profectionem
1676 5015 1977 5077 adornant,
2017 5014 2098 5067 die
2128 5014 2236 5067 Do-

683 5105 877 5156 minica
908 5105 1166 5157 adversus
1200 5104 1316 5157 illos
1353 5104 1587 5173 quinque
1623 5106 1807 5174 jejunii
1844 5106 1960 5161 dies
1989 5106 2112 5159 vino
2148 5109 2236 5159 in-

679 5190 990 5259 dulgebant.
1026 5191 1173 5244 Ilanc
1220 5192 1540 5260 pravitatem
1580 5195 1807 5251 Basilius
1857 5197 2119 5251 acerrime
2159 5199 2240 5251 iu-

679 5291 939 5335 scctatur.
970 5280 1209 5350 Utraque
1241 5285 1413 5339 oratio
1454 5286 1681 5343 diversis
1721 5291 1873 5343 annis
1913 5286 2115 5351 habita,
2148 5288 2238 5342 sed

751 5400 839 5438 ¹¹-¹
875 5399 891 5451 l
927 5397 1121 5453 Thess.
1156 5416 1209 5466 v,
1242 5400 1331 5455 ‘26.

756 5536 831 5606 (a)
863 5535 1152 5606 'I‘illetnon:
1174 5550 1283 5591 not.
1319 5542 1405 5603 85,
1430 5542 1479 5592 in
1510 5540 1672 5593 Basil.

760 5605 832 5667 (υ)
868 5604 961 5654 0r.
990 5605 1039 5653 ι.

788 5672 832 5732 c)
865 5670 956 5720 Or.
986 5673 1040 5729 2,
1074 5688 1126 5721 η.
1160 5673 1340 5725 ιριγ.

794 5739 846 5803 d)
873 5737 1027 5802 nam,
1052 5755 1101 5789 η.
1128 5738 1181 5789 7.

2350 4640 2677 4695 sideratione
2726 4637 2791 4691 ad
2843 4638 3050 4707 opificis
3103 4633 3603 4703 contemplationem
3648 4650 3906 4702 assurga-

2348 4753 2480 4790 mus.

2417 4830 2726 4894 Sequuntur
2767 4825 2883 4879 dua:
2924 4824 2986 4877 de
3024 4821 3313 4892 gratiarum
3368 4821 3577 4875 actione
3602 4818 3901 4872 orationes.

2345 4920 2479 4976 Cum
2507 4916 2880 4984 explicandum
2906 4913 3230 4981 suscepisset
3267 4912 3492 4967 Basilius
3519 4910 3648 4963 illud
3696 4908 3852 4963 Pauli
3890 4927 3902 4962 :

2347 5014 2562 5079 Semper
2584 5008 2823 5075 gaudete,
2854 5009 2962 5060 sine
2981 5006 3359 5059 intermissione
3388 5017 3551 5067 orate,
3574 5005 3627 5055 in
3658 5005 3903 5056 omnibus

2343 5105 2537 5173 gratias
2557 5102 2689 5168 agite
2709 5100 2818 5157 ¹²·¹,
2846 5114 2961 5166 qua:
2976 5097 3160 5149 eodem
3199 5098 3283 5151 die
3319 5098 3452 5151 lecta
3479 5094 3712 5158 fuerant,
3743 5110 3901 5145 uuam

2347 5190 2646 5244 orationem
2680 5186 2966 5254 insumpsit
2994 5185 3044 5237 in
3072 5184 3135 5237 iis
3168 5184 3492 5246 refcllendis,
3522 5186 3613 5253 qui
3645 5184 3763 5235 fieri
3801 5200 3903 5237 non

2346 5299 2498 5353 posse
2536 5280 2953 5341 contendebant,
2986 5290 3042 5330 ut
3066 5292 3274 5346 semper
3312 5280 3655 5346 gaudeamus.
3690 5274 3901 5332 Postri-

2412 5539 2479 5599 (ρ)
2507 5537 2662 5599 Ibid.,
2697 5553 2749 5587 n.
2777 5539 2829 5587 4.

2422 5609 2487 5669 (Γ)
2524 5608 2676 5665 una,
2714 5622 2763 5655 ιι.
2799 5606 2848 5655 7.

2526 5672 2735 5724 Pt‘itlul.
2767 5682 2891 5721 l0:tt.
2932 5671 2990 5731 Η,
3022 5691 3073 5722 It.

2424 5740 2495 5801 (It)
2524 5739 2673 5789 ηοω.
2708 5740 2759 5800 5,
2790 5741 2839 5798 ι,
2874 5740 2924 5790 ε).
