4080 6314
1458 390 1618 443 VlTA
1658 390 1713 441 S.
1756 386 2016 441 BASlLll.

3174 398 3329 437 (131!

147 502 222 558 die
257 512 455 564 autem,
490 516 616 555 cum
654 500 1017 556 celebraretur
1044 500 1155 555 dies
1183 500 1347 553 festus
1380 514 1575 557 sanctae
1598 503 1686 558 Ju-
1721 508 1761 561 Α
1793 501 1942 568 quasi
1972 512 2108 550 unus
2137 512 2201 549 ex
2220 498 2553 552 miserrimis.
2586 495 2733 549 Alias
2761 496 2900 549 illius
2920 507 3075 547 voces
3091 502 3145 545 et
3176 494 3334 547 latam

145 597 265 653 littte
298 594 577 659 martyris,
600 608 760 663 quem
800 596 912 663 ipse
949 592 1177 648 Basilius
1208 599 1365 646 antea
1412 598 1688 648 annuntia-

148 698 310 750 verat,
342 692 547 738 sanctae
576 685 834 755 martyris
868 684 1169 751 passionem
1210 683 1444 737 breviter
1488 686 1688 738 descri—

149 778 242 837 bit,
267 787 328 825 ac
354 774 661 827 hesternam
689 772 965 825 materiam
990 776 1403 843 reprehendens,
1424 776 1689 841 quomodo

146 878 346 931 semper
374 880 534 919 orare
564 865 829 935 possimus
858 881 920 920 ac
945 866 995 919 in
1024 867 1271 920 omnibus
1302 866 1501 933 gratias
1532 882 1689 933 agere

146 956 491 1009 demonstrat.

209 1068 361 1132 Quod
399 1078 605 1136 spectat
648 1071 714 1123 ad
762 1071 1073 1139 martyrium
1125 1079 1322 1121 sancta:
1348 1067 1562 1134 Juliltze,
1597 1087 1688 1124 cu-

144 1158 221 1224 jus
254 1160 448 1212 festum
489 1162 574 1214 die
606 1160 731 1212 Julii
760 1160 1026 1212 tricesimo
1055 1158 1375 1225 celebratur,
1423 1162 1499 1214 sic
1527 1172 1683 1213 totam

146 1263 249 1299 rem
308 1265 335 1302 a
393 1262 578 1303 sancto
613 1248 809 1301 Basilio
841 1249 1115 1302 discimus.
1177 1248 1409 1319 Spoliata
1446 1253 1690 1306 omnibus

150 1338 298 1393 bonis
328 1357 354 1394 a
391 1342 687 1409 potentiore
725 1341 949 1406 quodam
988 1343 1132 1396 urbis
1180 1343 1326 1405 cive,
1359 1344 1407 1395 id
1465 1354 1545 1397 est
1580 1344 1689 1397 Cae-

144 1445 326 1492 sareae,
358 1429 629 1482 hominem
661 1430 709 1482 in
740 1429 826 1499 jus
856 1432 1083 1493 vocavit,
1114 1442 1165 1482 et
1197 1435 1460 1499 quomodo
1480 1449 1572 1485 sua
1606 1448 1691 1485 cs-

145 1530 256 1572 sent
293 1521 405 1573 lucc
447 1522 604 1586 bona,
643 1523 907 1590 quomodo
945 1539 1038 1590 per
1071 1522 1175 1574 vim
1202 1534 1253 1575 et
1286 1524 1685 1593 impressionem

146 1623 286 1679 rapta
321 1613 573 1666 ostendit.
600 1610 733 1665 Tum
763 1613 846 1667 ille
876 1622 1029 1679 negat
1059 1611 1218 1667 licere
1250 1614 1455 1667 mulieri
1480 1628 1543 1666 ex
1578 1614 1691 1683 lege

146 1717 321 1756 secum
372 1719 577 1770 agere:
638 1718 813 1769 neque
841 1704 979 1755 enirn
1028 1702 1107 1756 fas
1152 1718 1268 1756 esse
1297 1713 1351 1757 ut
1394 1707 1691 1759 communis

139 1794 267 1863 juris
300 1796 588 1863 participes
622 1796 728 1845 sint
758 1795 844 1862 qui
897 1797 1275 1865 imperatorum
1308 1796 1434 1850 deos
1470 1812 1569 1849 non
1601 1814 1691 1851 co-

144 1885 270 1945 lunt,
298 1899 393 1937 nec
420 1884 573 1937 fidem
605 1884 964 1939 Christianam
994 1886 1226 1955 ejurant.
1259 1888 1335 1942 Ex
1372 1888 1562 1958 quibus
1592 1905 1680 1958 pa-

147 1987 213 2028 tet
239 1978 352 2030 hzec
403 1986 548 2043 gesta
584 1991 703 2031 esse
732 1980 827 2032 sub
861 1978 1189 2033 Diocletiano
1235 1981 1344 2047 qui,
1382 1991 1437 2031 ut
1464 1990 1687 2033 testatur

144 2064 447 2121 Lactantius
472 2070 569 2138 (α),
601 2073 1024 2137 vetueratnejus
1054 2069 1372 2123 Christianis
1401 2072 1683 2123 diceretur.

146 2154 297 2209 Visus
324 2158 584 2224 estjudici
618 2158 851 2212 nefarius
896 2159 982 2213 ille
1013 2159 1091 2210 vir
1126 2173 1274 2227 aequa
1324 2159 1501 2211 dicere
1525 2198 1537 2221 ,
1577 2169 1680 2212 sta-

146 2250 340 2317 timque
374 2250 497 2304 tbns
525 2258 573 2303 el
600 2248 750 2302 focus
783 2249 990 2302 mulieri
1032 2251 1322 2318 proposita,
1354 2251 1397 2304 si
1428 2250 1581 2304 vellet
1619 2250 1690 2304 le-

145 2354 259 2407 gum
298 2341 558 2395 beneficio
596 2340 821 2410 perfrui.
858 2342 927 2395 Al
974 2340 1211 2395 Julittam
1258 2341 1478 2394 minime
1507 2356 1689 2395 move-

145 2445 263 2485 runt
296 2434 609 2488 deliciarum
646 2435 912 2488 illecebrm
935 2477 949 2499 ,
986 2450 1147 2504 seque
1187 2434 1543 2489 Christianam
1571 2450 1689 2489 esse

144 2524 374 2593 professa
423 2535 523 2577 est.
574 2526 813 2594 Cumque
842 2540 980 2594 saepe
1024 2528 1344 2594 interrogata
1400 2528 1536 2581 idem
1563 2543 1689 2580 con-

144 2627 343 2667 stanter
381 2618 753 2685 responderet,
806 2621 871 2670 ab
928 2618 1110 2685 iniquo
1154 2616 1335 2683 judice
1377 2634 1480 2671 non
1519 2618 1687 2671 solum

145 2705 314 2769 bonis,
349 2710 440 2760 sed
471 2707 633 2760 etiam
664 2709 769 2762 vita
803 2708 1081 2777 spoliatur,
1117 2724 1179 2762 ac
1220 2709 1328 2779 igni
1385 2716 1685 2763 damnatur.

145 2796 227 2852 Sic
260 2809 435 2853 autem
466 2802 530 2853 ad
561 2801 877 2871 supplicium
908 2816 1185 2870 progressa
1208 2813 1310 2868 est,
1341 2814 1397 2857 ut
1425 2806 1687 2857 internum

145 2893 299 2945 animi
345 2895 600 2963 gaudium
654 2895 1021 2950 eﬂlorescente
1059 2896 1329 2951 hilaritate
1356 2897 1687 2961 declararet,

143 2996 202 3035 ac
257 2985 509 3038 mulieres
558 2996 794 3039 astantes
835 2988 898 3039 ad
951 2991 1311 3041 constantiam
1360 2991 1685 3043 hortaretur.

147 3067 271 3123 Fam
301 3074 511 3138 prosilit
554 3074 605 3124 in
653 3089 856 3142 reg-nui,
909 3074 1044 3143 πρὸς
1086 3074 1181 3144 τὴν
1216 3075 1393 3145 πυρὰν
1424 3077 1609 3145 ἥλατο,
1640 3079 1689 3131 id

141 3170 240 3226 est,
272 3171 330 3214 ut
362 3162 748 3230 interpretatur
794 3163 1165 3218 Tillemontius
1212 3165 1282 3235 (ὁ)
1314 3206 1327 3229 ,
1360 3166 1473 3219 lmla
1507 3182 1688 3236 rogum
1718 3194 1758 3250 ο

143 3254 468 3319 conscendit,
508 3253 597 3323 qui
634 3255 844 3324 quidem
876 3256 1034 3309 veluti
1071 3255 1280 3325 fulgens
1323 3257 1536 3323 quidatn
1572 3259 1689 3312 tha-

142 3341 325 3407 lamus,
366 3346 611 3399 mulieris
646 3358 842 3401 sancta:
872 3363 1065 3415 corpus
1095 3348 1425 3417 complexus,
1454 3350 1686 3404 animam

146 3431 193 3485 in
227 3436 499 3504 regionem
525 3437 795 3491 caelestem
845 3441 1168 3503 transmisit,
1205 3445 1566 3496 venerandum
1603 3461 1690 3498 au-

144 3538 243 3583 tem
271 3544 466 3597 corpus
510 3529 820 3599 propinquis
868 3532 1130 3601 integrum
1173 3536 1430 3599 servavit,
1460 3539 1599 3603 quod
1637 3542 1686 3592 iu

140 3620 552 3688 prmclarissimo
582 3621 646 3674 ad
672 3621 858 3676 urbem
900 3624 1098 3693 templo
1122 3625 1460 3681 collocatum.
1496 3628 1690 3683 Narrat

142 3706 363 3765 Basilius
410 3722 607 3765 terram
637 3720 834 3766 sanctae
862 3714 1090 3769 adventu
1125 3717 1480 3783 benedictam,
1512 3735 1541 3774 e
1571 3722 1687 3774 sinu

142 3814 233 3853 suo
260 3802 637 3856 suavissimam
696 3817 847 3873 aqua:
906 3815 1154 3857 naturam
1202 3807 1444 3863 emisisse
1473 3849 1485 3873 ,
1521 3811 1590 3861 ita
1634 3821 1690 3862 ut

142 3901 316 3944 sancta
360 3892 447 3945 illa
497 3903 720 3964 martyr,
764 3896 931 3949 instar
972 3896 1182 3959 matris,
1237 3912 1328 3952 eos
1362 3900 1451 3968 qui
1506 3901 1687 3954 urbem

142 3979 376 4033 incolunt
427 3981 588 4036 veluti
648 3984 877 4053 quodam
921 3989 1187 4041 communi
1231 3988 1366 4045 lacte
1414 3991 1686 4055 nutriret,

142 4085 272 4141 aqua
304 4072 581 4139 videlicet,
610 4089 727 4143 quae
756 4084 808 4127 et
834 4079 977 4131 sanis
1012 4081 1171 4133 tutela
1200 4092 1392 4136 eratet
1422 4084 1582 4153 mgris
1611 4099 1691 4137 so-

141 4163 341 4219 latium.
389 4166 467 4220 Εο
513 4168 718 4236 gratius
755 4168 853 4224 fuit
894 4173 1315 4228 Czesariensibus
1351 4175 1451 4227 hoc
1496 4175 1690 4229 dulcis-

140 4256 255 4308 simi
288 4257 455 4314 fontis
477 4260 816 4327 beneficium,
846 4266 1007 4331 quod,
1044 4273 1099 4317 ut
1142 4266 1214 4317 ait
1255 4264 1505 4331 Basilius,
1543 4281 1689 4319 com-

140 4348 283 4401 muni
310 4364 574 4413 aquarunt
608 4353 751 4406 circa
782 4354 923 4408 hunc
946 4354 1120 4407 locum
1144 4365 1348 4410 naturte
1383 4359 1539 4409 insita
1574 4370 1691 4412 erat

141 4448 372 4510 satsugo.
418 4440 637 4496 Videtur
668 4445 724 4498 S.
753 4442 939 4498 Julitta
975 4462 1078 4501 non
1123 4448 1177 4500 in
1202 4450 1335 4503 urbe
1372 4448 1687 4504 Caesariensi

1794 593 1855 645 de
1888 590 1978 644 illo
2012 587 2329 643 sententiam
2352 588 2597 643 similiter
2626 585 2897 654 explanat.

1861 682 2013 735 Initio
2061 680 2303 749 septima:
2347 680 2603 732 orationis
2658 684 3041 733 commemorat
3067 672 3294 728 Basilius
3325 712 3338 736 ,

1790 790 1907 842 quae
1930 783 2084 828 antea
2122 775 2171 827 in
2203 770 2430 842 quadam
2453 772 2708 825 concione
2740 769 2947 822 dixerat
2972 770 3036 823 de
3059 767 3225 825 divite
3250 765 3342 820 illo

1792 866 2155 931 adolescente,
2188 864 2278 933 qui
2312 863 2589 917 Dominum
2626 866 2691 917 ue
2720 864 2826 917 vita
2862 869 3059 915 aaterna
3108 863 3340 915 interro-

1791 960 1953 1028 gavit.
1993 959 2140 1013 Nunc
2170 960 2508 1012 demonstrat
2533 968 2694 1023 quam
2726 954 2882 1009 stulte
2905 952 3211 1007 adolescens
3252 951 3342 1005 ille

1792 1051 2004 1104 divitias
2035 1049 2251 1103 Christo
2282 1047 2608 1117 prmtulerat,
2650 1045 2894 1113 idemque
2924 1059 3016 1100 eos
3057 1041 3233 1095 facere
3251 1043 3344 1095 de-

1793 1144 1984 1203 clarat,
2022 1141 2111 1208 qui
2139 1142 2241 1195 alia
2272 1140 2486 1210 quidem
2518 1146 2780 1205 praecepta
2816 1136 3109 1203 adimplere
3136 1132 3341 1194 volunt,

1792 1234 1883 1287 sed
1920 1232 2271 1301 eleemosynte
2302 1236 2622 1300 praeceptum
2649 1226 2868 1279 violant.
2899 1224 3148 1279 Pluribus
3179 1222 3344 1276 casn-

1792 1336 1878 1395 gat
1907 1326 2004 1379 hoc
2035 1325 2243 1389 vitium,
2273 1333 2325 1377 et
2354 1324 2540 1377 inanes
2572 1317 2762 1374 refellit
2802 1332 3012 1378 causas,
3043 1317 3234 1383 quibus
3267 1312 3342 1365 uti

1790 1416 2051 1479 solebant,
2093 1429 2215 1469 cum
2254 1415 2352 1467 sibi
2382 1414 2581 1467 liberos
2618 1424 2761 1476 esse,
2788 1424 2851 1463 ac
2878 1407 2978 1461 sibi
3015 1407 3079 1459 ad
3106 1420 3350 1477 necessa-

1790 1507 1899 1561 rios
1936 1521 2065 1560 usus
2093 1505 2335 1559 dicerent
2365 1504 2751 1572 providendum
2788 1516 2929 1567 esse,
2978 1513 3141 1567 seque
3178 1498 3343 1553 multa

1790 1596 2115 1667 pauperibus
2138 1598 2409 1666 legaturos
2445 1592 2843 1662 promitterent.

1862 1710 2031 1772 Supra
2064 1710 2239 1763 conati
2272 1722 2458 1762 sumus
2495 1704 2722 1775 probare
2740 1704 3038 1757 orationem
3072 1712 3340 1764 octavam,

1792 1814 1908 1867 qua}
1927 1814 2005 1852 est
2035 1806 2087 1853 in
2119 1801 2310 1855 famem
2335 1810 2385 1853 cl
2406 1799 2725 1859 siccitatem,
2755 1795 2990 1849 habitam
3022 1795 3183 1848 fuisse
3205 1809 3348 1848 anno

1791 1890 1912 1954 568,
1950 1903 2069 1941 cum
2108 1889 2373 1941 horrenda
2426 1890 2597 1941 fames
2633 1885 3022 1955 Cappadociam
3068 1883 3343 1952 allligeret.

1791 1980 2135 2033 Demonstrat
2172 1978 2326 2047 hujus
2354 1976 2676 2030 calamitatis
2709 1990 2929 2029 causam
2975 1990 3037 2027 ex
3069 1973 3344 2027 hominum

1789 2072 2024 2137 peccatis
2056 2069 2399 2137 repetendam
2436 2081 2574 2129 esse,
2610 2080 2791 2121 eorum
2823 2068 3078 2129 maxime,
3114 2065 3344 2134 quicum

1792 2162 2141 2224 abundarent,
2172 2163 2301 2214 nihil
2328 2177 2391 2214 ex
2426 2160 2537 2215 suis
2562 2160 2768 2213 acervis
2799 2158 3190 2212 emetiebantur
3219 2172 3348 2224 pau-

1792 2252 2025 2319 peribus.
2072 2250 2243 2304 Aliam
2290 2251 2440 2305 affert
2474 2266 2725 2313 causam,
2770 2263 2963 2317 nempe
3002 2258 3060 2301 ut
3102 2246 3347 2300 homines

1791 2346 2105 2413 probentur,
2143 2345 2253 2397 sive
2294 2344 2523 2408 divites,
2567 2345 2678 2399 sive
2714 2357 2995 2412 pauperes.
3036 2340 3342 2395 Postremos

1794 2440 2061 2501 hortatur,
2094 2448 2149 2491 ut
2183 2438 2289 2491 Deo
2314 2436 2608 2499 confidant,
2648 2452 2710 2489 ac
2737 2438 2800 2489 de
2833 2451 2930 2488 sua
2959 2444 3193 2503 egestate
3221 2450 3346 2502 pau-

1791 2532 2094 2603 perioribus
2128 2538 2467 2585 succurrant.
2523 2528 2771 2581 Omnium
2802 2526 2943 2580 enim
2982 2524 3346 2578 calamitatum

1792 2625 2076 2676 maximam
2102 2638 2219 2676 esse
2250 2621 2466 2683 famem,
2492 2634 2553 2674 ac
2576 2634 2784 2681 eorum,
2815 2617 2903 2686 qui
2937 2617 3037 2671 hoc
3070 2617 3210 2669 malo
3226 2631 3349 2683 per-

1790 2725 1942 2777 eunt,
1976 2713 2108 2766 adeo
2148 2711 2504 2764 miserabilem
2536 2726 2654 2763 esse
2714 2718 2964 2772 mortem,
2995 2718 3050 2762 ut
3083 2707 3345 2761 interim-

1791 2804 2132 2860 manissimas
2149 2800 2355 2855 belluas
2372 2800 2731 2852 numerandus
2754 2798 2845 2858 sit,
2866 2797 2957 2864 qui
2976 2797 3185 2864 corpori
3205 2796 3348 2848 fame

1792 2897 2035 2967 pereunti
2066 2911 2169 2948 non
2199 2900 2498 2948 succurrat.
2533 2890 2792 2945 Omnibus
2826 2889 3122 2958 generatim
3152 2904 3348 2957 propo-

1792 2991 1871 3044 nit
1910 2988 2151 3055 exempla
2205 2986 2525 3043 belluarnm,
2578 2982 2938 3044 ethnicorum,
2979 2994 3041 3034 ac
3074 2979 3124 3035 in
3157 2981 3347 3049 primis

1791 3082 2080 3151 primorum
2120 3078 2572 3133 Christianorum.

1864 3172 2125 3225 Videntur
2148 3170 2372 3238 publica:
2404 3172 2644 3237 quzrdam
2691 3185 2879 3237 preces
2912 3180 3063 3222 extra
3099 3168 3345 3221 ordinem

1796 3264 2009 3319 indicta:
2052 3261 2237 3324 fuisse,
2272 3270 2330 3313 ut
2374 3262 2451 3314 ira
2494 3262 2696 3324 divina,
2735 3260 2886 3329 cujus
2920 3260 3173 3313 indicium
3228 3268 3349 3312 erat

1796 3356 1984 3419 fames,
2035 3360 2362 3425 placaretur.
2406 3352 2654 3406 Aitenim
2686 3351 2915 3407 Basilius
2958 3353 3035 3423 (η.
3072 3351 3126 3420 5)
3156 3366 3349 3421 pueros

1795 3445 1998 3500 relictis
2044 3444 2095 3498 in
2128 3442 2391 3497 litterario
2422 3441 2545 3497 ludo
2588 3442 2783 3496 tabulis
2816 3443 2867 3495 in
2906 3442 3133 3496 ecclesia
3171 3441 3236 3494 ad
3266 3455 3353 3494 re-

1796 3537 2102 3592 missionem
2138 3536 2301 3589 animi
2336 3544 2387 3588 et
2418 3534 2868 3588 oblectamentum
2901 3531 3209 3595 vociferari,
3273 3530 3351 3585 fe—

1794 3640 2046 3697 stumque
2066 3628 2167 3682 illis
2194 3626 2587 3694 quodammodo
2618 3623 2754 3677 diem
2784 3638 2901 3677 esse
2919 3622 3182 3693 publicam
3213 3636 3349 3675 mae-

1797 3719 2020 3779 stitiam,
2051 3732 2169 3771 oua:
2193 3716 2296 3769 illis
2322 3714 2553 3784 aliquam
2592 3730 2618 3767 a
2652 3713 2949 3766 studiorum
2987 3710 3242 3766 molestiis
3264 3711 3349 3763 in-

1798 3809 2192 3862 termissionem
2243 3806 2513 3861 concedit.
2558 3804 2811 3871 Queritur
2858 3808 2998 3873 quod
3052 3806 3175 3857 dum
3207 3802 3352 3872 ejus-

1796 3900 1935 3954 modi
1968 3899 2115 3967 pueri
2153 3900 2202 3951 in
2232 3898 2515 3951 ecclesiam
2549 3896 2834 3961 ventitant,
2862 3896 2984 3948 dum
3007 3894 3237 3947 infantes
3257 3893 3348 3962 qui

1797 4007 1894 4045 nec
1929 3991 2134 4061 precari
2164 4000 2427 4043 noverunt
2458 4002 2555 4042 nec
2584 3996 2830 4055 possunt,
2864 3986 2929 4039 ad
2958 3984 3348 4041 confessionem

1797 4088 2033 4146 veniunt,
2079 4084 2129 4135 id
2173 4091 2254 4135 est
2306 4081 2370 4133 ad
2428 4095 2633 4147 preces,
2675 4078 2867 4147 quibus
2898 4094 2925 4131 a
2955 4077 3067 4131 Deo
3093 4086 3345 4148 peccato-

1795 4190 1913 4227 rum
1945 4173 2100 4225 venia
2152 4172 2507 4239 poscebatur;
2546 4170 2781 4239 plerique
2833 4169 2931 4222 viri
2981 4184 3044 4224 ac
3095 4169 3353 4222 mulieres

1798 4266 2006 4333 negotia
2046 4264 2295 4331 precibus
2324 4262 2691 4331 prteferantac
2730 4263 2980 4330 perpauci
3020 4276 3199 4315 secum
3228 4276 3351 4329 pre-

1798 4363 2007 4416 centur,
2048 4354 2189 4423 iique
2216 4355 2501 4408 oscitantes
2528 4368 2749 4407 acnunc
2780 4358 2881 4407 huc
2913 4368 3055 4406 nunc
3082 4353 3209 4406 illuc.
3231 4367 3346 4407 sese

1798 4457 2209 4513 convertentes,
2265 4447 2522 4513 avideque
2554 4454 2929 4514 exspectantes
2984 4446 3104 4497 dum
3157 4453 3345 4497 cantor

141 4533 337 4601 sepulta
384 4532 582 4601 fuisse,
616 4538 707 4591 sed
763 4553 865 4591 non
909 4539 1063 4610 longe
1088 4540 1155 4595 ab
1186 4557 1244 4594 ea
1293 4541 1345 4595 in
1382 4541 1498 4596 loco
1538 4545 1690 4612 aquis
1724 4552 1767 4605 ι)
1799 4540 2124 4608 psalmorum
2185 4540 2481 4592 versiculos
2536 4537 2867 4602 absolverit,
2924 4547 2981 4589 ut
3014 4552 3077 4589 ex
3120 4535 3350 4589 ecclesia

142 4628 386 4693 scatenti,
423 4631 561 4683 unde
590 4642 775 4685 sancta
812 4647 1019 4705 martyr
1054 4648 1147 4688 eos
1180 4634 1344 4700 quiin
1378 4636 1505 4689 urbe
1538 4646 1691 4689 erant

142 4717 297 4772 veluti
330 4721 559 4788 quodam
589 4720 728 4776 lacte
756 4726 1041 4780 nutriebat.

206 4826 294 4880 ill.
324 4829 456 4886 Tres
479 4833 712 4888 homiliaa
744 4848 1049 4904 sequentes,
1084 4852 1273 4905 nempe
1305 4838 1357 4900 6,
1382 4838 1411 4890 7
1442 4848 1495 4891 et
1525 4838 1555 4892 8
1589 4855 1692 4891 ma-

142 4920 290 4973 terie
313 4923 663 4980 similitudine
694 4926 993 4993 conjuncta:
1038 4937 1179 4983 sunt.
1214 4928 1515 4982 insectatur
1543 4928 1691 4982 Basi-

140 5007 241 5063 lius
289 5013 569 5067 avaritiam
617 5016 871 5081 divitum,
938 5028 992 5070 et
1033 5020 1085 5071 in
1128 5021 1547 5074 commendando
1588 5021 1693 5074 ele-

140 5116 407 5173 emosyna:
454 5119 717 5176 praecepto
750 5123 936 5163 omnes
973 5110 1164 5178 ingenii
1211 5112 1350 5166 vires
1399 5113 1688 5181 profundit.

141 5193 487 5249 Demonstrat
527 5198 576 5250 in
612 5211 762 5253 sexta
806 5202 997 5271 duplex
1046 5216 1169 5256 esse
1220 5204 1569 5257 tentationum
1603 5219 1695 5274 ge-

142 5299 261 5346 nus.
313 5301 402 5340 res
447 5288 698 5345 adversas
746 5302 798 5346 et
827 5309 1132 5362 prosperas.
1160 5293 1482 5349 Posterioris
1522 5307 1695 5350 tenta-

138 5376 297 5431 tionis
334 5380 637 5447 exemplum
676 5385 805 5450 petit
851 5385 920 5438 ab
950 5386 1039 5441 illo
1080 5388 1274 5449 divite,
1325 5390 1413 5455 qui
1451 5389 1695 5441 omnibus

139 5470 300 5523 rebus
341 5472 751 5541 circumﬂuens,
794 5477 1005 5532 dicebat
1054 5490 1258 5545 tamen,
1296 5477 1435 5544 Quid
1468 5479 1653 5547 faciam
1681 5518 1693 5533 .

230 5720 288 5787 a)
320 5718 471 5774 Lact.
508 5717 581 5773 De
602 5731 765 5773 morte
792 5733 1045 5787 persecat.

231 5791 285 5860 ὁ)
315 5790 469 5845 Tom.
505 5790 565 5856 V,
596 5806 715 5861 pag.
754 5790 876 5847 647.

1795 4639 2048 4698 tanquam
2075 4646 2104 4683 e
2131 4644 2352 4683 carcere
2375 4630 2576 4683 dimissi
2611 4630 2928 4683 necessitate
2964 4626 3215 4696 precandi
3244 4626 3354 4679 exi-

1793 4734 2024 4776 mantur.

1860 4836 1973 4889 Non
2001 4836 2217 4889 videtur
2243 4834 2383 4890 hanc
2414 4834 2477 4889 de
2516 4834 2657 4889 fame
2697 4843 2752 4887 et
2778 4834 3020 4887 siccitate
3048 4832 3345 4887 orationem

1792 4929 2033 4982 indicare
2084 4926 2373 4995 Gregorius
2424 4927 2668 4996 (c),cum
2712 4927 2933 4979 divitum
2980 4926 3197 4987 horrea,
3249 4925 3341 4993 qui

1792 5035 2055 5074 summam
2104 5033 2330 5073 annonae
2365 5019 2683 5071 charitatem
2711 5017 2963 5085 aucupari
2993 5026 3046 5069 et
3074 5016 3348 5069 calamita-

1794 5122 1903 5165 tum
1929 5127 2201 5181 caupones
2232 5126 2351 5165 esse
2380 5110 2575 5174 solent,
2610 5108 2862 5163 Basilium
2905 5108 3208 5163 hortatibus
3237 5108 3351 5160 suis

1794 5205 2065 5274 aperuisse
2099 5212 2303 5257 narrat.
2334 5201 2391 5255 ln
2436 5204 2536 5257 hac
2568 5204 2707 5257 enim
2738 5201 2981 5256 oratione
3029 5216 3131 5253 non
3175 5198 3349 5266 magis

1792 5295 1983 5348 divites
1998 5294 2241 5349 hortatur
2258 5294 2505 5360 Basilius,
2531 5311 2685 5363 quam
2712 5295 3036 5364 ipsosetiam
3064 5307 3347 5361 pauperes.

1801 5398 1852 5438 ut
1896 5386 2013 5438 aliis
2046 5395 2387 5439 succurrant.
2414 5385 2591 5451 Quare
2633 5386 2882 5440 libentius
2911 5385 3189 5439 crederem
3225 5382 3353 5435 in‘di-

1797 5479 1905 5531 cari
1938 5493 1963 5530 a
1998 5477 2256 5548 Gregorio
2277 5478 2569 5535 orationem
2600 5480 2650 5533 in
2689 5478 2813 5534 illud
2836 5477 2995 5533 Lucae
3027 5498 3038 5531 :
3070 5474 3351 5529 Destruam

1864 5729 1931 5795 (ε)
1968 5726 2093 5780 Naz.
2131 5742 2207 5781 or.
2242 5728 2331 5780 20.
