4088 6310
1520 373 1675 427 VITA
1722 373 1780 427 S.
1817 371 2079 425 BASILII.

3197 388 3393 430 διιιιιι

185 493 532 549 saltationem
566 508 700 563 genu
728 490 1009 551 ﬂectendo.
1038 496 1208 566 Rogat
1255 510 1347 550 eos
1376 498 1464 565 qui
1510 498 1743 552 lascivim
1776 503 1816 553 Δ
1846 496 1949 550 572
1984 495 2148 550 multa
2217 511 2319 549 non
2357 497 2493 553 belle
2534 496 2645 553 ﬁeri
2678 497 2833 552 solita
2862 496 3145 553 emendare
3174 506 3397 552 conatus

182 587 475 657 participes
512 602 615 639 non
645 586 878 650 luerunt,
912 595 971 640 ut
1013 587 1065 641 in
1092 589 1284 658 quibus
1321 591 1525 656 peccati
1566 591 1741 660 paeni-

182 682 406 735 tentiam
429 676 926 741 animadverterint,
948 691 1041 733 eos
1065 688 1312 750 tanquam
1331 680 1544 749 propria
1570 697 1737 736 mem-

184 774 275 825 bra
327 769 645 837 mgrotantia
680 770 929 835 foveant;
965 784 1099 837 quos
1134 781 1311 826 autem
1343 771 1577 825 viderint
1606 788 1730 843 per.

182 863 413 919 vicaces,
450 860 517 913 ab
549 874 733 914 eorum
762 862 1140 917 consuetudine
1165 861 1451 931 refugiant.

252 950 309 1003 ιη
344 953 595 1004 oratione
643 951 845 1007 decima
876 955 1096 1023 quinta,
1141 969 1259 1023 quae
1307 955 1620 1011 inscribitur
1664 957 1741 1012 De

182 1041 306 1109 ﬁde,
337 1041 560 1096 disserit
597 1040 826 1099 Basilius
860 1045 923 1099 de
951 1045 1125 1099 divina
1166 1055 1379 1111 natura,
1414 1059 1470 1103 et
1515 1051 1581 1105 de
1616 1050 1737 1104 Filii

184 1148 247 1185 ac
277 1129 517 1201 Spiritus
559 1136 729 1190 sancti
773 1135 1072 1190 divinitate.
1118 1135 1284 1190 Tanta
1322 1151 1476 1195 erant
1502 1141 1739 1196 Catholi-

184 1240 369 1278 corum
393 1225 518 1281 ﬁdei
552 1225 724 1280 studia
756 1226 833 1294 (p.
867 1227 1024 1295 l5l),
1073 1238 1129 1281 ut
1162 1228 1308 1282 auris
1351 1232 1527 1285 omnis
1556 1241 1736 1301 aperta

183 1328 324 1372 esset
352 1320 419 1372 ad
451 1317 771 1371 audiendam
808 1318 1148 1387 theologiam,
1175 1335 1272 1374 nec
1296 1323 1520 1378 ecclesia
1550 1323 1633 1377 his
1657 1338 1738 1378 re-

184 1409 283 1463 bus
310 1408 601 1463 audiendis
634 1410 939 1464 satiaretur.
967 1411 1020 1463 In
1048 1413 1289 1481 sequenti
1320 1414 1536 1470 homilia
1562 1415 1738 1484 expli-

183 1514 268 1555 cat
300 1500 514 1554 initium
555 1501 822 1573 Evangelii
855 1502 1147 1557 secundum
1168 1501 1453 1573 Joannem,
1480 1520 1650 1575 usque
1672 1508 1737 1559 ad

186 1595 295 1647 lta~c
343 1595 509 1649 verba
536 1636 550 1660 ,
602 1594 708 1649 Hoc
738 1605 852 1649 erat
896 1596 951 1649 in
1001 1595 1256 1666 principio
1304 1601 1443 1663 apud
1498 1598 1662 1651 Deum
1694 1598 1734 1651 ³.

186 1682 378 1740 Multos
408 1696 631 1740 noverat
681 1684 911 1741 Basilius
964 1700 1030 1741 ex
1078 1687 1427 1756 scriptoribus
1462 1687 1733 1754 ethnicis,

185 1789 319 1841 quos
349 1782 504 1830 tanta
527 1776 666 1829 initii
705 1774 926 1829 Joannis
978 1777 1264 1831 admiratio
1306 1786 1543 1847 ceperat,
1588 1788 1648 1835 ut
1678 1781 1737 1835 il-

185 1864 267 1919 Iud
293 1868 344 1919 in
372 1866 575 1933 scripta
613 1880 706 1920 sua
739 1865 977 1921 inserere
1006 1881 1109 1920 non
1152 1868 1476 1924 dubitarent.

251 1958 322 2009 De
345 1957 593 2011 oratione
625 1957 828 2011 decima
860 1958 1109 2026 septima,
1139 1975 1257 2029 qua:
1286 1969 1366 2015 est
1404 1959 1455 2014 in
1502 1962 1561 2019 S.
1605 1961 1737 2016 Bar-

184 2046 317 2098 laam
383 2055 675 2117 martyrem
741 2047 945 2101 consuli
1002 2061 1222 2115 possunt
1286 2048 1536 2107 Prtelatio
1610 2051 1739 2107 torni

183 2137 400 2191 secundi
448 2145 555 2192 art.
609 2137 667 2203 2,
705 2146 759 2193 et
804 2140 953 2195 Notae
1001 2142 1068 2196 74
1111 2152 1164 2197 et
1206 2143 1273 2200 75
1320 2144 1644 2200 Tillemontii
1686 2147 1740 2200 in

184 2230 618 2298 persecutionem
668 2231 1001 2289 Diocletiani.
1032 2233 1173 2288 Nihil
1202 2236 1344 2289 enim
1379 2235 1506 2289 mihi
1531 2236 1743 2291 videtur

184 2335 241 2373 ea
267 2322 331 2376 de
358 2336 417 2376 re
455 2323 621 2377 statui
656 2336 811 2393 posse
839 2323 979 2390 quod
1021 2338 1127 2376 non
1163 2324 1403 2380 incurrat
1432 2326 1486 2380 in
1520 2340 1742 2397 magnas

184 2412 537 2469 diﬂicultates.
585 2414 727 2469 Nihil
776 2414 1023 2469 disertius
1072 2423 1127 2470 et
1179 2416 1477 2489 elegantius
1530 2418 1740 2477 duabus

184 2506 531 2567 sequentibus
572 2505 753 2561 Basilii
800 2508 851 2561 in
905 2508 963 2563 8.
1012 2508 1265 2564 Gordium
1299 2518 1354 2563 et
1384 2511 1738 2579 quadraginta

186 2608 473 2666 martyres.
527 2594 586 2651 8.
634 2596 895 2653 Gordium
945 2600 1046 2654 sub
1091 2597 1303 2653 Llcinio
1346 2614 1567 2670 passum
1622 2615 1744 2659 esse

186 2688 372 2743 merito
424 2688 620 2758 probat
653 2686 1023 2745 Tillemontius
1065 2704 1132 2747 ex
1177 2689 1359 2747 Basilii
1404 2691 1604 2761 verbis,
1650 2694 1742 2764 qui

188 2789 347 2834 testes
394 2780 540 2836 illius
589 2783 833 2853 martyrii
887 2783 1061 2839 adhuc
1102 2794 1318 2840 exstare
1366 2786 1604 2840 declarat
1642 2787 1739 2859 (α).

186 2870 544 2927 Celeberrima
577 2884 659 2929 est
699 2875 757 2930 8.
788 2874 977 2931 Basilii
1006 2878 1060 2931 in
1092 2877 1448 2946 quadraginta
1477 2887 1743 2949 martyres

187 2965 358 3018 oratio
399 2980 564 3031 quam
589 2975 643 3019 et
668 2965 1003 3020 Gaudentius
1031 2966 1106 3035 (b)
1135 2976 1191 3021 et
1218 2963 1508 3035 Gregorius
1546 2966 1743 3038 Nysae-

188 3070 283 3109 nus
309 3054 380 3126 (c)
418 3055 661 3112 laudant.

1845 598 1944 640 est.
1973 586 2025 642 Id
2069 585 2199 639 satis
2227 590 2474 643 convenit
2501 590 2567 644 iis
2599 602 2735 659 quos
2768 586 3078 659 alloquitur.
3114 584 3244 640 Nam
3272 601 3395 641 cum

1843 692 1934 730 eos
1974 676 2278 731 vehementi
2324 679 2568 733 oratione
2612 691 2752 749 saepe
2798 678 3109 746 castigasset
3139 676 3214 744 (ρ.
3246 675 3393 741 565).

1843 772 2213 833 metueretque
2253 779 2321 820 ne
2368 765 2483 820 haec
2536 767 2743 825 dicendi
2800 765 3024 821 libertas
3069 766 3126 821 in
3184 765 3393 834 hospite

1843 858 2186 927 displiceret;
2221 867 2407 913 contra
2442 872 2601 927 quam
2636 860 2906 917 metuebat
2933 860 3129 924 evenit,
3160 873 3223 914 ac
3254 857 3391 911 libe-

1843 952 1955 1007 rior
1993 952 2339 1023 reprehensio
2373 952 2511 1007 illius
2562 952 2806 1008 audiendi
2858 950 3093 1009 studium
3131 950 3393 1007 accendit.

1845 1042 2024 1110 Quare
2064 1056 2122 1099 ut
2167 1060 2261 1100 eos
2307 1059 2337 1097 a
2394 1042 2588 1099 diaboli
2644 1041 2848 1111 laqueis
2891 1044 3104 1115 penitus
3146 1041 3392 1107 abducat,

1841 1136 2177 1191 demonstrat
2221 1137 2302 1189 eis
2348 1134 2515 1190 hostis
2557 1133 2809 1198 artiﬁcia,
2849 1150 2968 1203 qua:
3013 1135 3113 1190 hac
3164 1132 3396 1187 maxime

1842 1228 2050 1284 ratione
2074 1228 2229 1283 vitari
2260 1228 2433 1293 docet,
2460 1228 2503 1283 si
2533 1228 2671 1283 hanc
2699 1227 2864 1279 vitam
2890 1227 3026 1281 viam
3054 1241 3172 1283 esse
3204 1224 3395 1281 memi-

1842 1324 2099 1389 nerimus,
2149 1336 2248 1377 nec
2283 1321 2571 1392 quidquam
2624 1333 2764 1383 esse,
2817 1320 2959 1388 quod
3007 1332 3247 1375 nostrum
3289 1317 3391 1374 dici

1841 1415 2011 1481 possit
2042 1432 2057 1467 :
2088 1413 2182 1469 sed
2218 1414 2385 1468 solam
2428 1414 2662 1468 animam
2709 1421 2764 1467 et
2798 1424 2994 1479 corpus
3032 1421 3207 1465 nostra
3250 1426 3387 1467 esse.

1842 1504 1968 1558 lude
2000 1504 2064 1557 ad
2113 1514 2435 1573 praeceptum
2482 1505 2837 1575 eleemosynaa
2884 1500 3257 1555 ineulcandum
3287 1502 3392 1555 ler-

1840 1602 1948 1659 tur,
1981 1594 2123 1665 quod
2166 1593 2377 1662 quidem
2409 1595 2627 1648 omnino
2659 1592 3025 1650 necessarium
3063 1605 3185 1647 esse
3220 1591 3390 1653 docet,

1838 1701 1940 1743 nec
2000 1687 2117 1743 sine
2171 1686 2355 1741 aeterni
2428 1684 2569 1754 ignis
2636 1685 2979 1739 damnatione
3055 1680 3393 1753 przetermitti

1839 1793 2015 1849 posse.
2064 1779 2409 1834 Perorantem
2453 1775 2688 1833 nonnulli
2745 1776 3071 1831 admonuere
3108 1785 3166 1829 ut
3203 1777 3269 1830 de
3315 1774 3396 1829 in-

1843 1871 2035 1926 cendio
2067 1871 2317 1925 hesterno
2346 1869 2504 1923 verba
2539 1868 2760 1924 laceret.
2795 1865 2928 1923 Nam
2959 1865 3195 1923 incensis
3220 1865 3395 1934 priva-

1847 1970 2020 2016 torum
2056 1960 2281 2025 aedibus,
2325 1959 2465 2029 ignis
2500 1958 2596 2027 ipsi
2648 1959 2889 2013 ecclesiae
2934 1958 3257 2021 minabatur,
3301 1955 3396 2010 sed

1844 2051 2164 2106 mirabiliter
2224 2050 2528 2107 exstinctus
2584 2057 2685 2104 est.
2742 2046 2833 2103 Id.
2870 2049 2961 2104 Dei
3016 2048 3395 2103 misericordiae

1844 2142 2089 2196 attribuit
2128 2142 2377 2207 Basilius,
2409 2143 2499 2211 qui
2542 2140 2737 2197 diaboli
2766 2153 2911 2195 artes
2951 2141 3002 2194 in
3043 2140 3209 2208 ipsius
3240 2146 3397 2206 caput

1845 2234 2058 2305 rejecit.
2106 2232 2366 2289 Hortatur
2399 2244 2457 2287 ut
2501 2233 2564 2287 iis
2600 2243 2965 2298 succurratur,
3011 2233 3100 2302 qui
3144 2230 3277 2288 nihil
3328 2244 3394 2286 ex

1841 2326 2118 2395 incendio,
2168 2334 2360 2397 praeter
2409 2339 2602 2394 corpus
2647 2334 2702 2379 et
2750 2326 3010 2391 animam,
3052 2334 3333 2379 servarunt
3377 2341 3390 2377 :

1840 2420 1940 2489 ipsi
1981 2434 2109 2474 vero
2148 2426 2425 2489 acceptum
2462 2417 2713 2473 damnum
2750 2416 2991 2483 exemplo
3029 2413 3149 2471 Jobi
3184 2428 3396 2470 coronae

1846 2511 2126 2565 materiam
2166 2506 2421 2565 efﬁciant.

1917 2598 2190 2653 Immerito
2248 2599 2389 2653 inter
2440 2595 2691 2655 humilia-tt
2748 2594 3042 2654 collocatur
3093 2594 3267 2653 oratio
3314 2596 3392 2649 vel

1846 2699 2105 2746 tractatus
2156 2690 2209 2744 in
2251 2703 2359 2759 quo
2388 2687 2617 2743 Basilius
2662 2690 3025 2745 adolescentes
3069 2690 3384 2761 consangui-

1842 2796 1972 2837 neos
1997 2788 2208 2847 edocet,
2236 2779 2362 2850 quid
2389 2779 2620 2835 habeant
2641 2778 2886 2833 utilitatis
2911 2778 3145 2848 profana:
3183 2778 3392 2838 litterae.

1842 2877 1969 2945 quid
1996 2874 2292 2930 cavendum
2337 2873 2389 2928 iu
2420 2872 2613 2942 poetis,
2653 2880 2814 2940 atque
2855 2869 2910 2925 in
2954 2870 3085 2939 ipsis
3122 2871 3282 2926 etiam
3316 2872 3397 2926 hi-

1851 2965 2066 3020 storicis
2092 2975 2146 3019 et
2176 2965 2479 3019 rhetoribus
2508 2980 2523 3031 ;
2570 2960 2836 3032 quomodo
2870 2961 3119 3029 prceclare
3150 2960 3309 3016 dictis
3341 2970 3399 3015 et

1844 3054 2023 3118 lactis,
2051 3068 2169 3121 quae
2195 3054 2249 3107 in
2285 3053 2544 3121 ejusmodi
2589 3049 2889 3120 disciplinis
2916 3051 3305 3122 percipiuntur,
3328 3048 3394 3104 ad

253 3146 307 3202 S.
336 3147 571 3202 Basilius
602 3150 655 3202 in
688 3149 933 3204 oratione
962 3148 1239 3212 vicesima,
1283 3165 1402 3218 que
1430 3152 1494 3205 de
1523 3151 1738 3205 humili-
1767 3170 1810 3229 ο
1845 3159 2051 3201 morum
2088 3143 2477 3200 institutionem
2528 3143 2782 3197 utendum
2825 3142 2912 3197 sit.
2953 3142 3236 3213 Presbyter
3277 3152 3396 3198 erat

188 3248 289 3294 tate
314 3238 656 3304 inscribitur,
685 3239 1019 3294 demonstrat
1057 3240 1324 3294 hominem
1345 3279 1359 3304 ,
1392 3250 1676 3309 postquam
1708 3256 1736 3295 a

188 3331 395 3385 diabolo
422 3331 601 3385 victus
644 3340 699 3384 et
737 3330 974 3397 dejectus
1003 3340 1107 3395 est,
1151 3333 1331 3385 inania
1375 3333 1476 3387 sibi
1520 3333 1741 3389 llnxisse

187 3420 369 3488 gloria
401 3429 741 3483 ornamenta,
769 3420 1009 3485 divitias,
1034 3420 1287 3483 honores,
1323 3422 1506 3477 mundi
1541 3425 1745 3492 sapien-

189 3510 359 3575 tiam“;
408 3511 503 3564 sed
546 3507 724 3563 veram
770 3508 996 3578 gloriam
1042 3511 1095 3565 in
1135 3525 1199 3566 eo
1236 3512 1461 3580 positam
1503 3527 1640 3579 esse,
1689 3522 1746 3569 ut

185 3598 275 3654 Dei
320 3599 514 3670 gratia:
562 3608 778 3669 accepta
829 3599 1011 3654 omnia
1087 3600 1421 3667 referamus,
1475 3615 1742 3657 memores

181 3690 350 3757 Petri,
400 3692 493 3762 qui
534 3692 777 3747 humanae
827 3692 1097 3748 timiditati
1144 3693 1370 3749 traditus
1428 3701 1533 3760 est,
1592 3709 1655 3750 ac
1688 3696 1741 3753 in

181 3785 373 3853 primis
425 3786 496 3837 ab
538 3784 651 3852 ipso
694 3780 912 3838 Christo
953 3785 1195 3854 exempla
1235 3784 1549 3841 humilitatis
1584 3799 1742 3855 repe-

184 3883 377 3928 tentes.
437 3871 636 3926 Edocet
673 3870 901 3927 Basilius
942 3873 1137 3941 quibus
1183 3874 1352 3927 modis
1386 3873 1499 3929 haec
1543 3875 1740 3930 eximia

180 3965 358 4017 virtus
396 3962 701 4029 comparari
749 3962 940 4030 possit.
983 3960 1373 4016 Observatione
1404 3963 1621 4033 dignum
1658 3974 1741 4019 est

180 4056 323 4125 quod
369 4055 447 4109 ait
492 4054 760 4110 diabolum
798 4054 872 4125 (p.
918 4053 1064 4122 158),
1108 4054 1233 4110 dum
1279 4054 1479 4109 homini
1523 4055 1743 4112 insidias

181 4150 369 4213 struit,
396 4148 711 4217 sibimetipsi
740 4148 1051 4203 inscientem
1094 4148 1376 4212 struxisse,
1408 4162 1505 4203 nec
1535 4157 1739 4203 tantum

178 4242 431 4297 nocuisse
475 4242 545 4307 ei,
586 4256 747 4312 quem
788 4256 818 4295 a
868 4240 978 4296 Deo
1020 4252 1073 4295 et
1122 4255 1153 4294 a
1208 4241 1316 4295 vita
1360 4250 1559 4295 eterna
1610 4240 1741 4295 alie-

179 4344 433 4389 naturum
493 4348 552 4388 se
615 4341 961 4403 speraverat,
1016 4343 1272 4401 quantum
1325 4346 1383 4388 se
1454 4332 1567 4403 ipse
1618 4346 1742 4400 pro-

181 4426 361 4490 didit,
412 4423 687 4495 transfuga
739 4438 769 4478 a
827 4424 936 4481 Deo
984 4423 1158 4477 factus
1202 4433 1255 4478 et
1301 4424 1461 4478 morti
1524 4433 1738 4478 aeterna:

180 4517 452 4571 addictus.

243 4604 318 4661 V.
361 4605 569 4661 Nullam
612 4607 871 4662 hactenus
914 4606 1283 4662 recensuimus
1313 4606 1371 4661 8.
1414 4604 1593 4661 Basilii
1635 4604 1736 4660 ho-

175 4698 425 4762 miliam,
449 4713 566 4767 quae
601 4706 754 4754 notas
775 4700 1112 4769 episcopatus
1152 4712 1263 4769 pra:
1300 4712 1359 4753 se
1400 4684 1589 4752 ferret.
1633 4697 1739 4753 Sed

174 4786 445 4840 vicesima
477 4788 667 4855 prima,
698 4788 848 4855 Quod
873 4789 1022 4843 rebus
1048 4788 1328 4843 mundanis
1351 4788 1732 4841 adiuuandum

173 4896 279 4932 non
328 4876 419 4943 sit,
469 4888 515 4932 et
553 4880 615 4935 de
653 4879 888 4935 incendio
927 4890 1076 4935 extra
1106 4878 1393 4935 Ecclesium
1420 4878 1583 4948 facta,
1616 4893 1737 4933 cum

172 4982 342 5027 extra
377 4969 767 5042 Cappadociam
807 4976 1148 5043 pronuntiata
1187 4975 1279 5041 sit,
1327 4989 1434 5030 non
1480 4974 1620 5028 male
1665 4974 1731 5027 ad

168 5067 545 5133 episcopatum
586 5065 835 5121 refertur.
870 5064 1080 5120 Nullum
1120 5067 1262 5121 enim
1297 5066 1479 5122 Basilii
1516 5064 1737 5136 presby-

173 5157 277 5209 teri
314 5154 426 5207 iter
452 5156 711 5218 novimus,
746 5167 937 5225 praeter
970 5157 1099 5211 illud
1133 5158 1273 5227 quod
1308 5156 1589 5212 Samosata
1628 5171 1741 5211 sus-

1844 3239 1926 3293 vel
1969 3237 2248 3310 episcopus
2291 3250 2412 3291 cum
2460 3235 2574 3290 haec
2621 3232 2863 3301 scripsit.
2916 3232 3005 3286 Ait
3054 3233 3196 3287 enim
3242 3247 3299 3288 se
3343 3233 3395 3287 id

1843 3331 2021 3387 aetatis
2048 3343 2167 3384 esse
2202 3327 2279 3399 (p.
2305 3325 2452 3399 175),
2486 3334 2543 3380 et
2574 3340 2639 3380 ex
2672 3340 2850 3380 rerum
2880 3324 2933 3377 in
2962 3331 3243 3392 utramque
3276 3338 3397 3393 par-

1847 3434 1951 3477 tem
1998 3420 2311 3485 mutatione,
2349 3432 2509 3489 quam
2541 3427 2795 3486 expertus
2824 3424 2939 3478 est,
2974 3416 3104 3469 satis
3144 3430 3393 3486 magnum

1844 3526 1996 3568 usum
2024 3511 2378 3565 humanarum
2416 3524 2593 3563 rerum
2631 3517 2980 3562 consecutum
3007 3520 3149 3571 esse,
3174 3516 3232 3561 ut
3264 3506 3395 3560 ado-

1844 3602 2107 3657 lescentes
2145 3602 2386 3655 edoceat.
2431 3598 2699 3667 Scriptum
2731 3612 2863 3666 opus
2889 3597 3145 3651 Caesarea:
3177 3615 3191 3651 :
3222 3609 3398 3666 neque

1844 3694 1986 3749 enim
2037 3693 2121 3747 his
2198 3690 2632 3746 adolescentibus
2681 3690 2922 3760 quotidie
2986 3689 3052 3744 ad
3112 3688 3397 3759 magistros

1843 3783 2233 3841 ventitantibus
2281 3784 2384 3837 alia
2438 3783 2491 3837 in
2538 3784 2669 3838 urbe
2709 3780 2939 3836 Basilius
3008 3778 3246 3851 polliceri
3294 3792 3395 3847 po-

1845 3878 1945 3934 tuit
1973 3877 2048 3948 (p.
2081 3876 2204 3947 ιη)
2265 3890 2325 3931 se
2364 3874 2627 3945 ejusmodi
2657 3873 2896 3929 consiliis
2924 3886 3016 3927 eos
3052 3870 3265 3926 erudire
3290 3882 3396 3923 non

1840 3969 2139 4024 desiturum
2182 3968 2261 4039 (p.
2304 3968 2450 4037 184),
2490 3980 2553 4021 ac
2594 3966 2638 4020 si
2689 3967 2742 4019 in
2780 3979 2837 4019 se
2883 3961 3067 4017 oculos
3114 3960 3398 4029 conjiciant

1841 4058 1914 4130 (p.
1945 4059 2091 4126 175),
2124 4058 2238 4115 fore
2276 4067 2341 4111 ut
2360 4058 2470 4112 suis
2497 4054 2809 4112 parentibus
2830 4066 2934 4105 non
2963 4050 3235 4119 indigeant

1910 4150 1968 4207 8.
2004 4151 2289 4206 Mamantis
2317 4149 2569 4221 martyris
2591 4146 2774 4202 laudes
2804 4142 3143 4216 persequitur
3169 4137 3398 4195 Basilius

1840 4247 1892 4301 in
1934 4245 2181 4301 oratione
2222 4243 2474 4297 vicesima
2510 4240 2703 4303 tertia,
2746 4247 2908 4307 atque
2954 4244 3015 4290 ut
3060 4235 3163 4289 hoc
3204 4242 3400 4285 munus

1838 4345 2181 4406 exsequatur,
2217 4332 2511 4404 symbolam
2557 4338 2710 4401 rogat
2730 4330 2797 4385 ab
2823 4328 2910 4391 iis,
2941 4325 3137 4395 quibus
3163 4322 3223 4378 S.
3254 4336 3397 4375 mar-

1846 4439 1931 4501 tyr
1952 4439 2147 4497 praesto
2190 4426 2363 4481 adluit
2406 4422 2625 4479 nomine
2652 4422 2952 4482 invocatus,
2984 4430 3120 4486 quos
3150 4429 3214 4470 ex
3246 4426 3397 4484 pera-

1769 4514 1815 4569 D
1844 4520 2151 4592 grinatioue
2201 4517 2434 4584 reduxit,
2497 4527 2633 4584 quos
2683 4509 2855 4566 erexit
2905 4523 2972 4565 ex
3025 4506 3338 4562 inﬁrmitate
3378 4520 3394 4567 ;

1842 4612 2038 4683 quibus
2066 4610 2262 4665 liberos
2300 4610 2409 4678 jam
2450 4615 2686 4660 mortuos
2732 4601 2989 4664 restituit,
3028 4600 3223 4670 quibus
3270 4612 3394 4666 pro-

1838 4704 2048 4776 rogavit
2100 4703 2224 4757 vita:
2276 4712 2506 4771 tempus.
2549 4697 2695 4753 Nihil
2735 4696 2879 4750 aliud
2912 4694 2979 4748 de
3020 4693 3122 4747 hoc
3162 4698 3400 4756 martyre

1835 4796 2091 4851 discimus
2116 4809 2180 4849 ex
2215 4795 2314 4847 hac
2336 4791 2599 4855 oratione,
2624 4790 2727 4844 nisi
2752 4801 2876 4843 eum
2915 4793 3183 4853 pastorem
3217 4779 3400 4834 ovium

1836 4887 2023 4955 fuisse,
2076 4888 2217 4942 unde
2269 4893 2490 4956 accepta
2538 4882 2824 4938 occasione
2863 4875 3093 4931 Basilius
3135 4874 3202 4928 de
3245 4870 3401 4927 bonis

1835 4978 2093 5035 Ecclesiae
2122 4975 2429 5048 pastoribus
2460 4984 2513 5030 et
2542 4974 2608 5029 de
2638 4969 2986 5028 mercenariis
3014 4967 3254 5022 disserit.

1906 5067 1964 5122 In
2008 5067 2255 5125 oratione
2300 5064 2561 5121 vicesima
2606 5070 2796 5133 quarta
2848 5058 3160 5114 refelluntur
3210 5052 3398 5109 Sabel-

1835 5163 1959 5217 liani
2012 5173 2069 5216 et
2121 5160 2331 5225 Ariani,
2380 5174 2445 5215 ac
2498 5160 2656 5229 primi
2714 5171 2834 5211 cum
2880 5154 3097 5216 Judaais,
3140 5148 3397 5220 postremi

169 5247 324 5315 cepit
372 5260 511 5303 anno
545 5247 669 5302 569.
706 5246 833 5303 Illuc
873 5263 1058 5305 rursus
1105 5248 1238 5304 abiit
1283 5264 1425 5305 anno
1456 5248 1583 5304 372.
1630 5246 1737 5304 Sed
1832 5266 1958 5307 cum
2003 5252 2231 5308 ethnicis
2272 5255 2676 5320 comparantur.
2702 5245 2935 5318 Opponit
2970 5256 3158 5299 eorum
3191 5236 3393 5295 errori-

167 5340 360 5405 aptior
384 5338 545 5393 multo
586 5340 896 5409 conjectura
926 5339 1274 5404 Tillemontii,
1318 5340 1409 5408 qui
1442 5340 1576 5395 hanc
1608 5354 1736 5394 ora-

168 5430 378 5483 tionem
424 5428 618 5486 Satalis
673 5432 908 5486 habitam
954 5439 1124 5501 putat,
1172 5430 1265 5487 ubi
1314 5428 1549 5489 Basilius
1596 5446 1736 5488 anno

232 5561 256 5594 ³
291 5564 448 5619 :oan.
472 5581 508 5629 t,
537 5562 594 5620 2.

236 5708 327 5777 (ε)
354 5703 416 5777 ῃ.
451 5707 504 5773 3,
536 5720 587 5772 p.
611 5705 749 5777 μδ.

239 5775 322 5846 (υ)
351 5775 539 5831 nomn.
574 5776 662 5829 t7.

1830 5342 1934 5397 bus
1963 5340 2194 5397 Basilius
2223 5352 2532 5395 accuratam
2580 5337 2858 5393 catholicae
2887 5334 3146 5392 doctrinae
3182 5329 3394 5398 exposi-

1836 5435 2064 5491 tionem.
2107 5434 2213 5490 Sed
2240 5448 2363 5489 cum
2392 5433 2602 5487 videret
2628 5429 2906 5485 auditores
2930 5425 3087 5481 avide
3116 5428 3393 5495 expetere,

1902 5708 1972 5781 (ι’)
1996 5707 2085 5765 0r.
2118 5708 2171 5775 2,
2203 5710 2253 5763 in
2278 5707 2632 5779 quadraginta
2665 5711 2847 5769 mark,
2872 5716 2926 5775 ρ.
2957 5699 3086 5757 206.
