4080 6314
704 385 801 424 ιιι
812 382 888 422 ιιν

2041 367 2562 424 PBOLEGOMENA.

701 493 761 536 ut
803 487 869 537 de
905 481 1104 550 Spiritu
1155 491 1341 537 sancto
1394 482 1701 543 dissereret,
1740 481 1879 537 illius
1928 480 2261 537 divinitatem
2292 489 2338 545 Α
2368 484 2692 550 pcenitentim
2722 482 2980 551 exemplis
3015 497 3130 552 quin
3165 496 3285 536 mox
3326 481 3486 535 citata
3515 478 3673 532 verba
3709 491 3910 547 praeco-

699 569 989 639 Scripturie
1040 581 1095 625 et
1144 572 1445 625 traditionis
1496 572 1815 625 auctoritate
1865 571 2140 636 defendit,
2192 588 2255 628 ac

698 662 1087 716 cavillationem
1120 664 1428 729 dicentium,
1472 664 1731 734 ingenitus
1777 675 1851 718 est
1894 676 1982 719 aut
2028 667 2251 734 genitus,

698 753 913 807 refellit.
950 755 1171 809 Videtur
1203 758 1314 809 hzec
1349 756 1565 809 homilia
1614 758 1677 810 ad
1721 758 2085 828 episc0patum
2118 760 2255 813 refe-

695 844 885 897 renda.
906 843 1022 897 Jam
1052 847 1191 899 enim
1220 844 1566 899 celeberrima
1604 855 1715 900 erat
1760 852 1981 918 qttmstio
2023 849 2085 901 de
2131 848 2254 916 Spi-

695 934 801 986 ritu
854 945 1042 990 sancto
1086 941 1159 1004 (p.
1205 935 1326 1007 l95)
1374 953 1387 989 :
1443 952 1503 991 ac
1538 940 1712 993 omnis
1750 952 1957 995 arrecta
2007 942 2151 993 auris
2189 945 2254 996 ad

702 1023 995 1077 audiendas
1048 1026 1113 1075 de
1167 1024 1267 1079 hoc
1322 1026 1569 1094 dogmate
1636 1028 2041 1099 diSputationes.
2106 1030 2249 1084 Multi

694 1110 945 1167 Basiliam
975 1115 1280 1178 audiebant,
1306 1132 1410 1167 non
1449 1126 1554 1170 tam
1598 1130 1655 1171 ut
1693 1122 1807 1187 ejus
1835 1121 2069 1172 doctrina
2097 1122 2247 1190 juva-

698 1214 912 1266 rentur,
940 1218 1096 1272 quam
1130 1214 1184 1256 ut
1210 1204 1565 1259 calumniandi
1592 1223 1772 1261 ansam
1796 1210 2111 1274 arriperent.

766 1294 955 1346 Mirum
996 1309 1124 1348 sane
1167 1304 1252 1351 est
1290 1311 1353 1348 ex
1405 1306 1483 1350 tot
1530 1299 1797 1361 homiliis,
1840 1314 1972 1367 quas
2024 1300 2251 1358 Basilius

704 1392 813 1434 tum
854 1386 1166 1455 presbyter,
1208 1396 1317 1437 tum
1382 1388 1664 1455 episcopus
1711 1389 1761 1441 in
1800 1391 2024 1445 ecclesia
2070 1395 2248 1449 Caesa-

692 1473 856 1527 riensi
886 1476 1085 1540 habuit,
1128 1486 1232 1528 tam
1272 1491 1469 1543 paucas
1504 1480 1569 1531 ad
1616 1494 1711 1532 nos
1744 1484 2071 1548 pervenisse.
2107 1486 2249 1538 Inter

690 1566 929 1633 perditas
958 1566 1201 1619 bomilias
1233 1583 1515 1621 numerare
1550 1585 1831 1639 possumus
1871 1574 2140 1627 homiliam
2175 1575 2249 1627 De

692 1655 1011 1721 eleemosyna
1055 1667 1100 1709 et
1125 1655 1351 1723 judicio,
1386 1668 1438 1713 et
1485 1660 1664 1727 aliam,
1702 1662 1851 1726 Quod
1886 1663 2023 1715 Dcus
2053 1665 2247 1716 incont-

689 1744 1071 1810 prehensibilis,
1104 1761 1332 1815 quarum
1378 1750 1601 1818 primam
1632 1751 1760 1803 citat
1806 1750 2019 1805 Simeon
2076 1752 2248 1823 Logo-

691 1835 859 1900 theta,
888 1851 1050 1890 serm.
1079 1837 1134 1904 4,
1171 1855 1226 1892 n.
1262 1840 1332 1905 7;
1368 1841 1589 1892 alteram
1625 1855 1786 1895 serm.
1824 1841 1911 1908 15,
1944 1860 2000 1898 n.
2038 1845 2088 1898 5.
2120 1845 2246 1899 Dute

689 1925 807 1980 alia:
840 1929 1137 1981 indicantur
1166 1932 1214 1982 in
1255 1932 1616 1997 superioribus
1642 1934 1961 1988 editiouibus
2004 1938 2069 1991 ad
2103 1952 2245 1989 mar-

688 2018 902 2090 ginem,
952 2034 1138 2087 nempe
1200 2022 1413 2075 homilia
1474 2024 1525 2076 in
1580 2023 1921 2092 Evangelium
1974 2027 2243 2095 Matthazi,

688 2124 850 2163 serm.
892 2109 979 2173 16,
1019 2126 1071 2163 u.
1122 2110 1175 2175 5,
1215 2123 1262 2163 et
1306 2128 1467 2166 serm.
1512 2114 1600 2178 19,
1643 2131 1695 2167 ιι.
1740 2116 1758 2167 l
1805 2126 1857 2169 et
1901 2117 1952 2189 5.
1998 2118 2100 2172 Sed
2137 2122 2246 2173 hare

692 2202 991 2269 reperimus
1017 2201 1067 2253 iu
1100 2204 1317 2254 homilia
1347 2205 1395 2255 iu
1428 2206 1691 2259 ebriosos.
1732 2207 1994 2262 Similiter
2034 2211 2084 2262 in
2128 2225 2242 2263 ser-

688 2306 843 2343 moue
876 2290 964 2353 ΞΟ,
1008 2308 1061 2358 p.
1108 2292 1206 2345 576
1246 2303 1297 2346 et
1336 2294 1461 2359 577,
1510 2298 1774 2350 iudicatur
1825 2300 1935 2351 hiet:
1980 2302 2195 2353 humilia
2226 2341 2239 2366 ,

690 2380 958 2445 Quomodo
990 2383 1107 2451 quis
1134 2382 1337 2437 sobrius
1368 2402 1477 2438 esse
1504 2386 1702 2439 debeat.
1760 2386 1863 2441 Sed
1907 2398 2129 2458 uterque
2167 2392 2243 2445 lo-

688 2487 783 2525 cus
815 2482 987 2525 exstat
1032 2474 1083 2526 in
1111 2476 1325 2528 homilia
1363 2476 1432 2528 De
1458 2477 1771 2529 ltumilitate.

758 2562 843 2617 Vl.
885 2566 1033 2629 Quod
1081 2576 1284 2634 spectat
1324 2569 1389 2619 ad
1430 2567 1698 2632 homilias,
1743 2584 1859 2637 qua:
1890 2570 1942 2625 in
1980 2573 2239 2643 appendi-

685 2670 800 2710 cem
831 2658 1062 2724 rejectm,
1088 2665 1144 2709 ut
1171 2660 1383 2724 spuriae,
1416 2657 1655 2719 fuerunt.
1709 2661 1980 2716 fatendum
2026 2676 2108 2719 est
2150 2680 2240 2720 eas

686 2744 919 2801 aBasilii
966 2748 1103 2817 stylo
1150 2747 1475 2816 discrepare,
1521 2753 1563 2803 si
1613 2762 1787 2804 tamen
1816 2754 2049 2821 excipias
2075 2758 2244 2809 homi-

685 2836 810 2888 liam
864 2838 914 2889 in
975 2848 1215 2892 sanctam
1273 2838 1471 2895 Christi
1529 2844 1959 2911 generationem,
2007 2862 2123 2913 qua}
2174 2848 2240 2900 ad

684 2923 936 2978 Basiliaui
1003 2930 1270 2983 sermonis
1330 2930 1648 2998 elegantiam
1714 2935 1942 2988 maxime
2015 2938 2237 2991 accedit.

685 3017 790 3071 Sed
846 3019 970 3071 illml
1016 3036 1322 3074 asseverare
1380 3040 1485 3075 nou
1544 3039 1753 3088 vereor,
1801 3026 1999 3083 Basilio
2048 3031 2242 3099 dignis.-

684 3109 849 3163 simas
880 3126 1016 3173 esse,
1049 3113 1092 3164 si
1138 3114 1308 3181 pietas
1335 3122 1388 3165 et
1426 3114 1670 3168 doctrina
1705 3130 2027 3184 spectentur.
2061 3121 2239 3177 Levis-

685 3200 853 3254 simus
897 3218 1076 3256 merus
1128 3213 1209 3255 est
1250 3204 1303 3256 iu
1350 3213 1566 3260 auctore
1630 3207 1861 3261 homilia:
1906 3210 1955 3261 iu
2001 3222 2237 3265 sanctam

683 3290 884 3345 Christi
960 3296 1397 3361 generationem,
1456 3296 1681 3351 historia
1759 3296 2033 3353 Zachariae
2101 3301 2241 3356 inter

684 3384 939 3450 templum
990 3394 1043 3436 et
1112 3385 1279 3438 altare
1329 3388 1532 3452 occisi,
1584 3399 1866 3459 pr0pterea
1924 3392 2065 3461 quod
2117 3408 2240 3447 san-

683 3476 973 3530 ctissimam
1029 3474 1225 3529 Christi
1279 3488 1501 3532 matrem
1536 3482 1586 3533 in
1623 3480 1741 3535 loco
1798 3484 2094 3552 virginibus
2147 3487 2237 3539 de-

683 3566 881 3621 stinato
952 3572 1069 3634 post
1121 3576 1330 3632 partum
1399 3568 1733 3621 collocasset.
1805 3570 1920 3623 Non
1986 3588 2238 3641 magnum

684 3658 919 3713 dedecus
947 3658 1132 3711 fuisset
1169 3658 1225 3712 S.
1248 3657 1444 3713 Basilio
1470 3662 1520 3714 in
1546 3660 1805 3727 ejusmodi
1842 3661 2000 3717 rebus
2046 3666 2237 3732 decipi.

682 3746 901 3816 Majoris
938 3751 1196 3802 momenti
1245 3760 1348 3815 est,
1390 3752 1529 3819 quod
1575 3753 1812 3822 ejusdem
1855 3753 2088 3808 homilia:
2145 3770 2240 3808 au-

683 3846 799 3892 ctor
821 3839 1163 3894 existimasse
1191 3842 1404 3907 dicitur,
1438 3857 1613 3909 regum
1652 3844 1999 3896 successiones
2031 3846 2239 3899 cometis

681 3933 994 3999 signiﬁcari.
1045 3934 1113 3987 At
1160 3935 1293 3988 nihil
1331 3936 1397 3988 ab
1436 3935 1551 4002 ejus
1593 3936 1853 3989 sententia
1904 3938 2073 4005 magis
2111 3939 2237 3993 alie-

679 4037 828 4076 num.
863 4024 954 4077 Ait
978 4026 1116 4077 enim
1151 4026 1215 4077 de
1266 4026 1489 4079 cometis
1518 4025 1592 4093 (p.
1622 4024 1747 4093 (SOI)
1789 4045 1801 4079 :
1854 4027 2105 4080 Μάλιστα
2155 4030 2240 4081 δο-

680 4106 835 4161 κοῦσι
904 4108 1165 4178 βασιλέων
1217 4110 1459 4182 διαδοχὰς
1504 4112 1788 4182 δηλοῦντες
1832 4118 1950 4167 κατ’
2013 4117 2239 4188 οὐρανὸν

680 4198 945 4254 ἵστασθαι.
978 4201 1209 4255 Maxime
1257 4206 1496 4258 videntur
1523 4208 1591 4258 ad
1639 4208 2012 4277 signiﬁcandas
2061 4227 2237 4281 regum

679 4294 1028 4347 successiones
1092 4296 1144 4346 in
1223 4296 1351 4349 caelo
1410 4299 1707 4352 consistere.
1779 4300 1883 4355 Sed
1935 4302 1987 4355 id
2033 4300 2239 4356 insanis

685 4386 968 4454 astrologis
997 4388 1164 4442 videri
1196 4390 1293 4455 ait,
1324 4405 1458 4459 quos
1481 4391 1585 4445 hoc
1621 4393 1737 4446 loco
1772 4393 1985 4460 refellit,
2020 4396 2239 4451 minime

678 4489 807 4529 vero
837 4477 1180 4546 Christianis,
1219 4491 1275 4532 ut
1301 4496 1366 4534 ex
1398 4491 1506 4535 toto
1534 4483 1648 4535 loco
1678 4485 1903 4552 perspici
1934 4495 2125 4553 potest.

750 4566 865 4621 Non
906 4569 1203 4623 debuerunt
1268 4580 1324 4623 ut
1364 4571 1604 4624 absurda:
1642 4582 1696 4625 et
1738 4573 1912 4641 impia:
1963 4576 2240 4629 sententia:

678 4659 981 4727 rejici,qua:
1010 4661 1058 4713 in
1089 4661 1305 4713 homilia
1340 4661 1391 4713 in
1419 4662 1786 4730 paenitentiam
1803 4662 2068 4731 leguntur.
2096 4664 2237 4729 Quid

678 4752 808 4802 enim
840 4752 934 4817 ris,
987 4751 1159 4819 inquit
1196 4762 1381 4807 auctor
1412 4753 1664 4817 ltomilite,
1714 4770 1941 4807 unumne
1969 4766 2235 4821 peccatum

676 4842 925 4908 imputari
972 4844 1168 4894 sanctis
1201 4858 1271 4895 an
1308 4841 1575 4910 justitiam
1614 4843 1876 4897 multant?
1919 4841 2063 4896 Fecit
2112 4862 2232 4913 pec-

676 4944 849 4985 catum
882 4946 902 4985 :
930 4942 983 4987 at
1013 4934 1133 5002 fecit
1162 4935 1319 4988 etiam
1340 4934 1572 5003 justitias
1605 4935 1819 4988 multas.
1860 4935 1999 5000 Quid
2022 4937 2231 5005 justum

676 5027 754 5074 est
780 5023 921 5090 apud
955 5023 1163 5092 justum
1210 5023 1400 5089 Deum,
1441 5041 1792 5093 paucorumne
1833 5026 2125 5080 meminisse
2164 5046 2233 5082 an

674 5113 958 5166 multorum
1008 5114 1284 5168 oblivisci?
1332 5114 1413 5169 Sit
1462 5125 1691 5183 statera,
1740 5126 1786 5169 et
1831 5133 1933 5186 qua
1990 5133 2233 5173 mensura

673 5204 843 5258 mensi
874 5204 1127 5272 fuerimus
1168 5205 1517 5259 admettentur
1547 5207 1714 5262 nobis.
1747 5205 1807 5261 Si
1836 5217 2045 5275 peccata
2080 5209 2232 5275 plura

674 5304 821 5360 sunt,
852 5295 918 5348 sit
956 5304 1228 5364 peccator;
1293 5298 1374 5349 sin
1411 5296 1638 5365 justitiw
1677 5297 1885 5364 plures,
1925 5300 1991 5351 sit
2028 5299 2227 5368 justus.

674 5384 1020 5457 Nequaquam
1051 5386 1206 5443 docet
1237 5386 1409 5455 iustos
1448 5390 1537 5455 qui
1572 5388 1850 5453 labuntur,
1904 5389 2129 5443 salutem
2161 5390 2229 5445 ob

676 5480 855 5544 priora
895 5478 1155 5548 praeclare
1197 5479 1335 5534 facta
1397 5479 1653 5547 consequi
1698 5481 1816 5533 sine
1861 5480 2173 5547 paenitentia
2208 5498 2223 5545 ;

674 5570 766 5623 sed
808 5570 1045 5639 loquitur
1098 5573 1164 5627 de
1201 5572 1363 5640 lapsis
1405 5588 1499 5641 per
1536 5573 1907 5640 preuitentiam
1956 5587 2229 5641 resurgen-

674 5661 839 5724 tibus,
881 5670 940 5716 ut
971 5672 1117 5731 patet
1156 5680 1221 5721 ex
1264 5666 1426 5719 totius
1460 5665 1721 5718 orationis
1746 5666 2037 5733 proposito,
2068 5676 2120 5718 et
2160 5682 2225 5720 ex

756 5779 797 5810 ³⁴
827 5779 926 5835 lsa.
960 5797 1105 5848 nrt,
1137 5782 1217 5835 l8.
1296 5783 1360 5813 ⁸⁸·
1395 5780 1437 5835 ll
1472 5781 1646 5837 Paral.
1682 5799 1792 5851 ιιι,
1829 5783 1880 5837 ’5.

1962 5784 1983 5814 ⁸
2010 5781 2164 5839 Prov.
2200 5800 2273 5851 rt,
2305 5783 2357 5837 ι.

2359 574 2491 625 dunt
2526 585 2579 624 et
2612 582 2922 639 sequuntur.
2970 570 3241 624 Immerito
3292 568 3471 623 Basilii
3508 567 3748 621 doctrina
3786 583 3905 620 cum

2360 663 2442 716 his
2473 664 2747 731 principiis
2779 676 3011 730 pugnare
3043 661 3398 716 existimatur.
3442 660 3719 714 Simillima
3754 657 3907 711 docet

2357 753 2408 805 iu
2442 752 2659 805 homilia
2695 751 2764 804 De
2789 750 3100 813 humilitate,
3140 750 3222 803 ubi
3254 749 3331 803 sic
3361 748 3593 814 loquitur
3617 755 3694 819 (p.
3733 745 3856 814 161)
3888 763 3902 799 :

2356 842 2447 904 Et,
2478 846 2523 895 si
2559 846 2848 909 proximum
2885 851 3176 908 peccantem
3216 841 3425 902 videris,
3453 856 3569 892 care
3611 841 3903 894 consideres

2358 934 2518 1000 ipsius
2557 944 2824 1000 peccatum
2856 932 3021 985 solum
3046 946 3063 994 ,°
3092 933 3181 983 sed
3211 934 3365 985 etiant
3394 946 3507 1000 queo
3536 933 3656 996 lecit
3694 944 3785 985 aut
3820 932 3901 998 {a-

2354 1024 2423 1075 cit
2478 1030 2635 1083 recte,
2687 1023 2895 1088 cogita;
2941 1029 2987 1070 ct
3042 1035 3175 1082 sirpe
3224 1036 3337 1071 eum
3368 1018 3709 1087 deprehendes
3736 1021 3901 1082 teipso

2354 1110 2612 1164 meliorem
2638 1149 2653 1173 ,
2696 1112 2929 1176 expensis
2975 1108 3122 1162 rebus
3175 1110 3443 1175 omnibus,
3484 1124 3583 1161 non
3624 1123 3729 1159 una
3767 1111 3901 1162 dun-

2355 1211 2499 1254 taxat
2531 1210 2678 1267 parte
2714 1200 3033 1253 examinata.
3076 1198 3253 1269 Neque
3284 1202 3413 1251 enim
3459 1200 3596 1253 Deus
3638 1198 3900 1252 hominem

2350 1308 2412 1344 ea:
2459 1302 2604 1358 parte
2641 1290 2875 1359 expendit
2924 1306 2942 1341 .'
3003 1309 3021 1340 ‹
3070 1289 3179 1360 Ego
3215 1288 3370 1347 enim.
3420 1290 3603 1357 inquit,
3647 1305 3804 1356 opera
3852 1299 3900 1341 et

2352 1385 2688 1452 cogitationes
2707 1399 2883 1437 eorum
2906 1384 3047 1435 venio
3065 1388 3466 1451 congregaturus
3486 1382 3547 1434 δ’.
3566 1383 3897 1447 )Quinetiam

2351 1491 2467 1527 cum
2514 1473 2767 1541 Josapliat
2803 1474 3085 1545 aliquando
3131 1473 3191 1524 ob
3236 1486 3459 1541 prazsens
3504 1484 3773 1538 peccatum
3811 1476 3894 1526 in-

2349 1577 2601 1633 creparet,
2640 1567 2871 1618 meminit
2904 1579 3100 1635 quoque
3126 1573 3259 1615 recte
3289 1572 3582 1617 sanctorum
3609 1566 3794 1631 ipsius,
3819 1568 3897 1619 his

2348 1662 2512 1709 verbis
2556 1671 2573 1708 :
2625 1671 2643 1705 (
2705 1652 3075 1707 Verumtamen
3127 1653 3276 1705 verba
3328 1654 3459 1706 bona
3503 1652 3712 1706 inventa
3776 1666 3897 1709 sunt

2348 1750 2402 1801 in
2441 1758 2487 1801 te
2508 1748 2593 1800 "'.
2638 1765 2655 1798 ι

2418 1838 2471 1890 ln
2531 1836 2772 1890 eamdem
2833 1834 3153 1891 sententiam
3208 1835 3515 1907 accipienda
3564 1838 3680 1892 haec
3732 1836 3896 1890 verba

2348 1938 2421 1998 (p.
2465 1927 2589 1999 607)
2622 1943 2635 1981 :
2683 1927 2919 1983 Unumne
2942 1929 3136 1982 malum
3160 1942 3359 1999 reputat
3388 1932 3548 1999 Deus,
3579 1932 3744 1986 multa
3776 1950 3897 1985 vero

2347 2022 2480 2074 bona
2521 2038 2619 2074 non
2659 2026 2897 2091 reputat?
2927 2022 3060 2085 Quot
3109 2035 3359 2093 martyres
3402 2027 3490 2093 qui
3537 2027 3755 2092 primum
3803 2041 3896 2076 ne-

2345 2120 2554 2178 garant,
2610 2129 2795 2165 rursus
2848 2114 3193 2181 redintegrata
3246 2130 3416 2180 pugna
3465 2114 3663 2166 cladem
3721 2132 3897 2167 resar-

2345 2202 2491 2253 sere?
2529 2214 2779 2272 negarant
2817 2213 2987 2256 autem
3019 2218 3118 2253 non
3155 2203 3352 2264 animo,
3393 2204 3479 2254 sed
3511 2204 3707 2271 lingua.
3755 2202 3897 2255 Caro

2345 2312 2564 2364 namque
2606 2296 2816 2362 inﬁrma
2861 2304 2953 2347 est.
2998 2292 3203 2345 Excidit
3248 2294 3336 2361 qui
3383 2295 3597 2362 abnegat
3637 2310 3655 2355 ;
3708 2310 3895 2346 rursus

2344 2403 2460 2439 cum
2492 2387 2784 2452 conﬁtetur,
2819 2387 3161 2437 instauratur.
3206 2382 3315 2437 Nec
3360 2386 3493 2437 enim
3544 2386 3680 2436 mala
3714 2386 3894 2437 obsers

2342 2487 2429 2531 rat
2466 2476 2622 2538 Deus,
2656 2476 2787 2527 bona
2821 2490 2937 2527 vero
2981 2472 3120 2525 nullo
3167 2473 3277 2526 loco
3349 2483 3602 2526 numerat.
3653 2471 3719 2524 Et
3766 2488 3885 2524 cum

2342 2570 2455 2638 quis
2500 2578 2858 2637 torqueretur,
2897 2573 3191 2637 plerumque
3243 2569 3392 2621 cessit
3445 2585 3561 2620 cum
3607 2566 3738 2635 ferre
3790 2583 3892 2617 non

2341 2673 2527 2730 posset,
2579 2678 2682 2713 non
2735 2671 3057 2713 commutans
3098 2660 3374 2713 voluntatis
3412 2662 3747 2727 propositum,
3803 2660 3895 2708 sed

2342 2753 2516 2805 labore
2548 2754 2728 2805 victus.
2772 2752 2839 2803 At
2890 2752 3155 2813 dimissus,
3196 2766 3255 2801 ac
3304 2752 3527 2816 requiem
3559 2760 3763 2810 nactus,
3810 2764 3893 2801 re-

2342 2851 2626 2895 stauratur.
2655 2840 3021 2895 Servabiturne
3049 2842 3240 2891 dictum
3272 2841 3419 2891 breve
3456 2842 3696 2891 adversus
3720 2838 3892 2901 illum,

2344 2944 2599 2987 tormenta
2639 2949 2752 2985 vero
2788 2948 2889 2985 non
2931 2932 3415 2984 enumerabuntur?
3448 2931 3511 2983 At
3555 2930 3692 2984 Deus
3726 2931 3895 2999 judez

2341 3036 2437 3092 est,
2474 3043 2571 3079 non
2596 3026 2863 3078 hominum
2898 3024 3144 3077 audacia.
3178 3024 3350 3077 Audes
3375 3024 3532 3092 legem
3559 3023 3893 3085 prmscribere

2343 3118 2469 3184 Deo,
2520 3118 2606 3187 qui
2652 3115 3007 3183 inﬁrmitatem
3062 3115 3237 3177 novit,
3278 3124 3323 3167 et
3385 3116 3674 3181 suppeditat
3735 3112 3892 3163 auxi-

2341 3210 2489 3273 lium,
2523 3208 2766 3276 dabitque
2799 3208 3111 3261 victoriam?
3142 3206 3278 3270 Quot
3312 3217 3431 3257 sunt
3461 3206 3547 3269 qui
3579 3215 3689 3271 post
3727 3204 3892 3255 vitam

2338 3299 2531 3351 malam
2596 3297 2906 3365 martyrium
2968 3296 3364 3349 sustinuerunt?
3429 3292 3569 3347 Num
3641 3295 3891 3360 quoniam

2338 3391 2595 3458 cupiditas
2640 3389 2827 3451 illexit,
2877 3388 3219 3455 privabantur
3259 3386 3563 3441 laboribus?
3595 3386 3690 3440 llic
3730 3390 3891 3442 etiam

2338 3480 2403 3534 de
2442 3479 2603 3547 lapsis
2638 3478 2701 3529 ad
2732 3484 3000 3530 certamen
3036 3475 3379 3529 redeuntibus
3411 3476 3605 3544 agitur,
3644 3491 3780 3543 quos
3811 3478 3893 3529 in-

2338 3565 2570 3625 staurari
2618 3569 2691 3622 ait
2725 3578 2912 3623 auctor
2950 3566 3201 3630 homilia},
3236 3567 3419 3635 eisque
3456 3568 3644 3621 merita
3690 3570 3894 3638 prioris

2337 3661 2458 3715 vita:
2498 3660 2706 3715 restitui
2767 3659 3063 3714 contendit.
3102 3657 3210 3712 Nec
3260 3672 3352 3712 eos
3399 3659 3489 3728 qui
3536 3658 3733 3728 lingua,
3784 3673 3893 3713 non

2336 3754 2513 3807 animo
2554 3752 2826 3820 jurarunt,
2871 3767 2901 3804 a
2948 3758 3166 3819 peccato
3220 3749 3425 3813 eximit,
3472 3751 3563 3804 sed
3598 3766 3689 3803 eos
3718 3765 3746 3800 a
3778 3764 3891 3817 po:-

2339 3846 2560 3899 nitentia
2597 3844 2713 3899 sine
2758 3844 3073 3900 crudelitate
3097 3843 3303 3897 excludi
3331 3858 3430 3897 non
3460 3856 3613 3911 posse
3632 3840 3892 3892 declarat.

2407 3936 2638 4006 Tempus
2666 3951 2770 3990 non
2808 3946 2975 3989 teram
3021 3936 3073 3989 iu
3106 3935 3344 4001 pluribus
3376 3934 3493 3987 aliis
3535 3930 3892 4000 explicandis,

2337 4039 2455 4093 quae
2479 4041 2583 4079 non
2609 4026 2800 4078 merito
2824 4040 2922 4079 suo
2961 4024 3257 4093 vituperata
3296 4025 3347 4075 in
3392 4024 3473 4076 his
3502 4022 3737 4076 ltomiliis
3776 4020 3893 4076 Iuc-

2336 4126 2486 4169 ruut.
2519 4115 2687 4179 Quale
2711 4128 2793 4169 est
2819 4117 2957 4182 quod
2989 4117 3064 4167 ait
3090 4124 3277 4168 auctor
3309 4113 3537 4167 homilia:
3566 4114 3640 4182 (p.
3669 4113 3796 4183 6l9)
3837 4113 3890 4167 in

2338 4205 2493 4269 illud,
2527 4202 2608 4258 Ne
2642 4204 2844 4257 dederis
2878 4220 3115 4257 somnum
3154 4204 3315 4257 oculis
3367 4205 3468 4257 tuis
3496 4205 3539 4270 ⁸,
3570 4205 3761 4260 belluis
3800 4222 3891 4258 so-

2339 4295 2445 4348 lam
2504 4296 2683 4349 inesse
2738 4304 3007 4357 naturam,
3064 4295 3368 4349 hominibus
3414 4311 3542 4352 vero
3600 4298 3889 4360 rationem,

2336 4405 2450 4459 qua:
2490 4399 2692 4442 natura:
2738 4405 2922 4456 parens
2959 4398 3054 4453 est,
3103 4391 3198 4461 τῆς
3241 4391 3449 4459 φύσεως
3491 4391 3645 4457 λόγος
3691 4388 3887 4451 αἴτιος.

2263 4494 2310 4551 ι)
2340 4479 2628 4549 Perspicua
2674 4487 2755 4533 est
2804 4480 2962 4548 hujus
3004 4480 3103 4534 loci
3142 4484 3424 4545 sententia,
3466 4497 3563 4535 nec
3603 4484 3889 4549 quisquam

2339 4572 2587 4641 ignorare
2636 4580 2731 4625 aut
2797 4586 2992 4641 negare
3047 4574 3213 4640 possit
3276 4588 3600 4640 quaecunque
3667 4574 3888 4627 condita

2337 4674 2462 4718 sunt
2496 4664 2697 4717 ratione
2741 4664 2953 4717 condita
3003 4664 3206 4727 fuisse;
3243 4679 3344 4731 quo
3387 4680 3543 4717 sensu
3580 4663 3718 4717 ratio
3752 4664 3891 4718 dici-

2338 4764 2423 4806 lUl‘
2454 4762 2658 4807 natura;
2692 4768 2877 4807 causa.

2407 4843 2513 4896 Vll.
2538 4844 2611 4897 De
2645 4845 2959 4898 tractatibus
2993 4844 3162 4899 sancti
3194 4844 3369 4898 Basilii
3397 4860 3498 4897 non
3532 4845 3694 4897 multa
3731 4848 3889 4900 nobis

2333 4943 2617 5002 supersunt
2642 4933 2952 4988 disserenda
2988 4951 3001 4985 ε
3030 4934 3139 5002 jam
3172 4935 3313 4988 enim
3337 4935 3403 4987 de
3447 4934 3594 4987 libris
3619 4936 3887 4990 Adversus

2335 5024 2673 5090 Eunomium,
2696 5025 2760 5077 de
2778 5024 3033 5092 Ascetico,
3063 5024 3324 5095 Liturgia,
3352 5036 3403 5079 et
3431 5026 3564 5080 libro
3590 5026 3662 5081 De
3684 5026 3886 5096 Spiritu

2331 5128 2508 5171 sancto
2538 5119 2765 5186 egimus.
2791 5117 3086 5182 Quominus
3112 5118 3166 5173 S.
3198 5118 3392 5172 Basilio
3441 5122 3746 5175 tribuantur
3775 5123 3885 5175 duo

2332 5207 2652 5274 posteriores
2690 5208 2938 5263 adversus
2996 5209 3310 5265 Eunontium
3360 5211 3499 5276 libri,
3550 5216 3726 5265 multa:
3760 5212 3887 5266 affe-

2332 5306 2521 5349 runtur
2559 5295 2610 5349 in
2634 5296 2953 5353 Praefatione
2980 5300 3103 5352 tomi
3144 5300 3164 5353 Ι
3218 5302 3473 5369 rationes,
3507 5316 3729 5370 quarum
3762 5301 3887 5355 dua:

2331 5385 2507 5453 magni
2540 5388 2791 5449 ponderis
2822 5387 3087 5453 videntur,
3114 5390 3235 5459 styli
3269 5391 3622 5460 discrepantia
3649 5398 3704 5444 et
3736 5393 3885 5459 quod

2330 5491 2513 5535 auctor
2564 5481 2682 5535 libri
2730 5497 2780 5533 ιν
2817 5480 2957 5550 legat
2984 5482 3203 5551 (p.293)
3259 5483 3553 5553 ὲκτισὰμην
3599 5482 3885 5553 ἄνθρωπον

2328 5575 2414 5626 διὰ
2438 5574 2530 5626 τοῦ
2558 5573 2717 5639 Θεοῦ,
2750 5574 2931 5628 Creavi
2962 5576 3213 5629 hominem
3244 5593 3333 5646 per
3370 5577 3529 5630 Deum
3563 5578 3627 5641 δ’,
3652 5575 3883 5630 Basilius

2338 5666 2551 5735 (p.236l
2584 5682 2709 5721 vero
2736 5666 3069 5741 ἐκτησάμην.
3101 5668 3278 5739 Neque
3296 5670 3407 5726 hac
3424 5668 3629 5739 legendi
3649 5668 3885 5723 varietas

2440 5785 2481 5817 δ’
2506 5783 2637 5839 Gen.
2664 5800 2736 5849 tv,
2766 5785 2873 5839 l4.
