4088 6310
1488 373 1648 426 VITA
1688 371 1742 427 S.
1785 366 2047 427 BASILII.

3198 374 3367 414 CLXXV

172 505 220 559 in
255 499 508 556 librarios
558 495 706 566 rejici
741 503 913 565 potest
954 512 968 548 :
1011 510 1131 547 nam
1158 504 1381 563 uterque
1425 506 1488 545 ex
1518 508 1611 545 sua
1641 491 1713 542 le-
1742 494 1787 551 Λ
1815 490 2002 555 sancti,
2039 486 2184 539 nulla
2231 490 2492 545 creatura,
2537 495 2698 548 neque
2740 493 2883 531 servo
2936 475 3086 530 Patri
3117 492 3179 529 ac
3231 473 3371 530 Filio

170 595 320 665 gendi
358 592 574 646 ratione
600 597 969 657 argumentum
1012 587 1266 640 adversus
1310 585 1594 639 haereticos
1619 582 1714 635 du-

170 689 257 741 cit.
306 682 587 738 Promittit
641 680 854 749 quidem
914 678 1143 733 Basilius
1201 691 1261 732 se
1320 676 1713 745 explicaturum

167 778 284 832 alibi
318 776 394 847 (a)
425 775 716 842 Scriptura:
763 771 1066 826 testimonia
1093 811 1108 835 ,
1162 784 1279 838 quas
1310 784 1473 837 prave
1511 769 1577 821 ab
1612 768 1718 820 ha:-

166 868 348 923 reticis
377 864 827 932 intelligebantur,
864 862 916 914 in
943 861 1024 915 his
1058 861 1185 914 illud
1214 860 1466 914 Proverb.
1498 876 1511 888 '
1540 857 1720 911 Domi-

170 977 259 1014 nus
290 958 482 1013 creauit
511 972 591 1009 me
623 956 667 1008 ⁸.
704 955 809 1008 Sed
838 970 956 1008 cum
1002 954 1282 1023 presbyter
1329 953 1504 1007 factus
1558 951 1722 1005 fuerit

169 1052 323 1122 paulo
370 1058 490 1117 post
532 1058 642 1101 tres
679 1047 883 1115 priores
938 1045 1105 1098 libros
1147 1044 1436 1107 absolutos,
1470 1042 1721 1097 videntur

169 1157 319 1198 nova:
349 1139 452 1193 illa:
476 1135 763 1193 sacerdotii
795 1134 1175 1202 occupationes
1201 1132 1470 1187 obstitisse
1514 1131 1722 1198 quomi-

170 1249 267 1287 nus
293 1231 561 1301 promissa
597 1228 893 1298 perliceret.
924 1224 1177 1290 Quamvis
1212 1232 1386 1276 autem
1436 1236 1627 1290 magna
1654 1222 1722 1273 sit

171 1326 307 1380 inter
342 1324 444 1378 hos
479 1323 609 1375 duos
657 1318 825 1372 libros
861 1326 914 1371 et
948 1327 1056 1370 tres
1090 1316 1295 1385 priores
1328 1311 1451 1383 styli
1483 1312 1724 1366 dissimi-

175 1415 365 1479 litudo,
424 1427 527 1465 non
572 1419 747 1461 tamen
786 1405 1063 1461 sententia:
1116 1404 1468 1472 discrepant:
1505 1411 1558 1455 et
1606 1416 1724 1469 quae

177 1517 230 1558 ut
258 1504 491 1559 absurde
528 1512 580 1553 et
613 1500 789 1566 inepte
827 1499 962 1551 dicta
1017 1494 1499 1561 reprehenduntur,
1536 1509 1597 1546 ea
1628 1508 1723 1547 ex—

174 1594 370 1662 plicare
426 1589 763 1650 conabimur,
792 1588 878 1639 ubi
912 1585 1161 1638 nonnulla
1197 1587 1248 1638 in
1294 1584 1518 1652 singulis
1570 1585 1726 1638 tomis

176 1687 328 1753 hujus
378 1681 632 1736 editionis
682 1678 921 1744 addenda
986 1688 1039 1731 et
1086 1676 1418 1732 emendanda
1463 1691 1726 1744 propone-

174 1790 307 1829 mus.

242 1866 373 1919 Aliae
421 1864 721 1920 afferuntur
767 1865 1023 1927 rationes,
1063 1879 1160 1919 cur
1209 1865 1313 1916 duo
1358 1862 1432 1914 illi
1468 1859 1586 1913 libri
1620 1874 1723 1912 non

176 1957 279 2011 sint
303 1957 570 2010 tribuendi
596 1955 823 2017 Basilio;
854 1954 994 2023 quod
1023 1956 1076 2006 in
1108 1953 1189 2006 his
1218 1952 1363 2004 libris
1399 1959 1591 2018 praeter
1616 1964 1727 2000 mo-

178 2065 283 2102 rem
317 2060 371 2101 ct
403 2048 684 2101 consilium
710 2045 884 2097 Basilii
915 2043 1144 2109 Spiritus
1173 2050 1393 2095 sanctus
1433 2039 1729 2109 appelletur

179 2135 313 2188 Deus
350 2152 364 2185 :
390 2136 533 2203 quod
566 2133 733 2185 Filius
758 2130 998 2199 γέννημα
1020 2144 1160 2197 satpc
1186 2130 1418 2194 dicatur,
1449 2144 1608 2198 quam
1639 2144 1730 2183 v0-

177 2242 289 2279 cem
320 2225 373 2277 in
425 2222 688 2276 Ennomio
732 2221 998 2285 vituperat
1054 2220 1327 2276 Basilius:
1368 2220 1513 2289 quod
1546 2219 1726 2287 Pater,

178 2330 243 2369 ne
287 2323 553 2382 quatenus
592 2311 807 2379 quidem
854 2310 1170 2379 principium
1214 2318 1339 2374 est,
1377 2310 1514 2364 Filio
1563 2308 1733 2375 major

176 2420 293 2459 esse
325 2405 554 2458 dicatur.
594 2401 696 2456 Sed
730 2404 810 2457 ba:
834 2404 1068 2457 rationes
1103 2418 1208 2455 non
1235 2402 1413 2471 magni
1444 2400 1727 2463 momenti;

179 2497 265 2551 illa
294 2498 596 2565 praesertim
630 2497 851 2550 minime
893 2495 1185 2565 probanda,
1215 2509 1373 2562 quam
1408 2493 1580 2560 primo
1617 2491 1731 2545 loco

181 2590 351 2642 retuli.
379 2589 495 2643 Etsi
523 2590 665 2643 enim
690 2588 916 2641 Basilius
944 2586 1036 2639 Dei
1070 2585 1281 2638 titulum
1315 2584 1581 2638 interdum
1612 2581 1730 2651 Spi-

180 2684 301 2735 ritui
353 2699 457 2736 non
510 2682 799 2744 tribuebat,
842 2681 895 2733 in
946 2680 1048 2732 hoc.
1096 2688 1271 2732 tamen
1316 2685 1734 2746 temperamento

181 2790 281 2828 non
306 2775 603 2842 perstabat,
648 2774 738 2826 sed
775 2771 985 2841 publice
1013 2787 1075 2826 ac
1119 2770 1390 2839 privatim,
1436 2777 1571 2823 teste
1607 2767 1737 2822 Gre-

181 2865 328 2933 gorio
379 2864 741 2928 Nazianzeno,
798 2862 1054 2931 Spiritum
1115 2870 1358 2914 sanetum
1418 2859 1722 2928 appellabat

182 2958 364 3021 Deum,
390 2957 480 3009 tibi
518 2965 726 3023 tempus
774 2962 827 3008 et
868 2953 1040 3007 locum
1071 2953 1135 3005 ad
1169 2967 1286 3004 eam
1324 2966 1436 3004 rem
1486 2952 1732 3003 idoneum

179 3058 363 3101 nactus
384 3058 524 3099 erat.
557 3045 859 3111 Quinetiam
905 3044 1003 3095 hac
1033 3042 1333 3096 oeconomia
1376 3049 1488 3117 tum
1521 3041 1735 3095 demum

178 3140 249 3191 uti
276 3140 459 3206 caspit,
483 3152 604 3188 cum
635 3136 806 3187 factus
852 3143 935 3187 est
959 3136 1265 3202 episcopus,
1287 3148 1349 3187 ac
1382 3134 1604 3203 proinde
1626 3133 1737 3201 plu-
1762 3170 1807 3232 ο

179 3227 320 3278 ribus
349 3224 510 3278 annis
543 3234 661 3291 post
688 3223 916 3293 scriptos
945 3225 1000 3277 in
1034 3224 1353 3277 Eunomium
1387 3224 1570 3277 libros.
1602 3223 1736 3277 Hinc

180 3319 230 3370 in
258 3316 486 3385 epistola
512 3324 723 3383 octava,
751 3316 1008 3385 Spiritum
1035 3324 1275 3370 sanctum
1297 3316 1527 3385 appellat
1547 3315 1734 3369 Deum.

179 3410 326 3476 Quod
363 3410 408 3463 si
468 3409 520 3461 in
571 3407 707 3462 libro
753 3409 912 3462 tertio
963 3410 1208 3462 adrersus
1274 3408 1589 3460 Eunomium
1633 3422 1738 3461 non

182 3512 280 3554 tam
305 3501 585 3569 conceptis
623 3500 801 3553 verbis
843 3501 985 3553 hunc
1040 3499 1248 3553 titulum
1283 3499 1506 3567 Spiritui
1551 3507 1739 3552 sancto

180 3593 398 3655 tribuit,
461 3606 567 3643 non
610 3592 825 3642 videtur
882 3589 934 3641 i'd
968 3589 1033 3641 de
1090 3589 1354 3641 industria
1381 3588 1615 3653 cavisse,
1643 3589 1737 3643 sed

181 3685 302 3750 quia
339 3680 713 3735 cavillationes
756 3678 1003 3732 Eunomii
1027 3692 1129 3730 non
1157 3679 1205 3731 ei
1239 3679 1575 3733 occasionem
1605 3689 1741 3733 attu-

187 3778 363 3828 lerunt
390 3771 551 3839 bujus
574 3771 718 3824 vocis
746 3770 797 3824 in
823 3780 930 3825 tam
960 3770 1108 3825 brevi
1133 3772 1552 3838 pertractatione
1584 3788 1739 3827 usur-

178 3866 383 3932 pandae.
428 3862 743 3929 Quanquam
794 3875 912 3914 eam
958 3875 1060 3915 non
1108 3862 1336 3917 obscure
1382 3874 1627 3932 usurpat,
1682 3873 1740 3917 ut

181 3963 328 4021 patet
380 3968 446 4005 ex
497 3952 599 4005 hoc
636 3951 943 4005 testimonio
996 3970 1010 4006 :
1048 3951 1239 4021 Itaque
1280 3956 1327 4006 si
1370 3952 1527 4018 Deus,
1567 3955 1742 4024 inquit

179 4050 255 4110 (p.
305 4040 461 4107 276),
496 4044 548 4094 in
594 4042 738 4095 nobis
782 4059 871 4111 per
926 4042 1184 4109 Spiritum
1242 4044 1477 4096 habitare
1524 4045 1738 4109 dicitur,

180 4150 353 4186 nonne
388 4135 663 4199 manifesta
698 4135 933 4202 impietas
964 4144 1059 4199 est,
1092 4134 1257 4200 ipsum
1291 4133 1539 4201 Spiritum
1572 4137 1740 4189 dicere

179 4236 393 4287 deitatis
412 4235 704 4286 exsortem?
731 4232 820 4296 Et,
850 4236 895 4287 si
926 4250 1008 4287 eos
1040 4234 1129 4302 qui
1164 4234 1347 4285 virtute
1370 4236 1582 4304 perfecti
1602 4243 1739 4302 sunt,

178 4328 300 4377 deus
346 4326 692 4389 nominamus,
726 4325 974 4391 perfectio
1008 4337 1185 4379 autem
1219 4334 1290 4377 cst
1321 4342 1413 4389 per
1449 4326 1740 4395 Spiritum;

175 4419 439 4481 quomodo
483 4418 565 4484 qui
604 4416 733 4468 alios
771 4416 921 4475 efﬁcit
974 4417 1117 4483 deos,
1163 4416 1253 4470 ille
1302 4418 1407 4485 ipse
1463 4420 1741 4471 destitutus

1754 1828 1801 1886 B

1816 581 2115 650 conjuncta,
2150 593 2264 630 cum
2290 575 2451 628 deitas
2490 573 2546 625 in
2581 571 2833 624 Trinitate
2863 567 3196 634 compleatur.
3231 563 3373 619 Nam

1816 670 2067 739 quidquid
2122 677 2278 720 extra
2336 665 2428 716 hos
2475 670 2585 726 est,
2638 662 2692 714 id
2743 675 2891 714 omne
2926 672 3226 710 conservum
3270 664 3370 716 est,

1818 760 2019 814 etiamsi
2051 758 2272 811 maxime
2298 754 2359 807 ob
2389 755 2698 823 dignitatum
2726 750 3079 819 prwstantiam
3111 746 3219 799 alia
3246 744 3371 797 aliis

1820 862 2223 921 anteponantur.
2263 848 2414 916 Quod
2448 848 2492 903 si
2524 856 2710 899 auctor
2738 843 2859 897 libri
2894 841 3067 911 quinti
3104 838 3367 908 Spiritum

1821 946 1874 999 in
1923 944 2223 1012 Scripturis
2268 942 2434 995 Deum
2484 955 2545 992 ae
2594 936 2871 991 Dominum
2920 933 3099 987 vocari
3154 940 3371 984 conten-

1822 1039 1899 1091 dit
1924 1034 1998 1106 (p.
2030 1035 2175 1105 5M),
2213 1035 2348 1085 sicut
2383 1040 2431 1085 et
2473 1030 2697 1084 Verbum
2726 1068 2742 1092 ,
2780 1039 3111 1095 nequaquam
3142 1033 3219 1077 tot
3242 1020 3372 1077 locis

1824 1138 2037 1196 tamque
2088 1126 2391 1186 manifeste,
2446 1125 2538 1178 sed
2582 1123 2767 1177 eodem
2811 1120 2933 1189 jure
2984 1117 3267 1172 Dominum
3312 1128 3375 1168 ac

1822 1220 1986 1275 Deum
2023 1219 2125 1273 dici
2157 1216 2448 1271 contendit.

1893 1310 2080 1379 Neque
2104 1309 2264 1363 etiam
2287 1306 2517 1360 validum
2545 1314 2917 1373 argumentum
2948 1296 3248 1367 suppeditat
3273 1309 3375 1346 vox

1823 1403 2086 1474 γέννημα,
2138 1415 2257 1467 qua:
2304 1413 2333 1451 a
2388 1396 2586 1450 Basilio
2630 1395 2823 1464 rejecta
2867 1393 2917 1444 in
2963 1391 3100 1444 libro
3147 1386 3380 1441 secundo

1828 1500 1903 1571 (n.
1939 1500 1990 1561 6,
2026 1498 2057 1550 7
2083 1506 2136 1550 et
2165 1494 2264 1567 8),
2294 1509 2396 1547 non
2424 1491 2589 1546 semel
2614 1491 2663 1544 in
2694 1496 2886 1558 quarto
2916 1496 2969 1540 et
3010 1485 3197 1553 quinto
3227 1495 3381 1535 usur-

1826 1600 2003 1661 patur.
2051 1589 2304 1642 Eamdem
2354 1600 2536 1639 vocem
2578 1584 2690 1650 ipse
2715 1579 2937 1635 Basilius
2984 1577 3169 1630 eodem
3224 1588 3383 1629 sensu

1827 1691 2047 1749 usurpat
2077 1680 2128 1732 in
2161 1678 2295 1731 libro
2329 1692 2389 1741 ιι,
2427 1692 2547 1745 pag.
2578 1672 2701 1728 269.
2728 1670 2879 1738 Quod
2908 1671 2952 1724 si
2982 1682 3097 1723 eam
3123 1666 3296 1735 rejicit
3328 1666 3379 1717 in

1827 1775 2012 1828 eodem
2060 1771 2197 1824 libro
2232 1769 2491 1835 secundo,
2522 1766 2725 1820 idcirco
2756 1762 2930 1832 rejicit
2958 1761 3097 1831 quod
3132 1773 3247 1812 eam
3276 1753 3383 1808 Eu-

1830 1865 2037 1917 nomius
2056 1864 2225 1916 instar
2248 1861 2378 1931 legis
2400 1857 2776 1929 praescriberet
2796 1850 3119 1919 contemptis
3142 1848 3381 1913 vocibus,

1829 1970 1962 2026 quas
1991 1970 2019 2007 a
2048 1953 2321 2022 Scriptura
2347 1960 2400 2004 et
2423 1947 2709 2003 traditione
2733 1944 3054 2012 accepimus.

1899 2044 2151 2112 Quamvis
2198 2042 2421 2095 Basilius
2470 2040 2520 2091 in
2569 2038 2708 2090 libro
2754 2037 2928 2105 primo
2972 2035 3048 2095 (n.
3078 2030 3167 2101 ΞΒ)
3199 2031 3387 2084 doceat

1830 2136 2041 2189 Patrem
2083 2132 2335 2200 majorem
2382 2143 2497 2185 esse
2540 2136 2805 2197 quatenus
2846 2121 3166 2192 principium
3199 2126 3278 2171 est
3331 2125 3386 2170 et

1830 2242 2029 2291 causa;
2060 2223 2392 2279 contrarium
2428 2219 2553 2274 huic
2598 2216 2854 2271 doctrina:
2896 2214 3061 2267 videri
3087 2225 3189 2264 non
3230 2208 3386 2263 debet

1831 2322 1973 2390 quod
2010 2322 2061 2374 in
2094 2321 2232 2373 libro
2259 2330 2451 2387 quarto
2484 2318 2557 2387 (p.
2580 2316 2707 2386 9.89)
2745 2314 3019 2378 statuitur,
3048 2312 3283 2374 Patrem,
3319 2323 3386 2361 ne

1832 2423 1889 2465 ut
1934 2427 2147 2465 causam
2176 2411 2411 2479 quidem,
2458 2410 2716 2475 majorem
2762 2422 2881 2461 esse
2908 2404 3064 2459 Filio.
3119 2401 3251 2455 Nam
3283 2400 3387 2454 Ba-

1833 2502 2003 2565 silius,
2057 2510 2112 2553 ut
2158 2516 2317 2570 supra
2359 2499 2787 2562 observavimus,
2825 2512 2946 2550 cum
2989 2496 3126 2549 idem
3172 2505 3386 2559 semper

1834 2595 2047 2659 sentiat,
2076 2609 2179 2645 non
2203 2593 2387 2646 eodem
2421 2605 2630 2658 semper
2659 2590 2815 2642 modo
2850 2588 2900 2641 in
2932 2584 3196 2641 haereticis
3226 2582 3387 2637 refel-

1836 2686 2005 2738 lendis
2027 2694 2302 2750 versatur;
2334 2693 2388 2738 et
2414 2683 2655 2753 quamvis
2681 2682 2891 2735 Patrem
2918 2679 3071 2732 initio
3096 2676 3217 2730 libri
3244 2674 3385 2728 tertii

1836 2775 2088 2843 majorem
2118 2790 2235 2830 esse
2274 2776 2462 2829 ordine
2502 2786 2556 2828 et
2599 2775 2855 2844 dignitate
2895 2770 3227 2840 pronuntiet,
3263 2782 3390 2837 qua-

1838 2878 1993 2922 tenus
2027 2869 2193 2922 Filius
2224 2868 2288 2921 ab
2324 2869 2413 2921 illo
2456 2881 2574 2920 esse
2612 2866 2770 2918 habet
2796 2905 2809 2929 ,
2845 2871 3003 2933 negat
3042 2862 3095 2914 in
3135 2860 3269 2913 libro
3314 2857 3388 2911 De

1837 2956 2040 3026 Spiritu
2070 2969 2247 3010 sancto
2284 2959 2435 3029 (cap.
2470 2957 2538 3026 6)
2578 2955 2791 3008 Patrem
2825 2954 3078 3022 dignitate
3112 2959 3387 3021 praestare.

1908 3046 2169 3100 Videntur
2200 3056 2377 3099 autem
2406 3046 2509 3099 duo
2539 3045 2612 3099 illi
2652 3044 2772 3099 libri
2810 3043 2957 3098 rudis
2985 3041 3227 3112 quaedam
3268 3052 3387 3094 esse

1839 3148 1893 3193 et
1937 3140 2284 3208 incomposita
2328 3148 2764 3207 argumentorum
2815 3135 3074 3196 collectio,
3117 3148 3220 3186 non
3253 3147 3387 3200 opus

1839 3242 1953 3285 arte
1995 3240 2047 3283 et
2085 3232 2166 3283 via
2199 3230 2575 3284 concinnatum
2608 3247 2620 3282 :
2656 3244 2755 3282 nec
2791 3228 3038 3298 privatim
3070 3226 3385 3280 Eunomium

1838 3332 2041 3390 petere,
2086 3322 2178 3375 sed
2210 3322 2501 3391 generatim
2543 3320 2827 3375 haereticos
2872 3320 3081 3374 Triadis
3120 3318 3386 3373 inimicos.

1839 3411 2035 3463 Eadem
2084 3410 2195 3462 fere
2227 3411 2278 3462 in
2319 3410 2456 3463 libro
2492 3410 2678 3477 quinto
2710 3409 3021 3461 refelluntur
3062 3422 3124 3461 ac
3160 3408 3211 3459 in
3255 3406 3390 3459 libro

1839 3502 2007 3555 sancti
2034 3499 2214 3553 Basilii
2256 3498 2328 3553 De
2378 3499 2579 3568 Spiritu
2609 3508 2786 3552 sancto
2817 3512 2836 3549 :
2867 3514 2963 3552 nec
3004 3498 3243 3567 profecto
3280 3496 3387 3549 Eu-

1840 3593 2075 3648 nomium
2096 3602 2337 3663 spectare
2354 3592 2523 3661 possit
2542 3593 2653 3645 lucc
2671 3592 2960 3646 disserendi
2989 3593 3120 3644 ratio
3138 3590 3211 3660 (p.
3227 3588 3349 3657 507)
3372 3605 3387 3641 :

1842 3686 1983 3741 Nam
2015 3689 2059 3740 si
2090 3687 2345 3747 Spiritum
2382 3703 2483 3740 non
2520 3686 2685 3739 credis
2716 3702 2779 3739 ea:
2816 3702 2902 3738 ore
2924 3685 3019 3736 Dei
3051 3684 3385 3751 processisse.

1841 3795 1999 3847 neque
2048 3778 2265 3831 Verbum
2305 3779 2548 3830 credis...
2592 3777 2745 3841 Quod
2780 3779 2824 3830 si
2863 3794 2965 3829 non
2993 3776 3159 3829 credis
3189 3776 3243 3827 in
3274 3772 3388 3843 Spi-

1841 3874 2020 3933 ritum,
2052 3886 2211 3938 neque
2240 3870 2293 3923 in
2331 3868 2525 3922 Filium
2554 3868 2743 3922 credis.
2770 3868 2949 3938 Longe
2972 3868 3125 3922 aliter
3151 3866 3395 3921 refellen-

1842 3965 1939 4017 dus
1966 3962 2063 4015 fuit
2099 3962 2415 4028 Eunomius,
2460 3961 2613 4032 cujus
2644 3960 2924 4016 manifesta
2970 3970 3084 4015 erat
3123 3960 3173 4013 in
3200 3958 3393 4012 Filiqu

1841 4055 2106 4124 impietas.

1913 4143 2042 4199 Tam
2073 4146 2236 4199 multa
2260 4146 2323 4200 de
2344 4146 2581 4199 Ascctico
2604 4147 2653 4197 in
2677 4142 2997 4197 Praefatione
3025 4140 3151 4195 tomi
3177 4140 3396 4195 secundi

1841 4246 1895 4290 et
1931 4239 2067 4307 apud
2102 4236 2493 4290 Tillemontium
2546 4235 2810 4304 disputata
2843 4242 2985 4301 sunt,
3020 4244 3078 4288 ut
3115 4235 3250 4288 banc
3282 4248 3397 4285 ma-

1844 4330 2037 4383 teriam
2068 4329 2330 4398 attingere
2360 4343 2466 4383 non
2491 4327 2673 4381 libeat.
2704 4327 2815 4383 lloc
2845 4336 3052 4381 tantum
3077 4326 3397 4390 observabo,

1843 4420 2268 4475 Constitutiones
2298 4423 2622 4477 monasticas
2652 4438 2715 4476 eo
2738 4422 2967 4489 scriptas
2992 4434 3108 4473 esse
3136 4427 3397 4487 tempore,

177 4509 387 4558 deitate
408 4510 523 4560 est?
560 4507 669 4561 Nec
697 4524 813 4560 vero
842 4508 982 4576 pium
1012 4509 1171 4575 fuerit
1202 4511 1393 4576 dicere,
1420 4519 1470 4561 ut
1495 4512 1548 4561 in
1573 4511 1740 4563 Itomi—
1771 4512 1815 4566 D
1845 4528 1949 4580 quo
1987 4512 2227 4564 eteuobia
2272 4513 2528 4581 majorem
2581 4514 2630 4566 in
2666 4513 2880 4564 modum
2932 4521 3299 4563 accreveraut.
3342 4507 3400 4561 id

177 4600 362 4655 nibus,
398 4598 469 4648 ita
504 4610 549 4650 et
578 4600 629 4651 in
663 4599 865 4667 Spiritu
908 4598 1149 4651 deitatem
1185 4617 1299 4666 qua:
1341 4602 1743 4669 participatione

176 4689 441 4757 acquisita
480 4691 567 4751 sit,
616 4692 887 4755 honorari,
928 4707 1030 4743 non
1076 4700 1246 4744 autem
1288 4705 1476 4746 natura
1518 4694 1563 4746 ei
1604 4710 1743 4747 com-

175 4793 384 4845 petere.
419 4776 515 4841 Qui
556 4781 689 4831 enim
728 4783 863 4833 dono
896 4781 1109 4850 efﬁcitur
1156 4780 1314 4846 Deus,
1366 4783 1631 4835 mutabilis
1667 4794 1741 4837 est

176 4883 417 4935 natura,
449 4886 560 4940 quae
592 4886 959 4942 nonnunquam
995 4890 1081 4942 per
1124 4876 1487 4942 negligentiam
1518 4894 1548 4929 a
1588 4877 1739 4929 boni-

174 4972 284 5015 tate
350 4964 577 5015 excidat.
634 4960 700 5013 Id
754 4976 926 5018 autem
970 4978 1141 5035 aperte
1194 4963 1444 5018 salutaris
1494 4966 1739 5032 baptismi

174 5062 444 5119 repugnat
488 5053 752 5106 traditioni
793 5069 810 5105 :
848 5072 864 5103 ‹
899 5055 1116 5120 Euntes,
1165 5055 1355 5123 inquit,
1398 5057 1655 5124 baptizate
1686 5060 1738 5107 in

176 5143 397 5193 nomine
414 5142 585 5195 Patris
614 5154 664 5197 et
684 5141 811 5195 Filii
829 5153 875 5195 et
895 5143 1123 5211 Spiritus
1156 5146 1402 5199 sancti“.
1436 5165 1453 5195 ι
1480 5146 1569 5199 Est
1604 5148 1739 5200 enim

180 5234 453 5299 baptisma
486 5236 712 5303 sigillum
749 5235 890 5302 fidei,
925 5235 1054 5302 fides
1104 5254 1219 5290 vero
1267 5253 1506 5289 assensus
1534 5251 1605 5291 est
1633 5239 1744 5290 dei-

178 5330 303 5377 tati.
354 5322 493 5375 Nam
533 5329 741 5381 credere
779 5330 921 5396 prius
961 5338 1179 5396 oportet,
1222 5330 1404 5383 deinde
1441 5332 1746 5398 baptismate

176 5416 473 5485 obsignari.
527 5415 624 5467 Est
670 5430 841 5470 autem
884 5429 1051 5472 noster
1100 5422 1379 5487 baptismus
1424 5436 1485 5472 ea:
1532 5419 1741 5472 Domini

178 5507 511 5567 traditione,
553 5505 610 5557 in
654 5508 860 5561 nomine
916 5506 1094 5561 I'atris
1130 5518 1177 5560 et
1228 5508 1355 5561 Filii
1410 5521 1455 5562 et
1513 5507 1736 5576 Spiritus

255 5642 277 5670 ⁸
309 5639 470 5693 Prov.
495 5656 611 5705 vin,
637 5640 728 5693 22.
800 5645 841 5673 ⁵·
882 5645 1067 5699 lilattb.
1096 5662 1278 5707 ςχνιη,
1324 5647 1407 5701 19.

247 5807 327 5875 (τι)
364 5804 473 5858 Lib.
506 5822 564 5869 ll,
603 5821 725 5873 pag.
761 5805 884 5858 2'56.

1840 4603 2066 4670 perspici
2104 4610 2278 4669 potest
2299 4616 2363 4654 ex
2394 4617 2513 4669 cap.
2557 4601 2618 4653 18
2648 4600 2721 4669 (n.
2751 4599 2802 4665 1)
2829 4598 2916 4651 ubi
2945 4597 3266 4651 ccenobitica
3296 4598 3400 4647 vita

1840 4694 2267 4745 commendatur.
2331 4693 2481 4745 Ἐπεὶ
2523 4692 2579 4742 δὲ
2619 4692 2667 4743 οἱ
2711 4690 2949 4742 πλεῖστοι
2998 4688 3105 4741 τῶν
3153 4684 3404 4757 ἀσκητῶν

1846 4779 1982 4834 κατὰ
2017 4784 2336 4851 συστήματα
2381 4780 2779 4845 πολιτεύονται,
2808 4780 3056 4850 ἀλλήλοις
3099 4778 3168 4829 τὰ
3211 4777 3406 4849 φρονή-

1850 4888 1991 4943 ματσ.
2019 4876 2151 4942 πρὸς
2175 4873 2371 4943 ἀρετὴν
2399 4875 2825 4946 παραθήγοντες,
2868 4874 2961 4926 καὶ
2984 4876 3050 4944 τῇ
3078 4873 3183 4926 τῶν
3214 4885 3379 4941 κατορ

1850 4963 2113 5032 Θωμάτων
2146 4966 2564 5036 ἁντιπαραθέσει
2605 4964 2996 5037 παρορμῶντες
3040 4964 3264 5025 ἑαυτοὺς
3311 4961 3405 5014 ἐπὶ

1844 5055 1941 5125 τὴν
1972 5055 2061 5108 τοῦ
2092 5057 2255 5110 καλοῦ
2288 5060 2587 5130 προκοπὴν,
2619 5059 2822 5112 δίκαιον
2854 5058 3131 5131 ᾠήθημεν,
3163 5058 3257 5109 καὶ
3285 5056 3406 5109 τού·

1845 5165 1957 5210 τοις
1984 5149 2080 5217 τὴν
2110 5148 2196 5202 διὰ
2226 5152 2331 5203 τῶν
2374 5150 2543 5218 λόγων
2586 5153 2921 5222 παράκλησιν
2969 5148 3403 5217 εἰ-ενέγκααθαι.

1845 5238 1947 5291 Sed
1975 5241 2098 5309 quia
2123 5243 2353 5311 plerique
2388 5254 2571 5296 asceta:
2611 5246 2767 5297 simul
2802 5246 2992 5311 degunt
3033 5242 3087 5295 in
3114 5242 3404 5294 communi-

1847 5342 1971 5399 tate,
2002 5336 2233 5387 animum
2262 5348 2441 5391 mutuo
2468 5348 2771 5393 exacuentes
2806 5337 2874 5388 ad
2904 5338 3160 5398 uirtutem,
3195 5344 3240 5386 et
3272 5344 3405 5386 recte

1850 5423 2108 5489 factorum
2162 5432 2548 5497 comparatione
2601 5432 2795 5499 seipsos
2847 5432 2915 5483 ad
2969 5442 3295 5497 progressum
3351 5424 3405 5476 in

1849 5516 1977 5570 bono
2018 5519 2307 5588 faciendun
2344 5532 2677 5591 conc..antes,
2714 5540 2919 5592 trqttum
2948 5538 3056 5576 esse
3083 5520 3404 5590 putavimus,
