4080 6314
701 365 894 411 CLXXVI

2049 343 2578 403 PROLEGOMENA.

706 487 797 524 «ποι
856 470 1012 521 etiam
1069 464 1393 521 sermonibus
1464 465 1660 519 nostris
1723 465 2015 519 adhortari.
2087 464 2260 533 Supra
2292 467 2337 523 Α
2364 461 2516 515 silius
2554 460 2839 514 adductum
2870 473 2927 512 se
2962 471 3082 511 esse
3114 465 3171 510 ut
3203 456 3431 510 Moralia
3459 456 3751 521 scriberet,
3785 458 3909 511 dum

706 562 939 614 diximus
991 556 1252 612 Basilium
1314 555 1648 612 coenobiticte
1702 556 1825 611 vitae
1878 564 2152 611 auctorem
2205 556 2259 608 in

707 654 875 708 Ponto
912 661 964 706 et
1000 647 1339 720 Cappadocia
1390 648 1580 712 fuisse,
1614 662 1677 702 ac
1717 662 1843 701 rara
1883 646 2166 699 admodum
2206 646 2257 699 in

707 746 792 799 his
828 752 880 799 et
931 743 1126 798 vicinis
1174 740 1484 810 regionibus
1519 739 1767 793 ccenobia
1814 737 2111 802 exstitisse,
2154 752 2259 804 quo

709 848 949 905 tempore
976 834 1141 888 abbas
1169 832 1408 904 Pyamon
1439 846 1531 885 eas
1566 830 1894 900 peragravit.
1926 827 2104 894 Quare
2129 828 2262 883 Con-

707 928 1015 981 stitutiones
1049 924 1359 979 monastica:
1396 923 1481 978 vel
1515 923 1566 976 in
1592 921 1933 991 Cappadocia
1969 931 2063 974 aut
2094 919 2262 974 Ponto

708 1030 799 1074 aut
842 1017 1077 1073 ﬁnitimis
1121 1015 1427 1087 regionibus
1479 1016 1693 1084 scriptae
1744 1028 1850 1068 non
1890 1012 2128 1076 fuerunt,
2183 1010 2263 1064 vel

710 1120 831 1181 post
858 1109 1198 1164 Eustathium
1229 1115 1284 1162 et
1310 1106 1564 1160 Basiliam
1600 1106 1813 1175 scriptae
1846 1115 1991 1159 sunt.

781 1201 1074 1255 Fatendum
1107 1212 1236 1254 sane
1277 1206 1362 1253 est
1404 1198 1538 1252 duos
1576 1198 1742 1251 libros
1785 1196 1857 1250 De
1896 1196 2177 1263 baptismo,
2218 1194 2261 1248 si

708 1289 873 1346 verba
911 1297 1243 1359 spectentur,
1276 1303 1304 1341 a
1337 1286 1521 1343 Basilii
1553 1287 1727 1341 nitore
1761 1286 2029 1341 sermonis
2063 1292 2117 1336 et
2147 1282 2263 1338 ele-

709 1382 893 1454 gantia
919 1380 1145 1434 multum
1180 1378 1450 1434 recedere.
1487 1377 1592 1433 Sed
1615 1378 1658 1432 si
1689 1375 2104 1439 sententiarum,
2133 1388 2264 1441 qua-

710 1488 829 1527 rum
862 1471 1005 1526 nulla
1046 1484 1265 1538 prorsus
1301 1484 1407 1523 non
1446 1478 1530 1524 est
1551 1468 1762 1534 Basilii,
1791 1467 1931 1519 ratio
1965 1464 2261 1518 habeatur:

706 1566 755 1620 si
782 1575 991 1619 summa
1034 1561 1204 1631 pietas
1234 1559 1287 1615 in
1327 1570 1555 1629 utroque
1585 1558 1723 1614 libro
1753 1556 1981 1611 miriﬁce
2018 1556 2255 1625 spirans,

710 1656 755 1709 si
784 1652 952 1723 ipsius
980 1652 1259 1722 scriptoris
1287 1651 1660 1707 consideretur
1685 1649 1993 1710 auctoritas,
2028 1646 2115 1717 qui
2153 1661 2257 1700 non

2361 552 2784 607 dissensionibus
2829 548 3122 604 Ecclesiam
3174 548 3609 618 perturbantibus
3644 552 3867 605 territus
3894 594 3909 618 ,

2360 658 2577 698 causam
2601 652 2655 697 et
2681 642 2975 697 remedium
3006 639 3127 695 mali
3155 639 3395 708 inquirit.
3424 637 3533 692 Sub
3574 640 3735 695 linem
3765 657 3910 711 quae-

2360 736 2551 789 stionis
2585 734 2823 799 decimae,
2848 748 2964 803 qua:
3010 741 3090 787 est
3120 732 3186 786 de
3212 731 3498 795 seandalo,
3530 731 3644 787 haec
3683 734 3913 802 legimus

2361 829 2437 899 (p.
2470 826 2594 899 670)
2636 846 2650 881 :
2690 826 2885 881 Fusius
2916 837 3087 879 autem
3115 826 3211 877 hoc
3239 826 3291 877 in
3321 823 3579 891 prioribus
3610 826 3913 893 questioni-

2361 922 2455 974 bus
2482 920 2838 988 exposuimus,
2865 920 2953 971 ubi
2978 927 3025 972 et
3050 932 3225 971 eorum
3250 916 3337 986 qui
3370 914 3677 968 scandalum
3704 917 3914 982 patiun-

2361 1018 2447 1061 tur
2470 1009 2664 1062 clarius
2688 1023 2907 1075 expertae
2932 1018 3003 1061 est
3028 1018 3241 1061 natura.
3271 1004 3383 1059 Non
3411 1004 3513 1058 alia
3537 1020 3668 1059 sane
3690 1008 3914 1072 quaestio

2370 1101 2456 1155 hic
2488 1100 2773 1162 indicatur,
2797 1101 2895 1152 nisi
2923 1100 2974 1151 in
3004 1096 3337 1151 brevioribus
3365 1094 3586 1164 Regulis
3610 1096 3913 1163 interroga-

2364 1192 2439 1246 tio
2470 1190 2804 1259 sexagesima
2833 1197 3046 1258 quarta,
3070 1189 3156 1241 ubi
3180 1188 3245 1243 de
3270 1187 3521 1243 seandalo
3553 1187 3843 1241 disseritur
3863 1199 3915 1242 et

2361 1282 2430 1337 de
2465 1284 2531 1337 iis
2557 1282 2648 1351 qui
2679 1279 3127 1335 scandalizantur.

2436 1370 2574 1438 Quid
2600 1386 2728 1442 ergo
2756 1371 2857 1425 hac
2884 1371 2939 1423 in
2969 1383 3026 1422 re
3053 1369 3389 1424 statuemus?
3417 1370 3584 1441 stylns
3623 1370 3871 1425 diversus
3902 1392 3914 1425 :

2365 1477 2559 1533 negare
2592 1463 2642 1516 id
2687 1477 2791 1517 non
2825 1472 3126 1530 possumus.
3171 1460 3240 1511 At
3263 1460 3537 1513 sententiae
3570 1474 3793 1529 prorsus
3820 1475 3917 1530 ge—

2366 1553 2570 1608 mellae:
2599 1566 2652 1608 et
2682 1567 2800 1622 qua:
2827 1553 3123 1607 certissima
3152 1558 3276 1605 sunt
3300 1548 3477 1605 Basilii
3511 1565 3698 1621 opera,
3721 1566 3788 1605 ea
3815 1566 3917 1605 sua

2363 1658 2484 1699 esse
2516 1644 2750 1698 declarat
2787 1652 2975 1698 auctor
3021 1640 3281 1696 librorum
3324 1641 3400 1695 De
3454 1644 3722 1710 baptismo.
3778 1642 3919 1696 Num

710 1744 881 1798 solum
906 1742 1143 1813 pluribus
1168 1742 1349 1796 Basilii
1380 1740 1511 1798 locis
1539 1741 1706 1795 utitur
1732 1754 1829 1809 pro
1860 1740 1995 1803 Suis,
2026 1738 2117 1792 sed
2152 1738 2262 1805 ipsa
2297 1805 2332 1813 ᾳ
2366 1735 2662 1803 improbam
2703 1734 2945 1789 fraudem
2984 1742 3039 1787 et
3064 1744 3218 1802 turpe
3265 1731 3598 1788 mendacium
3620 1735 3923 1804 suspicabi-

708 1834 869 1889 etiam
899 1805 1083 1886 Basilii
1119 1832 1344 1901 scripta,
1378 1840 1437 1885 ut
1468 1831 1682 1901 propria
1717 1805 1919 1883 laboris
1960 1827 2041 1881 sui
2078 1840 2263 1880 monu-
2297 1805 2339 1864 Β
2368 1841 2488 1880 mur
2517 1828 2569 1879 in
2612 1835 2720 1878 tam
2753 1826 2923 1879 sancti
2955 1824 3136 1893 cperis
3168 1822 3431 1891 parente?
3476 1823 3698 1889 Quidvis
3740 1826 3920 1895 conji-

713 1934 912 1990 menta,
939 1925 1102 1991 citat;
1130 1924 1375 1992 equidem
1402 1922 1583 1977 malim
1611 1919 1808 1974 Basilio
1835 1919 2136 1974 orationem
2167 1916 2265 1968 ali-

711 2032 873 2086 quam
932 2015 1108 2070 minus
1159 2013 1378 2079 factam,
1435 2013 1720 2080 minusque
1770 2011 2001 2066 molliter
2052 2015 2263 2062 euntem

712 2106 1028 2167 attribuere,
1059 2118 1219 2173 quam
1250 2100 1448 2155 homini
1483 2098 1727 2169 improbo
1770 2106 1825 2153 et
1852 2094 2092 2150 mendaci
2132 2107 2267 2161 pras-

708 2195 1098 2252 stantissimum
1129 2207 1283 2262 opus,
1315 2208 1379 2247 ac
1411 2194 1598 2247 eodem
1639 2202 1860 2259 prorsus
1902 2185 2120 2257 spiritu,
2158 2198 2265 2253 quo

708 2284 891 2338 omnia
918 2280 1099 2335 Basilii
1126 2282 1328 2350 scripta
1349 2319 1365 2345 ,
1400 2280 1775 2347 compositum.

779 2371 1024 2427 Vidimus
1050 2383 1233 2440 supra.
1264 2383 1385 2424 cum
1421 2370 1487 2423 de
1530 2366 1853 2422 eucharistia
1901 2377 2181 2435 ageremus
2212 2362 2264 2416 in

709 2461 1046 2527 Praefatione,
1082 2470 1284 2531 quanta
1323 2460 1396 2517 sit
1441 2459 1700 2514 librorum
1740 2458 1816 2512 De
1848 2457 2104 2526 baptismo
2139 2468 2263 2509 cum

710 2558 832 2613 aliis
861 2557 1041 2613 Basilii
1068 2556 1320 2627 operibus
1346 2554 1659 2609 similitudo.
1693 2551 1826 2606 Nam
1857 2565 1975 2620 qua:
2008 2550 2264 2620 leguntur

711 2649 766 2703 in
812 2648 991 2720 regula
1031 2648 1264 2704 breviori
1314 2646 1439 2711 309,
1490 2646 1555 2700 de
1606 2646 1672 2699 iis
1704 2644 1795 2713 qui
1827 2642 2008 2696 minus
2039 2640 2158 2709 puri
2198 2638 2263 2694 ad

712 2736 1090 2792 eucharistiam
1124 2736 1411 2798 accedunt,
1437 2748 1500 2788 ea
1533 2732 1751 2787 uberius
1778 2740 1832 2786 et
1859 2731 2059 2785 clarius
2091 2728 2263 2801 expli-

712 2833 905 2877 cantur
930 2822 981 2878 in
1013 2823 1152 2883 libro
1179 2838 1215 2877 ιι
1240 2820 1317 2876 De
1346 2820 1622 2889 baptismo,
1648 2828 1835 2890 quaest.
1860 2819 1895 2873 2
1915 2829 1965 2874 et
1980 2820 2033 2876 5.
2064 2818 2129 2874 Et
2151 2833 2269 2889 quae

715 2914 765 2966 in
799 2926 907 2983 reg.
936 2912 1085 2968 hrev.
1136 2911 1261 2978 172,
1287 2925 1351 2966 ac
1375 2908 1569 2971 literal.
1592 2909 1684 2976 21,
1716 2909 1780 2963 de
1800 2908 1960 2962 animi
1991 2906 2269 2964 affectione

713 3008 779 3060 ad
807 3003 1202 3074 percipiendam
1236 3002 1613 3057 eucharistiam
1643 3001 1944 3057 necessaria
1980 3001 2121 3056 dicta
2154 3000 2268 3057 fuc-

714 3102 856 3160 rant,
902 3106 1087 3149 rursus
1125 3091 1463 3148 illustrantur
1496 3093 1551 3148 in
1598 3093 1735 3149 libro
1780 3108 1800 3147 1
1855 3091 1926 3145 De
1976 3091 2265 3158 baptismo,

712 3200 829 3255 cap.
865 3184 917 3243 5.

785 3274 953 3329 Docet
971 3274 1200 3329 Basilius
1224 3275 1275 3329 in
1306 3272 1581 3343 prommiis
1604 3287 1723 3343 qua:
1747 3270 2037 3327 Moralibus
2066 3281 2121 3328 et
2146 3288 2268 3344 pro-

718 3367 843 3422 lixis
880 3365 1103 3437 Regulis
1133 3366 1380 3437 praeﬁxit,
1409 3367 1589 3421 omnia
1619 3380 1838 3436 prorsus
1874 3366 1965 3419 Dei
2006 3376 2267 3437 praecepta

716 3459 1052 3529 adimplenda
1098 3473 1237 3524 esse,
1273 3460 1347 3513 ita
1389 3468 1445 3513 ut
1482 3458 1526 3511 si
1573 3457 1655 3513 vel
1698 3472 1859 3511 unum
1911 3457 2138 3511 violetur
2178 3466 2269 3511 aut

716 3552 1019 3617 omittatur,
1064 3550 1364 3605 certissima
1421 3549 1491 3603 sit
1544 3548 1720 3603 futura
1777 3548 2071 3603 damnatio.
2128 3549 2268 3604 Idem

717 3638 1037 3708 principium
1085 3640 1270 3693 eodem
1320 3636 1475 3691 modo
1516 3638 1800 3705 exponitur
1834 3637 1885 3689 in
1930 3638 2067 3693 libro
2115 3654 2133 3694 ι
2197 3638 2271 3693 De

721 3729 995 3797 baptismo,
1040 3743 1160 3799 cap.
1198 3728 1247 3795 i,
1284 3745 1336 3782 n.
1367 3727 1420 3794 5,
1450 3737 1504 3782 et
1532 3726 1626 3782 lib.
1668 3740 1730 3790 tt,
1768 3735 1954 3795 quaest.
1995 3727 2049 3792 4,
2080 3728 2113 3780 5
2138 3735 2191 3781 et
2215 3727 2267 3782 6.

720 3821 994 3892 l'mcipue
1014 3836 1141 3876 vero
1165 3820 1347 3875 Basilii
1378 3820 1618 3875 doctrina
1644 3818 1977 3890 agnoscitur,
1998 3832 2119 3874 cum
2144 3832 2275 3887 prae-

719 3919 956 3979 ceptum,
984 3924 1090 3979 quo
1114 3908 1365 3979 iubemur
1394 3923 1582 3964 omnes
1621 3910 1873 3973 actiones,
1894 3911 1961 3966 ad
1990 3909 2157 3965 Deum
2190 3924 2275 3964 re-

724 4001 883 4065 ferre,
921 4001 1326 4055 commendatur
1380 4002 1432 4054 in
1470 4001 1608 4055 libro
1644 4016 1685 4067 ι,
1732 4018 1788 4055 n.
1852 4000 1943 4067 25,
1981 4012 2037 4057 et
2077 4002 2129 4055 in
2174 4002 2274 4057 hac

720 4093 1015 4160 quastione
1045 4091 1165 4147 libri
1195 4095 1414 4148 secundi
1437 4107 1555 4164 cap.
1584 4092 1651 4148 8:
1677 4092 1758 4147 An
1778 4102 2041 4163 acceptum
2069 4095 2135 4147 sit
2164 4092 2273 4147 Deo

719 4200 847 4253 opus
871 4184 1132 4254 prrecepti,
1159 4184 1204 4238 si
1232 4200 1335 4238 non
1364 4187 1720 4239 convenienter
1748 4184 1843 4238 Dei
1874 4194 2133 4254 prwcepto
2155 4184 2270 4252 fiat.

724 4275 835 4352 Hpc
862 4287 1187 4345 praeceptum
1211 4277 1487 4332 charitatis
1506 4278 1690 4332 eodem
1718 4278 1874 4332 modo
1900 4277 2194 4333 inculcatur
2222 4278 2273 4333 in

721 4365 902 4435 regula
950 4366 1138 4421 morali
1178 4366 1262 4430 l8,
1304 4381 1420 4438 cap.
1464 4368 1487 4421 l
1538 4378 1593 4422 et
1632 4367 1686 4421 2.
1743 4367 1873 4423 Vide
1913 4368 2183 4425 bomiliam
2221 4370 2273 4425 in

2365 1932 2487 1974 cere
2510 1918 2714 1981 malim,
2732 1933 2890 1986 quam
2912 1916 3174 1985 ejusmodi
3201 1916 3595 1987 suspicionibus
3619 1916 3918 1984 indulgere.

2366 2008 2507 2062 Nihil
2538 2009 2680 2062 enim
2716 2009 2768 2062 in
2800 2009 3053 2079 operibus
3082 2008 3259 2063 Basilii
3307 2009 3371 2063 ad
3407 2022 3613 2061 morum
3662 2011 3924 2062 sanctita-

2367 2105 2472 2153 tem
2503 2100 2865 2166 praastantius,
2909 2114 3071 2169 quam
3106 2100 3210 2155 duo
3245 2099 3317 2154 De
3348 2100 3605 2168 baptismo
3633 2099 3778 2154 libri.
3814 2099 3925 2155 Nec

2367 2188 2622 2245 credibile
2649 2199 2733 2242 est
2759 2204 2901 2253 eum,
2934 2207 2962 2245 a
2998 2206 3103 2260 quo
3136 2192 3418 2261 compositi
3449 2191 3612 2246 fuisse
3635 2191 3923 2251 dicuntur.

2366 2292 2487 2333 cum
2511 2277 2563 2330 in
2592 2278 2815 2347 legendo
2848 2277 3045 2334 Basilio
3085 2282 3489 2335 accuratissime
3521 2291 3770 2336 versatus
3801 2281 3922 2335 fne-

2367 2372 2459 2436 rit,
2489 2384 2593 2424 non
2624 2384 2745 2425 eum
2777 2368 2965 2425 saltem
3012 2385 3078 2424 ex
3125 2373 3225 2426 hac
3273 2372 3498 2427 lectione
3530 2371 3761 2427 fructum
3805 2388 3926 2443 per-

2365 2462 2597 2531 cepisse,
2639 2470 2697 2516 ut
2733 2460 2975 2516 fraudem
3014 2470 3066 2516 et
3106 2461 3443 2517 mendacium
3483 2464 3704 2519 odisset.
3756 2463 3927 2520 Forte

2368 2552 2617 2618 Basilius,
2662 2554 2786 2607 dum
2830 2569 2951 2609 eum
2987 2553 3180 2623 aliquis
3219 2556 3437 2611 morbus
3463 2555 3602 2611 lecto
3642 2555 3831 2628 afﬁgit,
3866 2570 3926 2611 ut

2366 2645 2525 2701 citius
2572 2644 2638 2705 iis
2702 2645 3082 2711 satisfaceret,
3134 2661 3363 2716 quorum
3413 2654 3597 2717 rogatu
3652 2648 3928 2705 scribebat

2369 2736 2444 2808 (p.
2483 2737 2633 2809 624),
2668 2736 2959 2805 incoeptum
2990 2753 3020 2792 a
3045 2753 3106 2794 se
3132 2754 3267 2808 opus
3290 2750 3345 2796 et
3373 2741 3427 2795 in
3458 2742 3522 2797 iis
3554 2757 3673 2812 quae
3701 2743 3769 2801 ad
3802 2759 3927 2799 sen-

2371 2828 2565 2883 tentias
2610 2834 2875 2897 spectant,
2909 2826 3276 2897 informatum,
3315 2832 3474 2887 alicui
3507 2848 3574 2888 ex
3603 2835 3715 2889 suis
3744 2836 3927 2889 absol-

2367 2918 2595 2972 vendum
2641 2917 2911 2972 commisit
2952 2935 2965 2972 :
3008 2918 3079 2972 ita
3117 2928 3174 2973 ut
3218 2921 3499 2975 sententias
3537 2923 3646 2976 sint
3692 2922 3926 2989 Basilii,

2373 3009 2534 3065 alium
2559 3009 2721 3064 verba
2752 3009 2984 3065 habeant
3008 3018 3304 3066 auctorem.
3340 3008 3653 3080 Suspectum
3682 3012 3783 3068 luit
3820 3017 3925 3072 hoc

2372 3115 2508 3171 opus
2543 3100 2883 3167 Combeﬁsio,
2930 3102 2999 3157 ob
3046 3103 3304 3160 doctrinae
3353 3104 3752 3161 similitudinem
3801 3124 3926 3163 cum

2372 3190 2624 3257 Ascetico,
2664 3193 2803 3259 quod
2834 3190 3031 3247 Basilio
3069 3194 3335 3262 abjndicat
3372 3194 3509 3249 idem
3542 3194 3923 3254 Combeﬁsius.

2372 3281 2477 3337 Sed
2512 3281 2625 3336 haec
2656 3281 2814 3348 ratio,
2850 3291 2908 3337 ut
2939 3282 3191 3338 observat
3224 3283 3616 3350 Tillemontius,
3658 3287 3710 3339 id
3743 3288 3884 3341 valet
3911 3329 3926 3351 ,

2369 3383 2427 3427 It
2454 3373 2654 3427 certius
2695 3372 2891 3426 Basilio
2925 3374 3288 3427 attribuantur
3320 3373 3437 3427 libri
3473 3375 3547 3428 De
3572 3377 3852 3442 baptismo.

2442 3462 2586 3517 Nihil
2639 3463 2816 3517 dicam
2867 3462 2932 3518 de
2978 3462 3215 3532 pluribus
3252 3464 3466 3534 scriptis
3508 3466 3560 3520 in
3603 3471 3931 3537 appendices

2378 3553 2507 3608 tomi
2550 3552 2709 3623 primi
2750 3560 2805 3608 et
2834 3552 3051 3608 secundi
3085 3550 3322 3620 rejectis,
3366 3555 3431 3609 de
3476 3556 3668 3625 quibus
3715 3563 3930 3615 consuli

2369 3652 2598 3714 possunt
2625 3644 2969 3715 praefationes
2995 3645 3079 3700 his
3098 3645 3255 3701 tomis
3275 3647 3522 3715 puellare.
3552 3646 3606 3702 In
3632 3650 3931 3719 appendice

2372 3735 2526 3804 hujus
2555 3735 2697 3791 tertii
2726 3736 2852 3790 torni
2881 3735 3141 3790 habemus
3174 3735 3366 3791 librum
3405 3735 3478 3790 De
3501 3739 3825 3807 virginitate,
3860 3742 3930 3796 de

2373 3841 2479 3894 quo
2523 3827 2732 3895 egimus
2768 3826 2821 3880 in
2852 3825 3220 3881 admonitione
3248 3828 3419 3881 eidem
3450 3828 3586 3883 libro
3620 3832 3926 3898 pmmissa.

2373 3914 2767 3981 Grammaticas,
2794 3928 2914 3985 qua:
2942 3914 2997 3968 in
3027 3914 3300 3970 nonnullis
3325 3918 3646 3973 editionibus
3685 3925 3786 3975 sub
3826 3923 3929 3977 Ba-

2372 4005 2479 4061 silii
2505 4007 2719 4061 nomine
2746 4004 2963 4076 prodiit,
2988 4004 3139 4060 locus
3157 4006 3210 4060 in
3237 4005 3337 4060 hac
3362 4006 3651 4061 novissima
3681 4010 3931 4067 edltione

2374 4117 2478 4156 non
2511 4102 2658 4157 visus
2682 4109 2768 4157 est
2799 4100 3135 4157 tribuendus.
3164 4099 3547 4170 Compendium
3572 4118 3693 4161 esse
3732 4108 3928 4162 existi-

2374 4203 2549 4249 matur
2576 4192 2649 4263 (a)
2685 4194 2863 4263 operis
2895 4209 2925 4249 a
2952 4193 3253 4249 recentiore
3285 4194 3515 4263 quodam
3557 4195 3746 4253 Graeco
3773 4214 3929 4253 com.

2375 4282 2550 4353 positi.
2579 4280 2771 4339 Narrat
2805 4282 3072 4340 Scultetus
3110 4282 3183 4354 (ὁ)
3216 4292 3323 4340 tres
3365 4296 3619 4342 tractatus
3644 4288 3744 4343 sub
3776 4288 3932 4345 Basi-

2374 4374 2430 4429 lii
2461 4374 2677 4430 nomine
2713 4374 2766 4429 in
2794 4372 3116 4429 bibliotheca
3147 4389 3243 4430 sua
3276 4387 3512 4442 exstare,
3540 4392 3728 4444 nempe
3760 4395 3928 4446 expo-

719 4458 909 4527 psalm.
947 4474 1090 4525 thv,
1117 4472 1239 4530 pag.
1271 4458 1394 4527 160,
1430 4468 1483 4515 et
1502 4462 1942 4515 commentarium
1973 4461 2027 4514 in
2050 4459 2270 4527 Isaiam,
2304 4486 2349 4542 ι)
2376 4464 2615 4518 sitionem
2636 4474 2932 4517 sanctorum
2961 4457 3183 4518 Patrum
3216 4464 3404 4519 Basilii
3436 4474 3483 4517 et
3508 4464 3741 4535 Gregorii
3779 4470 3932 4524 theo-

719 4569 773 4605 ιι.
802 4550 870 4606 39
893 4563 947 4607 et
975 4551 1064 4607 51.

713 4665 715 4667 ι
787 4640 1092 4707 Quinetiam
1110 4654 1300 4698 auctor
1322 4642 1580 4699 librorum
1601 4643 1673 4698 De
1701 4644 1953 4712 baptismo
1970 4635 2270 4699 certissima

721 4732 902 4787 Basilii
937 4733 1137 4803 scripta
1189 4734 1301 4803 ipse
1344 4733 1445 4788 sibi
1490 4734 1778 4806 adiudicat.
1812 4732 1902 4788 Sic
1937 4734 2080 4791 enim
2126 4748 2271 4803 quic-

720 4826 949 4883 8tio'nem
970 4827 1212 4896 quintam
1240 4827 1507 4897 preponit,
1544 4836 1718 4881 utrum
1754 4826 1901 4881 verbo
1930 4826 2135 4881 cuilibet
2168 4842 2270 4881 non

720 4918 950 4987 obsequi,
976 4919 1040 4972 sit
1066 4917 1265 4987 aliquid
1292 4920 1375 4971 ira
1404 4929 1451 4971 et
1483 4928 1648 4972 morte
1677 4920 1912 4987 dignum,
1941 4918 2147 4973 etiantsi
2174 4916 2276 4987 pri-

720 5004 877 5056 vatim
914 5020 1013 5057 non
1058 5005 1285 5075 singulis
1304 5006 1592 5073 conjuncta:
1627 5008 1726 5059 sint
1752 5008 1942 5071 minae;
1976 5006 2167 5063 deinde
2195 5006 2276 5061 sic

720 5093 907 5159 incipit
933 5108 948 5144 :
972 5093 1187 5148 Dictum
1211 5096 1419 5165 quidem
1456 5106 1530 5151 est
1556 5096 1723 5166 fusius
1749 5100 1810 5149 de
1845 5098 1941 5151 hoc
1967 5108 2273 5168 argumento

721 5186 776 5237 in
825 5184 1045 5252 epistola
1077 5185 1152 5240 De
1171 5188 1455 5242 concordia
1474 5228 1489 5252 ,
1529 5204 1597 5242 an
1628 5186 1857 5242 videlicet
1888 5190 2037 5244 verbo
2066 5189 2276 5243 cuilibet

722 5292 823 5329 non
850 5276 1081 5345 obsequi,
1106 5278 1171 5330 sit
1202 5280 1401 5349 aliquid
1428 5282 1511 5334 ira
1532 5290 1578 5333 et
1610 5288 1775 5334 morte
1806 5280 2039 5350 dignum.
2072 5280 2277 5334 Indica-

722 5378 809 5423 tur
828 5368 933 5423 hoc
960 5368 1077 5424 loco
1102 5372 1420 5439 prommium
1446 5370 1751 5440 Moralium,
1780 5372 1869 5427 ubi
1898 5373 2012 5429 haec
2042 5372 2273 5441 quaestio

725 5458 895 5517 fusius
927 5471 1206 5528 tractatur,
1237 5480 1336 5519 nec
1377 5466 1648 5521 immerito
1691 5468 1792 5522 hoc
1825 5467 2142 5537 prooemium
2176 5480 2270 5521 vo-

724 5557 879 5606 catur
912 5552 1134 5622 epistola
1164 5553 1235 5608 De
1266 5556 1562 5609 concordia.
1604 5556 1677 5610 lbi
1709 5557 1851 5612 enim
1898 5557 2133 5613 declarat
2173 5554 2272 5611 Ba-

800 5753 874 5811 lal
896 5752 1196 5812 Tillemont.
1231 5764 1356 5812 tom.
1388 5755 1481 5821 IX,
1512 5772 1562 5823 p.
1598 5756 1721 5813 502.

2375 4556 2480 4626 logi
2514 4556 2577 4609 de
2604 4564 2785 4609 sancta
2816 4560 2864 4605 et
2899 4554 3188 4609 orthodoxa
3225 4556 3373 4624 ﬁde;
3412 4554 3673 4625 dialogum
3712 4572 3931 4616 sancto-

2376 4664 2491 4700 rum
2522 4645 2710 4701 Basilii
2743 4655 2789 4697 et
2835 4643 3069 4717 Gregorii
3113 4647 3177 4701 de
3221 4647 3414 4700 visione
3456 4644 3573 4713 Dei,
3607 4652 3694 4716 qui
3734 4650 3931 4705 Latini:

2375 4738 2549 4792 editus
2569 4744 2651 4791 est
2679 4735 2731 4789 in
2755 4735 2988 4791 editione
3019 4736 3312 4792 Parisiensi
3336 4739 3460 4792 anni
3486 4740 3643 4805 i603,
3669 4750 3718 4794 et
3743 4744 3930 4810 Magni

2368 4825 2552 4879 Basilii
2578 4827 2960 4880 enarrationem
2985 4828 3039 4881 in
3062 4843 3123 4881 ea
3149 4842 3262 4895 qua:
3292 4828 3344 4881 in
3380 4845 3529 4885 sacra
3564 4830 3778 4899 liturgia
3807 4850 3930 4900 per-

2367 4925 2611 4985 aguntur.
2645 4917 2807 4971 Addit
2834 4918 2974 4973 idem
3022 4916 3290 4973 Scultetus
3324 4919 3486 4975 latere
3522 4922 3574 4975 in
3601 4921 3927 4979 bibliotheca

2369 5008 2613 5062 Palatina
2643 5008 2966 5078 colloquium
2996 5007 3179 5064 Basilii
3213 5026 3332 5067 cum
3362 5012 3620 5082 Gregorio
3644 5012 3712 5068 de
3736 5029 3927 5071 sacer-

2372 5099 2605 5155 dotibus.

2445 5189 2569 5245 Haec
2602 5190 2859 5246 habebam
2894 5204 3013 5259 qua:
3046 5194 3110 5246 de
3238 5192 3418 5248 Basilii
3456 5192 3610 5246 rebus
3654 5195 3827 5264 gestis
3873 5208 3929 5251 et

2374 5280 2587 5351 scriptis
2612 5296 2709 5352 pro
2733 5281 3003 5337 facultatis
3038 5284 3405 5339 mediocritate
3430 5284 3769 5341 dissererem.
3806 5287 3930 5356 Quo

2373 5378 2426 5430 in
2458 5387 2616 5443 opere
2648 5374 2867 5428 minime
2914 5373 3120 5442 dubito,
3152 5375 3277 5443 quin
3310 5375 3475 5431 multa
3502 5374 3645 5430 inter
3674 5386 3751 5432 tot
3784 5376 3927 5433 dii!-

2372 5465 2500 5520 ciles
2525 5465 2891 5533 obscurasque
2919 5467 3243 5533 quaestiones
3264 5506 3280 5532 ,
3323 5474 3415 5520 aut
3447 5468 3624 5521 minus
3662 5468 3893 5524 viderim
3912 5506 3927 5529 .

2372 5565 2463 5611 aut
2488 5568 2591 5609 non
2614 5597 2629 5622 ,
2661 5564 2718 5609 ut
2757 5569 2855 5625 par
2878 5570 2994 5612 erat
3017 5598 3032 5623 ,
3068 5558 3525 5625 pertractaverim.
3568 5556 3675 5614 Sed
3708 5572 3783 5615 ne
3807 5559 3933 5629 qui:

2459 5754 2532 5813 (bl
2570 5754 2749 5812 Tlteol.
2782 5766 2915 5813 oart.
2946 5770 3017 5814 tv.
3051 5771 3101 5814 ο.
3139 5754 3230 5811 26.
