4088 6310
1236 384 1298 440 D.
1336 383 1480 441 JUL.
1521 382 1848 440 GARNERII
1886 381 2269 437 PREFATIO.

3139 394 3349 438 αιινη

164 496 512 567 reprehendat
541 495 681 567 quod
706 510 845 567 sape
875 510 903 549 a
936 494 1255 551 Tillemontii
1286 498 1553 552 sententia
1587 498 1694 551 dis-
1726 506 1773 562 Α
1803 496 1925 549 bras
1959 494 2235 549 oBundere
2264 515 2274 547 :
2305 492 2396 547 sed
2442 492 2575 548 satis
2609 501 2726 547 erat
2754 492 3074 549 Tillemontii
3105 505 3350 562 premere

166 592 340 642 cedam
365 627 381 652 ,
420 597 645 642 caeteros
686 597 861 642 autem
892 587 1108 642 criticos
1148 588 1322 642 rarius
1344 589 1501 642 citem
1529 597 1582 642 et
1614 602 1699 642 re-

164 676 360 741 fellam;
398 678 559 747 hujus
601 678 675 733 rei
707 678 889 747 paucis
913 678 1178 733 reddenda
1212 678 1371 734 ratio.
1415 678 1704 734 Tillemon-

164 769 278 829 tius,
316 783 570 839 magnum
614 768 741 822 illud
786 770 1027 825 historiae
1061 769 1452 825 ecclesiastica:
1483 770 1657 824 lumen
1686 811 1699 833 ,

162 859 392 912 omnium
428 860 834 915 accuratissime
867 861 933 915 de
960 861 1115 915 rebus
1139 862 1299 929 gestis
1326 859 1504 914 Basilii
1539 862 1705 915 disse-

164 950 281 1010 ruit,
315 964 376 1001 ac
404 950 680 1004 innumera
707 949 931 1004 aliorum
964 959 1141 1004 errata
1171 952 1497 1004 emendavit.
1527 949 1703 1015 Quare

165 1052 367 1093 necesse
396 1054 498 1091 non
531 1038 631 1093 l‘uit
658 1040 818 1094 variis
844 1040 1069 1095 aliorum
1102 1039 1442 1108 opinionibus
1469 1040 1704 1095 referen-

163 1139 237 1182 αις
272 1139 323 1183 et
360 1129 679 1186 refellendis.
704 1143 909 1202 tempus
930 1132 1237 1195 extrahere,
1272 1146 1335 1186 ac
1365 1132 1523 1185 rebus
1558 1141 1704 1186 tene-

1804 586 2045 656 vestigia,
2068 596 2121 641 et
2144 588 2187 639 si
2218 586 2346 655 quid
2371 601 2579 641 summo
2604 586 2675 641 illi
2703 587 2818 641 viro
2838 586 3145 651 excidisset,
3168 586 3349 639 obser-

1802 692 1931 731 vare
1957 686 2011 731 et
2040 676 2347 731 emendare.
2379 676 2487 731 Nec
2511 678 2713 732 idcirco
2738 677 2966 732 eximius
3002 676 3088 731 ille
3117 678 3348 745 scriptor

1804 768 2138 822 brevioribus
2181 766 2320 821 foliis
2356 766 2650 830 ornandus,
2693 767 2833 836 quod
2882 767 2935 820 in
2978 765 3094 836 ejus
3136 765 3349 833 scriptis

1806 858 2071 911 interdum
2102 858 2322 912 macula:
2348 868 2665 925 occurrant;
2695 858 2888 927 quippe
2924 872 3045 911 cum
3078 871 3142 911 eo
3177 856 3349 910 facem

1808 951 2121 1019 pratferente
2162 964 2337 1003 naevos
2368 948 2629 1016 ejusmodi
2660 948 3142 1018 deprehendamus,
3169 955 3225 1002 et
3254 960 3345 1001 ac-

1808 1042 1977 1108 ceptis
1995 1042 2062 1094 ab
2085 1056 2148 1094 eo
2173 1040 2436 1109 prtesidiis
2457 1040 2553 1096 hos
2572 1042 2623 1095 in
2646 1041 2965 1111 antiquitate
2988 1038 3344 1103 ecclesiastica

1811 1147 2125 1203 progressus
2153 1147 2562 1201 ουιιεθᾳυεωυτ.

2622 1302 3321 1336 =..—_‘—-==-===

1316 1485 2176 1613 ΡΒλίΕΡΑΤΙΟ.

224 1942 270 1995 l.
303 1941 468 1996 Hodie
502 1942 683 2010 vigent
724 1943 954 2000 maxime
979 1945 1242 2001 editiones
1266 1962 1447 2015 novae;
1476 1964 1575 2004 nec
1605 1958 1691 2006 est
1720 1959 1762 2015 Β
1792 1952 1931 2015 nica,
1962 1948 2254 2017 scriptores
2290 1957 2347 2003 et
2373 1947 2545 2002 (irasci
2596 1957 2650 2001 et
2706 1944 2879 1999 Latiul
2929 1943 3128 2011 scripta
3161 1942 3342 1998 Basilii

165 2031 271 2086 lere
302 2041 481 2085 nostra
518 2041 678 2089 aetate
732 2033 894 2088 ullum
938 2034 1252 2092 litteratum
1290 2053 1476 2108 genus,
1514 2041 1695 2111 inquo

162 2122 267 2190 plus
291 2122 527 2190 positum
556 2123 624 2177 sit
648 2138 823 2192 opera:
848 2138 911 2179 ac
932 2126 1090 2181 studii
1118 2126 1183 2181 ab
1211 2130 1455 2184 eruditis.
1489 2130 1598 2185 Nec
1643 2133 1694 2185 id

163 2215 341 2268 mirum
373 2215 626 2284 cuiquam
655 2218 822 2272 videri
854 2217 1032 2284 debet,
1057 2233 1177 2274 cum
1203 2220 1334 2275 nihil
1361 2220 1495 2277 forte
1525 2223 1697 2293 aptius

161 2317 240 2359 aut
284 2308 466 2360 utilius
513 2308 579 2361 ad
631 2308 769 2363 bona
797 2309 967 2364 studia
998 2312 1356 2379 promovenda
1406 2315 1695 2385 excogitari

161 2399 332 2464 possit.
370 2398 651 2453 Hominem
705 2400 796 2468 qui
828 2402 878 2455 id
907 2410 1082 2470 neget,
1128 2403 1359 2457 arbitror
1389 2402 1503 2459 lore
1530 2407 1699 2462 uerni-

165 2503 293 2555 uem,
332 2491 375 2545 si
411 2505 594 2545 secum
620 2490 777 2559 paulo
798 2491 1053 2545 attentius
1082 2493 1696 2563 reputaverit,primum,

162 2591 342 2644 quanta
397 2581 604 2633 utilitas
633 2594 696 2633 ex
744 2580 895 2635 novis
943 2581 1268 2638 editionibus
1323 2586 1700 2642 accedat:de—

167 2672 299 2738 inde,
333 2687 499 2742 quam
542 2672 835 2744 jucundum
868 2672 940 2728 sit
975 2674 1026 2727 iu
1069 2674 1236 2732 libros
1290 2676 1358 2731 ab
1404 2678 1699 2734 innumeris

159 2766 365 2821 maculis
428 2772 749 2835 expurgatos
801 2766 1055 2820 incidere.
1136 2766 1271 2822 lliuc
1338 2768 1577 2836 factum,
1637 2770 1691 2823 ni

160 2855 317 2922 fallor,
346 2866 403 2908 ut
436 2856 536 2909 hoc
557 2854 859 2926 scriptionis
886 2869 1054 2923 genus
1097 2865 1204 2912 tam
1238 2858 1474 2928 impense
1516 2859 1697 2916 laude-

160 2957 233 2999 tur
252 2946 318 3001 ab
343 2945 616 3013 omnibus,
646 2948 798 3018 quasi
828 2962 982 3003 suum
1029 2948 1256 3018 quisque
1298 2950 1533 3006 laborem
1562 2952 1695 3007 alte-

160 3038 467 3093 riuslabere
499 3040 666 3094 minui
697 3042 945 3111 gaudeat,
1000 3041 1232 3109 velitque
1283 3044 1551 3099 studiosos
1599 3044 1699 3100 hac

158 3127 539 3184 benevolentiae
576 3130 974 3198 significatione
1001 3130 1168 3201 magis
1184 3146 1248 3187 ac
1274 3133 1443 3204 magis
1467 3134 1535 3191 ad
1559 3134 1701 3206 ejus-

158 3219 285 3272 modi
314 3218 558 3272 studium
590 3218 833 3271 incitare.

1795 2040 1948 2109 quasi
1978 2038 2227 2097 certatim
2252 2038 2464 2109 quantis
2483 2035 2726 2093 maximis
2753 2034 2990 2091 laudibus
3018 2034 3341 2089 extulerint:

1795 2148 2021 2203 quorum
2070 2130 2372 2190 testimonia
2416 2130 2623 2184 notiora
2686 2136 2832 2193 sunt,
2885 2142 3042 2199 quam
3092 2134 3149 2181 ut
3186 2142 3249 2183 ea
3294 2128 3345 2180 in

1795 2225 2026 2279 medium
2054 2223 2295 2295 proferre
2321 2234 2535 2276 necesse
2565 2219 2653 2275 sit.

1862 2316 1915 2370 4.
1942 2316 2126 2383 Neque
2161 2329 2292 2369 vero
2323 2312 2613 2382 putandum
2647 2318 2729 2367 est
2778 2324 2869 2366 res
2898 2308 3043 2364 solas
3075 2310 3127 2362 in
3161 2306 3342 2361 Basilii

1800 2406 2017 2474 scriptis
2038 2405 2284 2461 laudari:
2323 2405 2569 2459 laudatur
2597 2412 2653 2458 et
2680 2404 2790 2473 ipsa
2828 2414 3038 2473 quoque
3073 2399 3333 2455 orationis

1798 2496 2085 2567 elegantia,
2130 2493 2387 2558 suavitas,
2454 2492 2828 2561 perspicuitas,
2879 2488 3202 2545 incredibilis
3249 2487 3329 2541 vis

1799 2588 2183 2656 persuadendi,
2228 2586 2487 2642 doctrinae
2522 2582 2823 2653 integritas,
2874 2596 2963 2635 ars
3010 2580 3235 2634 miriﬁca
3264 2578 3344 2632 di-

1799 2680 1956 2736 cendi
1991 2680 2106 2735 sine
2138 2680 2243 2734 ulla
2294 2680 2424 2734 artis
2450 2677 2867 2750 signiﬁcatione,
2902 2690 3107 2731 summa
3153 2674 3205 2729 in
3234 2682 3343 2727 tra-

1797 2769 2007 2824 ctandis
2036 2769 2314 2839 religionts
2352 2767 2672 2823 Christianae
2707 2766 2978 2837 mysteriis
3028 2780 3155 2821 cura
3186 2774 3345 2836 atque

1796 2858 2093 2932 diligentia,
2118 2861 2196 2915 sic
2222 2868 2281 2913 ttt
2308 2858 2442 2913 nihil
2478 2856 2559 2911 vel
2591 2871 2620 2910 a
2656 2855 2945 2910 fastidiosis
2976 2857 3026 2909 in
3049 2855 3163 2924 ejus
3194 2856 3344 2912 libris

1798 2949 2094 3006 desiderari
2119 2965 2279 3021 posse
2307 2949 2571 3005 videatur.

1870 3042 1919 3097 5.
1951 3042 2087 3109 Quid
2132 3042 2300 3105 enim,
2328 3055 2532 3110 quaeso,
2568 3038 2742 3111 expeti
2786 3046 2962 3107 potest
3009 3036 3065 3091 in
3109 3035 3344 3089 Basilio?

1799 3131 1955 3199 Nam,
1989 3142 2047 3187 ut
2074 3133 2139 3188 de
2168 3132 2415 3187 facundia
2447 3131 2657 3191 sileam,
2708 3131 2761 3184 itt
2795 3128 2974 3184 Basilii
3013 3128 3232 3197 scriptis
3265 3128 3346 3181 in-

1800 3224 1984 3278 venias
2026 3238 2131 3276 non
2168 3238 2358 3292 pauca,
2390 3237 2508 3289 quae
2536 3220 2601 3273 ad
2636 3217 3136 3286 interpretationem
3167 3231 3346 3271 sacra-

216 3310 265 3365 2.
303 3308 432 3361 Haec
486 3322 692 3361 mecum
733 3322 852 3362 cum
906 3322 1229 3378 reputarem,
1281 3313 1419 3385 coepi
1455 3321 1510 3370 et
1556 3289 1764 3384 ipse,c
1800 3328 1912 3367 rum
1965 3289 2361 3381 Scripturarum
2410 3317 2677 3381 spectant.
2726 3308 2937 3363 Dixisse
2988 3322 3177 3376 parum
3232 3317 3339 3373 est,

157 3402 436 3457 multorum
463 3400 727 3467 exemplo,
785 3401 849 3454 de
882 3417 1015 3457 nova
1047 3404 1225 3475 aliqua
1260 3406 1494 3463 editione
1539 3408 1697 3463 ador-

156 3496 313 3546 nanda
349 3494 619 3563 cogitare.
672 3491 767 3547 Vix
818 3503 999 3551 autem
1051 3496 1207 3559 ntibi.
1263 3516 1383 3553 cum
1419 3500 1582 3555 semel
1625 3502 1695 3554 ita

153 3584 376 3639 animum
403 3580 735 3643 induxissem
771 3602 967 3653 meum,
1002 3589 1068 3644 de
1097 3604 1259 3657 opere
1303 3591 1572 3661 seligettdo
1606 3593 1696 3645 de-

155 3676 368 3732 liberare
426 3672 597 3731 licuit.
642 3677 710 3732 Ea
759 3687 841 3731 est
880 3679 1021 3734 enim
1060 3680 1242 3735 Basilii
1292 3697 1515 3751 operum
1555 3681 1693 3735 fama

153 3776 298 3835 atque
336 3768 695 3836 existimatio,
726 3778 781 3823 ut
830 3769 1029 3840 impetu
1058 3771 1290 3839 quodam
1336 3772 1507 3843 magis
1534 3785 1692 3841 quam

152 3857 344 3912 delectu
376 3860 443 3913 ad
477 3873 543 3913 ea
578 3875 764 3915 rursus
795 3860 998 3915 edenda
1040 3861 1300 3930 impulsus
1327 3864 1447 3917 sim.
1478 3862 1695 3919 Deside-

154 3947 274 4001 rium
323 3951 562 4019 augebat
615 3952 873 4020 quidquid
924 3952 1186 4023 legebam,
1220 3954 1476 4024 quidquid
1506 3956 1692 4009 audie-

152 4040 255 4091 bam
285 4040 351 4094 de
375 4040 581 4095 Basilio
616 4041 823 4111 Magno.
874 4040 1111 4096 Mirabar
1146 4056 1265 4097 eum
1315 4043 1396 4098 vel
1437 4056 1694 4110 prmstan-

151 4130 356 4185 tissimis
383 4131 613 4187 Graecia:
649 4133 953 4187 oratoribus
978 4133 1242 4199 anteponi.
1269 4132 1477 4195 Pericli,
1501 4131 1691 4201 Lysim,

150 4218 377 4286 Isocrati,
432 4218 733 4285 Phalereo,
776 4221 1138 4277 Demostheni.
1187 4220 1254 4275 Et
1302 4230 1447 4277 certe
1500 4221 1693 4276 Basilio

149 4320 339 4377 nostro,
374 4326 508 4365 cum
554 4311 669 4380 ejus
716 4314 911 4383 scripta
955 4312 1023 4368 ad
1075 4322 1321 4383 posteros
1378 4314 1693 4368 transmissa

147 4410 277 4465 sunt,
308 4403 524 4472 optime
573 4403 875 4456 consultum
930 4403 1100 4458 fuisse
1131 4401 1382 4459 arbitror.
1433 4402 1511 4457 Ea
1548 4404 1690 4458 enim

150 4494 291 4547 tantis
323 4495 581 4549 laudibus
604 4493 905 4549 extulerant
934 4508 1000 4549 ex
1061 4494 1297 4564 antiquis
1332 4495 1596 4561 nonnulli,
1634 4506 1691 4551 ut

1799 3405 2098 3460 traditionis
2147 3403 2472 3458 monimenta
2503 3410 2558 3456 et
2599 3403 2762 3456 multa
2803 3411 2857 3456 et
2904 3398 3135 3470 insignia
3187 3399 3326 3468 apud

1802 3497 2056 3552 Basilittm
2092 3505 2346 3552 exstare:
2383 3494 2487 3551 dici
2540 3503 2716 3563 potest
2750 3494 2929 3548 verius
2953 3532 2969 3555 ,
3015 3494 3160 3547 hunc
3204 3506 3343 3546 sum-

1796 3606 1938 3644 mum
1972 3590 2141 3645 virum
2174 3588 2484 3643 traditionis
2514 3586 2887 3639 auctoritatem
2934 3582 3199 3651 praecipue
3224 3590 3337 3636 sta-

1796 3680 2050 3744 bilivisse,
2076 3694 2195 3733 cum
2226 3694 2342 3735 eam
2398 3677 2665 3732 hazreticis
2707 3684 2954 3739 tanquam
3005 3671 3340 3739 inexpugna-

1796 3770 1951 3827 bilem
1980 3786 2191 3823 tnttrttnt
2225 3783 2437 3835 semper
2476 3764 2742 3835 opposuit.
2788 3764 2955 3828 Quam
2998 3760 3162 3815 multa
3193 3771 3336 3824 sunt,

1795 3877 1912 3931 quae
1948 3860 2229 3914 historiam
2258 3868 2553 3925 temporum
2595 3855 2810 3909 illorum
2857 3852 3158 3907 illustrant!
3200 3851 3342 3917 Quot

1795 3957 1883 4001 aut
1927 3944 2321 4001 Catholicorum
2369 3955 2461 3999 aut
2492 3944 2867 4001 haereticorum
2921 3943 3062 3998 facta
3100 3940 3337 3996 tenebris

1793 4038 1977 4092 obruta
2004 4035 2305 4105 latitarent,
2349 4037 2395 4092 si
2431 4036 2658 4091 Basilius
2695 4050 2757 4089 ea
2813 4034 3005 4089 litteris
3031 4047 3131 4087 non
3157 4030 3338 4100 prodi-

1798 4127 1991 4182 disset!
2023 4124 2116 4181 Ille
2159 4136 2240 4183 est
2264 4128 2552 4182 acerrimus
2582 4127 2689 4181 veri
2723 4124 2995 4189 defensor,
3031 4122 3120 4192 qui
3161 4121 3338 4177 varies

1793 4217 2031 4282 Sabellii,
2082 4218 2219 4281 Arii,
2272 4215 2586 4280 Macedonii,
2644 4215 2925 4278 Eunomii,
2986 4213 3334 4283 Apuliinarii,

1792 4318 1845 4364 et
1868 4310 2098 4365 aliorum
2123 4316 2383 4377 quotquot
2416 4306 2676 4362 hactenus
2719 4307 2931 4361 fuerant
2958 4304 3333 4360 haereticorum

1791 4412 2010 4453 errores
2039 4408 2100 4452 ut
2130 4396 2477 4451 invictissime
2511 4396 2815 4459 confutavit,
2848 4394 2916 4448 ita
2941 4394 3337 4450 cvidentissime

1792 4488 2187 4544 Catholicorum
2216 4488 2464 4557 dogmata
2494 4486 2772 4542 stabilivit.
2814 4484 2995 4554 Neque
3040 4499 3169 4539 vero
3202 4487 3333 4539 stri-

146 4587 273 4642 credi
316 4590 629 4658 potuissent
660 4588 872 4644 modum
917 4602 1127 4643 omnem
1176 4588 1455 4652 excedere,
1502 4597 1556 4642 et
1586 4586 1689 4641 llde
1720 4620 1762 4673 Β
1792 4582 1920 4637 ctim
1967 4590 2061 4637 aut
2112 4581 2341 4635 obscure
2370 4580 2434 4635 de
2479 4578 2638 4631 rebus
2687 4576 2952 4645 loquitur:
2995 4577 3085 4630 sed
3115 4575 3232 4631 fuse
3281 4587 3335 4631 et

146 4678 331 4744 majora
388 4678 735 4745 praedicare:
777 4678 871 4733 sed
904 4679 1045 4747 quod
1072 4692 1101 4729 a
1138 4676 1239 4731 title
1286 4678 1579 4733 abhorrere
1607 4678 1685 4730 vi-

146 4770 241 4823 deri
268 4777 513 4839 poterat,
545 4767 596 4821 id
646 4768 951 4823 lectitandis
975 4767 1150 4823 Patris
1182 4767 1485 4839 gravissimi
1514 4767 1682 4832 libris,

144 4862 187 4905 et
212 4856 557 4911 verissimum
579 4868 722 4921 esse,
752 4864 805 4910 et
843 4854 910 4909 ab
946 4856 1090 4910 omni
1134 4856 1441 4911 adulatione
1465 4856 1682 4911 alienis—

145 4943 341 5012 simum,
367 4947 488 5001 suis
514 4944 744 5014 quisque
776 4946 945 5001 oculis
971 4947 1163 5001 cernit.

201 5034 250 5089 5.
277 5035 342 5089 Et
369 5035 525 5090 aliud
555 5035 624 5089 ad
655 5035 789 5090 hanc
819 5036 1144 5098 provinciam
1176 5034 1567 5102 suscipiendam
1588 5047 1677 5089 me.

149 5125 317 5191 movit,
355 5125 701 5195 exspectatio
723 5125 1074 5179 eruditorum.
1108 5122 1217 5176 Nec
1265 5123 1532 5177 immerito
1553 5134 1681 5178 sane

148 5226 261 5265 nova
284 5215 478 5270 Basilii
521 5229 743 5283 operum
767 5216 931 5269 editio
972 5224 1079 5267 tam
1110 5213 1267 5267 avide
1308 5229 1337 5267 a
1380 5214 1553 5271 doctis
1583 5233 1678 5273 ex-

145 5314 413 5372 spectatur.
447 5306 683 5359 Constat
728 5304 887 5365 enim,
944 5317 1278 5375 quaecunque
1330 5308 1563 5364 maxime
1616 5314 1680 5363 ad

146 5410 398 5448 sacrarum
435 5396 750 5448 litterarum
804 5392 1036 5447 studium
1086 5396 1376 5465 pertinent,
1414 5400 1679 5470 dogmata,

145 5487 317 5546 etbica,
353 5486 607 5550 traditio,
661 5482 905 5552 historia,
951 5487 1256 5558 disciplina,
1288 5505 1472 5546 eorum
1513 5494 1683 5547 scien-

148 5578 251 5627 liam
285 5590 388 5631 non
439 5574 669 5630 aliunde
720 5577 895 5647 potius
941 5594 1102 5649 quam
1155 5596 1184 5636 e
1236 5580 1421 5637 Basilii
1468 5584 1683 5653 scriptis

147 5662 341 5721 hauriri.
395 5666 463 5721 Et
498 5664 643 5719 hanc
672 5666 842 5735 ipsam
889 5684 1008 5725 esse
1038 5685 1254 5726 causam
1298 5673 1554 5737 arbitror,
1587 5689 1683 5728 cur

148 5760 420 5820 Kravissimi
472 5758 741 5817 Ecclesiae
794 5759 996 5825 Patres,
1050 5762 1164 5832 ipsa
1197 5762 1423 5820 concilia
1452 5778 1682 5821 tecumc-

1796 4672 2051 4727 distincte
2105 4670 2157 4723 in
2211 4670 2323 4724 suis
2372 4666 2609 4737 epistolis
2649 4666 2925 4733 antiquum
2970 4664 3332 4719 Ecciesiarum

1790 4771 1985 4819 statum
2014 4761 2167 4829 quasi
2196 4762 2262 4813 ob
2300 4758 2483 4813 oculos
2519 4757 2689 4827 ponit,
2723 4757 2801 4813 sic
2834 4766 2890 4810 ut
2920 4772 3005 4811 res
3031 4758 3175 4828 ipsas
3215 4773 3335 4812 cer-

1791 4867 1938 4915 nere,
1965 4866 2069 4904 non
2103 4851 2301 4921 legere,
2335 4849 2545 4904 credas.
2577 4848 2728 4903 Nune
2751 4857 2928 4902 autem
2957 4848 3022 4902 de
3049 4848 3331 4919 disciplina

1789 4942 2147 4998 ecclesiastica
2192 4941 2321 5015 quid
2349 4942 2544 4996 attinet
2591 4940 2793 5005 dicere,
2831 4955 2951 4994 cum
2986 4954 3141 4993 nemo
3170 4939 3329 5008 paulo

1788 5034 2066 5089 immanior
2104 5034 2313 5105 ignoret
2368 5041 2627 5104 quantum
2676 5032 2778 5085 ista
2816 5032 3050 5086 scientiae
3079 5031 3335 5087 ecclesia-

1788 5126 1939 5181 stica:
1990 5141 2114 5196 pars
2161 5126 2352 5180 debeat
2376 5123 2609 5179 Basilio?
2658 5123 2896 5190 Denique
2945 5124 2987 5177 si
3040 5124 3161 5193 quis
3207 5122 3334 5176 velit

1783 5233 1988 5273 morum
2006 5216 2281 5273 scientiam
2305 5229 2644 5285 comparare,
2662 5221 2753 5267 aut
2774 5214 2897 5267 vita:
2921 5213 3165 5268 asceticaa
3181 5211 3335 5268 insti-

1783 5320 1892 5365 tuta
1919 5310 2146 5374 discere,
2174 5309 2218 5364 is
2242 5306 2519 5362 volvendis
2547 5308 2679 5361 tanti
2710 5304 2949 5375 magistri
2980 5304 3155 5369 libris,
3189 5306 3331 5376 quod

1781 5401 1944 5472 cupit,
1978 5400 2125 5455 brevi
2161 5408 2541 5469 consequetur.

1850 5490 1902 5544 6.
1929 5488 2200 5547 Hactenus
2231 5491 2297 5546 de
2339 5489 2522 5545 Basilii
2561 5504 2781 5561 operum
2814 5490 3159 5560 praestantia:
3193 5503 3331 5543 nunc

1787 5582 1853 5636 de
1895 5582 2205 5638 earumdem
2255 5580 2585 5639 editionibus
2609 5583 2949 5636 disseramus.
2981 5581 3180 5645 Editio,
3212 5595 3331 5649 qua:

1786 5676 2023 5728 omnium
2069 5676 2240 5745 prima
2289 5684 2523 5744 putatur,
2579 5686 2775 5728 excusa
2826 5679 2906 5723 est
2936 5669 3154 5724 Basin
3191 5673 3329 5741 apud

1790 5766 2169 5833 llicronytnum
2205 5766 2413 5822 Froben
2444 5781 2586 5819 auuo
2642 5760 2795 5815 1552.
2837 5757 2891 5812 in
2946 5760 3041 5815 hac
3097 5762 3332 5817 editione
