4080 6314
719 345 957 388 CLXXVIII

2045 331 2575 388 PROLEGOMENA.

722 449 907 507 Grtece
930 449 1275 504 inveniuntur
1309 463 1469 519 opera
1519 464 1638 518 quin
1683 458 2001 519 sequuntur,
2042 452 2273 505 homilia:
2302 456 2346 511 Α
2376 452 2415 501 Α
2442 464 2547 519 quo
2578 450 2689 502 haec
2733 450 2976 517 accipere
3014 449 3247 520 potuerit
3288 448 3353 512 is,
3391 462 3548 519 quem
3592 448 3753 501 modo
3794 444 3924 509 dixi,

721 540 776 593 in
814 538 1176 594 Hexaemeron
1205 546 1257 593 et
1284 540 1337 592 in
1384 539 1646 601 Psalmos.
1677 539 1794 592 aliae
1828 538 1897 593 29
1933 539 2160 592 humilia:
2208 539 2273 593 de

721 632 949 687 diversis
974 634 1323 702 argumentis,
1365 632 1503 685 liber
1528 632 1621 693 De
1644 632 1851 697 Spiritu
1881 640 2060 684 sancto
2081 671 2096 687 .
2150 646 2269 684 cum

718 726 959 794 epistolis
1016 725 1306 780 nonnullis.
1365 724 1527 779 Praeit
1573 725 1657 779 bis
1709 725 1962 779 omnibus
2017 724 2270 793 praeclara

719 816 962 886 praefatio
992 816 1219 870 Erasmi.
1274 815 1426 870 Hanc
1457 816 1771 879 editionem,
1811 829 1932 867 cum
1970 830 2136 883 opera
2173 812 2273 865 Ba-

718 908 823 961 silii
848 908 1482 976 interpretarer,semper
1508 910 1575 960 ob
1597 908 1779 960 oculos
1809 906 1990 970 habui,
2016 921 2078 959 ex
2104 919 2272 973 eaque

717 1000 969 1053 adnotavi
1020 1002 1197 1055 varias
1260 1000 1520 1054 lectiones
1567 1013 1668 1051 non
1719 1014 1917 1067 paucas
1964 1016 1975 1050 :
2030 1013 2163 1065 quas
2217 1001 2270 1051 in

717 1106 855 1146 nova
901 1093 1081 1147 videre
1109 1094 1301 1161 cuique
1334 1090 1533 1145 licebit.
1567 1089 1730 1143 Paulo
1786 1100 1904 1155 post
1959 1089 2060 1142 alia
2108 1090 2271 1144 editio

713 1185 898 1241 Graece
921 1200 1133 1253 quoque
1168 1185 1409 1237 Venetiis
1434 1183 1632 1252 prodiit
1665 1198 1729 1235 ex
1763 1182 1975 1235 ollicina
2009 1181 2268 1249 Stephani

714 1276 858 1330 Sabii
907 1292 1047 1330 anno
1086 1275 1239 1330 1555.
1300 1274 1556 1343 Reperias
1606 1276 1657 1327 in
1691 1274 1790 1327 hac
1824 1274 2097 1336 editione,
2151 1288 2269 1342 qua:

712 1376 1033 1436 sequuntur:
1054 1367 1290 1420 Ascetica
1311 1366 1622 1435 Ethicaque,
1645 1364 1836 1417 librum
1853 1363 1927 1416 De
1949 1363 2268 1432 virginitate,

710 1460 919 1527 priores
952 1469 1058 1511 tres
1088 1458 1139 1511 in
1168 1456 1483 1510 Eunomium
1526 1455 1711 1515 llbros,
1741 1454 1957 1508 brevem
1984 1458 2267 1522 quemdam

712 1560 996 1603 tractatum
1025 1560 1208 1602 contra
1242 1547 1568 1601 Sabellianos
1611 1556 1657 1599 et
1684 1546 1869 1598 Arium
1902 1555 1947 1598 et
1973 1544 2266 1600 Anomaeos.

710 1640 777 1693 Et
824 1642 921 1695 hac
967 1654 1180 1709 quoque
1229 1639 1466 1692 editione
1521 1655 1649 1693 usus
1684 1654 1801 1692 sum
1846 1638 2016 1691 instar
2061 1638 2265 1707 antiqui

710 1731 985 1800 cujusdam
1032 1730 1151 1783 libri
1182 1730 1387 1784 calamo
1416 1731 1582 1784 notati
1611 1746 1623 1781 :
1657 1731 1707 1784 in
1754 1746 1854 1797 qua
1898 1730 2152 1799 quidquid
2182 1730 2264 1785 di-

2376 542 2457 593 vir
2480 540 2809 594 clarissimus
2839 542 3087 611 idemque
3126 540 3489 602 doctissimus,
3538 540 3760 603 nescio;
3804 552 3925 592 eum

2371 650 2490 704 ego,
2533 634 2645 701 qui,
2690 634 2732 686 si
2777 634 2845 686 ita
2879 646 3042 699 esset,
3082 635 3134 689 id
3178 636 3422 703 ignorare
3470 633 3556 686 vix
3594 634 3924 701 potuissem,

2374 723 2507 776 nihil
2541 732 2717 776 tamen
2745 721 2811 776 de
2838 723 2939 776 hac
2977 724 3298 793 przefeetura
3324 738 3556 790 unquam
3601 721 3870 774 audierim
3902 739 3914 774 :

2370 816 2464 869 sed
2521 815 2634 869 scio
2682 823 2975 882 testorque,
3013 831 3078 869 ne
3120 832 3277 870 unam
3303 816 3517 884 quidem
3571 813 3864 866 litterulam
3896 829 3925 867 e

2369 905 2581 959 schedis
2608 904 2794 973 Lopiui
2815 907 2982 959 nostri
3014 908 3079 961 ad
3110 923 3193 961 me
3226 907 3554 976 pervenisse.
3586 904 3925 959 Monehimus

2369 998 2524 1063 quasi
2567 1005 2974 1065 prietereuntes,
3011 1013 3194 1052 rursus
3228 999 3468 1053 edituros
3500 1012 3597 1051 nos
3634 998 3701 1050 ad
3744 996 3924 1065 operis

2368 1088 2569 1141 calcem
2603 1088 2903 1155 praecipuas
2934 1088 3272 1157 antiquarum
3326 1091 3619 1144 editionum
3650 1088 3926 1157 prazfatio-

2369 1194 2485 1232 nes.
2514 1178 2586 1231 Ita
2614 1180 2757 1232 enim
2784 1180 3009 1232 erttditis
3040 1180 3250 1248 placere
3280 1182 3452 1246 video,
3497 1182 3585 1249 qui
3620 1182 3923 1249 priscarum

2368 1270 2658 1325 editionum
2694 1271 3039 1340 prarfationes
3066 1287 3256 1340 magno
3282 1274 3584 1329 litterarum
3619 1275 3820 1328 damno
3870 1274 3922 1327 in

2368 1362 2739 1417 novis‘deesse
2764 1372 3185 1431 conqueruntur.

2437 1452 2487 1504 7.
2537 1451 2756 1506 Lutetia:
2804 1451 3127 1507 Parisiorum
3178 1452 3315 1505 intra
3368 1469 3566 1520 paucos
3610 1469 3785 1509 annos
3839 1456 3925 1509 bis

2368 1542 2507 1597 edita
2536 1552 2655 1597 sunt
2684 1543 2855 1612 Opera
2886 1544 3103 1610 Basilii,
3150 1560 3289 1598 anno
3322 1545 3489 1611 1618,
3538 1548 3675 1614 apud
3712 1548 3923 1602 Micha-

2367 1633 2502 1688 elem
2530 1635 2826 1702 Sonnium;
2871 1646 2924 1691 et
2958 1652 3099 1691 anno
3124 1636 3257 1693 1638
3278 1678 3293 1703 ,
3345 1641 3482 1707 apud
3509 1640 3781 1710 Egidium
3813 1642 3925 1695 Mo-

2368 1730 2577 1784 rellum.
2606 1728 2872 1799 Quidquid
2892 1734 2943 1786 in
2970 1734 3092 1797 hac,
3118 1746 3275 1785 omne
3306 1731 3357 1785 id
3382 1732 3433 1784 in
3466 1732 3552 1784 illa
3575 1734 3922 1796 continetur;

710 1820 853 1875 versi
885 1821 1080 1889 reperi,
1116 1822 1166 1874 id
1207 1836 1291 1875 me
1313 1836 1415 1874 non
1454 1821 1624 1890 piguit
1667 1821 1808 1874 inter
1837 1819 1970 1873 alias
1993 1821 2263 1877 variantes
2298 1798 2338 1852 Β
2366 1838 2465 1877 nec
2494 1838 2598 1875 una
2626 1823 2792 1876 altera
2819 1833 2903 1879 est
2931 1827 3158 1880 auctior.
3190 1834 3280 1878 aut
3310 1824 3583 1877 minutior.
3610 1825 3812 1880 Eadem
3842 1835 3927 1878 est

708 1912 967 1967 lectiones
1022 1922 1227 1966 notare.
1275 1910 1431 1965 Anno
1473 1910 1605 1965 1551
1668 1911 1877 1981 vulgata
1918 1920 2001 1966 est
2042 1910 2264 1965 Basilete

708 2005 809 2058 alia
850 2004 1012 2059 editio
1063 2004 1249 2060 Graeca
1307 2000 1472 2057 muito
1521 2006 1727 2059 auctior
1778 2020 1900 2058 curn
1950 2003 2264 2073 praafatione

706 2096 889 2151 Grreca
915 2095 1033 2151 Jani
1066 2096 1308 2152 Cornarii
1338 2099 1405 2152 ad
1446 2096 1643 2153 Julium
1669 2097 2122 2166 Numhergensem
2154 2097 2265 2166 epi-

707 2167 947 2257 scopum.
986 2187 1109 2243 Haec
1141 2188 1303 2243 editio
1336 2188 1717 2256 complectitur
1763 2203 1883 2257 qua:
1936 2186 2263 2259 subiungun-

708 2292 831 2343 tur,
881 2282 1125 2337 undecim
1172 2281 1420 2336 homilias
1464 2282 1520 2333 in
1581 2279 1984 2339 Hexaemeron:
2013 2282 2263 2337 homilias

706 2375 888 2427 decem
926 2385 979 2427 et.
1014 2382 1215 2443 septem
1263 2375 1317 2427 in
1360 2372 1633 2429 Psalmos:
1670 2375 1920 2428 homilias
1964 2374 2035 2430 29
2073 2376 2136 2429 de
2176 2375 2259 2429 di-

708 2465 880 2519 versis
912 2465 1243 2534 argumentis
1273 2481 1287 2519 :
1324 2465 1517 2519 librum
1551 2464 1626 2519 De
1656 2464 1857 2533 Spiritu
1882 2477 2062 2519 sancto
2095 2484 2113 2522 :
2145 2469 2259 2534 epi-

703 2556 871 2610 stolas
907 2555 1085 2610 Basilii
1140 2564 1193 2611 et
1243 2556 1487 2626 Gregorii
1547 2556 1873 2609 Nazianzeni
1917 2557 2017 2611 180
2050 2575 2063 2611 :
2091 2558 2260 2629 ἀσκη-

702 2649 869 2702 τικῶν
898 2647 1084 2715 λόγους
1111 2659 1315 2715 septem
1339 2664 1353 2698 :
1388 2649 1602 2699 brevem
1631 2655 1916 2700 tractatum
1946 2648 2021 2700 De
2053 2650 2257 2717 judicio

709 2740 841 2792 Dei:
871 2740 1031 2791 alium
1066 2738 1138 2791 De
1190 2738 1293 2805 ﬁde
1335 2753 1353 2790 :
1384 2736 1584 2805 ⁴Ιιιθικῶν
1640 2738 1797 2808 ὄρους
1830 2737 1898 2791 80
1930 2757 1941 2791 :
1981 2740 2258 2811 ἐρωτημάμ

703 2842 810 2878 των
860 2824 1168 2895 ἀσκητικσΝ
1206 2823 1347 2878 κατὰ
1402 2824 1596 2888 πλάτος
1647 2827 1803 2895 ὄρους
1830 2828 1896 2881 55
1930 2847 1941 2881 :
1977 2831 2259 2899 ἐρωτημά-

701 2934 809 2971 των
838 2916 1146 2987 ἁσκητικῶν
1172 2916 1291 2969 κατ’
1322 2913 1584 2986 ἐπιτομὴν
1631 2915 1787 2985 ὄρους
1829 2914 1969 2969 513:
2006 2917 2256 2986 ἐπιτίμια

702 3010 945 3076 quaedam
968 3026 980 3061 :
1001 3008 1418 3062 Constitutiones
1443 3006 1703 3063 ascetieas
1724 3005 1793 3060 54
1822 3023 1835 3060 :
1876 3004 2165 3075 Epistolaut
2191 3006 2257 3059 ad

2363 1912 2603 1982 pratiatio
2630 1913 3064 1983 hibliopolarum,
3086 1916 3258 1969 iidem
3296 1916 3669 1969 commentarii
3696 1917 3748 1968 in
3776 1916 3926 1970 Scri-

2362 2014 2593 2073 pturam,
2647 2006 2881 2062 homilize
2937 2008 3002 2062 de
3054 2009 3280 2065 diversis
3332 2009 3659 2079 argumentis
3695 2009 3925 2069 eaedem.

2364 2094 2523 2148 iidem
2549 2096 2693 2160 libri,
2726 2097 2862 2151 idem
2892 2113 3145 2153 numerus
3177 2100 3524 2169 epistularum
3550 2117 3563 2162 ;
3595 2112 3700 2151 uno
3730 2097 3925 2162 verbo.

2364 2184 2406 2237 si
2455 2187 2687 2254 excipias
2730 2189 2970 2244 ordinem
3031 2206 3136 2259 quo
3197 2206 3284 2247 res
3337 2193 3725 2262 disponuntur,
3772 2193 3925 2262 paria

2362 2277 2537 2328 munia
2564 2294 2577 2329 ε
2609 2278 2747 2345 quod
2774 2294 2894 2331 cum
2938 2297 3041 2335 non
3074 2283 3435 2339 advertissent
3466 2286 3705 2340 nonnulli
3737 2324 3753 2349 ,
3786 2284 3927 2338 falso

2360 2376 2415 2420 et
2446 2368 2622 2435 inepte
2670 2367 3000 2422 atlirmarunt
3036 2374 3284 2439 epistolas
3314 2376 3470 2445 longe
3522 2376 3701 2445 plures
3733 2376 3787 2429 in
3829 2390 3929 2443 po-

2360 2460 2575 2514 steriori
2605 2461 2841 2515 editione
2884 2463 3173 2517 contineri.
3223 2465 3469 2520 Eilitione
3497 2469 3665 2536 priori
3702 2483 3927 2538 semper

2360 2554 2441 2607 usi
2468 2568 2673 2620 sumus,
2710 2569 2826 2623 quae
2858 2554 3027 2607 altera
3063 2556 3373 2623 castigatior
3392 2568 3474 2611 est
3495 2569 3545 2611 et
3570 2561 3923 2613 accuratior:

2359 2657 2411 2702 et
2442 2648 2651 2716 quoties
2692 2647 3008 2717 simpliciter
3043 2650 3278 2703 citantur
3311 2649 3471 2710 editi,
3502 2648 3554 2701 id
3588 2659 3802 2716 oportet
3831 2665 3925 2703 ac—

2359 2739 2458 2807 cipi
2492 2740 2557 2792 de
2587 2740 2751 2807 priori
2779 2740 3032 2794 editione.
3075 2739 3451 2809 lnterpretatio
3493 2754 3610 2808 qua:
3640 2754 3669 2792 e
3696 2741 3923 2807 regione

2358 2831 2681 2899 exemplaris
2710 2832 2880 2887 Grmci
2912 2834 3124 2903 legitur,
3154 2848 3257 2886 tton
3288 2832 3444 2884 unius
3472 2842 3547 2884 est
3580 2831 3915 2898 interpretis,

2363 2922 2455 2974 sed
2479 2922 2788 2986 multorum,
2816 2922 3035 2976 Joannis
3058 2924 3394 2995 Argyropyli,
3440 2920 3919 2992 Raphaelis’Vola-

2362 3014 2583 3075 terrani,
2625 3013 2851 3075 Erasmi,
2903 3013 3144 3067 Godfridi
3189 3015 3457 3068 Tilmanni
3504 3016 3595 3085 qui
3648 3029 3756 3069 non
3798 3030 3923 3069 raro

703 3096 979 3151 Chilonem
1008 3113 1021 3148 :
1048 3098 1205 3149 aliant
1233 3100 1295 3150 ad
1318 3098 1634 3151 monachum
1662 3097 1867 3166 lapsum
1893 3112 1906 3148 :
1936 3096 2101 3149 libros
2122 3097 2255 3149 duos
2284 3129 2324 3186 Ο
2362 3100 2602 3170 volgatas
2634 3101 3100 3167 interpretationes
3132 3104 3459 3170 recognovit,
3493 3119 3765 3173 novasque
3794 3118 3923 3158 con-

707 3184 783 3237 De
826 3187 1120 3253 baptismo:
1160 3185 1396 3238 libellum
1446 3186 1580 3256 Περὶ
1621 3186 1712 3238 τοῦ
1764 3184 2127 3253 αὑτεξουσίου,
2178 3185 2253 3240 De

700 3276 868 3331 libere
893 3276 1143 3330 arbitrio:
1163 3278 1356 3331 librum
1390 3276 1463 3330 De
1480 3279 1817 3347 virginitate:
1851 3296 2151 3335 sermonem
2180 3281 2253 3335 De

698 3365 981 3433 paradiso:
1014 3364 1176 3417 libros
1211 3366 1445 3432 quinque
1481 3368 1727 3419 adversus
1770 3366 2107 3423 Eunomium.
2150 3370 2253 3424 Re-

704 3457 882 3523 perire
902 3464 984 3508 est
1013 3456 1063 3506 in
1086 3455 1429 3508 bibliothecis
1477 3454 1632 3523 longe
1663 3458 1843 3525 plures
1874 3461 2132 3515 editiones
2157 3460 2258 3515 La—

707 3546 846 3600 tinas
878 3562 892 3599 :
928 3561 1059 3614 quas
1103 3547 1198 3601 abs
1238 3562 1295 3600 re
1346 3561 1450 3601 non
1496 3546 1657 3599 fuerit
1702 3550 1802 3601 hoc
1841 3550 1955 3603 loco
1998 3553 2254 3609 indicare.

703 3638 875 3694 Paris.
918 3638 1074 3700 1525,
1112 3638 1230 3703 fol.,
1262 3640 1401 3708 apud
1448 3639 1795 3693 Aseensinm.
1832 3640 2063 3696 Colonia:
2098 3644 2256 3707 1551,

704 3731 824 3795 fo|.,
850 3732 988 3798 apud
1034 3730 1439 3787 Cervicornum.
1476 3732 1639 3785 Basil.
1684 3730 1842 3794 15w,
1880 3732 2017 3799 apud
2067 3732 2260 3787 llerva-

706 3823 892 3890 gium,
940 3837 1059 3874 cum
1116 3824 1424 3890 praefatione
1469 3822 1771 3895 Wolfgangi
1839 3823 2094 3885 Musculi,
2165 3826 2254 3879 fol.

706 3916 863 3968 Basil.
895 3914 1247 3983 1552,5tudi0
1280 3925 1512 3985 etopera
1541 3914 1940 3982 JauiCornarii,
1975 3916 2065 3971 fol.
2095 3917 2257 3973 Basil.

706 4007 865 4072 1565,
905 4008 1023 4075 l'ol.,
1059 4009 1199 4078 apud
1244 4006 1403 4063 Joan.
1446 4007 1760 4077 Oporinum.
1792 4009 1960 4065 Paris.
2008 4011 2254 4067 Godfridi

704 4100 993 4157 Tilmanni.
1031 4100 1185 4163 1566,
1222 4100 1339 4167 fol.,
1373 4102 1510 4171 apud
1554 4100 1867 4156 Michaelam
1902 4101 2159 4167 Guillard,
2190 4105 2258 4155 vi-

704 4191 859 4246 duam
880 4188 1148 4247 Guillelmi
1183 4192 1439 4263 Desbnys.
1472 4191 1732 4262 Antuerp.
1780 4189 1935 4254 1568,
1966 4190 2082 4255 l‘ol.,
2120 4194 2255 4261 apud

704 4281 1004 4353 Philippum
1036 4284 1275 4338 Nutium.
1310 4284 1485 4338 Paris.
1527 4283 1685 4347 1571,
1713 4283 1830 4348 fol.,
1861 4283 1998 4352 apud
2042 4282 2252 4338 Sebast.

702 4376 986 4431 Nivellium
1015 4394 1028 4429 :
1063 4393 1221 4445 quam
1255 4377 1549 4432 editionem
1583 4377 1755 4430 secuti
1802 4386 1927 4431 sunt
1967 4376 2056 4443 qui
2095 4390 2254 4446 opera

2363 3193 2563 3256 texuit,
2604 3191 2871 3245 Ambrosii
2924 3190 3385 3255 Camaldulensis,
3452 3194 3668 3264 Georgii
3717 3194 3924 3265 Trape-

2359 3284 2524 3337 zuntii
2551 3324 2563 3345 ,
2602 3282 2828 3336 Fumani
2853 3324 2866 3347 ,
2897 3281 3210 3335 Montacutii
3236 3291 3290 3335 et
3325 3282 3550 3335 aliorum
3577 3322 3591 3347 ,
3636 3300 3771 3347 quos
3806 3286 3922 3339 lou—

2357 3390 2480 3444 gum
2524 3384 2665 3429 esset
2700 3390 2986 3429 recensere
3024 3390 3212 3428 omnes
3240 3374 3338 3445 (rt).
3393 3373 3467 3427 De
3496 3373 3628 3428 Jano
3658 3374 3924 3430 Cornario

2358 3482 2481 3521 mox
2521 3468 2716 3522 dicam.
2772 3465 3025 3536 Vulgatas
3063 3466 3180 3520 illas
3232 3475 3307 3520 tot
3349 3466 3620 3521 hominum
3653 3466 3926 3533 interpre-

2359 3561 2586 3613 tationes
2618 3559 2735 3628 plus
2786 3561 2963 3613 minus
3008 3574 3194 3614 omnes
3236 3560 3378 3612 vitiis
3409 3558 3797 3634 propemodum
3836 3559 3923 3610 in-

2358 3647 2593 3699 numeris
2644 3647 2908 3711 laborare,
2962 3648 3073 3715 jam
3111 3648 3198 3700 alii
3236 3658 3511 3703 notarunt.
3562 3646 3627 3700 Et
3654 3664 3785 3702 vero
3822 3662 3926 3702 sm-

2358 3738 2476 3804 pius
2504 3738 2752 3788 aberrant
2780 3753 2809 3789 a
2834 3737 3018 3792 Graeco
3045 3755 3059 3803 ;
3098 3751 3151 3793 et
3184 3739 3446 3808 siquando
3481 3739 3667 3794 Graeca
3702 3749 3925 3794 senten-

2361 3836 2430 3887 tia
2466 3835 2806 3901 exprimitur,
2840 3838 3015 3892 minus
3057 3838 3244 3892 Latina
3280 3850 3363 3893 est
3389 3840 3637 3894 elocutio.
3693 3838 3799 3894 Sed
3840 3850 3925 3894 ta-

2360 3944 2477 3981 men
2509 3928 2714 3995 priscos
2752 3928 2849 3980 hos
2886 3931 3203 4001 interpretes
3240 3933 3391 3987 valde
3437 3942 3726 3986 excusatos
3770 3932 3919 3993 volo,

2360 4038 2479 4075 cum
2504 4019 2687 4075 Grazca
2716 4019 3009 4087 satpissime
3057 4024 3126 4075 ita
3156 4034 3337 4077 essent
3361 4032 3633 4087 corrupta,
3672 4031 3723 4072 ut
3759 4037 3926 4073 nemo

2357 4113 2647 4183 quamlibet
2672 4113 2876 4181 peritus
2910 4122 3055 4168 recte
3091 4113 3425 4183 interpretari
3458 4112 3739 4181 potuisset.
3770 4112 3926 4177 Quod

2358 4207 2401 4261 si
2441 4215 2717 4275 quaeratur
2758 4206 2886 4275 quid
2920 4208 3041 4276 quis
3106 4208 3256 4259 alteri
3305 4215 3542 4276 praestat,
3582 4206 3759 4260 dicam
3792 4205 3932 4259 Era-

2359 4314 2534 4351 smum
2583 4298 2803 4368 reliquis
2832 4298 3132 4354 elocutione
3160 4301 3375 4369 quidem
3397 4298 3713 4354 antecellere
3742 4308 3796 4352 et
3822 4297 3928 4351 La-

2360 4390 2564 4444 tinitate
2596 4409 2607 4444 :
2650 4395 2765 4455 sed,
2790 4407 2909 4459 quae
2946 4402 3063 4446 erat
3096 4392 3330 4447 hominis
3384 4393 3436 4445 in
3465 4390 3747 4444 scribendo
3772 4391 3923 4446 cele-

706 4471 890 4525 Basilii
919 4473 1056 4541 apud
1081 4472 1338 4526 Sonnium
1367 4488 1555 4528 rursus
1587 4472 1724 4543 typis
1768 4473 2088 4527 mandarunt
2113 4488 2253 4527 anno
2286 4496 2327 4550 ι)
2358 4481 2509 4544 ritas,
2534 4496 2671 4549 saepe
2706 4491 2757 4534 et
2799 4483 2937 4535 [inde
2966 4482 3162 4535 labitur
3191 4490 3245 4535 ει
3269 4482 3400 4553 ipse,
3436 4480 3610 4533 Pauca
3647 4480 3925 4551 interpre-

704 4562 862 4629 1605,
887 4564 1146 4634 Antuerp.
1171 4564 1329 4630 1616,
1356 4566 1471 4630 l'ol.,
1506 4574 1727 4620 curante
1748 4564 1962 4620 Andrea
1993 4564 2248 4620 Schotto:

702 4674 822 4727 qua:
857 4658 1023 4715 editio
1052 4673 1241 4713 recusa
1281 4670 1363 4713 e51
1396 4658 1627 4713 Coloniae
1657 4656 1813 4721 1618,
1854 4659 1943 4713 fol.
1966 4658 2254 4727 Postquam

704 4752 785 4804 vir
804 4750 1201 4805 eruditissimus
1231 4748 1463 4805 Joannes
1494 4751 1745 4805 Albertus
1767 4748 2046 4806 Fabricius
2068 4764 2258 4805 omnes

705 4843 802 4896 itas
846 4844 1111 4897 editiones
1162 4841 1441 4913 diligenter
1492 4843 1790 4907 recensuit,
1830 4852 2011 4897 monet
2062 4856 2257 4897 novam

705 4935 885 4991 Basilii
916 4949 1134 5003 operum
1178 4936 1468 4990 editionem
1508 4935 1781 4989 adornari.
1826 4933 1930 4988 Sed
1965 4937 2133 5005 ipsum
2170 4950 2259 4988 au-

705 5028 820 5080 dire
848 5034 1087 5095 praestat.
1125 5044 1144 5078 ι
1183 5026 1358 5092 Nunc,
1385 5026 1577 5095 inquit,
1606 5041 1793 5081 novam
1838 5026 1894 5079 S.
1933 5025 2117 5081 Basilii
2146 5026 2262 5083 edi.

707 5129 905 5173 tionem
944 5116 1140 5172 eruditi
1188 5118 1434 5172 monachi
1496 5116 1868 5183 Benedictini,
1938 5118 2133 5184 quibus
2187 5128 2263 5173 tot

701 5209 1116 5280 praeclarissima
1171 5220 1517 5265 monumenta
1563 5209 1929 5265 ecclesiastica
1968 5211 2226 5265 debemus
2255 5268 2270 5292 ν

701 5302 856 5373 jubet
881 5312 1193 5372 exspectare
1219 5303 1284 5355 ab
1329 5302 1521 5371 insigni
1557 5300 1727 5356 sodali
1764 5317 1860 5356 suo
1889 5302 2098 5355 Juliano
2122 5301 2259 5357 Gar-

706 5392 879 5455 nerio,
910 5402 1187 5461 postquam
1214 5392 1352 5444 alter
1374 5392 1462 5459 qui
1491 5405 1555 5447 ex
1585 5394 1769 5445 eodem
1799 5391 1985 5443 ordine
2002 5394 2255 5445 ornanda:

705 5484 829 5538 huic
867 5491 1063 5551 spartae
1101 5484 1386 5552 praefectus
1408 5492 1564 5537 antea
1595 5483 1792 5544 fuerat,
1825 5480 2055 5535 Jacobus
2098 5477 2255 5548 Lopi-

704 5591 825 5640 nus,
856 5577 965 5645 jam
1012 5589 1151 5629 anno
1198 5576 1351 5639 1693,
1383 5573 1451 5627 29
1477 5573 1722 5638 Decem.,
1746 5572 1869 5626 fatis
1892 5575 2181 5627 concessit.
2229 5591 2246 5622 ι

2358 4581 2498 4626 tatus
2530 4582 2649 4637 est,
2699 4572 2945 4626 homilias
2988 4574 3120 4627 duas
3166 4573 3221 4627 in
3259 4573 3557 4643 jejunium,
3610 4573 3810 4627 librum
3848 4572 3927 4627 De

2358 4660 2556 4729 Spiritu
2584 4672 2780 4725 sancto,
2818 4674 2871 4717 et
2891 4663 3204 4731 procemium
3225 4664 3607 4718 Commentarii
3629 4663 3683 4717 in
3704 4663 3925 4715 Isaiam.

2357 4754 2583 4819 Contra,
2635 4753 2799 4810 Janus
2831 4754 3122 4810 Cornarius
3168 4755 3347 4809 Latini
3398 4756 3662 4811 sermonis
3698 4754 3928 4824 integri-

2357 4853 2527 4899 tatem
2560 4858 2623 4899 ac
2651 4844 2976 4915 elegantiam
3004 4846 3213 4899 videtur
3242 4844 3557 4915 neglexisse,
3589 4856 3642 4899 et
3673 4847 3725 4896 iu
3754 4843 3805 4895 id
3840 4859 3926 4899 so-

2356 4933 2463 4987 lum
2515 4933 2862 4997 incubuisse,
2924 4946 2984 4988 ut
3041 4935 3281 4991 Graaeam
3334 4936 3654 4990 sententiam
3708 4947 3927 5004 quoquo

2370 5024 2519 5079 modo
2544 5024 2888 5093 exprimeret.
2920 5025 2983 5079 Et
3014 5026 3230 5095 quidem
3273 5026 3460 5083 Graeca
3500 5024 3709 5079 fidelius
3736 5028 3926 5079 reddi-

2366 5114 2599 5170 ditzsed
2631 5117 2821 5171 littera:
2872 5116 2993 5186 plus
3020 5119 3167 5187 justo
3212 5121 3499 5175 serviebat.
3547 5116 3753 5172 Etenim
3801 5132 3927 5172 ver-

2368 5206 2493 5259 bum
2528 5205 2595 5260 de
2634 5207 2793 5261 verbo
2848 5220 3059 5277 semper
3094 5210 3379 5279 exprimit,
3428 5216 3588 5275 atque
3629 5221 3694 5261 ne
3746 5214 3927 5259 trans-

2368 5314 2582 5352 versum
2628 5300 2849 5369 quidem
2901 5316 3133 5368 unguem
3170 5301 3236 5354 ab
3272 5302 3447 5366 inepta
3496 5298 3594 5352 bac
3638 5298 3926 5365 servilique

2364 5392 2743 5459 interpretandi
2790 5393 2997 5447 ratione
3047 5408 3280 5461 unquam
3334 5392 3581 5446 discedit.
3632 5389 3769 5444 Hinc
3808 5389 3927 5455 ejus

2363 5484 2731 5550 interpretatio
2764 5494 2831 5537 ita
2861 5499 3051 5555 aspera
3088 5495 3171 5539 est
3193 5496 3247 5540 et
3279 5484 3411 5539 dura
3434 5524 3448 5549 ,
3501 5494 3560 5538 ut
3589 5498 3691 5537 una
3723 5492 3813 5533 aut
3847 5482 3926 5530 ιιι--

2362 5582 2472 5627 tera
2502 5576 2697 5644 pagina
2730 5590 2839 5643 pra:
2872 5577 3034 5630 taedio
3058 5576 3159 5645 legi
3188 5577 3275 5629 vix
3304 5577 3491 5645 possit.
3525 5576 3790 5644 Pleraque
3823 5571 3924 5623 Ba-

778 5755 851 5810 tal
892 5752 1017 5809 Vide
1053 5752 1421 5809 Prmfationem
1468 5754 1593 5809 torni
1632 5752 1670 5806 ll
1704 5752 1811 5807 lllll
1840 5796 1851 5816 ,
1896 5752 2058 5817 §Xl\'
2083 5796 2095 5817 ,
2128 5754 2213 5807 ubi
2250 5754 2361 5807 hare
2395 5756 2588 5809 iterum
2622 5754 2789 5816 tangit
2818 5753 3135 5809 Garnerius.
3172 5753 3326 5807 Εοιτ.
