4088 6310
1210 320 1272 377 D.
1310 321 1452 378 JUL.
1494 321 1823 378 GARNERII
1862 323 2246 380 PREFATIO.

3183 344 3372 385 CLXXIX

156 441 253 495 tilii
285 455 455 511 Opera
480 438 672 494 Latina
703 438 833 495 fecit
877 438 944 505 is,
988 453 1146 507 quem
1181 440 1311 503 dixi,
1352 441 1432 493 vir
1464 441 1713 495 eruditis-
1745 451 1789 503 Α
1820 443 1899 497 vis
1927 445 2172 514 ceguosci
2228 454 2422 512 petest.
2472 444 2759 513 Postquam
2813 446 2971 517 igitur
2997 444 3238 500 Griecum
3277 463 3371 502 ex-

155 533 319 586 simus
368 531 687 585 Cornarius.
742 530 909 585 Multo
959 532 1213 599 pauciora
1266 532 1423 585 vertit
1456 532 1719 603 Georgius

158 622 586 690 Trapezuntius,
636 622 887 676 videlicet
937 622 1321 677 celeberrimos
1369 624 1605 693 quinque
1665 627 1717 678 in

158 710 482 765 Eunomium
534 715 701 766 libros
733 729 746 765 :
780 727 936 779 quem
990 708 1563 781 interpretcm‘multis
1600 714 1719 768 aliis

156 803 586 869 anteponendum
621 811 766 871 pulo.
828 801 1172 871 Reliquorum
1220 804 1714 872 interpretationem

156 910 270 945 cum
309 895 620 955 considero.
679 896 813 946 alius
868 895 974 946 alio
1027 910 1128 947 non
1184 896 1312 947 mihi
1360 896 1570 949 videtur
1626 905 1716 949 aut

161 986 306 1053 longe
337 986 608 1053 superior,
637 996 727 1038 aut
759 986 913 1055 longe
947 986 1189 1039 inferior.
1221 987 1483 1041 Caeterum
1516 989 1557 1041 si
1594 990 1713 1041 dili-

157 1079 366 1142 gentius
415 1092 579 1130 nosse
621 1078 828 1145 cupias,
860 1079 985 1145 quid
1021 1080 1141 1146 quis
1194 1078 1574 1147 interpretatus
1624 1080 1712 1141 sit,

162 1169 295 1237 legas
330 1168 495 1220 velim
536 1180 665 1222 tum.
698 1166 801 1222 Vill
835 1168 1195 1239 {Bibliotheca}
1228 1167 1446 1241 Grtrcw]
1488 1170 1585 1222 viri
1608 1170 1714 1223 cla-

164 1262 355 1314 rissimi
388 1260 540 1328 juxta
569 1278 629 1315 ac
656 1262 953 1315 doctissimi
986 1262 1207 1315 Joannis
1232 1262 1433 1317 Alberti
1460 1262 1711 1328 Fabricii,

161 1351 193 1404 l.
228 1368 278 1417 v,
314 1369 363 1407 c.
400 1354 485 1408 19.
529 1353 607 1405 Ad
646 1354 932 1406 editionem
972 1353 1329 1408 Parisiensem
1383 1356 1564 1415 redeo,
1598 1371 1715 1423 quae

160 1459 255 1496 non
291 1448 468 1497 solum
517 1446 616 1498 hac
656 1461 710 1497 rc
752 1447 961 1500 czeteris
992 1456 1230 1515 praestat,
1261 1447 1401 1516 quod
1436 1464 1464 1501 e
1494 1448 1712 1517 regione

159 1536 461 1591 Grmcorum
500 1536 688 1589 Latina
728 1539 1062 1604 reperiantur
1102 1555 1115 1591 :
1160 1540 1251 1593 sed
1279 1540 1418 1607 quod
1461 1539 1712 1593 doctissi-

161 1645 356 1681 morum
397 1630 634 1682 virorum
686 1629 964 1683 Frontonis
1016 1631 1188 1684 Duczei
1239 1640 1292 1684 et
1327 1629 1567 1683 Federici
1601 1629 1713 1684 Mo-

163 1723 262 1774 relli
293 1723 723 1788 prreclarissimis
764 1723 901 1776 notis
957 1723 1273 1778 illustretur.
1311 1721 1479 1790 Hujus
1532 1736 1711 1789 paucae

1819 532 2025 600 emplar
2067 533 2334 586 variarum
2383 534 2668 589 lectionum
2718 536 2952 592 subsidio
3009 544 3169 604 atque
3219 538 3371 607 copia

1817 627 2086 693 corrigere
2142 634 2366 680 conatus
2417 642 2557 691 sum,
2620 628 2685 683 de
2741 642 2875 681 nova
2934 630 3374 699 interpretatione

1816 717 2119 770 adornanda
2152 718 2421 786 cogitavi:
2454 732 2614 786 quam
2665 731 2715 774 et
2764 720 2947 776 Statim
3003 722 3233 792 suscepi,
3285 740 3372 777 se-

1818 808 2026 877 melque
2090 822 2387 876 susceptam
2439 821 2587 864 tanto
2636 814 2810 866 studio
2866 829 2982 868 sum
3038 826 3370 881 prosecutus,

1816 912 1872 954 ut
1899 917 1995 955 nec
2017 902 2170 955 labor
2193 941 2207 966 ,
2237 918 2333 955 nec
2361 904 2435 956 rei
2462 904 2746 957 diﬂicultas
2769 920 2852 959 me
2875 921 3108 974 unquam
3140 923 3167 959 a
3194 918 3373 974 coepto

1816 993 2156 1046 deterrucrit.
2202 992 2255 1045 ld
2280 1002 2455 1044 autem
2490 1002 2614 1045 ante
2639 992 2815 1047 omnia
2849 997 2971 1048 mihi
3008 1009 3218 1061 semper
3251 1012 3372 1064 pro-

1816 1085 1987 1150 posui,
2018 1093 2072 1135 ut
2100 1083 2347 1147 fideliter,
2387 1092 2643 1150 quantum
2681 1085 2733 1137 in
2771 1099 2853 1137 me
2882 1097 3014 1150 erat,
3054 1095 3109 1141 et
3141 1086 3373 1142 dilucide

1814 1173 1994 1225 Gra‘ca
2029 1184 2399 1227 converterem
2431 1192 2443 1228 :
2474 1175 2663 1227 deinde
2688 1185 2742 1226 ut
2771 1175 3161 1247 interpretatio,
3192 1178 3235 1230 si
3266 1195 3370 1233 non

1815 1251 2145 1331 elegansfat
2194 1279 2290 1332 pro
2322 1278 2438 1316 meo
2475 1274 2649 1316 tamen
2699 1266 2908 1332 ingenio
2937 1281 3038 1319 non
3081 1268 3369 1337 inelegans,

1819 1369 1991 1421 neque
2028 1355 2240 1419 illepida
2276 1354 2432 1408 foret.
2489 1354 2775 1423 Reliquum
2810 1366 2923 1409 erat
2956 1368 3013 1410 ut
3036 1373 3158 1411 vera
3188 1357 3373 1415 Basilii

1813 1458 1974 1511 opera
2012 1460 2039 1495 a
2075 1442 2220 1497 falsis
2262 1459 2593 1497 secernerem
2626 1464 2638 1497 :
2676 1460 2793 1514 quae
2826 1449 3054 1502 secretio
3102 1454 3372 1517 negotium

1815 1534 1944 1587 mihi
1990 1533 2234 1588 exhibuit
2282 1535 2360 1586 vel
2408 1536 2721 1599 niaximum,
2765 1552 2883 1589 cum
2933 1542 3266 1595 adducantur
3318 1543 3370 1598 in

1813 1626 2235 1680 controversiam
2298 1640 2405 1678 non
2463 1640 2629 1693 paura
2682 1626 2921 1693 quaedam
2983 1630 3217 1698 scripta,
3278 1633 3373 1686 sed

1815 1717 2015 1769 omnia.
2046 1716 2113 1769 Et
2134 1732 2259 1770 vero
2292 1716 2552 1770 dissident
2583 1718 2721 1769 inter
2751 1732 2807 1769 se
2836 1719 3032 1772 eruditi
3062 1724 3123 1772 de
3152 1737 3373 1776 numero

159 1824 295 1875 sunt,
328 1814 474 1866 illius
506 1813 686 1866 multa:
710 1824 760 1865 el
797 1815 1016 1867 eruditae
1046 1833 1057 1867 :
1091 1829 1224 1883 quas
1256 1826 1407 1868 notas
1440 1831 1625 1869 omnes
1647 1815 1710 1867 ad
1743 1793 1783 1847 Β
1815 1809 2155 1863 homiliarum
2184 1810 2239 1860 in
2270 1808 2626 1861 Hexaemeron
2648 1818 2699 1861 et
2724 1810 2776 1860 in
2803 1807 3061 1864 Psalmos.
3090 1810 3371 1868 Orationes

160 1903 329 1969 operis
354 1904 560 1956 calcem
599 1905 834 1957 etlendas
867 1904 1193 1959 curabimus.
1230 1904 1339 1960 Nec
1380 1915 1708 1974 praetereun-

160 1998 271 2044 tium
301 1993 429 2045 illud
453 2035 469 2058 ,
510 1996 650 2062 quod
678 1994 936 2047 editiones
964 1995 1193 2047 maxime
1230 2007 1385 2047 ornat
1409 2004 1461 2047 et
1487 1994 1707 2060 perficit,

158 2086 435 2138 editionem
472 2085 829 2139 Parisiensem
864 2086 928 2139 ad
976 2086 1169 2140 multos
1198 2102 1328 2141 mss.
1360 2087 1573 2141 codices
1597 2087 1711 2139 An-

158 2177 315 2244 glicus
341 2186 395 2229 et
428 2175 665 2229 Gallicos
700 2177 1023 2243 recognitam
1072 2175 1238 2230 fuisse
1288 2186 1447 2244 atque
1479 2177 1711 2245 castiga-

161 2280 276 2321 tim.
321 2268 377 2321 lu
412 2267 516 2322 hac
558 2269 791 2321 editione
843 2269 1184 2323 inveniuntur
1217 2280 1272 2323 et
1301 2270 1417 2323 alize
1444 2270 1604 2323 variae
1638 2268 1713 2322 le-

159 2361 354 2413 ctiones
408 2374 439 2411 a
496 2360 822 2427 peritissimo
870 2360 987 2413 viro
1043 2361 1255 2415 Andrea
1320 2360 1543 2415 Schotto
1597 2360 1709 2414 col-

161 2452 321 2505 lecne.

226 2543 275 2594 8.
314 2540 490 2594 Pauca
518 2540 695 2594 dicam
725 2540 788 2593 de
817 2549 997 2593 nostro
1024 2540 1226 2603 labore,
1261 2556 1378 2593 cum
1417 2541 1480 2593 de
1510 2554 1572 2592 eo
1602 2554 1713 2592 me-

161 2631 253 2684 lius
274 2632 519 2697 judicare
548 2633 743 2698 cuique
783 2632 892 2700 jam
926 2631 1102 2684 liceat.
1131 2631 1519 2685 Celeberrimas
1551 2646 1710 2699 quas-

159 2738 254 2790 que
282 2725 631 2776 bibliothecas
674 2723 956 2776 Basilianis
1006 2722 1282 2776 codicibus
1320 2724 1546 2775 refertas
1592 2737 1711 2775 esse

162 2816 329 2867 multis
363 2816 515 2879 locis,
550 2815 767 2868 Lutetia:
796 2816 1143 2874 Parisiorum,
1166 2813 1368 2876 Romae,
1402 2813 1708 2878 Florentiae,

157 2900 361 2965 Oxonii,
395 2915 449 2955 et
482 2904 629 2966 alibi,
666 2903 744 2955 vel
786 2918 815 2955 e
862 2906 1032 2971 primo
1064 2904 1293 2956 indicum
1332 2913 1549 2970 aspectu
1577 2918 1709 2955 con—

157 3005 273 3046 stat.
309 2994 538 3047 Codices
576 2994 848 3045 Parisinos
881 3008 1105 3060 quorum
1155 2994 1308 3046 nobis
1354 2992 1562 3061 c0piam
1609 2992 1706 3045 hu-

158 3088 462 3142 manissime
492 3086 695 3139 faciunt
725 3086 956 3153 praefecti
1006 3084 1468 3149 bibliothecarum,
1514 3088 1564 3137 in
1598 3086 1709 3153 pri-

158 3180 255 3231 niis
283 3181 566 3247 diligenter
602 3178 775 3245 legere
808 3178 1187 3231 constitueram
1224 3194 1237 3230 :
1275 3177 1365 3231 sed
1392 3177 1535 3229 brevi
1564 3178 1704 3229 sensi

156 3285 269 3323 esse
297 3286 378 3322 me
408 3270 688 3322 volvendis
734 3281 807 3322 tot
859 3270 1006 3321 libris
1042 3270 1318 3334 imparem.
1375 3268 1559 3323 Adhuc
1596 3270 1708 3322 hinc

156 3372 320 3424 erant,
362 3375 484 3412 cum
525 3373 663 3411 unus
697 3374 725 3412 e
766 3360 962 3413 nostris
1008 3359 1069 3411 D.
1105 3357 1425 3413 Franciscus
1455 3359 1707 3414 Faverol-

156 3450 249 3505 lius
301 3450 633 3518 perofliciosc
682 3462 843 3519 atque
909 3460 1249 3518 peramanter
1298 3450 1451 3517 hujus
1504 3452 1705 3505 laboris

154 3548 367 3598 conSors
401 3559 465 3596 ac
496 3544 679 3597 socius
712 3558 830 3597 esse
859 3545 1041 3597 voluit.
1091 3544 1325 3611 Uterque
1378 3544 1537 3609 igitur
1566 3554 1709 3596 vete-

154 3652 239 3690 res
267 3638 380 3689 illas
414 3636 759 3690 membranas
805 3652 924 3690 cum
964 3636 1238 3704 impressis
1270 3636 1421 3689 libris
1465 3651 1621 3705 quam
1652 3636 1707 3688 li-

154 3728 256 3780 cuit
288 3729 697 3780 accuratissime
740 3726 984 3781 conferre
1030 3728 1292 3796 cmpitnus
1332 3745 1345 3779 :
1399 3728 1476 3779 sic
1508 3736 1702 3790 tamen,

154 3826 207 3870 ut
228 3833 406 3871 earum
438 3816 695 3883 majorem
719 3827 920 3882 partem
947 3817 990 3870 is
1018 3857 1031 3882 ,
1062 3830 1219 3884 quem
1252 3816 1407 3869 modo
1440 3816 1548 3870 dixi
1575 3856 1590 3879 ,
1624 3818 1707 3871 vir

156 3910 273 3962 mihi
315 3908 684 3962 amicissimus
726 3909 970 3977 idemque
1015 3910 1252 3962 omnium
1302 3909 1453 3978 longe
1485 3911 1707 3978 diligen-

155 4000 382 4054 tissimus
412 4001 722 4054 contulerit.
770 4002 907 4068 Quin
953 4003 1134 4067 etiam,
1166 4004 1341 4070 quoad
1372 4004 1484 4056 fieri
1512 4003 1703 4071 potuit,

155 4090 353 4144 codices
383 4092 561 4158 ipsos,
595 4091 683 4159 qui
730 4092 795 4144 ab
845 4091 1147 4145 hominibus
1180 4092 1420 4145 doctrina
1452 4101 1707 4161 priestan-

157 4182 366 4234 tissimis
422 4183 613 4234 Ducaeo
649 4192 701 4234 et
734 4182 1050 4235 Combefisio
1108 4183 1229 4236 lecti
1284 4183 1407 4236 olim
1470 4183 1701 4245 fuerant,

157 4290 332 4327 rursus
361 4274 614 4344 legendos
653 4273 1045 4343 judicavinius;
1105 4291 1295 4342 neque,
1346 4286 1403 4327 Iit
1451 4291 1516 4329 ex
1563 4278 1703 4330 notis

156 4367 435 4423 roiistabit,
488 4380 705 4433 Operam
757 4377 993 4419 nostram
1047 4364 1290 4419 lusimus.
1343 4366 1537 4419 Mirum
1574 4382 1702 4421 sane

1813 1901 1915 1955 illa:
1944 1916 2045 1953 una
2074 1909 2127 1953 et
2172 1899 2386 1968 triginta
2435 1915 2539 1953 non
2570 1914 2756 1953 omnes
2802 1901 2891 1953 uni
2944 1913 2997 1955 et
3030 1905 3202 1957 eidem
3236 1907 3374 1959 scri-

1813 1991 1948 2059 ptori
1986 1989 2313 2042 tribuuntur.
2363 1988 2473 2042 [)uo
2507 2002 2641 2057 quos
2690 1988 2951 2043 habemus
2994 1991 3068 2046 De
3120 1992 3371 2062 baptitmo

1814 2082 1932 2136 libri
1969 2090 2287 2135 revocantur
2317 2080 2367 2133 in
2402 2081 2620 2134 dubium
2649 2098 2676 2135 a
2703 2084 3043 2151 quibusdam.
3084 2086 3138 2137 In
3164 2098 3374 2139 contro-

1811 2188 1969 2227 verso
2003 2181 2085 2227 est
2114 2172 2248 2226 liber
2278 2171 2354 2225 De
2380 2189 2499 2225 vrra
2530 2175 2849 2243 virginitate.
2880 2176 3257 2245 Amplissimos
3284 2180 3373 2233 ille

1814 2268 1864 2321 in
1904 2266 2082 2334 priora
2118 2265 2390 2319 sexdecim
2440 2264 2590 2318 Isaia:
2638 2267 2816 2335 capita
2864 2283 2969 2321 non
3019 2279 3167 2322 caret
3199 2271 3373 2337 suspi-

1812 2360 1965 2413 cione
2012 2358 2179 2427 omni.
2234 2357 2307 2410 De
2355 2358 2591 2425 quinque
2639 2358 2692 2410 in
2730 2357 3042 2411 Eunomiuni
3084 2361 3233 2415 libris
3266 2376 3369 2415 non

1812 2465 1917 2501 una
1956 2457 2036 2500 est
2072 2447 2312 2501 omnium
2359 2447 2645 2499 sententia.
2688 2448 2824 2500 Sunt
2870 2464 3003 2517 quos
3042 2466 3145 2503 non
3186 2453 3374 2517 puduit

1813 2541 2001 2595 ultima
2057 2540 2363 2609 quindecim
2412 2538 2533 2591 libri
2570 2539 2648 2593 De
2692 2538 2893 2608 Spiritu
2948 2554 3124 2595 sancto
3173 2545 3371 2611 capita,

1812 2649 1982 2702 eaque
2012 2633 2299 2702 praecipua,
2344 2632 2397 2685 in
2439 2631 2589 2685 falsis
2635 2642 2794 2701 atque
2827 2635 3114 2688 subdititiis
3153 2651 3372 2702 ponere.

1814 2727 2168 2795 Antiquorum
2201 2734 2256 2778 ct
2290 2724 2651 2779 recentiorum
2702 2726 2767 2777 de
2799 2726 3059 2780 Asceticis
3093 2728 3372 2795 Opinione:

1814 2820 1952 2873 inter
1991 2833 2051 2873 se
2093 2817 2392 2872 concordes
2438 2832 2539 2870 non
2588 2826 2731 2869 sunt.
2768 2817 2865 2870 Vix
2901 2819 3031 2873 certi
3077 2820 3370 2889 quidquam

1814 2909 2022 2963 deliniri
2050 2917 2225 2978 potest
2269 2908 2333 2962 de
2361 2906 2620 2975 Liturgia.
2652 2905 2958 2974 Jurgioruin
2989 2924 3050 2963 ac
3084 2910 3373 2965 discordia-

1816 3018 1930 3055 rum
1990 3001 2257 3069 quoddam
2318 3000 2472 3069 quasi
2528 3000 2877 3054 seminarium
2927 3004 3200 3057 continent
3247 3004 3374 3073 Epi-

1816 3093 1987 3147 stolai.
2024 3091 2156 3145 Nam
2181 3108 2286 3159 quo
2323 3106 2487 3156 anno,
2514 3106 2617 3159 quo
2654 3107 2857 3156 mense,
2887 3109 2915 3145 a
2941 3110 3065 3163 quo,
3095 3096 3160 3147 ad
3189 3110 3369 3164 quem,

1812 3202 1913 3255 qua
1954 3185 2019 3239 de
2064 3200 2120 3239 re
2166 3186 2483 3256 conscriptae
2532 3189 2675 3251 sint,
2738 3189 2976 3255 quotidie
3027 3190 3372 3245 vehementer

1811 3280 2115 3347 acriterque
2160 3279 2483 3346 diSputatur.
2516 3281 2684 3345 Quarti
2714 3290 2890 3333 autem
2938 3282 3174 3349 proclive
3207 3282 3276 3336 sit
3318 3283 3372 3337 in

1811 3382 1957 3427 tanta
2009 3374 2107 3424 hac
2156 3388 2335 3424 rerum
2380 3387 2443 3425 ac
2500 3374 2888 3427 sententiarum
2945 3374 3201 3429 varietate
3243 3384 3365 3429 tan-

1809 3480 1968 3534 quam
2023 3466 2073 3518 in
2112 3463 2260 3517 illuni
2313 3474 2465 3520 nocte
2506 3482 2712 3528 errare,
2766 3466 2965 3530 vident,
3002 3468 3212 3534 opinor,
3263 3483 3372 3521 om-

1811 3574 1926 3611 nes.
1961 3557 2066 3611 Sed
2109 3566 2314 3610 tantum
2351 3562 2521 3623 abest,
2572 3567 2628 3610 ut
2659 3568 2942 3626 proriterea
2975 3573 3122 3627 spem
3158 3560 3371 3628 abjece-

1812 3652 1909 3703 rim
1941 3650 2244 3703 inveniendi
2284 3650 2417 3713 veri,
2460 3660 2517 3704 ut
2563 3651 2613 3703 id
2653 3653 2817 3704 etiam
2852 3652 3039 3720 majori
3082 3652 3260 3705 studio
3302 3653 3375 3705 in-

1808 3744 2176 3812 vestigandum
2214 3742 2521 3810 judicarim.
2558 3743 2724 3797 Recte
2754 3761 2821 3797 an
2868 3744 3005 3797 male
3036 3744 3137 3797 hoc
3172 3745 3371 3813 negotii

1807 3848 2016 3905 gestum
2054 3838 2158 3900 sit,
2190 3839 2414 3893 aliorum
2444 3839 2659 3906 quidem
2690 3839 2793 3892 erit
2831 3838 3090 3907 judicium
3122 3856 3135 3892 :
3168 3842 3259 3893 sed
3289 3849 3372 3893 ta-

1811 3943 1933 3981 men
1970 3926 2235 3981 afﬁrmare
2268 3943 2424 3996 posse
2452 3930 2657 3988 videor.
2682 3944 2786 3992 me,
2818 3930 2860 3982 si
2897 3928 3029 3982 nihil
3061 3930 3201 3982 aliud
3236 3944 3373 3997 pra:-

1806 4020 1937 4083 stiti,
1974 4031 2119 4075 certe
2145 4021 2279 4074 lucis
2315 4021 2515 4090 aliquid
2556 4022 2716 4075 rebus
2750 4036 2840 4089 per
2880 4036 2947 4075 se.
2973 4022 3375 4075 obscurissimis

1807 4112 2070 4165 attulisse.
2122 4112 2273 4177 Quod
2303 4116 2344 4165 si
2378 4114 2609 4181 quando,
2649 4116 2799 4182 quod.
2844 4129 2950 4167 non
3002 4130 3125 4167 raro
3172 4117 3370 4181 evenit,

1808 4205 1875 4258 ab
1904 4206 2239 4259 eruditorum
2266 4206 2607 4274 opinionibus
2637 4208 2846 4269 recedo,
2873 4208 2943 4260 ita
2971 4221 3055 4259 me
3082 4208 3149 4261 ab
3178 4208 3242 4261 iis
3273 4208 3375 4262 dis-

1809 4299 2017 4351 sentire
2040 4296 2317 4364 proftteor,
2339 4308 2392 4350 ut
2425 4298 2468 4350 si
2496 4298 2693 4351 erroris
2720 4312 2931 4367 arguar,
2962 4298 3013 4351 in
3046 4315 3230 4352 eorum
3252 4314 3375 4351 sen-

1808 4388 2027 4441 tentiam
2066 4390 2370 4442 concedere
2423 4404 2639 4457 semper
2692 4400 2912 4457 paratus
2965 4390 3087 4444 sim.
3146 4390 3373 4443 Maxime

156 4469 403 4524 quantum
453 4458 753 4524 ceperimus
804 4458 1008 4512 fructus
1037 4472 1101 4512 ex
1140 4469 1323 4512 nostro
1356 4458 1567 4514 labore!
1614 4458 1700 4512 lii--

1812 4480 2022 4547 quidem
2059 4480 2110 4531 iu
2146 4480 2195 4531 id
2227 4480 2466 4540 incubui,
2498 4490 2557 4533 ut
2587 4480 2771 4533 Graeca
2808 4494 3211 4548 perpurgarem,
3248 4494 3372 4548 per-

155 4551 400 4603 Ciedibile
435 4559 517 4603 est
561 4550 702 4603 enim
746 4561 872 4619 quot
914 4555 1182 4605 variantes
1229 4555 1482 4608 lectiones
1513 4569 1577 4607 ex
1616 4554 1701 4607 his

156 4643 421 4695 codicibus
475 4642 736 4694 Parisinis
788 4644 1255 4711 excerpserimus:
1297 4648 1525 4715 quibus,
1581 4661 1702 4701 cum

158 4744 255 4785 tam
301 4734 477 4787 multa:
512 4734 647 4795 sint,
689 4733 802 4787 alia:
844 4743 1017 4790 tamen
1061 4752 1163 4789 non
1212 4754 1392 4806 pauca:
1422 4755 1483 4793 ex
1513 4740 1704 4809 Anglia

157 4820 404 4890 Italiaque
434 4833 794 4876 accesserunt.
844 4823 1037 4878 Parum
1079 4827 1177 4879 fuit
1208 4836 1283 4880 tot
1317 4830 1495 4883 varias
1529 4830 1705 4884 lectio-

158 4932 244 4969 nes
274 4916 554 4983 collegisse
584 4930 595 4963 :
645 4917 736 4969 sed
771 4916 822 4968 in
848 4917 899 4970 id
926 4920 1157 4972 maxime
1181 4919 1414 4973 incumbi
1445 4922 1704 4989 oportuit,

158 5016 204 5055 ut
228 5005 484 5067 Basilius,
519 5007 607 5073 qui
638 5006 686 5057 in
711 5004 912 5059 Grzecis
946 5008 1170 5062 mirifice
1198 5009 1531 5064 deformatus
1565 5022 1702 5078 erat,

157 5098 341 5149 harum
384 5112 485 5163 ope
547 5097 784 5164 pristina:
837 5097 1125 5166 integritati
1190 5102 1585 5156 restitueretur.
1640 5102 1705 5157 Et

156 5190 364 5253 quidem
396 5204 517 5253 spes
559 5198 639 5239 est
682 5203 802 5241 eum
838 5206 980 5242 nunc
1029 5191 1363 5258 proditurum
1395 5194 1618 5247 nitidum
1652 5205 1706 5247 et

156 5290 553 5347 perpurgatum.
605 5277 708 5331 Tot
751 5282 890 5331 enim
938 5282 1128 5334 menda
1170 5282 1473 5338 maculasve
1512 5286 1704 5339 sustuli

154 5382 181 5420 e
205 5369 393 5422 Greco
421 5368 713 5436 exetnplari
744 5368 943 5431 Basilii,
974 5382 1030 5424 ut
1063 5374 1212 5440 pauci
1266 5374 1549 5429 admodum
1583 5376 1706 5440 loci,

155 5460 195 5511 si
238 5460 334 5529 qui
375 5463 500 5525 sint,
550 5463 656 5527 iam
689 5465 1062 5517 emendatione
1115 5464 1291 5532 aliqua
1351 5466 1590 5535 indigere
1626 5470 1706 5519 vi-

156 5556 393 5608 deantur.
434 5556 591 5612 Certe
617 5557 866 5625 antiquas
907 5573 1125 5625 operum
1163 5558 1340 5611 Basilii
1383 5561 1707 5628 interpreta-

157 5646 321 5701 tiones
356 5650 672 5716 plus-minus
701 5664 887 5703 omnes
938 5650 1088 5719 longe
1124 5653 1557 5706 mendosissimas
1590 5670 1708 5707 esse

157 5747 311 5807 atque
344 5742 742 5805 vitiosissimas,
774 5756 804 5794 e
839 5740 1059 5810 singulis
1083 5744 1292 5813 paginis
1337 5745 1490 5800 facile
1519 5762 1545 5798 a
1577 5763 1706 5815 quo-

1809 4580 2030 4640 purgata
2062 4568 2253 4623 Latino
2292 4572 2567 4626 redderem
2592 4609 2607 4633 ,
2653 4583 2783 4621 vera
2824 4584 2885 4621 ac
2920 4571 3148 4638 genuina
3180 4570 3374 4624 distin—

1809 4673 2023 4728 guerem
2076 4674 2102 4711 a
2158 4658 2305 4713 falsis
2353 4669 2407 4714 et
2456 4658 2822 4713 adulterinis:
2860 4660 2953 4712 sed
2992 4660 3103 4712 lucc
3151 4674 3254 4712 non
3302 4660 3373 4714 ita

1809 4752 1936 4805 mihi
1968 4751 2118 4806 fuere
2153 4766 2295 4805 cura:
2337 4766 2399 4805 ac
2444 4752 2621 4804 studio
2648 4792 2663 4816 ,
2709 4760 2768 4804 ut
2820 4750 3023 4817 reliqua
3058 4751 3370 4820 negligenda

1809 4843 2079 4897 ducerem.
2126 4844 2402 4896 Addentur
2442 4843 2606 4912 igitur
2635 4846 2855 4906 monita,
2890 4846 3203 4905 summaria,
3238 4858 3373 4913 pra)-

1807 4934 2054 4999 fationes,
2090 4945 2249 4997 notae,
2292 4935 2409 4987 Vita
2434 4934 2652 4993 Basilii,
2700 4936 2957 4988 anecdota
3008 4949 3112 4988 non
3161 4949 3369 5002 pauca;

1808 5036 1862 5079 et
1901 5026 2156 5093 quoniam
2207 5028 2257 5079 in
2304 5028 2456 5080 novis
2508 5027 2833 5079 editionibus
2890 5026 3023 5079 nihil
3076 5028 3373 5081 desiderari

1808 5131 1979 5185 opera:
2010 5120 2235 5185 pretium
2271 5130 2394 5181 est,
2445 5118 2783 5171 invenientur
2818 5119 2869 5171 in
2913 5128 3092 5173 nostra
3147 5134 3211 5173 eo
3264 5136 3375 5173 uuo

1809 5209 2003 5263 debent
2038 5211 2223 5263 ordine
2265 5211 2377 5279 ipsa
2410 5212 2568 5264 etiam
2617 5210 2895 5277 opuscula,
2933 5226 3050 5279 qure
3097 5211 3203 5265 iam
3254 5212 3375 5279 qui-

1814 5304 1934 5355 dem
1964 5302 2105 5354 edita
2132 5312 2276 5365 sunt,
2316 5303 2407 5357 sed
2440 5303 2555 5357 loco
2590 5319 2695 5357 non
2726 5319 2843 5367 suo,
2875 5304 2949 5356 ιιιί
2984 5304 3033 5356 in
3064 5301 3373 5356 Monumen-

1810 5394 1872 5444 tis
1905 5390 2097 5445 Crwcis
2127 5390 2345 5447 Joannis
2389 5393 2672 5457 Cotelerii,
2727 5406 2819 5448 aut
2870 5396 2921 5447 in
2974 5394 3229 5462 prteclaro
3283 5396 3374 5448 illo

1812 5482 2035 5550 ntilique
2076 5498 2237 5551 opere
2288 5482 2567 5537 Francisci
2605 5483 2948 5546 Combeﬁsii,
2990 5486 3055 5537 de
3100 5499 3205 5553 quo
3250 5499 3375 5537 mox

1810 5574 1996 5637 loquar
2029 5592 2041 5626 :
2076 5589 2193 5642 qua:
2222 5576 2398 5627 omnia
2430 5576 2703 5643 excipient
2736 5578 2940 5631 indices
2962 5575 3259 5630 fidelissimi
3296 5576 3371 5628 si-

1813 5667 1919 5717 mul
1954 5675 2007 5719 et
2034 5666 2367 5734 amplissimi.
2410 5667 2614 5723 Norunt
2647 5670 2880 5732 eruditi,
2916 5670 3054 5721 inter
3088 5668 3188 5721 alia
3214 5667 3372 5721 Com-

1813 5755 1979 5810 befisii
2014 5757 2213 5827 scripta
2262 5761 2534 5816 recenseri
2584 5761 2844 5832 insignem
2894 5762 3092 5818 librum
3140 5761 3193 5815 iu
3243 5760 3370 5816 duos
