4080 6314
716 367 890 407 CLXXX

2045 343 2548 405 PROLEGOMENA
2560 384 2571 397 .

714 476 890 523 tomos
910 464 1139 522 divisum
1159 501 1175 529 ,
1223 463 1309 519 cui
1342 462 1551 519 titulum
1602 460 1733 518 fecit
1752 506 1767 531 ,
1798 462 2031 519 Basilius
2057 466 2279 535 Magnus
2308 467 2355 524 Α
2382 461 2523 531 quod
2556 460 2742 525 sciam,
2769 468 3094 529 compareat.
3118 457 3374 530 Equidem
3396 476 3501 517 non
3533 458 3723 531 ignoro
3745 474 3935 527 quam-

714 576 781 615 εκ
814 560 1015 633 integra
1064 555 1369 623 recen'situs,
1404 555 1579 611 Paris.
1611 553 1751 612 1679
1778 597 1793 623 ,
1840 557 1891 611 in
1921 556 2013 622 8°;
2060 572 2167 627 quo
2207 556 2273 611 de

714 666 878 721 opere
897 654 1007 719 jam
1035 649 1250 719 quidem
1280 647 1489 703 locutus
1512 661 1651 712 sum,
1680 650 1775 703 sed
1797 647 1861 703 de
1882 660 1947 701 eo
1977 647 2063 703 hic
2089 660 2274 702 rursus

717 742 864 813 loqui
900 741 1072 796 visum
1110 748 1212 796 est.
1262 740 1421 795 Certe
1451 740 1633 794 mirari
1676 740 1820 795 subit
1852 737 1950 793 viri
1982 739 2273 795 doctissimi

718 836 1016 904 improbum
1063 832 1302 888 laborem
1334 848 1350 887 :
1381 832 1471 902 qui
1522 831 1574 885 in
1615 833 1699 888 his
1723 831 1930 887 duobus
1960 836 2121 889 tomis
2169 844 2272 885 non

719 926 875 982 modo
906 925 1104 981 multas
1132 925 1312 982 varias
1354 924 1610 982 lectiones
1643 941 1671 979 a
1711 941 1767 981 se
1796 938 1827 979 e
1864 923 2030 980 variis
2072 922 2275 981 codici-

718 1022 816 1075 bus
832 1018 1086 1075 collectas
1111 1018 1315 1085 edidit,
1352 1017 1446 1073 sed
1476 1018 1621 1088 ipsas
1651 1019 1809 1074 etiam
1840 1016 2091 1086 antiquas
2120 1018 2277 1070 inter-

717 1110 1045 1180 pretationes
1070 1109 1339 1166 sexcentis
1372 1107 1507 1165 locis
1536 1107 1866 1165 emendavit.
1900 1104 1957 1163 id
1988 1122 2123 1177 opus
2151 1120 2273 1161 cum

717 1203 967 1271 legerem,
1008 1200 1189 1255 notavi
1218 1199 1359 1269 quod
1392 1198 1481 1254 alii
1530 1201 1638 1270 jam
1689 1206 1976 1262 notarant,
2007 1194 2277 1253 Combeﬁ-

716 1291 854 1346 sium
886 1290 1121 1361 linguam
1157 1290 1372 1359 quidem
1406 1289 1647 1345 Graecam
1682 1286 2095 1356 diligentissime
2115 1300 2278 1342 excoo

718 1383 903 1449 luisse,
933 1392 990 1439 et
1019 1382 1223 1454 optime
1249 1382 1474 1437 scivisse
1507 1397 1523 1433 :
1566 1377 1661 1434 sed
1693 1379 1863 1434 videri
1896 1377 2140 1433 Latinam
2171 1392 2274 1432 non

717 1474 793 1530 ita
839 1474 1062 1531 multum
1087 1476 1153 1529 ab
1177 1488 1241 1527 eo
1280 1471 1444 1527 fuisse
1484 1470 1774 1526 excultam.
1815 1470 1882 1526 Et
1915 1470 2127 1541 quidem
2159 1484 2278 1540 quae

711 1558 906 1619 latine
954 1561 1202 1629 scripsit,
1230 1574 1294 1615 ea
1318 1568 1531 1616 constat
1559 1569 1613 1615 et
1651 1561 1883 1616 obscura
1925 1574 2065 1626 esse,
2118 1567 2173 1613 et
2212 1559 2281 1613 ab

717 1653 936 1721 antiqua
980 1653 1067 1708 illa
1112 1652 1339 1709 Romani
1382 1654 1649 1709 sermonis
1698 1652 2003 1723 integritate
2049 1665 2276 1721 prorsus

714 1744 907 1799 aliena.
964 1743 1141 1812 Quare
1199 1746 1289 1801 ubi
1347 1746 1511 1803 etiam
1558 1743 1765 1815 priscas
1800 1742 2276 1814 interpretationes

2373 555 2496 607 dam
2522 552 2706 609 Basilii
2742 549 2942 613 Vitam,
2968 565 3088 620 qum
3122 550 3529 609 celeberrimum
3569 551 3933 623 Amphilochii

2374 657 2569 698 nomen
2606 643 2846 714 praefert,
2889 656 2993 696 non
3026 642 3096 697 ita
3136 642 3341 713 pridem
3395 657 3423 695 a
3469 644 3791 700 Combeﬁsio
3834 645 3938 695 edi.

2375 745 2483 789 tam
2521 735 2723 802 fuisse;
2752 736 2844 790 sed
2875 734 2993 789 haec
3035 732 3157 788 Vita
3188 751 3285 805 pro
3313 735 3492 805 spuria
3521 748 3683 806 atque
3709 733 3936 791 subditi-

2380 828 2453 880 tia
2483 842 2513 881 a
2536 828 2857 883 doctissimo
2896 840 3109 899 quoque
3142 826 3393 891 habetur,
3427 839 3525 879 nec
3564 827 3783 897 injuria.
3811 824 3939 880 Scio

2379 930 2596 988 quoque
2622 920 2950 973 mentionem
2980 915 3096 972 ﬁeri
3120 925 3175 971 et
3194 917 3332 984 apud
3359 914 3615 973 Joannem
3648 918 3939 971 Damasce-

2378 1025 2506 1065 num
2531 1010 2596 1063 de
2625 1008 2727 1063 alia
2766 1008 2888 1063 Vita
2918 1007 3123 1072 Basilii.
3159 1021 3278 1077 qua:
3319 1006 3434 1075 ejus
3471 1008 3768 1063 successori
3807 1007 3935 1061 Hel-

2377 1101 2519 1157 ladio
2552 1099 2802 1154 tribuitur
2837 1116 2851 1153 :
2887 1102 2980 1155 sed
3006 1111 3359 1171 praeterquam
3394 1098 3534 1167 quod
3565 1095 3797 1154 dubitari
3823 1114 3936 1153 me-

2381 1196 2488 1251 rito
2518 1203 2697 1264 potest
2742 1206 2809 1247 an
2839 1206 3072 1261 unquam
3103 1188 3390 1252 exstiterit,
3422 1192 3533 1258 ipsa
3565 1205 3669 1243 non
3708 1195 3939 1262 amplius

2377 1287 2432 1341 in
2471 1286 2771 1341 litterarum
2826 1280 3503 1339 monumentisinvenitur.
3548 1280 3727 1347 Quare
3756 1294 3813 1337 ut
3839 1285 3942 1338 hoc

2377 1379 2631 1434 damnum
2662 1376 2915 1433 resarciri
2955 1375 3187 1445 quodam
3219 1376 3379 1431 modo
3403 1373 3588 1445 possit,
3616 1388 3810 1429 novam
3838 1375 3942 1432 Ba-

2378 1463 2482 1527 silii
2522 1469 2693 1525 Vitam
2715 1466 3010 1538 praesertim
3034 1482 3101 1524 ex
3122 1467 3239 1536 ejus
3260 1467 3475 1538 scriptis
3495 1465 3777 1522 collectam
3806 1484 3940 1525 con-

2380 1564 2622 1618 scribere
2651 1558 2837 1615 statui.

2452 1655 2537 1711 ll.
2570 1651 2716 1720 Opus
2758 1659 2926 1706 totum
2976 1649 3056 1705 sic
3091 1649 3495 1707 distribuemus.
3540 1648 3944 1719 Complectetur

2381 1755 2557 1802 tomus
2584 1746 2789 1813 primus
2818 1741 3079 1798 llomilias
3123 1742 3179 1795 in
3222 1742 3584 1798 Hexaemeron
3613 1752 3669 1799 ct
3701 1743 3761 1797 in
3790 1738 3945 1795 Psal-

713 1839 973 1903 correxit,
1023 1839 1096 1894 ibi
1128 1839 1231 1893 alia
1274 1838 1455 1907 pbrasi
1487 1838 1563 1892 uti
1592 1848 1817 1894 coactus
1867 1852 1981 1893 sum
2013 1853 2027 1891 :
2053 1835 2148 1891 sed
2201 1846 2279 1892 ta-
2310 1837 2352 1893 Β
2381 1853 2510 1901 mos,
2531 1835 2773 1891 Iibrositt
2791 1834 3131 1901 Eunamium,
3153 1834 3677 1892 Commentariumin
3698 1834 3941 1897 Isaiam;

715 1944 838 1984 men
881 1930 1056 1983 virum
1108 1928 1529 1985 eruditissimum
1591 1940 1719 1986 tunc
1771 1944 1986 1998 quoque
2036 1930 2276 1985 maximo

716 2019 851 2075 tnihi
899 2020 1206 2088 adjumento
1250 2019 1417 2076 fuisse
1451 2022 1676 2091 ingenue
1710 2018 1952 2083 fatebor,
1983 2034 2108 2075 cum
2143 2020 2273 2075 mihi

711 2112 799 2168 bis
828 2113 881 2167 in
921 2111 1052 2167 locis
1083 2111 1255 2169 facem
1299 2113 1577 2184 praeferret
1612 2113 1679 2168 ad
1718 2111 2029 2169 Graecarum
2087 2127 2272 2169 vocem

712 2205 1064 2275 detegendam
1088 2206 1426 2262 sententiam.
1452 2204 1589 2261 Cum
1613 2205 1937 2262 audivissem
1954 2220 2098 2268 eum,
2114 2217 2274 2274 quem

710 2294 907 2364 saepius
936 2292 1246 2360 nominavi,
1282 2295 1460 2349 virum
1489 2295 1858 2350 doctissimum
1891 2293 2273 2349 Combeﬁsium

718 2398 786 2439 ex
826 2398 957 2441 mss.
987 2384 1261 2442 codicibus
1295 2399 1581 2456 excerpere
1614 2384 1829 2440 solitum
1874 2384 2015 2453 quod
2060 2382 2275 2451 liberet,

714 2478 1019 2548 relinquere
1055 2479 1196 2549 quod
1243 2479 1585 2548 displiceret,
1636 2477 1861 2534 collatos
1904 2478 1974 2534 ab
2021 2477 2138 2549 ipso
2185 2494 2277 2535 ve-

712 2580 860 2627 teres
908 2569 1077 2625 libros
1126 2584 1314 2625 rursus
1369 2579 1464 2625 aut
1513 2571 1717 2628 contuli
1769 2574 1903 2642 lpse,
1951 2582 2044 2628 aut
2095 2572 2278 2629 confe-

716 2662 912 2717 rendus
942 2659 1165 2728 curavi;
1214 2674 1313 2716 nec
1351 2674 1515 2726 sane,
1567 2670 1627 2715 ut
1660 2662 1811 2726 dixi,
1851 2671 2061 2731 tempus
2095 2662 2275 2731 perdi-

715 2751 916 2808 (limus.

792 2844 846 2900 9.
896 2844 1048 2901 Nunc
1083 2845 1147 2901 de
1176 2844 1472 2913 anecdotis,
1513 2845 1685 2917 deque
1738 2843 1921 2901 Basilii
1967 2842 2089 2899 Vita
2119 2845 2275 2916 paulo

715 2934 889 2989 fusius
913 2938 1310 2991 disserendum.
1354 2937 1431 2991 lta
1460 2946 1828 3008 comparatum
1868 2947 1952 2993 est
1997 2937 2292 3005 hominum,

715 3039 909 3095 genus,
967 3033 1029 3080 ut
1075 3026 1383 3081 existiment
1437 3041 1631 3081 novam
1696 3027 1931 3098 aliquam
1986 3029 2275 3086 editionem

715 3116 1005 3187 plurimum
1037 3118 1401 3174 commendari
1447 3118 1600 3188 copia
1624 3121 2028 3175 anecdotorum.
2058 3122 2158 3177 Aio
2179 3123 2277 3193 igi-

715 3216 805 3264 tur
859 3208 913 3264 id
944 3210 1245 3265 ornamenti
1272 3211 1326 3265 in
1378 3224 1513 3266 nova
1551 3210 1739 3267 Basilii
1777 3226 2001 3282 operum
2032 3214 2277 3271 editione
2306 3197 2351 3259 c

714 3298 939 3355 minime
966 3298 1293 3355 defuturum.
1330 3300 1476 3357 Nova
1504 3302 1646 3357 enim
1682 3302 1954 3358 veteribus
1985 3302 2272 3369 addentur,

718 3389 1016 3459 fragmenta
1078 3392 1358 3460 quaedam,
1415 3392 1689 3447 orationes
1737 3392 1972 3463 aliquot,
2036 3393 2277 3463 epistolae

716 3479 1002 3537 nonnullte.
1036 3479 1173 3548 Quin
1218 3481 1382 3536 etiam
1431 3494 1492 3535 ea
1540 3480 1723 3535 Basilii
1754 3482 2011 3552 opuscula
2037 3498 2157 3554 quae
2187 3483 2277 3540 hic

705 3572 830 3629 illic
870 3587 1059 3643 sparsa
1092 3572 1459 3636 inveniuntur,
1490 3573 1601 3642 ipsa
1643 3587 1855 3644 quoque
1876 3588 1974 3629 suo
2003 3576 2194 3629 ordine
2222 3584 2275 3631 et

720 3664 837 3720 loco
878 3681 1067 3720 rursus
1102 3665 1321 3735 vulgare
1359 3679 1464 3720 non
1498 3666 1865 3735 gravabimur.
1897 3664 2024 3722 Scio
2052 3666 2272 3736 quidem

715 3768 849 3822 opus
898 3755 1148 3808 Eunomii
1200 3755 1420 3821 dignum
1448 3770 1568 3811 esse
1614 3757 1853 3813 tenebris
1890 3760 2083 3829 magis,
2116 3775 2277 3829 quam

718 3844 880 3900 luce:
916 3846 1170 3915 quoniam
1220 3854 1400 3900 tamen
1443 3848 1510 3901 ad
1568 3848 1940 3905 dilucidandos
1990 3850 2172 3907 Basilii
2225 3853 2281 3906 in

719 3934 1039 3990 Eunomium
1074 3936 1242 3992 libros
1273 3936 1391 3992 usui
1423 3951 1542 3993 esse
1576 3948 1772 4007 potest,
1804 3940 1855 3995 id
1896 3956 2110 4011 quoque
2158 3958 2282 3997 rur-

716 4040 812 4081 sus
860 4026 1103 4082 edemus.
1154 4026 1349 4083 Notum
1402 4036 1484 4084 est
1535 4027 1787 4083 Ruﬁnum
1831 4037 1887 4085 et
1936 4029 2277 4086 Eustathium

714 4117 957 4187 quaedam
1006 4117 1186 4173 Basilii
1222 4121 1424 4190 scripta
1491 4121 1544 4175 in
1593 4121 1826 4193 linguam
1861 4121 2105 4179 Latinam
2150 4124 2279 4179 olim

719 4209 1052 4265 transtulisse
1098 4224 1114 4263 :
1163 4226 1395 4280 quorum
1451 4214 1951 4283 interpretationem
2016 4218 2083 4271 ad
2151 4232 2281 4272 exa—

718 4310 866 4357 ratos
894 4316 1054 4356 manu
1105 4301 1274 4358 libros
1317 4308 1653 4374 recognitam
1708 4308 1845 4378 typis
1872 4307 2087 4378 quidem
2125 4325 2279 4364 man—

717 4392 846 4448 dare
896 4396 1065 4448 visum
1110 4401 1213 4458 cst,
1235 4395 1330 4449 sed
1365 4394 1470 4459 sic,
1500 4404 1559 4451 ut
1594 4397 1661 4452 ad
1697 4400 1877 4467 operis
1907 4399 2113 4454 calcem
2158 4400 2283 4471 reji-

715 4483 907 4539 ciatur.
935 4484 1078 4541 Loco
1126 4486 1314 4541 eodem
1362 4486 1600 4556 ejusdem
1651 4488 1830 4544 Ruﬁni
1882 4490 2139 4547 ineditam
2189 4494 2274 4548 in-

2386 1928 2677 1995 secundus,
2731 1927 2990 1983 liomilias
3032 1924 3102 1982 de
3152 1928 3398 1996 diversis,
3448 1929 3712 1993 Ascetica,
3747 1927 3943 1982 librum

2384 2021 2457 2076 De
2495 2023 2820 2092 virginitate,
2861 2020 3025 2076 libros
3054 2017 3130 2074 De
3164 2020 3418 2088 baptismo
3439 2035 3460 2084 ;
3515 2021 3707 2074 tertius
3746 2018 3943 2073 librum

2380 2114 2458 2169 De
2478 2115 2667 2183 spiritu
2695 2125 2895 2181 sancto,
2923 2112 3207 2184 Epistolas,
3238 2110 3559 2182 Liturgiam,
3586 2110 3774 2179 viginti
3805 2125 3945 2177 qua-

2381 2215 2507 2263 tuor
2561 2219 2837 2263 sermones
2885 2207 3152 2265 Simeonls
3197 2204 3440 2277 magistri
3489 2215 3552 2258 ac
3608 2199 3943 2271 Logothetaa.

2384 2298 2557 2355 Vitam
2582 2298 2785 2355 Basilii.

2451 2391 2540 2447 η.
2572 2390 2868 2446 Commune
2898 2388 3113 2459 quidem
3159 2389 3397 2443 omnium
3445 2400 3646 2441 munus
3667 2392 3751 2439 est
3808 2383 3947 2437 bene

2383 2484 2447 2539 de
2465 2499 2524 2539 se
2553 2481 2755 2538 meritis
2771 2480 2973 2551 justam
2991 2478 3332 2549 debitamque
3350 2478 3574 2550 gratiam
3595 2474 3941 2547 persolvere:

2386 2577 2490 2633 hoc
2520 2585 2699 2631 tamen
2725 2574 2906 2632 nescio
2935 2574 3204 2645 quomodo
3234 2571 3404 2644 magis
3425 2570 3700 2643 proprium
3727 2567 3947 2623 videtur

2382 2669 2725 2737 scriptorum.
2757 2666 2921 2737 Ergo,
2953 2675 3012 2721 ut
3042 2665 3168 2721 huic
3217 2665 3392 2721 ofﬁcio
3448 2664 3641 2719 faciam
3679 2661 3836 2723 satis,
3877 2659 3946 2711 li-

2380 2757 2570 2811 benter
2594 2753 2897 2822 praedicabo
2929 2753 3189 2809 beneﬁcia
3216 2768 3424 2817 eorum,
3452 2750 3540 2820 qui
3581 2748 3781 2817 aliquid
3812 2745 3943 2798 mihi

2379 2845 2496 2917 opis
2528 2844 2594 2898 ad
2626 2858 2821 2899 novam
2859 2841 3044 2898 Basilii
3069 2843 3357 2897 editionem
3385 2837 3765 2908 perﬁciendam
3804 2850 3939 2889 cou-

2382 2937 2577 2994 tulere.
2609 2935 2850 2991 Primum
2889 2933 3192 2989 laudandus
3232 2932 3382 2986 Dom.
3418 2929 3680 2985 llenricus
3711 2926 3942 2981 Carolus

2382 3032 2451 3088 du
2480 3031 2743 3087 Cambout
2763 3030 2828 3085 de
2849 3026 3073 3091 Coislin,
3100 3025 3205 3081 dux
3238 3035 3293 3079 et
3317 3039 3414 3096 par
3441 3021 3704 3088 Francia,
3732 3019 3948 3089 episco-

2382 3139 2481 3194 pus
2510 3121 2786 3187 Metensis,
2812 3121 2900 3190 qui
2924 3118 3308 3175 bibliothecam
3336 3130 3486 3171 suam
3516 3129 3637 3170 cum
3669 3114 3789 3169 aliis
3820 3129 3941 3167 ma-

2381 3214 2671 3285 nuscriptis
2700 3223 2809 3267 tum
2839 3211 3043 3267 Graecis
3072 3208 3481 3267 refertissimam
3523 3208 3662 3279 apud
3711 3222 3813 3263 nos
3844 3207 3944 3261 de-

2379 3307 2576 3375 posuit,
2603 3314 2742 3362 utea
2775 3302 2953 3369 nobis,
2982 3316 3103 3373 quze
3131 3300 3249 3369 ejus
3283 3301 3337 3356 in
3367 3308 3605 3356 nostram
3644 3312 3949 3368 congrega-

2383 3398 2586 3453 tionem
2619 3395 2990 3453 benevolentia
3021 3402 3127 3459 est,
3153 3392 3365 3449 facilius
3404 3408 3468 3449 ac
3490 3390 3828 3448 commodius
3864 3390 3944 3442 uti

2378 3487 2587 3543 liceret.
2622 3487 2877 3543 Laudabo
2924 3496 2981 3543 et
3024 3485 3455 3542 illustrissimum
3497 3483 3744 3538 abbatem
3781 3480 3847 3534 D.
3880 3482 3947 3533 de

2377 3577 2630 3644 Louvois,
2685 3577 3021 3634 bibliothecae
3047 3576 3227 3645 Regia:
3270 3574 3603 3645 praefectum,
3628 3571 3722 3640 qui
3746 3586 3947 3640 magno

2380 3673 2677 3727 litterarum
2725 3678 2779 3724 et
2824 3670 3188 3724 litteratorum
3246 3667 3444 3721 damno
3488 3664 3693 3719 duobus
3744 3663 3947 3717 abhinc

2381 3763 2555 3829 armis,
2592 3770 2843 3817 recusato
2898 3760 3211 3830 episcopatu
3264 3757 3781 3820 Claromontano,e
3835 3755 3943 3807 vita

2382 3854 2635 3910 excessit.
2686 3852 2958 3908 Faverunt
2997 3852 3153 3907 nobis
3196 3864 3408 3922 quoque
3444 3848 3705 3911 maxime,
3749 3846 3945 3917 optimi

2389 3955 2444 4000 et
2492 3945 2840 4001 illustrissimi
2868 3944 3078 4001 abbatis
3119 3942 3386 4015 exemplo,
3426 3942 3527 3997 viri
3556 3939 3943 4011 spectatissimi

2382 4036 2622 4105 ejusdem
2674 4034 3009 4089 bibliothecae
3059 4034 3240 4105 Regia:
3266 4032 3531 4101 custodes,
3557 4030 3948 4088 D.Ludovicu3

2386 4125 2451 4178 de
2474 4122 2724 4194 Targnis,
2751 4121 3011 4179 Sorbonte
3039 4124 3228 4179 doctor
3252 4122 3657 4187 celeberrimus,
3695 4121 3949 4192 idemque

2382 4220 2434 4273 in
2494 4216 2698 4273 amicos
2750 4214 3213 4281 olliciosissimus,
3259 4224 3312 4269 et
3362 4214 3595 4271 Joannes
3640 4214 3944 4279 Boivinius,

2388 4324 2526 4364 unus
2556 4308 2794 4363 omnium
2834 4306 3246 4375 urbanissimus,
3270 4314 3324 4362 et
3352 4306 3491 4362 idem
3519 4307 3738 4377 scriptis
3768 4307 3943 4377 publi-

2384 4402 2462 4455 cis
2490 4402 2542 4455 in
2572 4406 2688 4454 toto
2719 4399 2849 4453 orbe
2888 4398 3158 4454 litterario
3188 4396 3540 4453 clarissimus.
3568 4397 3808 4453 Laudem
3836 4410 3944 4449 non

2385 4492 2708 4545 mediocrem
2740 4490 2944 4560 pariter
2973 4499 3207 4545 meretur
3242 4488 3638 4544 illustrissimus
3661 4500 3851 4543 comes
3878 4488 3946 4539 de

719 4578 1159 4645 terpretationem
1209 4555 1560 4650 quarumdam
1614 4581 1918 4638 orationum
1967 4581 2150 4638 licebit
2198 4583 2281 4637 in-
2312 4555 2358 4610 D
2387 4581 2705 4653 Seignelay,
2740 4555 2911 4652 vcujus
2964 4580 3293 4651 amplissima
3345 4580 3667 4636 bibliotheca
3724 4594 3944 4647 semper

719 4669 878 4724 tueri.

788 4763 877 4818 10.
909 4762 1068 4819 Certe
1096 4763 1139 4818 si
1171 4778 1292 4833 quis
1334 4765 1557 4820 idoneus
1599 4764 1830 4835 scriptor
1866 4765 2052 4822 Basilii
2100 4766 2279 4823 Vitam

717 4855 960 4923 proxime
989 4864 1111 4924 post
1161 4855 1333 4924 ipsius
1394 4865 1621 4910 mortem
1676 4856 1871 4911 litteris
1918 4858 2279 4927 prodidisset,

719 4944 877 4999 modo
910 4943 979 4999 ad
1018 4958 1116 5000 nos
1142 4959 1312 5013 usque
1342 4949 1680 5013 pervenisset
1701 4958 1809 5001 tam
1828 4948 2140 5018 praeclarum
2165 4966 2280 5005 mo-

721 5044 1054 5099 numentum,
1083 5051 1197 5091 rem
1227 5036 1447 5091 fecisset
1478 5048 1532 5092 et
1562 5039 1745 5092 utilem
1776 5050 1830 5094 et
1865 5048 2069 5109 gratam
2100 5052 2279 5109 poste-

722 5124 887 5180 ritati.
915 5123 1148 5180 Basilius
1177 5127 1341 5191 enim,
1370 5128 1495 5180 dum
1529 5131 1768 5193 viveret,
1805 5130 1877 5184 ita
1906 5132 2076 5186 modis
2104 5132 2280 5186 outni-

720 5217 822 5271 bus
871 5214 1083 5281 claruit,
1136 5216 1261 5271 vita:
1318 5219 1629 5282 sanctitate,
1680 5235 1892 5274 morum
1942 5221 2275 5293 integritate,

717 5310 1025 5377 prudentia,
1052 5310 1377 5375 eruditione,
1402 5311 1669 5375 facundia,
1698 5315 1861 5368 animi
1890 5317 2276 5386 magnitudine,

716 5398 960 5455 laborum
1007 5416 1105 5472 pro
1150 5400 1394 5458 Ecclesia
1450 5416 1825 5473 susceptorum
1878 5408 2185 5477 tolerantia,
2220 5419 2279 5463 ut

715 5503 905 5544 eorum
927 5506 1048 5560 quae
1076 5504 1167 5548 aut
1190 5494 1356 5564 gessit
1380 5506 1472 5550 aut
1508 5496 1727 5564 scripsit
1758 5511 2010 5554 accurata
2041 5502 2277 5572 cognitio

721 5597 832 5637 rem
860 5582 1175 5639 litterariam
1199 5587 1433 5642 maxime
1462 5586 1771 5644 illustraret.
1801 5590 1908 5645 Sed
1941 5595 2122 5648 nescio
2144 5608 2277 5663 quo-

721 5674 879 5729 modo
910 5676 1152 5747 contigit,
1179 5688 1237 5732 ut
1264 5693 1441 5733 rerum
1488 5694 1518 5732 a
1558 5690 1705 5736 tanto
1734 5682 1853 5738 viro
1878 5695 2150 5754 gestarum
2186 5700 2276 5755 pe-

718 5765 937 5822 culiaris
962 5768 1185 5825 historia
1241 5779 1423 5827 nostro
1476 5772 1710 5829 maximo
1765 5776 1956 5831 damno
1990 5791 2273 5845 nusquam,

2386 4683 2571 4743 aperta
2605 4684 2688 4729 est
2732 4674 3009 4740 studiosis,
3050 4674 3202 4742 quasi
3235 4670 3470 4729 fructum
3495 4670 3825 4727 uberrimum
3864 4671 3944 4725 lu-

2382 4780 2644 4835 crumqne
2681 4766 2973 4819 maximum
3005 4778 3129 4819 esse
3156 4773 3388 4836 putaret,
3425 4764 3489 4818 de
3527 4762 3779 4816 litteratis
3804 4762 3944 4817 bene

2393 4855 2611 4909 mereri.
2648 4854 2702 4909 ln
2754 4854 2912 4925 hujus
2955 4853 3127 4908 laudis
3175 4854 3477 4909 societatem
3511 4866 3641 4905 voco
3676 4852 3942 4920 optimum

2382 4958 2436 5001 et
2474 4946 2898 5001 eruditissimum
2946 4945 3122 4999 virum
3154 4945 3405 5001 Carolum
3441 4946 3509 4998 du
3552 4943 3786 5006 Cltesne,
3824 4946 3941 5010 ejus

2382 5054 2543 5108 quam
2574 5052 2700 5093 mox
2743 5037 2855 5091 dixi
2901 5036 3241 5091 bibliothecae
3292 5033 3625 5105 praefectum,
3666 5035 3779 5103 qui,
3814 5035 3940 5087 dum

2381 5130 2538 5195 vixit,
2575 5128 2831 5199 singulari
2857 5136 2911 5183 et
2940 5142 3125 5183 amore
3158 5137 3213 5182 et
3244 5126 3611 5181 benevolentia
3656 5140 3754 5179 nos
3790 5139 3939 5177 sem-

2380 5236 2476 5292 per
2504 5228 2818 5287 prosecutus
2860 5230 2966 5274 est.
2998 5218 3095 5275 Hic
3135 5234 3347 5289 quoque
3396 5216 3939 5272 honoriﬁcentissime

2382 5314 2738 5384 appellandus
2786 5313 2865 5367 vir
2897 5315 3075 5381 magni
3112 5311 3363 5376 nominis,
3398 5325 3461 5366 ac
3511 5308 3727 5363 inﬁnita:
3758 5307 3940 5361 lectio-

2382 5408 2486 5473 nis,
2505 5404 2743 5461 Joannes
2772 5404 3101 5468 Harduinus,
3127 5404 3465 5460 bibliothecae
3507 5402 3941 5457 Claromontana:

2381 5498 2689 5567 prefectus,
2717 5497 2806 5566 qui
2843 5496 3155 5552 Graecorum
3186 5495 3389 5563 aliquot
3411 5495 3651 5549 codicum
3682 5492 3816 5545 mihi
3843 5505 3938 5546 co-

2381 5592 2524 5659 piam
2565 5589 2703 5643 baud
2740 5590 2943 5644 invitus
2978 5588 3123 5644 fecit.
3154 5588 3297 5642 lnter
3330 5588 3563 5657 ingratos
3585 5586 3706 5653 jure
3748 5599 3941 5641 nume-

2383 5683 2616 5747 rarer,si
2658 5683 2908 5736 meritam
2938 5682 3148 5735 laudent
3194 5696 3297 5734 non
3335 5680 3625 5734 tribuerem
3656 5678 3771 5731 viro
3797 5679 3940 5739 inte-

2380 5776 2611 5843 gerrimo
2641 5784 2799 5842 atque
2818 5774 3237 5843 sapientissimo,
3254 5772 3446 5828 Achilli
3470 5770 3696 5837 llarltco,
3716 5782 3941 5827 senatus
