4088 6310
1295 340 1356 394 1).
1397 341 1538 395 JUL.
1580 343 1905 399 GARNE‘RII
1935 346 2319 403 PR/EFATiO.

3222 375 3414 415 ςιῐκιι

183 455 514 509 Parisiens’is
562 457 811 526 principi,
867 459 956 525 qui
1019 460 1146 511 mihi
1202 462 1462 530 Optimum
1515 465 1753 520 codicem
1784 477 1830 529 Α
1861 484 1951 523 rus
1978 469 2077 541 (α),
2116 471 2333 525 totidem
2371 471 2753 541 interpretatus
2794 484 2876 529 est
2908 475 3247 536 Eustathius.
3292 480 3420 534 Mim

182 548 432 599 Grrecum
474 562 578 599 non
641 547 761 600 dico
808 550 1189 615 commodavit,
1237 554 1329 605 sed
1390 554 1530 609 dono
1589 557 1753 612 dedit.

181 638 438 701 Maxime,
468 639 513 693 si
560 640 681 708 quis
722 640 859 694 alius
911 643 1040 695 mihi
1068 643 1419 702 eelebrandus
1448 660 1530 703 est
1555 651 1635 703 vir
1677 652 1757 703 iu-

182 739 262 782 ter
290 728 639 784 Florentinos
659 730 940 785 nobilitate
964 743 1228 797 pnestans
1244 746 1406 807 atque
1430 741 1753 807 eruditione,

183 820 450 874 Antonius
483 820 777 886 Salvinius,
812 824 903 889 qui
932 839 1054 877 cum
1076 825 1334 894 epistolas
1359 828 1538 884 Basilii
1563 842 1753 886 contn-

179 908 330 964 lisset
359 926 489 965 cum
543 913 746 981 optimo
794 914 981 968 codice
1013 913 1199 969 Grmco
1221 957 1235 980 ,
1263 920 1512 974 collectas
1538 939 1600 977 ex
1654 925 1755 978 hoc

180 1000 318 1055 libro
376 1004 558 1057 varias
607 1005 867 1058 lectiones
911 1006 976 1059 ad
1039 1021 1122 1060 me
1174 1010 1463 1065 mittendas
1518 1016 1749 1069 curavit.

177 1093 505 1162 Asymbolus
534 1108 653 1149 esse
682 1094 849 1148 noluit
879 1096 960 1150 vir
989 1095 1328 1153 clarissimus
1367 1117 1521 1170 teque
1564 1118 1629 1159 ac
1656 1105 1752 1157 do-

176 1184 480 1250 ctissimus,
498 1183 733 1240 Joannes
755 1186 1176 1257 Cltristopltorus
1220 1190 1445 1247 Wolfius
1464 1234 1478 1257 ,
1502 1195 1591 1263 qui
1618 1211 1751 1265 quas

180 1277 229 1329 in
263 1277 462 1344 Anglia
494 1277 786 1347 collegerat
823 1281 1000 1333 varias
1033 1280 1312 1349 lectiones,
1342 1284 1407 1337 ad
1446 1300 1543 1337 nos
1576 1287 1751 1355 perof-

178 1368 363 1421 ﬁciose
392 1378 561 1436 atque
588 1380 934 1437 peramanter
978 1374 1299 1429 transmisit.
1331 1374 1474 1429 lnter
1504 1378 1635 1432 alias
1665 1380 1750 1432 lit'-

179 1458 408 1511 terarias
436 1459 642 1524 laudes,
670 1462 861 1529 quibus
892 1464 1131 1518 abundat
1176 1467 1258 1519 vir
1286 1467 1544 1521 immensa
1574 1473 1748 1524 omnis

175 1550 441 1616 elegantis
466 1550 726 1605 doctrinm
759 1554 909 1621 copia
940 1556 1253 1616 instructus.
1287 1568 1470 1613 noster
1514 1559 1745 1614 Bernar-

176 1640 271 1693 dns
299 1639 759 1698 Montfauconius.
787 1658 903 1697 eam
935 1661 1150 1715 quoque
1192 1661 1517 1704 consecutus
1553 1661 1656 1714 est,
1691 1662 1747 1705 ut

176 1743 226 1783 et
266 1731 475 1786 multas
500 1733 679 1786 varias
708 1735 967 1791 lectiones
1016 1738 1201 1792 Romae
1250 1742 1317 1793 ab
1349 1742 1541 1796 amicis
1579 1744 1743 1797 colle-

1863 558 1980 611 dna:
2005 574 2123 627 qua:
2153 570 2453 629 sequuntur
2484 559 2561 614 De
2589 573 2853 616 structura
2880 561 3101 619 hominis
3144 565 3422 621 orationes

1863 651 2166 703 contrarias
2201 651 2252 704 in
2294 652 2589 706 sententias
2618 652 2885 710 litteratos
2934 657 3257 712 distrahunt.
3315 659 3422 714 Alii

1865 738 2109 792 tribuunt
2142 742 2282 809 ipsas
2315 741 2540 807 Basilio,
2571 744 2660 798 alii
2681 742 2944 816 Gregorio
2972 748 3233 819 Nysseno,
3268 749 3420 817 cujus

1862 826 1914 880 in
1947 830 2199 897 operibus
2252 847 2468 901 quoque
2511 848 2727 889 excusaa
2772 848 2914 900 sunt,
2944 846 3072 893 tom.
3112 840 3152 897 l.
3192 854 3242 909 p.
3278 841 3415 904 133;

1861 919 1950 972 alii
2008 923 2185 975 neutri
2244 923 2470 985 borum,
2514 926 2608 979 sed
2666 926 2852 995 ignoto
2898 929 3127 996 cuipiam
3186 934 3415 988 auctori.

1860 1009 2214 1067 Combelisius
2244 1014 2378 1068 duas
2408 1017 2504 1070 has
2534 1017 2843 1081 conciones,
2876 1035 2993 1087 quae
3040 1020 3152 1089 jam
3203 1035 3417 1077 excusa:

1860 1098 2080 1154 fuerant
2112 1102 2170 1157 in
2222 1105 2459 1160 editione
2506 1106 2823 1173 Basileensi,
2854 1110 2919 1164 de
2970 1111 3179 1179 integro
3224 1113 3278 1168 in
3322 1118 3418 1169 suo

1857 1188 2060 1245 Basilio
2093 1197 2349 1249 recensita
2387 1197 2459 1265 (ὁ)
2482 1199 2728 1254 edendas
2763 1202 2994 1265 curavit,
3021 1214 3168 1259 ratus
3194 1218 3288 1259 eas
3320 1206 3420 1259 mi-

1859 1281 2008 1333 ritice
2041 1282 2368 1339 deformatas
2400 1300 2518 1340 esse
2546 1287 2600 1341 in
2644 1289 2890 1360 vulgatis.
2944 1291 3135 1346 Sintne
3160 1293 3418 1364 Gregorio

1858 1370 2103 1443 Nysscno
2150 1377 2469 1444 trilinendre,
2510 1390 2750 1435 nostrum
2808 1398 2911 1439 non
2955 1396 3037 1438 est
3084 1388 3415 1443 examinare.

1858 1462 2096 1516 Dixerim
2128 1474 2303 1520 tamen
2341 1469 2393 1521 in
2432 1479 2769 1536 transcursu,
2805 1474 2851 1526 ci
2887 1476 3079 1528 ascribi
3112 1477 3195 1531 vix
3239 1494 3415 1546 posse,

1860 1564 1968 1605 tum
2014 1557 2082 1609 ob
2131 1558 2497 1615 diversitatem
2553 1564 2699 1633 styli,
2740 1576 2848 1619 tum
2884 1569 3024 1637 quod
3072 1570 3145 1621 De
3194 1574 3416 1625 hominis

1855 1645 2061 1712 Opi/icio
2088 1657 2370 1704 tractatum
2429 1669 2533 1706 non
2582 1657 2833 1725 exiguum
2884 1663 3287 1729 conscripserit.
3318 1662 3418 1717 Ve-

1856 1735 2081 1791 risimile
2142 1750 2321 1793 autem
2361 1757 2465 1796 non
2533 1746 2590 1798 lit
2638 1746 2951 1817 Gregorium
3000 1750 3295 1820 Nyssenum
3336 1754 3417 1805 bis

177 1830 311 1883 clas,
345 1830 403 1875 ει
450 1823 652 1876 inedita
692 1826 933 1893 qnmdam
970 1827 1151 1882 Basini
1201 1832 1456 1896 opuscula
1495 1832 1689 1885 ibidem
1720 1851 1745 1886 τι
1785 1835 1823 1889 Β
1856 1826 1995 1882 idem
2026 1844 2405 1898 argumentum
2440 1844 2722 1900 tractasse,
2760 1840 2917 1907 idque
2939 1843 3127 1896 eodem
3166 1844 3413 1908 consilio,

174 1928 229 1967 se
252 1916 530 1984 exscripta
570 1932 779 1972 mecum
811 1921 1245 1974 communicarit.
1268 1922 1472 1977 Rursus
1496 1924 1599 1977 hoc
1628 1926 1678 1979 lo
1712 1943 1745 1978 ο

175 2007 575 2073 perbonorilice
602 2010 962 2064 nominandus
993 2022 1179 2067 noster
1208 2012 1532 2071 Franciscus
1570 2019 1743 2073 Fave-

175 2099 379 2161 rollius,
418 2102 585 2154 homo
628 2100 938 2170 multipiicis
968 2104 1212 2158 scientia:
1243 2120 1308 2159 ac
1347 2106 1619 2172 lectionis,
1649 2114 1740 2177 qui

173 2203 289 2241 cum
336 2189 639 2257 permultos
673 2192 889 2245 codices
916 2192 985 2244 ita
1018 2203 1272 2249 accurate
1308 2199 1647 2265 contulisset,
1686 2210 1744 2254 ut

174 2278 344 2332 nullus
375 2294 502 2335 eum
556 2282 887 2347 praeterisset
931 2299 1091 2353 apex,
1124 2295 1233 2341 tum
1275 2288 1491 2342 demum
1535 2290 1741 2347 indices

171 2372 538 2439 amplissimos
587 2375 822 2428 maxima
886 2391 1015 2429 cura
1068 2387 1231 2445 atque
1284 2380 1557 2448 diligentia
1621 2399 1740 2437 con-

175 2463 358 2516 texuit.
403 2464 495 2527 Et,
534 2473 593 2518 ut
621 2468 783 2519 verbo
808 2466 1002 2527 dicam,
1034 2481 1251 2535 semper
1275 2478 1391 2523 erat
1423 2482 1645 2539 paratus
1674 2476 1740 2529 ad

170 2568 380 2608 omnem
406 2570 632 2621 operam
666 2558 1022 2625 praestandam
1051 2559 1117 2625 is,
1140 2576 1299 2629 quem
1320 2564 1479 2616 modo
1500 2565 1627 2625 dixi,
1662 2567 1741 2619 vir

170 2646 829 2715 mihiconjunctissimus;
860 2664 958 2704 nec
988 2667 1223 2720 unquam
1256 2651 1625 2709 deterrebatur
1650 2667 1741 2709 aut

170 2739 348 2793 labore
372 2749 471 2793 aut
501 2741 760 2810 temporis
797 2742 1172 2809 diuturnitate,
1205 2746 1247 2799 si
1296 2747 1426 2815 quid
1458 2758 1602 2802 esset
1633 2747 1737 2801 Ba-

170 2829 267 2881 silii
298 2844 469 2883 causa
533 2839 624 2881 aut
686 2830 990 2900 legendum,
1033 2843 1126 2886 aut
1173 2836 1584 2901 conferendum,
1643 2851 1737 2892 aut

168 2919 604 2973 exscribendum.
636 2918 761 2974 Hazc
809 2919 1040 2975 libenter
1062 2923 1267 2987 scribo,
1310 2934 1367 2977 ut
1404 2927 1615 2993 publice
1644 2929 1735 2980 de-

168 3010 360 3067 clarem
389 3021 657 3081 quantum
688 3027 858 3067 novus
883 3013 1109 3069 Basilius
1132 3014 1385 3071 familiari
1416 3033 1535 3073 meo
1568 3020 1735 3075 Fave-

167 3103 315 3156 rollio
341 3104 559 3156 debeat.
609 3102 735 3155 llaec
784 3117 910 3157 sunt
942 3120 1059 3171 qua:
1101 3107 1278 3160 dicere
1309 3109 1640 3167 habebamus
1682 3116 1731 3169 in

167 3195 474 3246 universum
506 3193 574 3245 de
616 3193 717 3247 bac
752 3205 932 3249 nostra
964 3194 1150 3250 Basilii
1188 3195 1421 3267 Operum
1456 3203 1690 3255 editione
1718 3222 1729 3254 :
1762 3190 1802 3243 (Σ

167 3300 301 3337 nunc
331 3285 401 3339 de
430 3285 520 3350 iis,
551 3300 671 3354 qua:
708 3287 983 3355 speciatim
1010 3288 1076 3341 ad
1113 3289 1341 3358 primum
1380 3299 1577 3346 tomum
1615 3310 1733 3365 spe-

164 3386 327 3438 ctant,
347 3378 706 3431 disseramus.

164 3486 190 3558 ς
239 3488 280 3543 1.
331 3489 409 3543 De
458 3488 625 3542 tribus
669 3491 1035 3611 oratiorgbttsl',
1083 3507 1199 3559 qua:
1250 3492 1383 3560 falso
1435 3498 1734 3551 tribuuntur

895 3576 971 3611 ast
1001 3577 1072 3611 io.

895 3576 1072 3613 (18111οο

232 3652 313 3705 13.
342 3650 654 3705 Monuimus
693 3649 875 3705 Basilii
914 3666 1074 3719 opera
1118 3654 1297 3708 omnia
1334 3656 1384 3707 in
1418 3667 1731 3711 controver-

161 3744 291 3798 siam
333 3745 557 3807 adduci,
583 3760 683 3799 nec
713 3745 777 3799 de
801 3759 904 3798 uno
937 3743 1153 3814 quidem
1182 3754 1412 3800 tractatu
1446 3748 1585 3803 inter
1609 3765 1731 3803 eru-

160 3836 295 3890 dites
335 3837 655 3899 convenire,
677 3836 796 3889 aliis
824 3836 980 3889 aliter
1002 3838 1129 3907 περὶ
1152 3838 1364 3900 νοθείας
1382 3849 1477 3892 aut
1512 3841 1728 3910 γνησιὸ-

158 3944 313 3996 τητος
354 3929 749 3998 judicanti'bus.
799 3927 1038 3983 Primum
1092 3928 1252 3997 igitur
1292 3946 1468 3999 operte
1498 3932 1726 4001 pretium

159 4018 314 4073 fuerit
338 4019 650 4089 expendere
683 4036 749 4071 an
786 4028 1048 4074 tractatus
1070 4019 1318 4089 quilibet,
1352 4032 1507 4089 prout
1537 4037 1727 4076 occur-

159 4112 307 4176 reril,
340 4110 527 4164 Basilii
556 4111 649 4176 sit,
692 4124 790 4162 nec.
821 4126 929 4164 ne:
964 4110 1173 4173 deinde,
1212 4110 1255 4163 si
1297 4112 1423 4179 quid
1472 4112 1521 4164 in
1557 4113 1727 4179 quoli-

158 4203 242 4253 bet
286 4210 518 4255 traCtatu
551 4200 792 4253 videatur
831 4200 1113 4254 observatur
1176 4200 1416 4269 dignum,
1457 4202 1506 4255 id
1560 4217 1720 4255 anno-

158 4303 270 4345 tare
305 4292 439 4361 (60).
473 4290 687 4345 Primus
719 4291 809 4359 qui
838 4306 896 4345 se
922 4288 1078 4343 oﬂ'ert
1112 4298 1395 4353 tractatus,
1436 4290 1722 4345 Hexaeme-

157 4398 249 4433 ron
280 4393 383 4437 est.
420 4382 478 4435 ln
504 4380 750 4435 confesso
784 4390 866 4435 est
896 4381 1113 4450 quidem
1150 4382 1290 4451 apud
1339 4397 1526 4435 omnes
1571 4383 1722 4437 Basi-

157 4475 277 4525 lium
309 4474 591 4527 orationes
626 4477 886 4541 quasdam
928 4472 1320 4541 conscripsisse
1348 4473 1400 4523 in
1429 4470 1720 4525 Hexaeme-

1854 1919 2146 1974 utscilicet
2181 1938 2299 1992 qua:
2330 1925 2553 1981 deerant
2597 1928 2649 1981 in
2693 1928 2856 1983 fratre
2910 1932 3134 1997 Basilio,
3188 1950 3249 1989 ea
3302 1936 3414 2002 ipse

1850 2009 2141 2079 suppleret.
2168 2014 2302 2068 Addi
2336 2026 2515 2084 potest
2544 2028 2599 2073 et
2625 2020 2766 2073 aliud
2798 2034 3167 2089 argumentum
3204 2041 3268 2079 ex
3296 2028 3410 2092 pri-

1851 2098 1953 2152 mis
1978 2100 2163 2168 primae
2194 2105 2461 2159 orationis
2502 2107 2680 2161 verbis
2710 2111 2960 2178 petitum.
2992 2114 3133 2182 quod
3171 2116 3299 2169 mihi
3334 2118 3413 2169 vi-

1851 2187 2009 2242 detur
2029 2190 2138 2243 vim
2190 2208 2294 2245 non
2351 2210 2572 2262 parVam
2632 2198 2853 2254 habere.
2899 2203 2988 2255 Sic
3036 2204 3198 2272 igitur
3229 2206 3415 2274 incipit

1849 2280 2022 2333 oratio
2046 2283 2213 2348 prima
2249 2301 2259 2334 :
2291 2284 2525 2338 Παλαιοῦ
2557 2288 2747 2358 χρέους
2780 2291 3411 2365 ἔπισινάποπληρὼσων

1848 2370 1987 2437 ἥλω,
2020 2366 2079 2423 οὗ
2108 2373 2205 2439 τὴν
2236 2374 2489 2428 ἀπόδοσιν
2526 2378 2881 2450 ἁνεϐαλόμην,
2924 2384 3024 2435 οὐκ
3054 2385 3407 2459 ἀγνωμοσύνῃ

1848 2460 2241 2529 προαιρέσεως,
2289 2464 2402 2516 ἀλλ’
2447 2466 2698 2539 ἀσθενείᾳ
2752 2469 3017 2540 σώματος.
3053 2492 3070 2524 ι
3105 2473 3269 2529 Vetus
3321 2480 3412 2531 dc-

1856 2550 2029 2603 bitum
2070 2554 2442 2619 persoluturus
2472 2558 2723 2624 advenio,
2759 2562 2910 2631 cujus
2956 2565 3139 2634 utique
3186 2568 3410 2623 solutio-

1846 2656 1970 2695 nem
1997 2657 2105 2696 non
2133 2644 2357 2710 improbi
2384 2649 2548 2702 animi
2567 2652 2698 2704 vitio
2725 2652 3055 2721 differebam,
3081 2657 3171 2709 sed
3199 2658 3407 2713 infirma

1845 2735 2089 2803 corporis
2143 2736 2466 2794 valetudine.
2514 2758 2532 2791 ι
2573 2741 2764 2807 Nemo,
2817 2747 3039 2812 Opilmr,
3096 2765 3200 2802 non
3265 2752 3409 2805 videt

1844 2828 2186 2896 scriptorem,
2225 2833 2466 2902 quisquis
2492 2817 2622 2900 luit,
2658 2817 2801 2905 loqui
2836 2840 2885 2891 in
2931 2856 3154 2907 persona
3199 2844 3404 2909 Basi’lii,

1843 2916 1934 2981 qui
1958 2930 2017 2970 se
2035 2918 2099 2971 de
2126 2918 2357 2973 hominis
2381 2932 2651 2979 structura
2682 2942 2982 2984 sermonem
3010 2919 3403 2993 accuratiorem

1841 3007 2164 3074 promiserat
2190 3010 2261 3081 (ε)
2300 3012 2692 3070 instituturum.
2721 3021 2853 3084 Quis
2886 3035 3064 3079 autem
3115 3026 3214 3082 sibi
3250 3028 3407 3084 facile

1844 3103 2175 3167 persuaserit
2210 3104 2531 3176 Gregorium
2585 3110 2637 3163 in
2694 3111 2867 3167 aliena
2905 3131 3132 3179 persona
3169 3120 3403 3177 locutum

1840 3190 2045 3244 fuisse?
2081 3193 2205 3245 llzec
2254 3200 2444 3264 agendi
2493 3202 2629 3255 ratio
2668 3213 2750 3257 est
2781 3204 2892 3257 fere
2930 3221 3137 3271 eorum,
3174 3214 3263 3279 qui
3300 3214 3401 3267 fal-

1838 3279 1949 3333 lere
1976 3280 2178 3345 volunt,
2209 3284 2260 3335 id
2292 3288 2431 3353 quod
2458 3289 2522 3342 de
2546 3293 2887 3347 sanctissimo
2913 3298 3403 3373 candidissimoque

1836 3372 1953 3425 viro
1983 3386 2053 3426 ne
2108 3385 2285 3442 potest
2330 3378 2545 3445 quidem
2591 3385 2907 3453 excogitari.
2967 3387 3077 3445 Nec
3118 3372 3399 3463 quisquam

1837 3464 2035 3518 dixerit
2067 3466 2117 3519 id
2149 3466 2343 3522 fecisse
2393 3467 2711 3541 Gregorium
2747 3477 2967 3533 honoris
2994 3495 3179 3551 causa,
3212 3495 3269 3539 ut
3301 3503 3399 3542 rio--

1836 3568 1958 3607 men
2013 3554 2201 3611 fratris
2234 3564 2654 3631 memoriamque
2701 3569 2867 3635 magis
2890 3572 3206 3629 celebraret.
3242 3578 3398 3645 Nam,

1834 3644 1877 3697 si
1925 3645 2001 3699 ita
2035 3658 2194 3713 esset,
2223 3667 2318 3703 cur
2350 3652 2639 3723 Gregorius
2668 3660 2902 3727 amplum
2935 3662 3077 3717 illum
3118 3665 3194 3722 De
3229 3644 3399 3725 hami;

1834 3738 1914 3791 nis
1944 3740 2151 3807 api/icio
2182 3751 2471 3800 tractatum
2526 3764 2629 3803 non
2676 3755 2895 3809 nomine
2926 3754 3129 3824 Basilii,
3163 3762 3258 3817 sed
3299 3781 3398 3818 suo

1833 3833 2193 3900 conscripsit?
2244 3835 2379 3890 Nam
2422 3854 2527 3906 quo
2581 3851 2840 3899 tractatus
2890 3846 2978 3902 ille
3031 3850 3239 3908 duabus
3288 3857 3397 3910 illis

1832 3924 2181 3981 oratiunculis
2212 3933 2551 3995 praestantior
2574 3944 2675 4000 est,
2713 3952 2778 3989 eo
2811 3938 3016 3993 honore
3042 3943 3246 4012 majore
3273 3946 3398 4004 alle-

1832 4015 1992 4068 cisset
2050 4017 2293 4084 fratrem,
2340 4037 2462 4077 eum
2507 4028 2554 4080 ei
2610 4029 2653 4081 si
2717 4030 3014 4089 tribuisset.
3056 4035 3161 4093 Sed
3217 4048 3391 4096 tamen

1832 4104 2130 4175 Gregorius
2158 4111 2430 4169 celebrem
2475 4116 2619 4170 illum
2661 4119 2856 4176 librum
2905 4141 3023 4192 suo,
3057 4144 3165 4183 non
3206 4130 3393 4188 Basilii

1831 4200 2047 4252 nomine
2077 4202 2263 4256 edidit.
2297 4203 2401 4260 Sed
2440 4223 2549 4260 rem
2578 4221 2821 4266 nostram
2853 4230 3094 4284 agamus.

1900 4288 1983 4343 14.
2042 4289 2219 4347 Multa:
2278 4306 2403 4349 sunt
2435 4310 2610 4352 causa:
2643 4316 2738 4353 cur
2779 4304 3015 4371 opinioni
3048 4322 3152 4362 non
3195 4326 3387 4380 queam

1828 4383 2087 4439 accedere
2144 4385 2471 4451 Combeftsii,
2539 4389 2843 4464 Dupiniqne
2894 4406 2949 4451 et
2996 4399 3241 4466 aliorum,
3295 4408 3385 4473 qui

1830 4473 1961 4525 duas
1994 4471 2091 4525 bas
2120 4477 2390 4529 orationes
2421 4475 2618 4534 Basilio
2648 4496 2754 4537 non
2796 4484 3039 4541 dubitant
3069 4471 3338 4547 ascribere
3372 4512 3385 4547 :

156 4581 268 4629 ron,
294 4577 389 4617 seu
421 4563 473 4616 in
497 4538 757 4629 opus—sex
789 4562 998 4617 dierum
1024 4577 1036 4614 :
1059 4564 1151 4617 sed
1184 4562 1252 4617 de
1283 4577 1467 4615 earum
1503 4578 1722 4617 numero
1756 4538 1799 4593 υ
1828 4562 1923 4615 sed
1961 4569 2138 4617 tamen
2168 4566 2247 4619 lia":
2270 4578 2443 4620 causre
2473 4572 2741 4624 omnesad
2761 4572 2892 4627 duas
2921 4589 3148 4643 possunt
3177 4579 3386 4647 referri,

156 4656 418 4710 dissident
469 4657 613 4709 inter
637 4669 694 4709 se
730 4655 949 4709 eruditi.
986 4654 1090 4709 Alii
1115 4654 1259 4709 enim
1296 4656 1725 4709 numerantdun-

155 4758 297 4801 taxat
328 4747 619 4801 conciones
665 4758 881 4811 novem,
934 4746 1023 4799 alii
1088 4746 1363 4807 undecim,
1417 4748 1609 4816 quibus
1667 4761 1722 4804 et

153 4843 251 4894 alia
289 4841 367 4893 De
416 4838 666 4903 paradiso
700 4848 950 4906 tanquam
991 4840 1168 4908 operis
1214 4840 1376 4893 totius
1424 4842 1638 4895 coronis
1687 4858 1716 4896 a

152 4932 475 4988 Combelisio
509 4928 838 4998 adjungitur.
866 4927 1016 4984 Nunc
1043 4934 1375 4985 secernenda
1416 4943 1537 4985 sunt
1568 4944 1714 4985 certa

151 5026 480 5081 abincertis.
542 5022 775 5077 Necesse
824 5038 928 5077 non
990 5025 1225 5078 arbitror
1264 5024 1470 5092 priores
1523 5039 1715 5077 novem

150 5118 417 5172 orationes
446 5114 644 5170 Basilio
696 5126 961 5177 asserere,
1010 5128 1131 5168 cum
1187 5126 1248 5166 ea
1292 5114 1357 5166 de
1388 5127 1446 5165 re
1478 5127 1578 5165 nec
1622 5113 1713 5173 sit,

150 5224 244 5263 nec
277 5209 525 5263 videatur
557 5221 713 5275 posse
744 5218 864 5258 esse
890 5204 993 5257 ulla
1020 5203 1308 5258 contentio.
1332 5202 1464 5255 Nam
1498 5203 1713 5257 totidem

147 5311 394 5355 numerat
427 5298 813 5367 Hieronymus,
864 5296 1080 5348 totidem
1141 5294 1383 5361 agnoscit
1428 5294 1710 5349 Cassiodo-

212 5445 291 5511 (α)
328 5441 459 5495 Inst.
498 5455 619 5511 cap.
649 5441 696 5511 I.

213 5506 287 5579 (ὁ)
322 5511 474 5563 Tom.
505 5506 654 5577 1|,p.
676 5508 799 5562 426.

212 5578 286 5651 lc)
325 5582 480 5635 llom.
517 5579 571 5642 9,
606 5596 752 5633 nunt.
786 5578 991 5636 ultimo.

1826 4654 1891 4707 ad
1939 4656 2264 4724 scriptorum
2342 4659 2686 4729 antiquorum
2742 4668 3157 4737 auctoritatem,
3212 4684 3266 4730 et
3319 4679 3385 4733 ad

1824 4749 1995 4817 ipsam
2034 4750 2155 4819 styli
2186 4751 2572 4806 diversitatem.
2608 4752 2724 4807 Jam
2771 4760 3077 4819 monuimus
3122 4764 3378 4842 Hierony-

1823 4855 1965 4892 mum
1991 4839 2069 4909 (d)
2103 4855 2290 4895 novem
2320 4843 2579 4898 duntaxat
2607 4845 2879 4904 orationes
2909 4866 3238 4923 numerasse,
3258 4839 3387 4916 Cas-

1827 4931 2097 4985 siodorum
2144 4931 2214 5001 (e)
2261 4932 2439 5001 plures
2504 4951 2613 4991 non
2660 4942 2998 5013 cognovisse,
3042 4948 3385 5010 Eustathiqu

1824 5036 2034 5088 quoque
2085 5038 2190 5076 non
2235 5024 2463 5094 amplius
2507 5044 2699 5086 novem
2738 5033 2905 5092 fuisse
2951 5040 3385 5113 interpretatum.

1824 5110 1963 5165 Nihil
1994 5113 2157 5182 igitur
2188 5116 2452 5185 impedire
2475 5133 2653 5192 potest
2681 5128 2810 5197 quin
2839 5144 2899 5184 ea
2931 5131 2982 5184 in
3015 5148 3071 5188 re
3095 5110 3387 5204 scriptores

1824 5204 2230 5274 antiquissimos
2264 5226 2573 5281 sequamur,
2611 5220 2845 5276 maxime
2871 5238 2992 5277 eum
3028 5229 3382 5284 recentiorum

1820 5298 2003 5368 opinio
2039 5301 2192 5359 ﬁrma
2225 5306 2367 5363 nulla
2402 5312 2610 5367 ratione
2646 5315 2866 5370 nitatur.
2909 5319 2988 5372 Ad
3029 5323 3143 5375 haec
3183 5320 3383 5379 Socra-

1894 5448 1971 5515 (τι)
2012 5450 2083 5504 De
2108 5454 2287 5511 script.
2317 5457 2443 5512 eccl.
2482 5473 2530 5513 c.
2569 5459 2689 5513 116.

1893 5524 1961 5589 (e)
1998 5521 2131 5577 Inst.
2157 5540 2203 5577 c.
2242 5527 2291 5579 1.

212 5688 328 5783 1603
372 5716 464 5805 (21.¹
519 5730 670 5805 capp.
708 5715 797 5805 4t,
842 5717 908 5799 d9.
932 5720 1096 5805 etii?)
1134 5721 1359 5805 Vinus.
1387 5721 1657 5805 Basilina
1691 5726 1753 5780 D.
1789 5725 2082 5805 Prudentio
2123 5728 2342 5786 Marano
2372 5736 2661 5799 adornat'c,
2698 5737 2786 5805 qui
2833 5738 2893 5790 D.
2920 5736 3024 5791 Jul.
3049 5733 3295 5793 Garuerl‘i
3328 5733 3385 5792 in

149 5789 502 5844 discernenda
538 5797 686 5841 certa
727 5793 793 5842 ab
845 5790 1063 5845 incertis
1098 5796 1442 5851 severitatem
1491 5796 1713 5852 nimiam
1754 5800 1821 5855 ad
1852 5799 2049 5868 justam
2084 5817 2391 5862 mensuram
2425 5789 2951 5877 temperavit.Eioir.

465 5881 742 5943 Parnm.
790 5881 905 5941 Gn.
956 5885 1191 5947 XXIX.

3042 5896 3063 5960 ι
