4080 6314
698 350 913 389 CLXXXII

2032 338 2557 397 PBOLEGOMENA.

702 464 782 509 tes
832 464 885 508 et
934 454 1285 511 Cassiodorus
1341 470 1596 525 expresse
1648 458 1867 511 tradunt
1916 475 2048 527 opus
2081 462 2260 513 Basilii
2293 470 2338 523 Α
2368 466 2692 533 scipulorum
2737 467 3015 521 nemohac
3043 467 3094 520 in
3136 476 3289 534 parte
3335 467 3661 535 perficienda
3710 480 3927 535 operam

700 546 1070 616 imperfectum
1097 561 1235 612 esse,
1267 548 1397 601 adeo
1428 558 1485 601 ut
1526 559 1729 602 tantum
1760 565 1862 603 non
1890 551 2070 604 dicant
2107 552 2260 606 Basi-

700 638 827 692 lium
865 639 998 691 duas
1046 639 1145 691 has
1198 640 1261 691 de
1301 640 1494 707 qnibus
1525 641 1815 709 ambigitur
1852 642 2127 696 orationes
2154 658 2257 694 non

698 728 1104 796 conscripsisse.
1127 728 1353 795 Expedit
1376 740 1661 796 utrumque
1686 731 1889 784 audire.
1923 728 2016 784 ille
2053 733 2130 783 sic
2161 733 2258 783 ha-

696 824 786 875 bet
842 821 934 875 lib.
965 836 1038 885 tv,
1085 835 1135 873 c.
1180 818 1248 872 26
1281 835 1294 872 :
1330 818 1626 890 Γρηγόριος
1678 821 1733 873 δὲ
1788 820 1848 872 τὸ
1881 821 2259 874 διδασκαλικὸν

695 912 789 965 τοῦ
826 912 981 980 λόγου
1016 910 1355 983 [ἐζήλωσεν]
1378 929 1389 941 ·
1426 912 1483 974 ὃς
1506 913 1598 965 καὶ
1627 912 1722 982 τὴν
1753 914 2067 983 ποιηθεῖσαν
2094 916 2259 967 Βασι-

696 1004 823 1073 λείῳ
871 1002 1229 1072 Ἐξαήμερον,
1276 1002 1371 1054 ἅτε
1412 1003 1468 1055 δὲ
1512 1003 1985 1072 καταλειφθεῖσαν,
2025 1023 2261 1076 προσαν-

693 1094 980 1165 επλήρωσε
1036 1093 1170 1164 μετὰ
1217 1093 1443 1146 θάνατον
1487 1094 1578 1148 τοῦ
1633 1097 1883 1165 ἀδελφοῦ.
1919 1116 1936 1147 ι
1968 1098 2259 1166 Gregorius

696 1204 824 1241 vero
857 1185 1136 1242 annulatus
1164 1196 1246 1241 est
1275 1187 1459 1241 Basilii
1502 1189 1553 1241 in
1596 1190 1835 1244 docendo
1872 1190 2256 1258 eloquentiam,

695 1278 868 1344 quiet
906 1276 1098 1329 librum
1140 1275 1325 1329 Basilii
1356 1276 1421 1330 de
1467 1290 1630 1345 opere
1668 1293 1761 1331 sex
1815 1278 2043 1343 dierum,
2098 1292 2255 1345 quem

693 1369 785 1424 ille
843 1367 1223 1438 imperfectum
1276 1367 1589 1436 reliquerat,
1644 1378 1764 1436 post
1812 1371 2017 1422 obitum
2074 1368 2257 1421 fratris

691 1460 981 1529 supplevit.
1006 1479 1025 1511 ›
1045 1458 1143 1515 llic
1173 1473 1301 1514 vero
1328 1459 1407 1513 sic
1435 1460 1669 1527 loquitur
1704 1459 1794 1513 lib.
1823 1459 1900 1513 De
1932 1461 2259 1513 institutione

691 1550 799 1602 diu.
827 1549 931 1614 lit.,
965 1564 1083 1618 cap.
1120 1549 1147 1601 1
1182 1565 1195 1601 :
1233 1566 1253 1600 ‹
1289 1548 1387 1613 Qui
1422 1547 1693 1617 (Basilius)
1720 1564 1887 1617 usque
1920 1550 1985 1601 ad
2027 1548 2258 1601 hominis

692 1640 1054 1695 conditionem
1095 1653 1289 1694 novem
1333 1639 1500 1693 libros
1526 1641 1751 1693 tetendit
1789 1638 1920 1691 :ubi
1962 1648 2014 1693 et
2045 1639 2166 1694 (εωιὶ
2204 1647 2257 1693 et

694 1742 853 1787 terrae
883 1742 1153 1797 naturam,
1184 1731 1327 1785 aeris
1365 1741 1417 1785 et
1466 1747 1730 1800 aquarum
1763 1731 1843 1785 vel
1882 1741 2250 1785 creaturarum

2362 555 2705 623 impendisset
2738 572 2910 617 suam,
2945 556 3216 608 habuisset
3252 570 3429 609 causae
3456 554 3700 608 nonnihil
3737 555 3931 607 adver-

2360 661 2449 699 sus
2510 647 2761 701 eximiam
2810 647 2911 701 viri
2965 648 3187 717 gloriam
3239 646 3685 713 reprehensorum
3742 644 3928 707 libido,

2360 739 2511 806 quasi
2543 740 2633 806 qui
2674 740 2739 793 ad
2785 755 2871 793 res
2900 741 3079 792 animo
3118 739 3448 808 indagandos
3495 738 3770 792 auditores
3803 751 3930 790 suos

2358 826 2742 881 consuefacere
2774 827 3053 880 noluisset.
3086 826 3239 882 Nunc
3265 842 3384 880 cum
3424 841 3485 879 ea
3519 842 3639 889 nos,
3675 841 3794 893 quae
3831 828 3929 878 de-

2358 924 2502 980 sunt,
2529 918 2861 984 explananda
2887 917 3159 984 suscipere
3188 919 3300 971 ansi
3335 934 3543 980 smnus,
3585 938 3603 969 ι
3637 917 3929 970 etc..Nilii|

2359 1006 2649 1075 quidquam
2682 1007 2860 1061 aﬂ'crri
2896 1024 3052 1076 posse
3092 1009 3327 1062 arbitror
3357 1018 3448 1061 aut
3494 1008 3803 1070 dilucidius,
3838 1017 3933 1059 aut

2360 1101 2687 1169 expressius.
2733 1102 2820 1154 Ait
2854 1103 2997 1154 enim
3049 1099 3341 1168 Gregorius
3370 1100 3642 1167 suscipere
3675 1114 3735 1152 se
3772 1114 3928 1151 suum

2358 1206 2490 1259 Opus
2523 1192 2588 1243 de
2626 1190 2859 1245 hominis
2908 1202 3097 1245 natura
3128 1201 3288 1259 atque
3343 1192 3677 1253 conditiooe,
3714 1205 3823 1242 non
3874 1198 3932 1240 ut

2360 1283 2473 1335 fuse
2511 1291 2706 1335 tractet
2734 1298 2851 1349 quae
2881 1283 3313 1351 compendiosius
3342 1290 3668 1335 tractaverat
3696 1278 3930 1334 Basilius

2357 1378 2497 1442 (quae
2526 1373 2735 1426 videtur
2756 1388 2873 1426 esse
2904 1373 3085 1436 opinio
3126 1370 3477 1440 Combeﬁsii),
3510 1386 3614 1424 non
3656 1382 3711 1423 ut
3745 1372 3931 1425 absid-

2356 1474 2449 1515 vat
2480 1479 2598 1533 qua:
2625 1463 2911 1517 inclinarat
2952 1462 3185 1516 Basilius
3228 1481 3242 1517 :
3289 1464 3381 1516 sed
3413 1464 3611 1516 idcirco
3641 1463 3842 1516 addere
3873 1478 3931 1516 se

2356 1555 2484 1608 dicit
2507 1570 2567 1607 ca
2598 1569 2716 1621 quae
2748 1553 2811 1606 ad
2842 1554 3112 1607 hominem
3144 1555 3397 1617 attinent,
3462 1554 3602 1621 quod
3637 1572 3654 1603 ι
3690 1554 3931 1606 hominis

2356 1644 2717 1698 consideratio
2757 1667 2780 1691 ι
2817 1646 2867 1697 in
2920 1645 3097 1699 Basilii
3138 1660 3301 1714 opere
3332 1664 3351 1695 ι
3392 1646 3551 1700 desit.
3594 1664 3612 1696 ι
3640 1645 3847 1697 Possim
3876 1655 3931 1698 et

2357 1734 2497 1787 aliud
2532 1735 2890 1787 testimonium
2924 1735 3166 1800 proferre
3197 1750 3263 1788 ex
3292 1736 3477 1790 eodem
3513 1736 3797 1803 Gregorio,
3827 1738 3923 1802 qui

690 1839 827 1892 pene
851 1824 1087 1877 omnium
1136 1824 1424 1893 qualitates
1467 1825 1696 1891 aperuit.
1740 1843 1757 1875 ›
1804 1823 2037 1878 Basilius
2089 1825 2253 1891 igitur
2288 1805 2327 1861 Β
2359 1829 2458 1879 hoc
2510 1825 2648 1879 idem
2706 1825 2799 1879 lib.
2850 1826 2926 1879 De
2960 1826 3168 1894 api/icio
3199 1826 3441 1891 hominis,
3474 1843 3593 1896 pag.
3639 1828 3729 1890 45,
3766 1842 3929 1896 aper-

689 1931 757 1969 ex
785 1916 973 1969 horum
1020 1926 1300 1969 auctorum
1329 1918 1619 1981 sententia,
1648 1932 1781 1985 opus
1808 1933 1962 1970 suum
1999 1932 2103 1970 non
2136 1932 2255 1985 per-

688 2007 839 2062 duxit
863 2006 929 2061 ad
958 2006 1267 2061 umbilicum
1297 2026 1310 2059 :
1340 2010 1431 2060 sed
1490 2008 1542 2061 id
1595 2008 1975 2077 imperfectum
2014 2008 2252 2075 reliquit.

688 2099 819 2166 Sed,
851 2100 897 2153 si
933 2096 1101 2153 semel
1128 2099 1451 2162 constiterit,
1492 2108 1550 2152 ut
1579 2112 1644 2153 ex
1676 2100 1833 2153 dictis
1867 2109 2115 2153 constare
2161 2101 2254 2153 de-

685 2189 797 2255 bet,
832 2205 966 2259 opus
996 2188 1181 2244 Basilii
1212 2188 1379 2245 fuisse
1410 2190 1819 2257 imperiectum;
1854 2191 1979 2245 inde
2010 2208 2114 2245 non
2151 2193 2244 2245 ob-

685 2294 844 2336 scure
870 2278 1119 2343 edicitur,
1144 2287 1200 2332 ut
1226 2267 1456 2333 Basilius
1489 2294 1661 2348 neque
1687 2282 1753 2334 de
1796 2282 2033 2334 hominis
2064 2281 2254 2333 condi-

689 2376 853 2441 tione,
882 2388 1053 2441 neque
1082 2377 1147 2426 de
1173 2372 1288 2440 ejus
1318 2381 1584 2426 structura
1605 2373 1939 2437 disseruerit,
1973 2388 2091 2427 cum
2117 2372 2251 2425 alio-

686 2466 816 2534 quin
847 2463 1173 2519 sanctissimi
1228 2463 1404 2517 Patris
1448 2477 1581 2532 opus
1628 2464 1920 2533 perfectum
1954 2463 2147 2517 fuisset
2195 2473 2250 2517 et

686 2558 937 2611 omnibus
964 2558 1075 2612 suis
1106 2558 1345 2611 numeris
1376 2571 1438 2611 ac
1484 2558 1728 2625 partibus
1776 2556 2071 2624 expletum.
2112 2555 2244 2608 Nam

684 2650 727 2703 si
758 2649 1124 2704 conditionem
1158 2646 1390 2700 hominis
1423 2656 1583 2715 atque
1617 2655 1947 2701 structuram
1987 2648 2244 2714 excipias,

685 2741 892 2810 reliqua
931 2741 1109 2794 omnia
1161 2740 1444 2810 eleganter
1500 2756 1562 2794 ac
1618 2740 1833 2807 copiose
1873 2740 1923 2793 in
1975 2739 2246 2807 prioribus

684 2846 878 2887 novem
918 2832 1255 2886 orationibus
1290 2831 1650 2900 explicantur.
1681 2828 1779 2883 Vix
1819 2831 1980 2899 igitur
2012 2830 2243 2883 dubitari

682 2932 860 2993 potest
887 2923 1015 2990 quin
1042 2922 1245 2975 decima
1291 2931 1345 2975 et
1393 2921 1674 2975 undecima
1721 2921 1896 2974 oratio
1949 2919 2004 2972 in
2048 2920 2245 2988 spuriis

684 3020 846 3082 atque
904 3012 1194 3065 subdititiis
1241 3012 1499 3079 ponendae
1538 3012 1667 3065 sint.
1716 3009 1850 3063 Nam
1902 3011 2042 3079 quod
2097 3012 2246 3064 aiunt

2361 1918 2565 1971 tissime
2593 1918 2882 1971 conﬁrmat
2914 1932 2928 1969 :
2966 1917 3058 1971 sed
3099 1919 3179 1971 his
3210 1918 3409 1971 diutius
3459 1918 3734 1971 immorari
3785 1920 3924 1973 nihil

2359 2023 2581 2062 necesse
2608 2018 2711 2073 est,
2748 2024 2869 2062 cum
2901 2009 2942 2062 si
2987 2009 3116 2061 nihil
3141 2008 3305 2071 aliud,
3343 2010 3517 2077 ipsum
3550 2021 3698 2063 certe
3724 2011 3927 2063 dictio-

2357 2102 2439 2152 nis
2474 2114 2642 2169 genus
2664 2100 2796 2154 duas
2838 2101 2938 2153 has
2972 2100 3339 2154 oratiunculas
3364 2100 3575 2169 spurius
3612 2110 3777 2169 atque
3797 2117 3926 2168 sup-

2354 2189 2623 2255 posititias
2658 2202 2779 2241 esse
2815 2200 2998 2255 aperte
3025 2189 3353 2241 ostenderet.

2425 2280 2511 2330 16.
2544 2278 2837 2346 thuidem
2875 2281 3066 2332 adduci
3102 2280 3189 2331 vix
3226 2294 3443 2347 possum
3474 2280 3769 2333 utcredam
3807 2281 3915 2335 hoc

2353 2368 2531 2435 operis
2569 2370 2711 2424 serio
2745 2370 2907 2424 tribui
2964 2384 3118 2438 posse
3162 2386 3354 2439 magno
3401 2372 3474 2425 illi
3526 2370 3745 2425 Basilio.
3784 2372 3922 2427 Nam

2353 2462 2627 2517 scribendi
2666 2464 2806 2516 ratio
2840 2466 2909 2516 ita
2941 2477 2969 2516 a
3007 2461 3281 2516 Basiliana
3304 2464 3549 2530 dissidet,
3582 2475 3638 2517 ut
3660 2480 3782 2517 eam
3811 2467 3924 2516 dis-

2352 2554 2680 2619 crepantiam
2714 2554 2805 2621 qui
2850 2569 2953 2606 non
2986 2554 3152 2617 videt,
3195 2554 3446 2607 cmcutire
3483 2557 3699 2608 omnino
3729 2557 3923 2607 videa-

2355 2650 2461 2694 tur.
2493 2642 2569 2694 Ad
2606 2643 2846 2710 exempla
2868 2646 3169 2707 veniamus,
3204 2659 3320 2710 qua:
3351 2655 3531 2710 petere
3569 2645 3721 2712 juvat
3753 2660 3819 2699 cx
3855 2648 3923 2699 iis

2350 2750 2484 2803 quas
2516 2734 2871 2788 Combeiisius
2917 2735 3083 2787 edidit
3128 2736 3486 2797 orationibus,
3530 2750 3651 2789 cum
3705 2737 3850 2804 ipsas
3890 2756 3921 2791 a

2350 2840 2407 2879 se
2438 2827 2676 2893 pristina:
2723 2842 2831 2881 sua:
2867 2827 3160 2896 integritati
3204 2827 3477 2880 restitutas
3514 2843 3631 2882 esse
3693 2841 3922 2883 contem

2349 2915 2462 2968 (lat.
2510 2915 2703 2967 {Nostro
2762 2930 2910 2967 more
2942 2915 3154 2983 vulgata
3189 2916 3629 2983 interpretatiOne
3668 2925 3914 2967 utemur.

2348 3003 2439 3057 Sic
2473 3006 2633 3070 igitur
2667 3005 2841 3073 legere
2881 3016 2960 3057 est
2998 3022 3143 3056 num.
3166 3008 3199 3057 ‘2
3234 3023 3245 3055 :
3284 3006 3533 3058 Θάλασσα
3578 3008 3669 3058 καὶ
3701 3007 3921 3079 πελάγη

683 3102 1034 3157 eruditissimi
1070 3102 1168 3155 viri
1203 3100 1558 3156 Combeiisius
1584 3110 1636 3153 et
1667 3102 1921 3169 Dupinus.
1951 3101 2069 3153 ideo
2105 3100 2242 3152 mul-

2355 3096 2579 3166 ἄπειρα,
2620 3096 2713 3148 καὶ
2764 3100 3042 3167 προσταγῇ
3089 3096 3342 3166 παρήχθη
3386 3098 3465 3159 εἰς
3512 3097 3571 3149 τὸ
3608 3093 3768 3151 εἶναι.
3806 3100 3921 3152 Vox

684 3200 768 3246 tos
792 3193 1082 3261 scriptores
1107 3189 1356 3259 antiquos
1395 3190 1457 3242 de
1481 3188 1684 3241 decima
1718 3198 1771 3241 et
1806 3189 2087 3241 undecima
2122 3204 2241 3240 ora-

685 3284 830 3336 tione
858 3283 1105 3347 tacuisse,
1147 3282 1399 3350 quoniam
1446 3296 1687 3334 seorsum
1724 3289 1840 3348 post
1887 3280 2016 3333 alias
2054 3295 2247 3332 novem

683 3377 882 3432 habita:
923 3385 1066 3439 sunt,
1107 3376 1158 3429 id
1213 3376 1428 3442 quidem
1478 3374 1680 3429 faterer
1734 3375 1933 3443 aliquid
1989 3375 2241 3428 momenti

682 3468 901 3531 habere,
930 3467 973 3520 si
1008 3466 1368 3519 testimonimn
1403 3465 1799 3534 proferreutvel
1825 3466 1978 3516 maius
2021 3466 2245 3533 srripto-

682 3560 761 3613 ris
800 3559 1031 3627 antiqui,
1060 3558 1150 3624 qui
1184 3572 1243 3611 se
1287 3558 1382 3610 has
1432 3560 1563 3609 duas
1604 3557 1927 3624 posteriores
1959 3558 2243 3610 conciones

682 3650 885 3703 vidisse
906 3658 1247 3702 testaretur:
1297 3648 1389 3701 sed
1448 3662 1568 3700 cum
1620 3647 1750 3699 nihil
1785 3648 2239 3714 talcproferatur,

670 3740 948 3811 ejusmodi
975 3741 1233 3793 rationem
1266 3738 1496 3807 probare
1538 3738 1682 3789 nullo
1708 3740 1864 3789 modo
1900 3754 2137 3805 possunt.

754 3831 843 3886 15.
889 3830 969 3885 Ad
1013 3830 1344 3898 propositum
1413 3844 1507 3881 nos
1560 3828 1877 3881 referamus.
1922 3828 2031 3879 Etsi
2083 3828 2245 3893 igitur

685 3923 1015 3992 argumentis
1046 3920 1111 3974 iis
1142 3935 1261 3988 qua:
1298 3920 1565 3973 ducuntur
1596 3934 1659 3971 ex
1698 3920 2020 3972 auctoritate
2051 3918 2243 3971 lliero-

683 4009 1140 4081 nymi,Socratis,
1196 4008 1461 4061 Eustathii
1512 4017 1565 4059 et
1611 4007 1942 4072 Cassiodori,
1987 4010 2114 4061 insit
2164 4010 2244 4061 vis

683 4102 938 4160 maxima,
992 4112 1167 4153 tamen
1222 4099 1356 4153 levia
1400 4098 1567 4152 videri
1623 4110 1868 4166 possunt,
1924 4102 1966 4152 si
2015 4116 2138 4153 cum
2180 4115 2245 4151 eo

684 4196 999 4257 argumento
1037 4188 1179 4255 quod
1230 4204 1297 4241 ex
1352 4189 1673 4242 auctoritate
1722 4188 1965 4257 Gregorii
2011 4189 2241 4257 Nysscui

680 4280 932 4349 petimus,
957 4288 1356 4347 comparentur.
1407 4281 1615 4333 Etenim
1663 4282 1807 4334 clare
1840 4290 1893 4333 et
1936 4281 2135 4334 diserte
2170 4282 2245 4333 ait

681 4371 990 4439 Gregorius,
1033 4380 1238 4436 partem
1274 4385 1390 4423 eam
1417 4386 1536 4438 qiue
1575 4372 1642 4424 ad
1687 4372 1918 4423 hominis
1968 4372 2241 4437 opiﬁcium

2349 3187 2564 3255 quidem
2603 3187 2929 3256 πρόσταγμα
2961 3199 3016 3240 ut
3049 3189 3185 3256 apud
3222 3189 3440 3243 idoneos
3473 3189 3706 3258 reliquos
3730 3202 3923 3243 aucto-

2348 3294 2456 3340 res,
2501 3281 2573 3331 ita
2604 3280 2741 3347 apud
2787 3278 3043 3332 Basilium
3098 3281 3292 3333 usitata
3330 3291 3432 3333 est.
3490 3279 3593 3334 Sed
3652 3292 3924 3349 prarstare

2347 3371 2518 3422 ausint
2549 3386 2728 3422 vocem
2763 3373 3047 3441 προσταγή
3083 3373 3133 3424 in
3167 3371 3361 3426 Basilio
3399 3386 3499 3423 non
3535 3374 3801 3441 reperiri;
3846 3390 3920 3426 ait

2350 3459 2654 3513 inveniatur
2684 3461 2736 3513 in
2777 3462 2899 3514 aliis
2940 3464 3091 3514 bon-.e
3129 3472 3267 3515 not-.e
3310 3463 3683 3529 seriptoribus,
3717 3479 3917 3527 necne,

2347 3567 2452 3603 non
2485 3551 2787 3617 allirmabo,
2813 3554 3043 3605 dixerim
3085 3563 3258 3606 tamen
3294 3554 3343 3606 in
3388 3554 3721 3620 amplissimo
3765 3554 3919 3607 lli-n-

2347 3643 2441 3696 rici
2475 3644 2731 3711 Stephani
2787 3643 3053 3698 Thesauro
3088 3661 3190 3698 non
3246 3646 3369 3715 legi.
3409 3647 3544 3700 Nunt
3584 3647 3653 3701 6:
3699 3648 3788 3699 Ἐν
3834 3643 3920 3709 οἷς

2346 3733 2504 3795 αὐτὸς
2539 3729 2692 3785 εἶπεν
2718 3734 2773 3798 ἐξ
2808 3733 3043 3799 ὑπογύου
3082 3734 3108 3784 ὁ
3139 3734 3289 3801 Θεός,
3320 3753 3337 3786 t
3374 3737 3425 3789 In
3457 3738 3519 3789 iis
3546 3738 3826 3799 nimirtnn,
3864 3739 3920 3790 in

2345 3825 2540 3888 quibus
2570 3826 2681 3891 ipse
2717 3826 2851 3875 Deus
2883 3827 3119 3890 proxime
3151 3828 3303 3880 dixit.
3344 3845 3363 3877 ι
3400 3827 3497 3880 Vix
3526 3830 3652 3880 mihi
3687 3844 3921 3893 persua-

2347 3915 2456 3967 deri
2489 3916 2684 3983 poterit
2717 3914 2972 3970 Basilium
3009 3920 3107 3970 hac
3144 3918 3395 3985 loquendi
3425 3921 3651 3977 ratione.
3696 3918 3754 3983 ἐξ
3786 3920 3917 3973 ὑπο-

2344 4007 2495 4074 γύου,
2523 4026 2755 4077 unquam
2788 4026 2937 4063 usum
2990 4011 3174 4063 fuisse.
3224 4009 3482 4077 liepcrias
3531 4010 3725 4076 sacpius
3772 4014 3921 4079 apud

2345 4097 2603 4153 Btrllilllﬂ
2655 4100 2756 4155 hoc
2824 4100 2938 4169 ipso
2992 4115 3173 4161 sensu,
3214 4098 3270 4149 ἐν
3331 4099 3441 4160 τοῖς
3483 4097 3711 4151 κατόπιν
3766 4095 3916 4164 εἷπε,

2351 4208 2368 4239 ι
2407 4190 2652 4259 superius
2687 4191 2857 4243 dixit:
2899 4211 2915 4241 ι
2951 4192 3041 4244 sed
3074 4190 3219 4251 illud,
3256 4188 3312 4254 ἐξ
3347 4188 3918 4257 ὑπογύουηιυειιιιπυι,

2345 4285 2553 4349 Opinor,
2590 4283 2849 4334 invenias.
2882 4283 3037 4333 Num.
3065 4282 3096 4334 8
3132 4296 3144 4330 :
3186 4281 3415 4334 Ἔπειτα
3448 4284 3539 4335 καὶ
3579 4284 3610 4350 ἡ
3648 4282 3921 4350 παραδεί-

2348 4390 2438 4425 σου
2470 4372 2960 4441 συνεπεδαψιλεύθη
2991 4371 3307 4436 ἀπόλαυσις,
3347 4392 3363 4423 ι
3401 4370 3533 4425 Tum
3580 4383 3631 4422 et
3672 4374 3915 4438 paradisi

681 4471 908 4529 spectat,
945 4462 996 4513 in
1030 4459 1210 4514 Basilii
1255 4476 1417 4529 opere
1458 4462 1773 4524 desiderari,
1813 4472 1869 4515 ut
1898 4463 2077 4514 mirari
2116 4460 2242 4514 sub-
2278 4474 2318 4527 ι)
2348 4462 2692 4515 liberalitatis
2730 4462 2943 4515 cumulo
3002 4465 3222 4531 adjecta:
3248 4463 3472 4515 deliciar.
3515 4479 3531 4510 ι
3572 4459 3735 4523 Illud,
3797 4480 3921 4515 συν.

682 4560 770 4603 eat
818 4568 845 4603 a
894 4568 1160 4619 quoquam
1212 4554 1307 4605 has
1359 4553 1731 4605 oratiunciilas
1781 4551 1979 4602 Basilio
2055 4552 2236 4604 tribui.

681 4642 905 4697 Praestat
941 4647 1096 4697 Verba
1127 4642 1368 4711 Gregorii
1393 4645 1725 4705 exscribere,
1754 4658 1872 4711 quae
1902 4643 1945 4695 si
1995 4642 2243 4712 legantur

681 4745 903 4800 attente,
929 4750 989 4786 ea
1021 4737 1084 4788 de
1131 4752 1186 4788 re
1223 4750 1324 4787 non
1355 4736 1585 4801 amplius
1636 4736 2020 4789 dubitationem
2081 4735 2240 4787 ullam

680 4825 795 4875 fore
825 4824 1160 4877 conﬁdimus.
1204 4825 1293 4879 Sic
1325 4826 1484 4893 igitur
1513 4824 1747 4890 loquitur
1794 4825 2086 4891 Gregorius
2137 4826 2233 4879 lib.

678 4914 757 4967 De
787 4913 1008 4966 hominis
1034 4912 1260 4979 cpi/icio,
1291 4930 1408 4982 pag.
1435 4914 1503 4968 45
1530 4932 1542 4967 :
1570 4914 1631 4965 Εἰ
1663 4914 1768 4984 γὰρ
1803 4915 2099 4984 λειπούσης
2141 4916 2239 4983 τῆς

691 5004 1047 5075 Ἑξαημέρου,
1072 5005 1170 5073 τῆς
1212 5006 1289 5065 εἰς
1317 5004 1404 5054 τὸν
1441 5006 1723 5076 ἄνθρωπον
1750 5005 2004 5074 θεωρίας,
2052 5005 2242 5076 μηδεὶς

675 5095 784 5149 τῶν
831 5097 1281 5166 μαθητευσαντων
1338 5095 1483 5163 αὑτῴ
1508 5098 1738 5167 σπουδήν
1788 5114 1908 5149 τινα
1966 5099 2097 5166 πρὸς
2141 5100 2238 5167 τὴν

676 5188 768 5240 τοῦ
799 5188 1069 5252 λείποντος
1102 5190 1485 5257 ἀναπλήρωσιν
1539 5189 1932 5256 εἰσενέγκαιτοο
1985 5190 2137 5258 ἔσχεν
2176 5190 2239 5241 ἂν

678 5278 897 5339 εἰκότως
927 5280 1065 5329 κατα
1095 5279 1191 5347 τῆς
1216 5278 1458 5347 μεγάλης
1496 5278 1655 5329 αὑτοῦ
1691 5279 1843 5347 δόξης
1879 5283 1904 5331 ὀ
1936 5278 2122 5348 μῶμος
2150 5279 2239 5329 λα·-

676 5368 798 5438 ϐὴν,
839 5369 911 5429 ὡς
944 5369 1015 5439 μὴ
1049 5366 1393 5436 βουληθέντος
1422 5368 1531 5432 ἕξιν
1552 5371 1670 5421 τινὰ
1702 5372 2090 5441 κατανοητικὴν
2130 5374 2237 5432 τοῖς

676 5460 970 5528 ἀκροαταῖς
1001 5460 1415 5529 ἐνεργάσασθαι.
1444 5461 1573 5511 Νυνὶ
1594 5461 1647 5512 δὲ
1672 5461 1810 5512 κατὰ
1837 5460 2062 5530 δύναμιν
2084 5460 2235 5530 ἡμῶν

676 5549 1149 5618 ὲπιτολμησάντων
1203 5552 1267 5619 τῇ
1323 5552 1577 5621 ἐξηγήσει
1629 5553 1721 5603 τοῦ
1780 5552 2077 5613 λείποντος,
2127 5563 2230 5605 clc.

682 5660 700 5691 ι
740 5640 869 5693 Nam
914 5658 1037 5695 cum
1075 5642 1125 5692 in
1161 5653 1503 5694 enarratione
1537 5658 1755 5710 operum
1809 5659 1926 5711 quae
1961 5645 2098 5696 Deus
2141 5659 2237 5696 St'X

676 5734 863 5787 diebus
893 5732 1145 5793 absolvit,
1183 5732 1415 5789 hominis
1449 5736 1811 5789 consideratio
1843 5736 2015 5799 desit;
2067 5736 2112 5787 si
2151 5736 2234 5787 di-

2344 4554 2760 4625 επεδαψιλεύθη,
2787 4554 3007 4617 frustra,
3043 4557 3141 4606 nisi
3173 4569 3257 4605 me
3289 4553 3420 4603 fallit
3454 4555 3687 4615 animus,
3720 4556 3771 4605 in
3816 4555 3921 4606 Ba-

2342 4648 2461 4698 silio
2509 4649 2805 4714 qmesieris.
2874 4645 3028 4696 Num.
3064 4644 3128 4696 12
3161 4662 3173 4697 :
3203 4643 3297 4707 Τίς
3322 4646 3348 4697 ὁ
3372 4647 3435 4715 τῇ
3480 4646 3760 4716 ἀραιότητι
3804 4648 3919 4699 τῶν

2344 4737 2624 4803 στημόνων
2671 4734 2889 4785 ἐκείνων
2937 4731 3161 4797 ξυλίνων
3190 4734 3287 4805 τὴν
3332 4736 3600 4805 ἀναπνοὴν
3632 4736 3710 4804 τῷ
3745 4738 3917 4803 ἐγκε-

2343 4823 2644 4892 κλεισμένῳ
2675 4822 2845 4893 θηρίῳ
2879 4826 3320 4893 παρασκευάσας,
3352 4841 3367 4873 ι
3400 4824 3529 4888 Quis
3557 4842 3706 4876 raros
3729 4840 3922 4879 cavi-:1:

2344 4913 2530 4981 ligneze
2555 4917 2820 4968 cancellos
2850 4917 3063 4967 inclusa}
3083 4918 3206 4966 tera:
3230 4919 3510 4978 exstruxit,
3536 4929 3635 4978 quo
3670 4919 3919 4980 respira—

2344 5016 2443 5058 ret.
2480 5024 2496 5056 ι
2534 5005 2686 5069 Illud,
2722 5008 2965 5074 στήμων,
3004 5014 3061 5055 ιιι
3089 5004 3153 5057 de
3184 5004 3403 5073 reliquis
3436 5015 3663 5066 taceam,
3696 5018 3722 5055 a
3750 5002 3917 5057 Basi-

2343 5096 2485 5149 liano
2512 5098 2649 5165 stylo
2674 5098 2828 5164 longe
2869 5094 3129 5147 dissidere
3162 5097 3418 5149 arbitror.
3449 5092 3581 5145 Nam
3621 5108 3742 5156 vox,
3780 5098 3921 5167 στή-

2344 5206 2477 5258 μων,
2508 5187 2796 5254 impropria
2831 5196 2934 5248 esl,
2984 5202 3081 5240 nt‘c
3117 5188 3252 5239 bene
3298 5185 3421 5237 huic
3464 5183 3577 5240 loco
3624 5192 3915 5242 convenit.

2341 5279 2626 5349 Signiﬁcat
2680 5278 2892 5345 quidem
2930 5279 3147 5338 usitate,
3193 5294 3210 5325 ι
3252 5284 3481 5342 stamen,
3532 5296 3548 5329 ι
3590 5288 3682 5331 aut
3730 5296 3747 5329 ι
3792 5281 3917 5349 ipsa

2337 5388 2454 5441 qme
2483 5387 2512 5424 e
2547 5370 2664 5423 colo
2692 5370 2956 5423 ducuntur
2982 5373 3065 5422 lila
3094 5386 3104 5417 :
3154 5386 3170 5416 ι
3202 5368 3291 5418 sed
3318 5370 3453 5434 apud
3488 5386 3620 5437 quos
3650 5382 3920 5422 auctores

2337 5480 2438 5517 Vox
2483 5470 2703 5531 στημων
2744 5462 3007 5530 signilicet
3054 5477 3071 5507 ι
3130 5473 3368 5520 caveam,
3426 5481 3441 5508 ι
3475 5462 3631 5513 velim
3678 5461 3920 5512 dixisset

2338 5554 2715 5609 Cotnbelisius.
2752 5552 2984 5605 Numero
3009 5548 3072 5601 H
3101 5566 3114 5602 :
3141 5550 3327 5623 Μικρᾷ
3359 5551 3694 5623 προσῷαύσει
3734 5549 3917 5620 ἐκρά-

2334 5662 2462 5714 τησε
2504 5646 2562 5695 τὸ
2589 5642 2942 5715 ἁεροποροῦν,
2988 5658 3004 5689 ι
3044 5638 3169 5693 Levi
3204 5654 3409 5696 attactu
3441 5657 3534 5709 per
3561 5654 3681 5691 acra
3712 5642 3917 5697 \‘olan-

2339 5746 2441 5790 tem
2494 5736 2756 5790 axiculatu
2814 5732 2995 5787 tenuit.
3057 5752 3075 5785 ι
3127 5732 3360 5789 Verbum
3414 5733 3627 5802 quidem
3671 5730 3917 5802 ἀεροπο-
