4088 6310
1268 380 1332 442 1).
1376 384 1523 442 JUL.
1568 382 1899 439 GARNERH
1940 379 2331 438 PREFATIO.

3155 396 3255 438 CL!
3264 399 3291 437 ι
3296 394 3395 438 1111

156 502 261 571 ubi
292 500 500 558 citatur
533 516 564 556 e
594 499 793 556 Basilio
815 501 868 555 in
901 499 1206 555 Thesauro:
1236 500 1328 556 sed
1353 500 1605 555 existimo
1627 514 1730 554 non

1836 505 1896 550 ut
1931 495 2285 566 prtrterierim
2330 508 2447 563 qua:
2494 501 2648 548 erant
2705 501 2888 549 notatu
2918 494 3187 564 digniora,
3236 506 3402 550 adno-

157 594 251 648 nisi
284 594 339 652 iu
362 595 571 662 spuriis
600 596 685 649 his
711 594 1051 649 orationibus
1074 593 1324 663 reperiri.
1350 593 1553 649 Eodem
1574 610 1723 648 num.

157 682 216 737 il
249 700 264 736 :
303 682 481 736 Κάτω
507 683 566 736 δὲ
602 682 679 736 τὼ
713 686 861 755 χεῖρε
889 681 1076 748 αὐτοῦ,
1119 684 1214 737 καὶ
1242 682 1321 737 τὼ
1350 682 1498 746 πόδε,
1522 701 1540 735 t
1566 682 1723 737 Humi

155 791 277 829 vero
317 776 441 844 ejus
471 785 527 830 et
548 790 741 831 manus
782 785 836 830 et
863 777 1046 844 pedes.
1076 794 1093 827 ι
1136 775 1250 830 Hoc
1286 792 1389 829 non
1421 778 1622 831 dictum
1645 786 1729 829 est

152 884 213 923 ex
248 883 403 923 more
456 864 663 931 Basilii,
713 869 802 938 qui
837 867 978 922 duali
1021 868 1100 921 uti
1154 884 1257 923 non
1304 869 1461 936 solet,
1510 881 1729 938 practer-

154 975 310 1027 quam
339 960 487 1028 quod
511 960 625 1030 ipsa
656 961 889 1015 elocutio
912 960 1058 1014 humi
1093 975 1280 1031 repere
1311 964 1537 1016 videtur.
1567 961 1723 1020 Num.

154 1051 217 1104 l8
264 1070 278 1104 :
315 1052 430 1105 Καὶ
477 1053 557 1116 εἰς
610 1052 671 1105 τὸ
711 1051 1133 1125 ῥωμαλεώτερον
1186 1052 1579 1124 ἀποκαθιστᾷν,
1616 1073 1634 1104 t
1674 1063 1729 1108 et

156 1142 400 1196 membra
440 1144 493 1197 in
527 1143 886 1199 robustiorem
923 1154 1123 1200 statum
1168 1147 1481 1216 perducere.
1513 1164 1532 1198 ι
1569 1146 1729 1213 Quis-

156 1233 273 1301 quis
317 1230 508 1289 Basilii
542 1238 785 1306 apprime
829 1239 1107 1294 studiosus
1155 1248 1259 1298 est.
1309 1239 1532 1309 ejusque
1562 1240 1730 1295 libros

159 1326 577 1395 diligentissime
606 1338 768 1398 atque
805 1331 1176 1385 assiduissitne
1214 1332 1500 1397 lectitavit,
1541 1348 1729 1389 vocem

161 1416 587 1489 ρωμαλεώτερος
610 1417 934 1475 Basilianam
960 1436 1068 1476 non
1095 1437 1217 1477 esse
1235 1424 1611 1494 nullonegotio
1653 1424 1732 1477 fa-

161 1509 377 1563 tebitur.
416 1510 576 1565 Num.
611 1512 677 1566 l9
712 1526 728 1567 :
762 1514 968 1567 Οὐκοῦν
1002 1516 1270 1583 ἀναγκαῖα
1303 1517 1397 1570 καὶ
1424 1518 1590 1589 ἄμφω
1638 1520 1731 1573 καὶ

164 1597 577 1671 ἰδιοσήμαντρα,
618 1620 637 1653 t
688 1603 870 1673 Itaque
913 1610 1220 1663 necessaria
1268 1614 1427 1667 ambo
1480 1625 1627 1676 sunt,
1668 1631 1731 1669 ac

161 1689 420 1758 cujusque
485 1695 760 1763 proprium
817 1698 1200 1765 significatum.
1260 1723 1279 1756 ι
1331 1703 1482 1772 illud,
1535 1706 1731 1777 ὶδιοσή-

164 1796 397 1852 μαντρα,
434 1783 653 1842 barbari
685 1788 886 1859 aliquid
931 1800 987 1847 et
1023 1794 1228 1848 horridi
1258 1812 1368 1865 prae
1406 1811 1464 1851 se
1512 1797 1641 1862 fert,
1676 1808 1729 1853 et

1834 588 1995 641 tarim
2050 587 2276 641 leviora.
2314 586 2385 643 Ut
2432 595 2489 639 ut
2542 585 2655 639 haec
2689 595 2833 651 sunt,
2894 587 3229 641 arbitramur
3280 604 3403 658 quas

1834 679 2159 748 protulimus
2211 680 2455 750 exempla
2486 679 2726 735 sutlicere
2754 694 2915 749 posse
2950 691 3094 736 recte
3140 682 3207 737 de
3243 685 3405 737 rebus

1828 773 2161 843 judicaturo.

1906 864 1993 919 18.
2026 864 2143 919 Jam
2184 866 2251 918 ad
2289 866 2434 935 ipsas
2479 863 2780 918 sententias
2823 865 2969 933 quod
3010 867 3219 931 attinet,
3249 865 3302 920 in
3339 865 3406 919 iis

1835 972 2048 1027 quoque
2076 956 2210 1010 nihil
2230 956 2561 1012 Basilianum
2586 957 2841 1013 occurrit.
2878 957 3016 1012 Sunt
3045 958 3189 1013 inter
3217 970 3273 1012 se
3301 957 3404 1011 dis-

1836 1061 1993 1112 sutaa,
2036 1051 2179 1105 male
2235 1051 2593 1115 cohzerentes,
2627 1052 2763 1107 nihil
2820 1052 3082 1108 habentes
3121 1051 3405 1122 exquisitas

1836 1142 1981 1197 illius
2031 1142 2300 1197 facundia:
2345 1153 2508 1213 atque
2549 1144 2889 1210 eruditionis,
2942 1159 3102 1215 quam
3133 1158 3324 1198 omnes
3353 1144 3409 1197 in

1836 1232 2033 1288 Basilio
2057 1233 2341 1288 mirantur.
2370 1233 2480 1290 imo
2505 1250 2633 1290 vero
2656 1237 2893 1305 reperire
2914 1244 2997 1291 est
3023 1236 3273 1306 ineptias,
3306 1251 3409 1289 nu-

1837 1339 1955 1393 gas,
1992 1336 2318 1389 commenta,
2357 1340 2476 1394 (11]ζὲ
2502 1341 2611 1381 non
2658 1328 2817 1381 lllOdO
2838 1337 3111 1382 oratorem
3138 1342 3406 1381 summum

1836 1414 2091 1471 Basilium
2123 1417 2441 1484 dedeceant,
2474 1419 2567 1473 sed
2600 1417 2765 1471 alium
2801 1420 3047 1487 quemvis
3080 1418 3404 1487 scriptorem

1838 1523 1946 1563 non
1975 1508 2195 1563 omnino
2224 1509 2574 1564 ineruditum.
2612 1507 2719 1564 Sed
2772 1510 2946 1579 ipsum
2979 1511 3283 1565 audiamus.
3317 1511 3409 1565 Sio

1838 1599 2002 1667 igitur
2033 1599 2225 1653 scribit
2257 1615 2405 1653 num.
2439 1600 2505 1655 18
2534 1619 2549 1656 :
2590 1600 2655 1653 Ἦ
2677 1598 2865 1671 πρώτη
2890 1599 3123 1671 ἑϐδομὰς
3160 1602 3258 1673 τὴν
3285 1621 3413 1656 παι-

1834 1688 1988 1759 δικὴν
2018 1689 2230 1760 ἠλικίαν
2258 1689 2391 1760 ἔχει.
2427 1691 2626 1761 Ὅρους
2649 1692 2746 1763 τῆς
2776 1691 3028 1762 παιδικῆς
3054 1692 3269 1763 ἡλικίας
3307 1711 3413 1763 φα-

1836 1782 2040 1853 νεροῖὴ
2071 1780 2179 1837 τῶν
2210 1781 2437 1835 ὀδόντων
2483 1782 2701 1853 ἐκϐολή.
2760 1785 2823 1836 Ol
2870 1784 2968 1855 μὲν
2998 1784 3208 1837 ἔπεσον·
3253 1786 3301 1837 οἱ
3352 1784 3410 1837 δὲ

162 1873 300 1940 quod
324 1888 357 1927 a
384 1874 665 1934 Basiliano
698 1879 954 1951 loquendi
1000 1886 1208 1941 ratione
1240 1863 1474 1941 maxime
1530 1890 1728 1945 abhor-

1835 1874 2162 1945 ἀνεφύησαν.
2196 1914 2210 1928 .
2246 1914 2261 1929 .
2296 1877 2527 1928 Ἐπεσον
2569 1877 2618 1929 οἱ
2659 1876 2888 1941 ὀδόντες,
2916 1877 3158 1948 ἔγνωμεν
3200 1878 3281 1931 ὅτι
3312 1879 3410 1951 ηὑ-

163 1978 248 2017 rea
256 1974 293 2021 ι.

230 2057 318 2115 l7.
355 2058 477 2114 Jam
512 2063 579 2117 ad
606 2067 891 2119 secundam
923 2067 1221 2122 orationem
1247 2084 1615 2142 properemus.
1642 2074 1733 2132 Sic

164 2145 339 2217 legere
373 2162 461 2206 est
491 2170 640 2209 num.
670 2156 704 2207 2
733 2172 746 2209 :
796 2156 861 2207 Ἠ
907 2157 1045 2229 αὑτὴ
1081 2199 1093 2211 .
1129 2198 1143 2212 .
1180 2201 1192 2215 .
1225 2202 1241 2216 .
1276 2203 1289 2215 .
1327 2205 1339 2215 .
1386 2165 1593 2238 ὡρίσθη
1628 2186 1733 2237 τῳ-

162 2241 277 2295 τότε
306 2246 506 2314 τροφή,
560 2263 579 2295 ι
610 2246 806 2301 Eadem
868 2260 992 2305 tunc
1041 2253 1296 2311 alimonia
1358 2263 1669 2315 constituta.
1710 2283 1727 2314 ι

163 2333 389 2390 Basilius
422 2338 627 2405 passim
658 2342 844 2397 scribit
875 2344 1017 2411 τότε,
1052 2363 1343 2417 nunquam,
1380 2354 1480 2406 nisi
1519 2370 1603 2408 me
1637 2355 1736 2407 fal-

165 2422 222 2473 lit
248 2422 486 2487 animus,
518 2428 743 2496 τῳτότε.
776 2430 886 2485 lmo
923 2434 1085 2487 etiam
1116 2451 1223 2491 non
1261 2449 1388 2506 puto
1418 2456 1601 2495 vocem
1633 2461 1737 2515 τῳ-

163 2511 279 2565 τότε
309 2517 454 2585 apud
483 2518 649 2575 ullum
686 2522 881 2579 bonum
917 2537 1194 2582 auctorem
1222 2545 1447 2599 usquam
1483 2511 1733 2592 inveniri.

165 2601 318 2659 Num.
350 2606 384 2662 8
414 2630 427 2664 :
462 2611 606 2682 Πρὸς
645 2613 799 2681 ἀξίαν
826 2618 932 2672 τῶν
974 2621 1383 2693 ἁμαρτημάτων
1410 2626 1735 2701 ἀντιμέτρη-

167 2713 248 2762 at;
296 2701 392 2753 καὶ
447 2703 835 2777 ἀντισήκωσις,
903 2730 922 2764 t
951 2713 1102 2769 Jtlsta
1154 2718 1416 2773 scelerum
1455 2724 1738 2779 retributio

166 2806 426 2862 aequaque
465 2794 619 2851 lance
663 2803 927 2869 repensio.
958 2824 977 2857 ι
1008 2806 1126 2862 Alio
1151 2808 1432 2873 vocabulo,
1466 2826 1571 2864 non
1607 2825 1738 2867 voce

168 2883 552 2953 ἀντισήκωσις,
582 2897 709 2955 puto
737 2906 955 2948 usurum
988 2895 1152 2951 fuisse
1174 2898 1446 2952 Basilium.
1481 2899 1639 2958 Num.
1670 2903 1735 2958 9:

167 2970 250 3038 Τῷ
284 2971 401 3041 ἰδίῳ
430 2972 589 3044 βάρει
615 2977 722 3031 τῶν
756 2981 1164 3054 ἁμαρτημάτων
1192 2987 1560 3059 πεπεδημένοι
1589 2990 1739 3045 κάτω

166 3062 443 3129 πεσόντες,
478 3069 685 3123 κεῖνται
720 3071 1137 3145 δυσσυνείδητοι,
1187 3095 1205 3128 ‹
1228 3074 1580 3134 Peccatorum
1617 3097 1738 3147 pro-

168 3154 281 3221 prio
311 3156 556 3223 pondere
602 3164 873 3231 praepediti
905 3166 969 3217 ad
1009 3164 1220 3221 inferna
1272 3171 1560 3235 cadentes,
1583 3172 1734 3239 jace-

169 3245 319 3311 bunt,
356 3248 477 3319 ipso
501 3230 848 3309 conscientiae
886 3256 1194 3324 praajudicio
1222 3262 1456 3317 confusi.
1498 3282 1517 3315 ι
1547 3230 1735 3330 ’ρυἰά-
1763 3230 1806 3286 C

167 3337 244 3392 vis
274 3342 479 3408 potius,
528 3358 685 3413 quam
750 3358 807 3403 ut
865 3347 1041 3404 fatear
1090 3366 1276 3407 vocem
1335 3352 1733 3424 δυσσυνείδητοι

167 3428 496 3489 Basilianam
523 3448 662 3490 esse.
698 3437 809 3493 ltno
845 3448 948 3494 tam
982 3442 1196 3498 insolita
1229 3444 1359 3497 ntihi
1394 3446 1605 3498 videtur
1633 3462 1733 3500 vox

168 3521 357 3585 illa,ut
377 3524 542 3581 valde
568 3528 856 3584 admodum
888 3532 1124 3586 dubitem
1160 3548 1227 3585 an
1252 3533 1318 3587 ab
1343 3532 1454 3587 ullo
1486 3534 1734 3603 locupleti

167 3625 386 3670 auctore
418 3630 655 3687 unquam
692 3632 941 3691 usurpata
988 3622 1077 3675 sit.
1107 3620 1265 3677 Num.
1298 3623 1365 3678 10
1394 3642 1408 3679 :
1439 3625 1733 3701 Συνημμέ-

166 3722 265 3769 νως
294 3710 391 3761 καὶ
423 3710 868 3781 ἀμεσολαόήτως,
923 3729 943 3763 α
973 3712 1162 3782 juncta
1192 3730 1356 3785 opera
1395 3717 1734 3777 immediate-

169 3808 286 3863 que.
328 3818 348 3851 ι
395 3799 603 3868 Legere
652 3815 756 3854 non
821 3804 1041 3860 tuemini
1094 3821 1280 3862 vocem
1312 3810 1736 3885 ἁμεσολαϐήτως

168 3900 337 3956 neque
362 3890 417 3942 in
460 3890 677 3956 Basilio,
718 3908 891 3964 neque
931 3896 983 3951 in
1022 3897 1128 3952 alio
1168 3900 1279 3954 ullo
1312 3903 1595 3972 scriptore.
1628 3906 1733 3959 Εοε

170 3976 282 4029 dem
308 3992 463 4032 num.
500 3993 605 4035 vox
633 3983 870 4054 παρευθύ
898 3985 1098 4055 aliquid
1130 3986 1362 4043 alienum
1395 4000 1570 4045 sonat.
1627 3990 1734 4047 lte-

170 4081 279 4121 rum
324 4070 522 4125 eodem
559 4088 707 4127 num.
754 4074 843 4142 Ἐξ
888 4074 1123 4144 ὑπογύου
1154 4076 1382 4147 ἔχειςτὸ
1436 4079 1735 4152 ὑπόμνημα

167 4162 260 4231 τῆς
297 4164 494 4217 ἑαυτοῦ
523 4166 924 4235 ταπεινώσεως,
987 4188 1007 4223 ι
1036 4169 1094 4225 In
1137 4171 1415 4241 procinctu
1446 4182 1529 4227 est
1558 4174 1735 4228 vilita-

171 4248 236 4303 tis
270 4260 375 4307 tua
425 4252 853 4328 abjectionisque
894 4270 1319 4317 monumentum.
1358 4279 1377 4312 ›
1426 4260 1543 4316 Jam
1581 4273 1735 4319 nota-

167 4344 336 4397 vimus
364 4346 417 4400 in
448 4348 694 4402 oratione
724 4353 918 4418 prima,
948 4368 1096 4406 num.
1127 4354 1182 4418 6,
1216 4354 1364 4419 illud,
1384 4352 1441 4419 ἐξ
1471 4354 1731 4425 ὑπογύου,

168 4450 196 4486 a
228 4435 423 4492 Basilio
454 4439 750 4508 proiectum
792 4460 895 4497 non
945 4444 1130 4499 fuisse.
1164 4446 1326 4501 Num.
1376 4446 1444 4501 i2
1496 4450 1576 4503 sic
1605 4451 1735 4520 legi-

1836 1966 1970 2039 ξήθη
1999 1967 2152 2021 τόσον
2199 1968 2413 2039 μέτρον.
2441 1969 2663 2039 Τριετὲς
2690 1969 2751 2022 τὸ
2781 1969 2989 2024 παιδίον
3033 1971 3336 2043 ἐμέτρησεν
3381 1974 3412 2025 ὁ

1838 2063 2039 2133 πατήρ.
2063 2055 2217 2115 Οἶδεν
2242 2063 2324 2115 ὅτι
2367 2048 2427 2114 τδ
2468 2061 2750 2115 διπλάσιον
2782 2061 2971 2115 τούτου
3024 2062 3251 2133 μέγεθος
3274 2064 3409 2116 ἀπο-

1836 2153 2065 2224 λήψεται
2089 2155 2146 2206 ὲν
2176 2155 2242 2225 τῇ
2271 2153 2566 2208 τελειώσει.
2597 2155 2757 2217 ’Ὀσος
2787 2154 2894 2226 γὰρ
2925 2156 2982 2207 ἐν
3004 2158 3071 2226 τῇ
3102 2156 3311 2227 τριετίᾳ
3330 2156 3410 2226 τῷ

1840 2246 2065 2316 μήκειὸ
2113 2244 2399 2317 ἄνθρωπος
2448 2245 2718 2313 φαίνεται,
2766 2245 2846 2307 δὶς
2877 2244 3126 2298 τοσοῦτον
3171 2246 3322 2300 ἔσται
3351 2248 3413 2301 ἐν

1837 2338 1902 2406 τῇ
1929 2334 2320 2407 συμπληρώσει
2343 2337 2441 2406 τῆς
2474 2337 2775 2408 αὐξήσεως.
2810 2335 2979 2390 Τοῦτο
2996 2336 3059 2391 τὺ
3091 2336 3286 2408 μέτρον
3313 2338 3410 2407 τῆς

1837 2427 2183 2500 ἀνθρωπίνης
2229 2428 2442 2498 φύσεως
2474 2431 2634 2500 μέχρι
2675 2429 2929 2503 πέρατος.
2991 2448 3009 2482 ι
3044 2429 3282 2486 Primum
3325 2447 3413 2487 se—

1838 2522 2119 2590 ptettnium
2191 2522 2491 2576 infantilem
2554 2531 2770 2577 aetatem
2833 2524 3092 2578 continet.
3149 2525 3413 2580 lnfantilis

1844 2611 1982 2666 fines
2012 2612 2191 2667 aetatis
2229 2612 2544 2667 manifestat
2576 2613 2816 2668 dentium
2838 2613 3071 2681 eruptio,
3100 2628 3223 2668 cum
3253 2620 3305 2671 in
3332 2625 3412 2670 to-

1839 2719 1963 2757 cum
2004 2718 2192 2759 eorum
2251 2706 2340 2775 qui
2396 2704 2728 2772 ceciderunt,
2765 2705 2859 2759 alit
2890 2704 3093 2762 fuerint
3122 2707 3266 2761 enati
3296 2745 3309 2760 .
3341 2745 3358 2763 .
3392 2744 3410 2761 .

1842 2794 2041 2849 Dentes
2097 2794 2420 2850 ceciderunt
2453 2812 2466 2849 :
2499 2798 2700 2851 scimus
2752 2804 2957 2849 tantum
3015 2798 3285 2867 augmenti
3321 2813 3413 2855 ae-

1839 2887 2096 2943 cessisse.
2126 2886 2420 2941 Triennem
2446 2887 2708 2941 infantem
2737 2885 3025 2942 admensus
3054 2897 3138 2941 est
3169 2902 3364 2957 parens
3390 2906 3409 2956 ;

1840 2979 1988 3033 novit
2020 2979 2154 3044 fore,
2184 2987 2243 3034 ut
2266 2978 2426 3047 duplo
2451 2978 2707 3046 majorem
2739 2980 2841 3033 hac
2884 2977 3236 3047 quantitatem
3266 2980 3409 3035 reci-

1841 3069 1973 3137 piat,
1995 3083 2118 3124 cum
2147 3068 2312 3125 fuerit
2333 3070 2510 3124 aetatis
2538 3068 2809 3138 perfectas.
2838 3107 2853 3123 .
2887 3110 2902 3124 .
2938 3108 2952 3122 .
2985 3111 3000 3124 .
3035 3068 3243 3136 Quanta
3267 3071 3409 3126 enim

1840 3161 2075 3216 triennis
2106 3161 2283 3217 tetatis
2314 3170 2521 3215 statura
2555 3160 2791 3217 hominis
2839 3162 3052 3227 visitur,
3114 3162 3275 3231 duplo
3307 3179 3407 3217 au-

1839 3250 1981 3306 ctior
2002 3251 2109 3306 erit
2137 3267 2259 3307 cum
2282 3250 2394 3319 jam
2434 3261 2781 3321 augmentum
2816 3253 3134 3322 expleverit.
3171 3253 3271 3310 Hic
3306 3256 3409 3309 hu-

1838 3357 2011 3397 manae
2042 3343 2231 3397 modus
2258 3352 2464 3398 naturae
2515 3352 2632 3409 est,
2666 3344 2720 3398 in
2756 3344 2915 3398 finem
2969 3360 3160 3416 usque.
3205 3365 3225 3399 ι
3270 3346 3409 3413 Quid

1838 3443 1940 3499 est,
1971 3449 2170 3504 quasso,
2210 3435 2457 3506 ineptire,
2511 3436 2557 3491 si
2592 3436 2694 3492 hoc
2721 3450 2824 3491 non
2867 3437 2987 3493 est?
3022 3437 3273 3494 Viderint
3309 3441 3403 3509 qui

1837 3526 1937 3582 has
1959 3528 2326 3583 oratiunculas
2358 3528 2556 3585 Basilio
2578 3530 2841 3597 tribuunt,
2873 3529 2962 3599 qui
2991 3529 3107 3585 fieri
3148 3532 3316 3601 possit
3347 3542 3405 3587 ut

1838 3618 2111 3675 hominem
2150 3620 2529 3690 gravissimum
2562 3624 2935 3690 acerrimoque
2963 3622 3165 3691 judicio
3206 3626 3405 3693 praedi-

1837 3721 1951 3766 tum
1998 3726 2101 3765 non
2163 3711 2411 3779 puduerit
2440 3712 2511 3765 ita
2555 3713 2766 3783 nugari.
2814 3712 2921 3770 Nos
2948 3714 3137 3769 melius
3186 3717 3253 3771 de
3289 3710 3406 3773 viro

1839 3804 2255 3874 prudentissimo
2286 3804 2485 3860 Basilio
2516 3821 2728 3878 semper
2755 3806 3203 3872 existimabimus,
3239 3824 3401 3879 quam

1840 3906 2039 3950 uteum
2078 3894 2338 3961 ejusmodi
2382 3912 2639 3968 nugarum
2685 3911 2958 3953 auctorem
3007 3913 3126 3953 esse
3167 3916 3401 3969 unquam

1837 3996 2105 4054 putemus.
2135 3985 2288 4053 Quod
2320 3988 2566 4055 sequitur
2590 4003 2738 4041 num.
2769 3988 2860 4052 9.2,
2897 3987 3114 4055 majoris
3140 3992 3399 4045 momenti

1835 4092 1955 4133 esse
1997 4077 2232 4134 fortasse
2270 4078 2554 4135 videbitur.
2588 4098 2607 4131 ι
2628 4077 2748 4133 Vidi
2780 4095 2876 4149 ego
2899 4081 3199 4147 mulierem,
3260 4081 3399 4137 clam

1837 4170 1972 4236 viro,
2004 4186 2124 4241 quae
2156 4186 2282 4227 usus
2312 4171 2527 4226 familias
2556 4181 2737 4228 essent
2782 4173 2871 4243 pio
2898 4173 3231 4245 salutarique
3257 4176 3402 4232 furto

1836 4264 2245 4327 subducentem,
2286 4279 2350 4319 ac
2374 4265 2697 4335 pauperibus
2724 4265 2933 4323 occulte
2966 4266 3398 4334 distribuentem,

1835 4354 2171 4425 invitumque
2195 4355 2368 4409 virum
2401 4369 2465 4410 ac
2500 4357 2848 4424 nescientem,
2884 4372 2981 4412 nec
3009 4374 3113 4412 non
3137 4358 3401 4415 domesti-

1835 4460 1927 4500 cos
1958 4445 2469 4503 demerentem.Pro
2515 4448 2603 4503 illo
2650 4464 2881 4517 namque
2922 4458 2976 4505 et
3014 4449 3231 4505 familia:
3268 4467 3400 4519 aug-

168 4540 282 4580 mus
310 4544 323 4579 :
356 4527 483 4579 ΕἱὈε
525 4548 614 4597 μοι
664 4532 913 4586 τοσοῦτον
956 4535 1167 4607 σχολῆς,
1227 4537 1364 4592 ὥστε
1396 4540 1730 4595 καταλεπτὸν

1838 4546 2050 4602 mento,
2109 4546 2465 4607 natorumque
2541 4539 2951 4606 incolumitate,
3011 4543 3398 4598 heneﬁcientia:

165 4619 256 4669 καὶ
281 4616 815 4689 ἁκριῦολογουμένως
848 4625 1118 4692 ὑποδεῖξαι
1163 4645 1242 4681 σοι
1271 4628 1367 4701 τὴν
1396 4627 1487 4683 τοῦ
1516 4630 1727 4701 ἀνθρώ-

162 4725 265 4763 που
310 4712 695 4783 κατασκευήνι
731 4730 749 4763 ‹
790 4714 962 4782 Atque
983 4720 1187 4773 utinam
1219 4729 1423 4775 tantum
1457 4722 1583 4776 mihi
1605 4738 1731 4791 sup-

165 4810 374 4870 peteret
414 4805 534 4869 otii,
575 4815 631 4860 ut
662 4806 840 4862 subtili
873 4816 927 4862 et
955 4820 1205 4865 accurata
1238 4813 1599 4882 disputatione
1630 4815 1728 4869 lto-

167 4891 326 4946 minis
344 4891 533 4948 liceret
554 4894 865 4953 facultatem
886 4898 1320 4958 submonstrare!
1348 4923 1367 4955 ι
1382 4903 1548 4960 Voces
1569 4921 1729 4958 κατα-

162 4984 355 5038 λεπτὸν
403 4984 497 5038 xui.
546 4986 1081 5063 ἀκριϐολογουμένους
1131 5007 1237 5046 non
1264 4996 1509 5051 videntur
1545 4996 1729 5052 Basilii

162 5091 300 5133 esse.
335 5076 492 5134 Num.
529 5078 597 5133 M
645 5098 659 5135 :
717 5079 907 5139 Ὁπότε
965 5087 1057 5139 καὶ
1109 5087 1451 5161 ἰσχυρότερος
1497 5091 1723 5159 γίνεται,

160 5168 339 5222 εἴτουν
362 5171 761 5245 ἑνεργέστερος,
825 5194 843 5228 ι
878 5174 1043 5247 Cujus
1071 5178 1276 5234 scilicet
1333 5182 1505 5251 major
1557 5185 1636 5239 vis
1666 5200 1729 5239 ac

160 5260 428 5318 eﬁacior
451 5267 542 5321 sit.
574 5285 591 5317 ι
624 5267 847 5323 Etnnm.
884 5270 948 5323 l7
976 5273 1116 5326 :Ka‘t
1136 5272 1355 5344 θριγγδν
1385 5278 1521 5349 αὐτῇ
1551 5276 1727 5332 τοιοῦ-

159 5368 247 5406 τον
274 5354 612 5424 περιϐαλεῖν,
653 5377 672 5409 t
711 5360 1174 5434 Circntnjectaque
1228 5371 1563 5424 communire
1602 5387 1722 5424 ma-

158 5447 331 5501 ceria.
354 5464 373 5497 ι
402 5445 554 5512 Illud,
590 5450 788 5517 εττουν,
819 5466 848 5505 a
877 5450 1092 5519 Basilio,
1114 5460 1253 5526 quod
1285 5458 1499 5527 quidem
1536 5465 1723 5527 sciam,

158 5537 404 5593 adhiberi
452 5554 555 5593 non
593 5543 747 5598 solet.
798 5544 908 5599 Vox
947 5560 1105 5611 vero,
1162 5549 1404 5621 θριγγός,
1441 5566 1547 5607 non
1594 5555 1725 5609 nihil

159 5630 375 5684 videtur
395 5632 655 5689 exhibere
682 5639 1101 5707 peregrinitatis,
1121 5643 1264 5711 quod
1296 5657 1327 5696 a
1364 5660 1512 5699 more
1541 5644 1722 5703 Basilii

160 5723 319 5793 longe
348 5728 580 5791 positum
609 5727 700 5783 sit.
743 5727 926 5785 Timeo
951 5747 1017 5788 ne
1049 5733 1104 5787 in
1148 5734 1231 5789 his
1256 5736 1568 5807 colligendis
1599 5756 1724 5796 eve-

161 5818 300 5873 nerit
324 5818 455 5875 mihi
484 5823 627 5891 quod
655 5818 770 5877 fere
793 5821 1058 5881 similibus
1087 5826 1141 5882 in
1171 5828 1385 5885 casibus
1424 5847 1519 5888 usu
1554 5836 1718 5901 venit,

1832 4642 1997 4696 opera
2046 4628 2355 4699 praestabat.
2381 4650 2399 4683 ι
2456 4630 2763 4704 Nunquam,
2826 4636 2878 4690 ni
2916 4635 3094 4699 fallor,
3127 4637 3394 4708 ejusmodi

1830 4720 1973 4775 furta
2009 4722 2307 4790 generatim
2357 4724 2626 4780 laudasset
2667 4725 2917 4782 Basilius.
2970 4726 3078 4782 Res
3111 4740 3195 4783 est
3249 4730 3395 4784 enim

1828 4810 2058 4881 periculi
2086 4810 2267 4881 plena,
2299 4814 2606 4886 jurgiisque
2632 4818 2811 4872 multis
2845 4826 3008 4887 atque
3042 4819 3390 4876 dissensioni-

1829 4905 1930 4962 bus
1959 4906 2214 4970 obuoxia,
2246 4923 2461 4979 quaque
2493 4910 2639 4965 abuti
2671 4911 2984 4967 facillimum
3020 4913 3108 4968 sit.
3138 4913 3395 4970 Laudavit

1830 5012 1958 5070 ergo
2002 4996 2236 5056 Basilius
2266 5002 2545 5057 mulierem
2591 5018 2708 5071 qua:
2750 5004 2925 5059 inscio
2972 5007 3164 5059 marito
3199 5006 3393 5075 stipem

1831 5091 2098 5146 modicam
2126 5108 2223 5149 nec
2246 5094 2446 5152 limites
2474 5096 2961 5167 transgredientem
2989 5098 3230 5167 erogavit
3258 5110 3394 5171 pau‘-

1829 5182 2086 5252 peribus:
2121 5187 2217 5240 sed
2251 5187 2318 5241 ah
2341 5201 2405 5241 eo
2438 5189 2868 5245 commendatam
2899 5189 3062 5244 fuisse
3086 5192 3390 5258 mulierem,

1829 5289 1948 5344 quae
1977 5275 2240 5333 insciente
2284 5278 2533 5350 conjuge,
2584 5280 2697 5349 ipsa
2733 5282 2801 5334 τὰ
2825 5282 2921 5351 τῆς
2954 5282 3131 5348 οἰκίας
3160 5284 3389 5358 χρειώδη

1827 5368 2012 5439 egenis
2044 5369 2236 5439 largita
2268 5371 2358 5437 sit,
2391 5388 2665 5442 nunquam
2713 5373 2768 5426 in
2795 5372 3031 5430 animum
3065 5377 3389 5434 induxerim.

1826 5460 2011 5514 Graeca
2044 5464 2157 5533 ipsa
2193 5478 2465 5533 apponere
2492 5466 2588 5519 abs
2610 5480 2666 5520 re
2689 5480 2795 5520 non
2817 5465 2997 5533 fuerit,
3029 5480 3086 5521 ιιι
3110 5475 3263 5537 culpa
3283 5485 3389 5525 non

1827 5553 1879 5608 in
1910 5553 2158 5608 Latinum
2209 5556 2577 5625 interpretem,
2639 5559 2734 5614 sed
2773 5561 2825 5613 in
2862 5560 3032 5630 ipsum
3067 5562 3385 5629 scriptorem

1826 5646 2068 5701 Graecum
2120 5649 2456 5718 conjiciatur.
2510 5650 2631 5706 Haec
2673 5662 2854 5708 autem
2896 5664 3059 5709 sunt:
3096 5652 3246 5708 Εἶδον
3278 5656 3388 5723 ἐγὼ

1825 5744 2075 5809 γυναῖκα,
2102 5741 2273 5815 λάθρα
2304 5743 2396 5797 τοῦ
2429 5746 2638 5817 ἀνδρὸς,
2680 5748 3046 5821 ὑφαιρομένην
3088 5750 3156 5803 τὰ
3178 5750 3279 5821 τῆς
3309 5752 3389 5807 οι·

1825 5835 1947 5899 κίας
1970 5835 2223 5907 χρειώδη,
2254 5838 2455 5912 κλοπὴν
2511 5844 2798 5915 ἐπαινετὴν
2831 5846 2921 5899 καὶ
2956 5848 3243 5919 σωτηρὶαν,
3296 5846 3388 5907 καὶ
