4080 6314
715 339 947 379 ΕΜΧΣΙἾ

2061 330 2591 393 PROLEGOMENA.

717 445 940 514 πένησιν
966 443 1102 496 αὐτὰ
1127 445 1183 495 ἐν
1209 461 1285 514 τῳ
1306 443 1547 514 λεληθότι
1577 446 1954 517 διανέμουσαν,
1975 450 2065 500 καὶ
2086 448 2245 502 ἄκοντ

2353 457 2545 522 paulo
2605 459 2850 527 sagacior
2890 473 3007 513 eam
3068 461 3215 516 nullo
3277 464 3488 532 negotio
3526 466 3709 522 videre
3753 481 3938 539 potest.

710 535 808 589 ’καὶ
838 534 1130 603 ἀγνοοῦντα
1165 534 1257 587 τὸν
1284 534 1448 605 ἄνδρα
1493 537 1587 589 καὶ
1631 539 1754 599 τοὺς
1796 537 2026 601 οἰκείους
2056 541 2277 611 εὐεργε-

714 626 925 680 τοῦσαν.
974 625 1144 696 ’Υπὲρ
1174 627 1280 696 γὰρ
1303 626 1528 690 ἐκείνου,
1560 629 1652 680 καὶ
1675 629 1772 698 τῆς
1803 629 1909 682 τῶν
1936 630 2139 684 τέκνων
2167 633 2279 685 δια-

717 719 883 788 μονῆς
915 717 1046 789 ἕδρα
1080 718 1182 787 τὴν
1221 718 1485 774 εὐποιίαν.
1519 718 1734 774 Monere
1757 721 1884 774 libet
1915 721 2084 776 videri
2122 722 2280 776 Com-

711 811 958 864 helisium
1006 825 1116 863 sua:
1168 823 1342 863 causa:
1393 808 1622 864 diffisum
1684 809 1870 877 fuisse,
1929 823 2090 882 atque
2124 815 2279 882 hujus

711 899 971 953 doctrinae
1006 897 1339 953 incommoda
1391 900 1753 969 pertimuisse,
1781 903 1894 970 qui,
1919 912 1979 957 ut
2001 904 2275 971 debuerat,

711 1005 819 1045 non
867 990 1121 1055 verterit,
1160 991 1465 1045 «laudabili
1518 991 1694 1059 furto,
1729 1013 1747 1046 ι
1789 977 1999 1065 ¹κλοπὴν
2055 997 2279 1049 ἐπαινε-

709 1084 810 1154 τήν
837 1100 853 1138 :
884 1082 976 1137 sed
1025 1073 1238 1136 mollius
1279 1084 1524 1149 verterit,
1575 1102 1593 1136 ‹
1630 1086 1717 1153 pio
1748 1085 1907 1141 furtu.
1947 1106 1965 1138 ι
2012 1087 2278 1142 Combeli-

709 1175 842 1239 sius,
871 1175 1083 1243 Opinor,
1125 1174 1213 1245 pie
1245 1184 1300 1229 et
1329 1175 1556 1246 benigne
1583 1175 1768 1231 Basilii
1800 1179 1880 1231 sui
1908 1177 2072 1232 verba
2105 1179 2273 1233 inter-

707 1275 950 1337 pretatus
977 1277 1097 1331 est,-
1115 1267 1259 1322 illius
1297 1277 1353 1322 ut
1377 1266 1680 1322 doctrinam
1716 1268 2126 1324 tolerabiliorem
2155 1271 2277 1324 red-

709 1361 913 1416 deret:
959 1360 1056 1415 sed
1113 1360 1253 1415 hanc
1308 1361 1633 1414 excusanda:
1686 1360 1948 1416 doctrinae
2011 1363 2273 1418 rationem

705 1467 866 1507 nemo
893 1452 1106 1521 sapiens
1138 1466 1370 1519 unquam
1398 1452 1735 1521 approbarit.

778 1541 866 1597 l9.
901 1541 1161 1612 Denique,
1182 1541 1227 1597 si
1251 1556 1357 1611 qua
1392 1549 1476 1594 est
1502 1541 1824 1609 scriptorum
1843 1557 2000 1596 manu
2027 1544 2270 1598 codicum

706 1633 1027 1700 auctoritas,
1059 1648 1178 1703 qua:
1204 1632 1372 1688 multa
1407 1645 1528 1685 esse
1555 1633 1731 1697 debet,
1773 1635 2030 1688 dubitari-
2051 1636 2139 1688 vix
2173 1649 2271 1703 po-

702 1726 828 1779 terit
847 1725 973 1794 quin
995 1725 1100 1779 sint
1125 1740 1222 1794 pro
1239 1726 1435 1795 spuriis
1465 1728 1721 1783 habenda:
1741 1727 1822 1781 ha:
1846 1729 1963 1782 dua:
1979 1728 2268 1780 orationes.

2382 545 2540 598 Num.
2571 547 2595 600 1
2629 548 2707 601 sic
2728 548 2920 617 legitur
2945 569 2956 604 :
2987 551 3308 623 Νοήσωμεν,
3332 554 3612 624 ἀκροαταὶ,
3639 557 3796 624 ἀξίαν
3819 559 3943 614 Θεοῦ

2383 638 2628 707 φυτείαν,
2665 659 2683 691 ί
2714 641 2796 695 Ad
2826 653 3056 699 mentem
3099 660 3433 714 revucemus,
3479 650 3778 715 auditores,
3809 652 3943 720 ejus«

2381 730 2524 784 modi
2554 730 2976 800 plantationem,
3026 751 3146 804 quae
3168 736 3277 791 Deo
3311 737 3468 806 digna
3493 738 3583 791 sit.
3618 759 3637 791 ι
3675 740 3942 795 Combeli-

2379 818 2516 873 sium
2547 820 2731 875 mirari
2779 823 2913 877 satis
2961 839 3062 879 non
3088 840 3228 895 queo
3251 866 3264 892 ,
3315 828 3404 896 qui
3441 843 3498 881 se
3531 829 3628 884 has
3672 833 3944 886 orationes

2380 909 2580 966 idcirco
2609 923 2663 966 et
2688 913 2915 968 vertisse
2937 923 2990 968 et
3036 917 3268 973 edidisse
3301 920 3394 983 ait,
3429 919 3569 987 quod
3599 935 3690 974 eas
3714 921 3860 977 male
3896 924 3942 976 in

2380 1001 2654 1072 impressis
2703 1005 2859 1060 libris
2913 1017 3161 1076 acceptas
3225 1020 3498 1078 oporteret
3557 1027 3748 1066 rursus
3809 1015 3943 1082 typis

2381 1095 2621 1148 mandari
2657 1097 2723 1150 ad
2774 1097 3018 1151 codicum
3069 1113 3200 1154 mss.
3233 1102 3389 1155 tidem
3415 1140 3430 1166 ,
3479 1101 3662 1168 sicque
3701 1103 3944 1171 pristina:

2381 1179 2670 1252 integritati
2711 1187 2960 1250 restitui,
3004 1202 3123 1242 cum
3165 1198 3340 1244 tamen
3378 1192 3522 1260 ipsas
3552 1191 3704 1259 pejus
3735 1192 3807 1245 ab
3834 1193 3942 1260 ipso

2379 1275 2548 1342 accipi
2581 1281 2927 1346 perspicuum
2953 1280 3044 1333 sit.
3087 1279 3200 1334 Etsi
3245 1282 3388 1334 enim
3428 1283 3479 1336 in
3504 1283 3673 1337 veteri
3704 1283 3943 1337 editione

2377 1372 2594 1416 exstant
2623 1365 2789 1418 multa
2832 1377 3088 1436 certaque
3127 1367 3378 1422 falsitatis
3417 1380 3755 1440 argumenta,
3793 1371 3940 1440 plura

2380 1463 2555 1507 tamen
2592 1457 2933 1527 certioraque
2989 1461 3041 1513 in
3098 1458 3497 1516 Combeﬁsiana
3551 1466 3730 1517 inesse
3785 1479 3942 1517 nemo

2376 1545 2566 1598 harum
2603 1560 2784 1599 rerum
2821 1549 3025 1615 peritus
3056 1549 3406 1610 inliciabitur.
3430 1553 3496 1606 Et
3524 1554 3703 1606 utalia
3723 1555 3943 1606 omitta-

2376 1653 2514 1702 mus,
2549 1654 2668 1708 qua:
2715 1639 2910 1708 cuique
2947 1641 2998 1693 in
3033 1642 3160 1709 ipsis
3215 1643 3454 1699 fontibus
3485 1644 3662 1715 legere
3710 1645 3896 1699 licebit
3925 1663 3936 1705 ;

2377 1727 2525 1791 illud,
2559 1729 2847 1799 ἀκροαταί,
2880 1745 3066 1783 verum
3121 1747 3241 1786 esse
3305 1737 3444 1804 quod
3481 1735 3711 1790 dici‘mus
3755 1747 3940 1806 aperte

702 1820 912 1874 Etenim
936 1835 1056 1875 cum
1080 1820 1188 1874 sint
1212 1820 1263 1874 in
1289 1822 1454 1876 variis
1487 1821 1828 1876 bibliothecis
1853 1820 2067 1874 codices
2092 1820 2266 1884 multi,
2304 1797 2343 1852 Β
2372 1820 2625 1876 ostendit.
2688 1821 2800 1873 Vox
2835 1821 2978 1874 enim
3029 1830 3112 1874 est
3136 1837 3255 1876 cum
3288 1827 3427 1893 apud
3454 1827 3692 1896 reliquos
3721 1797 3938 1893 Patres,

699 1912 795 1982 qui
822 1911 1182 1967 Hexaemeron
1212 1911 1398 1966 Basilii
1426 1913 1737 1979 exhibeant,
1772 1927 1997 1982 quorum
2023 1911 2110 1965 alii
2143 1921 2268 1966 sunt

697 2003 1057 2067 membranei,
1090 2012 1145 2056 et
1173 2003 1556 2072 antiquissimi,
1593 2015 1647 2058 et
1707 2004 1924 2074 Optimae
1960 2014 2130 2070 notae;
2176 2003 2262 2057 alii

695 2109 828 2149 vero
857 2094 1158 2159 chartacei,
1188 2105 1458 2161 recentes,
1511 2105 1566 2149 et
1594 2105 1732 2150 notae
1768 2095 1952 2159 malae;
1987 2097 2038 2147 in
2069 2095 2264 2160 priori-

696 2189 800 2242 bus
828 2187 1042 2256 quidem
1087 2187 1195 2243 illis
1237 2188 1612 2242 desiderantur
1662 2189 1778 2240 duae
1820 2187 1902 2240 ba:
1931 2187 1996 2240 de
2031 2189 2264 2240 hominis

695 2280 917 2350 opificio
956 2281 1313 2335 oratiunculm
1350 2298 1363 2333 :
1427 2279 1773 2348 reperiuntur
1813 2294 1941 2332 vero
1991 2279 2163 2333 solum
2210 2279 2262 2331 in

694 2370 1103 2439 posterioribus.
1162 2352 1357 2422 Prima:
1430 2368 1618 2424 classis
1668 2368 2059 2427 sunttcodices
2109 2367 2260 2437 Regii

692 2461 854 2526 1824,
906 2459 1070 2526 2549,
1122 2459 1283 2525 2892,
1327 2459 1672 2515 Colbertinus
1714 2458 1890 2524 5069,
1943 2457 2258 2513 Coisliniani

688 2559 815 2623 2'28,
845 2557 971 2624 229,
1007 2558 1060 2613 in
1098 2558 1292 2626 quibus
1330 2556 1582 2611 omnibus
1610 2571 1715 2611 non
1750 2554 1868 2625 plus
1904 2569 2093 2609 novem
2134 2569 2261 2607 con-

689 2655 872 2706 eiones
905 2651 1240 2705 nanciscare.
1290 2648 1370 2700 Ad
1403 2649 1692 2702 secundam
1728 2647 1956 2702 classem
1989 2647 2259 2716 pertinent

690 2743 1037 2814 Regii2‘286,
1087 2741 1252 2806 2287,
1302 2739 1482 2805 2877,
1530 2739 1692 2802 2896,
1734 2750 1862 2802 etc.,
1928 2739 1980 2791 in
2027 2753 2255 2805 quorum

686 2835 962 2892 nonnullis
987 2833 1337 2889 inveniuntur
1364 2831 1576 2900 quidem
1600 2828 1913 2883 adulterina:
1937 2827 2036 2880 ill-.e
2065 2829 2257 2881 oratio-

685 2946 822 2986 nes:
859 2930 953 2986 sed
979 2929 1192 2983 codices
1227 2935 1333 2980 tam
1370 2933 1616 2978 recentes
1647 2923 1688 2977 si
1715 2938 1835 2979 cum
1866 2920 2255 2990 antiquissimis

684 3034 1078 3091 comparemus,
1119 3018 1279 3073 dubio
1331 3015 1516 3084 procul
1572 3015 1646 3083 (ιι)
1688 3012 1848 3066 [idem
1895 3011 2093 3064 nullam
2143 3026 2255 3065 me-

685 3129 892 3172 rentur.
929 3116 1038 3170 Nec
1065 3115 1192 3169 illud
1221 3111 1656 3182 praetereundum
1707 3108 1944 3172 silentio,
1971 3107 2249 3160 librarium

685 3223 712 3261 a
745 3206 1073 3264 Combelisio
1114 3205 1390 3258 laudatum
1442 3201 1574 3255 duas
1621 3200 1719 3252 has
1746 3199 2022 3252 orationes
2050 3195 2249 3250 Basilio

685 3303 921 3356 tribuere
953 3298 1092 3354 nolle
1127 3317 1139 3352 :
1179 3296 1274 3353 sed
1313 3310 1424 3350 rem
1458 3295 1512 3349 in
1545 3293 1706 3348 dubio
1733 3291 2058 3360 relinquere.
2095 3289 2248 3357 Quod

683 3403 857 3446 autem
879 3392 1040 3445 homo
1061 3398 1113 3444 et
1146 3389 1367 3443 Graecus
1397 3397 1450 3442 et
1477 3385 1728 3439 credulus
1753 3386 1802 3437 in
1828 3383 2005 3436 dubiis
2039 3382 2246 3447 habuit,

681 3485 734 3537 id
764 3483 922 3535 homo
952 3488 1216 3535 emunctae
1255 3478 1402 3530 naris
1433 3478 1573 3530 inter
1603 3475 1785 3544 spuria
1822 3489 2084 3542 reponere
2138 3488 2244 3527 non

678 3573 964 3628 dubitabit.
996 3569 1174 3637 Quaeri
1226 3567 1314 3622 hic
1359 3574 1537 3635 potest
1577 3580 1673 3618 cur
1707 3564 1960 3634 scriptor,
1998 3562 2246 3631 quisquis

676 3677 779 3731 est,
819 3668 917 3721 bas
946 3665 1220 3720 orationes
1275 3663 1328 3715 in
1369 3659 1551 3714 Basilii
1604 3673 1853 3727 persona,
1904 3673 2008 3712 non
2047 3658 2098 3709 in
2146 3671 2243 3710 sua

675 3757 940 3822 ediderit;
985 3757 1242 3823 itemque,
1273 3768 1368 3806 cur
1397 3751 1497 3806 hac
1525 3749 1732 3804 dicendi
1761 3748 2010 3812 lortnula,
2047 3750 2104 3802 ἐν
2130 3749 2244 3812 τοῖς

675 3849 923 3911 κατόπιν,
951 3846 1148 3901 Basilio
1178 3844 1451 3908 familiari,
1507 3856 1642 3913 pene
1697 3839 1934 3893 dixeram
1959 3840 2240 3908 peculiari,

673 3956 802 3994 usus
836 3940 926 3993 sit.
960 3936 1094 3990 Num
1123 3925 1395 4004 putandus
1421 3943 1500 3987 est
1532 3934 1582 3985 id
1614 3932 1807 3986 fecisse
1867 3929 2005 3980 malo
2037 3929 2238 3994 animo,

670 4033 858 4087 lectori
883 4041 941 4086 ut
977 4031 1294 4099 imponeret,
1324 4043 1392 4081 an
1445 4027 1620 4094 potius
1652 4025 1814 4087 bono,
1845 4035 1906 4074 se
1929 4032 1987 4073 ut
2016 4036 2238 4075 exerce-

672 4135 774 4185 ret,
807 4123 1188 4190 Basiliumque,
1229 4120 1402 4189 quoad
1441 4119 1657 4180 licebat,
1694 4111 2038 4169 imitaretur?
2065 4111 2236 4165 Nolim

669 4227 769 4285 ego
799 4215 1091 4284 quidquam
1137 4213 1339 4265 dictum
1390 4211 1605 4278 gravius
1649 4210 1698 4262 in
1736 4217 1973 4260 veterem
2006 4204 2236 4269 scripto-

668 4325 802 4370 rem,
824 4322 920 4377 pro
942 4305 1083 4360 virili
1108 4305 1174 4360 de
1201 4319 1259 4358 re
1286 4302 1544 4357 litteraria
1584 4302 1712 4354 bene
1731 4300 1978 4352 meritum
2005 4313 2018 4360 ;
2055 4296 2232 4364 proin-

667 4402 839 4468 deque
887 4398 1057 4451 satius
1089 4397 1253 4449 multo
1284 4408 1404 4448 esse
1449 4394 1582 4446 duco
1617 4407 1725 4444 rem
1759 4392 1812 4443 in
1849 4391 2045 4443 bonam
2072 4401 2232 4454 quam

667 4489 719 4542 in
751 4486 943 4540 malam
972 4495 1173 4554 partem
1201 4486 1468 4552 accipere.

683 4559 686 4562 ν
733 4579 823 4634 9.0.
856 4579 1108 4648 Adjungit
1139 4577 1497 4631 Combelisius
1537 4573 1744 4630 duabus
1765 4573 1848 4627 his
1880 4568 2231 4627 oratiunculis

663 4682 719 4727 et
757 4672 969 4725 tertiam
1008 4672 1084 4725 De
1109 4671 1380 4739 paradiso,
1408 4684 1526 4739 quae
1551 4676 1602 4721 et
1633 4666 1746 4734 ipsa
1798 4679 2011 4734 quoque
2043 4663 2110 4716 ab
2146 4674 2232 4714 eo-

663 4765 783 4818 dem
813 4765 956 4816 inter
1004 4763 1230 4830 genuina
1261 4758 1443 4813 Basilii
1475 4774 1636 4827 opera
1671 4766 2005 4809 recensetur.
2062 4753 2227 4808 Fate-

661 4871 783 4911 mur
808 4856 1022 4925 quidem
1054 4854 1194 4908 hanc
1220 4853 1515 4907 orationem
1548 4854 1679 4904 bene
1705 4849 1792 4902 hic
1818 4848 2073 4902 collocari
2106 4857 2226 4919 tan-

660 4963 821 5016 quam
871 4946 924 5000 in
977 4945 1190 5016 proprio
1233 4945 1382 4999 loco:
1424 4944 1516 4998 sed
1555 4941 1720 4995 fctum
1750 4954 1873 4993 esse
1907 4938 2090 4992 Basilii
2130 4952 2225 4990 ne-

661 5049 866 5111 gamus.
905 5039 1138 5110 Negandi
1167 5047 1343 5092 autem
1377 5037 1528 5091 nobis
1558 5048 1734 5089 causae
1765 5032 1991 5095 eaedem,
2021 5029 2222 5100 quibus

659 5132 888 5200 permoti
932 5131 1140 5202 priores
1173 5131 1307 5183 duas
1356 5127 1626 5182 orationes
1655 5123 1855 5178 Basilio
1876 5119 1987 5188 jam
2018 5121 2227 5190 abjudi-

659 5223 919 5285 cavimus,
977 5222 1340 5289 antiquiorum
1385 5217 1680 5276 silentium,
1729 5214 1850 5284 styli
1911 5211 2221 5274 diversitas,

657 5316 898 5368 codicum
927 5329 1082 5366 manu
1107 5322 1447 5366 exaratorum
1477 5308 1723 5379 penuria.
1745 5304 2000 5360 Tacuisse
2023 5305 2087 5358 de
2120 5306 2219 5357 hac

657 5406 899 5458 oratione
924 5405 1173 5471 antiquos
1219 5403 1300 5457 vel
1349 5416 1414 5456 ex
1443 5416 1507 5455 eo
1534 5399 1666 5453 satis
1697 5397 2034 5465 intelligitur,
2071 5397 2214 5464 quod

662 5493 893 5544 nondum
923 5507 1108 5544 eorum
1141 5490 1503 5544 testimonium
1531 5504 1559 5540 a
1601 5503 1865 5557 quoquam
1899 5486 2214 5553 productum

662 5589 753 5633 πη.
788 5582 862 5630 Ad
896 5581 1014 5644 styli
1066 5580 1479 5645 discrepantiam
1529 5578 1674 5644 quod
1719 5579 1935 5638 attinet,
1988 5577 2214 5643 quilibet

737 5749 817 5816 (α)
847 5748 974 5801 Bas.
1010 5766 1226 5811 recens”
1259 5760 1295 5799 t.
1329 5753 1372 5805 l.
1411 5763 1461 5815 p.

2373 1918 2481 1962 tun‘.
2538 1912 2677 1978 apud
2718 1910 2974 1965 Basiliunt
3013 1912 3291 1980 inusitata,
3327 1917 3624 1988 priscisque
3664 1919 3774 1973 illis
3803 1930 3938 1974 tem~

2367 2003 2584 2068 poribus
2636 2019 2854 2072 prorsus
2909 2006 3182 2072 inaudita,
3229 2023 3347 2076 quae
3412 2025 3516 2063 non
3567 2012 3667 2064 nisi
3722 2015 3940 2066 szecnlis

2366 2092 2752 2159 posterioribus
2778 2094 2829 2147 in
2857 2111 2956 2148 usu
2981 2111 3100 2150 esse
3119 2097 3304 2168 C(Bpit.
3331 2097 3564 2153 Numero
3595 2101 3938 2162 eodem,Kat

2364 2183 2456 2231 ἀπ’
2488 2182 2657 2252 αὐτῆς
2709 2183 3068 2252 δηλοποιεῖται
3105 2185 3201 2255 τῆς
3247 2187 3490 2257 Γραφῆς.
3547 2185 3678 2238 lllud
3705 2226 3720 2248 ,
3784 2187 3939 2256 δηλο-

2365 2274 2632 2333 ποιεῖται,
2684 2275 3123 2341 peregrinitatem
3181 2294 3393 2347 quoque
3446 2279 3607 2349 sapit.
3657 2277 3935 2334 Num.2:

2375 2363 2738 2432 Ἐρυῖσκοντο,
2780 2366 2873 2418 καὶ
2909 2365 3204 2435 ἀπώλοντο,
3259 2389 3277 2420 ί
3305 2371 3611 2428 Ditiluerent
3659 2388 3724 2428 ac
3769 2373 3938 2426 inter-

2362 2455 2518 2509 irent.
2557 2474 2576 2508 ι
2610 2454 2755 2511 inest
2784 2459 3047 2527 asperitas
3074 2461 3317 2528 qumdam
3353 2462 3405 2515 in
3448 2465 3558 2529 illo,
3588 2466 3934 2537 ἐρυῖσκοντο,

2358 2566 2477 2620 quae
2509 2565 2533 2602 a
2561 2549 2830 2604 Basiliana
2885 2553 3319 2622 suaviloquentia
3368 2555 3521 2626 longe
3551 2557 3703 2613 abest
3736 2578 3752 2614 :
3797 2560 3932 2623 imo,

2357 2655 2415 2696 ut
2450 2645 2578 2697 mihi
2615 2645 2857 2709 videtur,
2890 2644 3046 2699 facile
3071 2661 3175 2698 non
3215 2647 3321 2700 erit
3346 2646 3396 2699 id
3427 2649 3646 2702 verbum
3672 2653 3816 2719 apud
3849 2652 3901 2704 ul
3923 2687 3936 2692 -

2357 2734 2464 2788 lum
2488 2736 2750 2791 disertum
2782 2737 3101 2805 scriptorem
3151 2735 3419 2791 invenire.
3456 2737 3612 2791 Num.
3658 2741 3688 2792 7
3718 2759 3732 2795 :
3782 2743 3936 2794 Ἐκεῖ

2355 2829 2446 2881 καὶ
2477 2829 2703 2898 ὀρνίθων
2750 2829 3103 2883 παντοδαπῶν
3152 2829 3306 2900 γένη,
3353 2829 3430 2899 τῷ
3474 2847 3529 2881 τε
3559 2829 3666 2881 τῶν
3709 2835 3933 2903 πτερῶν

2352 2922 2500 2973 ἆνΟει
2541 2923 2634 2974 καὶ
2658 2922 2733 2992 τῷ
2760 2924 2857 2993 τῆς
2885 2924 3066 2994 φωνῆς
3095 2921 3314 2994 λυγηρῷ
3343 2922 3637 2976 ἁπόλαυσίν
3657 2941 3780 2977 τινα
3798 2926 3936 2978 Dau-

2356 3014 2566 3082 μαστὴν
2606 3015 2926 3084 προτεθέντα
2970 3017 3078 3078 τοῖς
3104 3015 3426 3086 ὁρωμένοις,
3457 3034 3474 3066 ‹
3499 3014 3572 3068 lbi
3604 3025 3656 3067 et
3679 3017 3931 3069 avicula-

2356 3120 2469 3156 rum
2502 3106 2844 3173 omnigenun't
2877 3123 3096 3176 genera,
3132 3119 3241 3165 tum
3286 3123 3582 3178 pennarum
3609 3104 3763 3171 ﬂore,
3812 3118 3930 3160 luttt

2355 3195 2538 3248 nativo
2567 3206 2828 3249 concentu
2872 3207 3031 3266 atque
3060 3203 3262 3268 garritu
3285 3241 3298 3265 ,
3336 3201 3526 3268 miram
3558 3200 3855 3270 quamdam
3901 3215 3928 3250 a

2352 3300 2411 3340 se
2460 3286 2854 3354 jucunditatem
2916 3291 3284 3356 spectantibus
3334 3290 3635 3345 oﬂerenlia.
3682 3310 3700 3344 ι
3762 3292 3931 3345 Putet

2351 3378 2706 3434 Combelisius
2731 3394 2916 3432 vocem
2948 3381 3166 3452 λυγηρῴ
3191 3381 3512 3437 Basilianam
3545 3399 3665 3439 esse
3691 3401 3704 3447 ;
3737 3385 3787 3438 ei
3822 3399 3930 3454 ego

2349 3485 2626 3538 nunquam
2683 3469 2934 3526 assentiri
2988 3481 3196 3539 potero.
3246 3471 3353 3526 Nec
3384 3474 3516 3528 satis
3543 3475 3784 3546 intelligo
3826 3491 3928 3531 ca;

2348 3562 2525 3631 potius
2571 3563 2649 3616 sic
2689 3564 3073 3634 interpretatus
3117 3563 3207 3628 sit,
3243 3579 3260 3614 ι
3298 3564 3502 3629 natii-o,
3542 3584 3560 3616 ι
3614 3583 3780 3635 quam
3813 3568 3930 3623 at}:

2347 3655 2538 3722 quovis
2577 3656 2757 3720 modo,
2786 3671 2906 3710 cum
2935 3672 3038 3711 vox
3069 3654 3308 3727 λυγηρός
3338 3655 3556 3708 minime
3578 3660 3828 3711 omnium
3855 3661 3930 3714 επὶ

2346 3745 2398 3798 id
2426 3747 2835 3814 signiﬁcandum
2864 3759 2983 3816 apta
3027 3764 3148 3804 esse
3196 3750 3460 3804 videatur.
3504 3747 3764 3816 Reperire
3788 3752 3925 3818 qui-

2345 3838 2467 3890 dem
2496 3847 2577 3890 est
2614 3837 2663 3887 in
2693 3836 2903 3890 Lexicis
2949 3854 3106 3893 voces
3134 3841 3272 3910 λυγή
3313 3853 3367 3898 et
3395 3841 3636 3910 λυγαῖος,
3678 3857 3862 3912 quaru
3885 3860 3929 3899 λι.

2343 3927 2518 3996 prima
2553 3926 2798 3981 redditur
2842 3926 3028 3982 Latine
3063 3948 3081 3980 r
3113 3930 3436 3997 obscuritas,
3475 3954 3493 3985 ι
3535 3935 3704 3987 altera
3758 3952 3778 3985 ε
3819 3937 3928 3990 oi;-

2342 4032 2530 4072 scurus
2564 4037 2576 4071 :
2617 4037 2636 4070 »
2685 4018 2779 4074 sed
2814 4018 2939 4089 quid
2977 4018 3063 4074 his
3111 4035 3230 4074 cum
3302 4039 3322 4071 ι
3361 4023 3539 4075 nativo
3565 4043 3582 4074 ι
3623 4039 3926 4080 commune

2340 4125 2463 4164 esse
2490 4112 2681 4179 possit,
2730 4112 2965 4166 viderint
2996 4112 3130 4178 alii;
3175 4112 3224 4166 id
3255 4128 3338 4167 me
3388 4130 3490 4168 non
3532 4115 3712 4167 videre
3768 4115 3922 4171 bona

2340 4203 2445 4257 fide
2480 4203 2671 4258 fateor.
2704 4203 2860 4260 Num.
2924 4205 2992 4258 7:
3042 4205 3179 4258 Ἀλλ’
3210 4207 3310 4260 οὐκ
3356 4209 3420 4260 ἐκ
3448 4208 3545 4278 τῆς
3581 4207 3787 4271 οἰκείας
3814 4209 3925 4277 φύ-

2340 4310 2495 4358 σεως,
2530 4297 2704 4348 aito-av
2740 4299 2837 4366 τῆς
2865 4299 3054 4368 νοερᾶς
3105 4299 3307 4365 οὐσίας,
3367 4321 3384 4351 ι
3416 4301 3563 4355 llaud
3605 4311 3787 4354 tamen
3847 4317 3923 4356 ex

2337 4401 2431 4440 sua
2459 4389 2572 4456 ipsa
2613 4388 2811 4450 indole.
2839 4393 2889 4446 id
2917 4403 3000 4446 est
3022 4433 3036 4456 ,
3064 4410 3166 4461 qua
3198 4403 3352 4462 parte
3375 4396 3672 4448 substantia
3722 4407 3924 4450 mente

2265 4494 2306 4548 D
2337 4479 2556 4546 praadita
2587 4487 2690 4532 est.
2734 4499 2754 4530 ι
2807 4479 2924 4536 Jam
2966 4484 3018 4537 in
3044 4486 3286 4538 oratione
3328 4485 3586 4547 secunda,
3625 4500 3776 4539 num.
3824 4488 3921 4545 14,

2339 4574 2648 4626 monuimus
2680 4571 2830 4638 illud,
2862 4565 3061 4640 ἑῖτουν,
3088 4589 3117 4627 a
3148 4573 3346 4627 Basilio
3373 4589 3476 4629 non
3503 4576 3773 4644 usurpari.
3815 4576 3925 4632 llic

2337 4666 2528 4719 addam
2561 4664 2697 4718 hanc
2731 4681 2913 4722 vocem
2945 4680 3046 4720 non
3075 4667 3314 4722 adhiberi
3341 4682 3554 4737 quoque
3586 4669 3653 4720 ab
3690 4666 3920 4723 idoneis

2335 4757 2646 4814 auctoribus
2687 4760 2784 4824 ita,
2814 4767 2872 4815 ut
2895 4759 2981 4816 hic
3016 4761 3306 4816 adhibetur
3344 4762 3411 4816 ab
3439 4762 3619 4829 ignoto
3643 4761 3732 4815 illo
3764 4765 3921 4818 scri-

2333 4859 2504 4918 ptore.
2541 4845 2636 4899 ESt
2667 4851 2812 4903 enim
2842 4889 2857 4913 ,
2916 4861 2974 4905 ut
3013 4851 3185 4914 aiunt,
3229 4849 3419 4906 relatio
3465 4854 3707 4920 qumdam
3762 4852 3923 4908 inter

2336 4956 2495 4997 voces
2525 4942 2704 4996 εἴτουν
2737 4954 2791 4999 et
2818 4943 2950 5010 εἴτε,
3000 4960 3098 4999 nec
3152 4945 3287 5000 bene
3328 4962 3429 5000 una
3458 4947 3526 5000 ab
3555 4945 3719 4998 altera
3747 4959 3924 5015 sepa-

2334 5044 2505 5099 ratur,
2541 5035 2676 5089 aduo
2706 5044 2785 5097 ut,
2809 5035 2980 5104 inquit
3011 5034 3236 5091 Budaeus
3267 5035 3364 5107 (ὁ),
3405 5039 3578 5090 εῖτο·.›ν
3612 5051 3924 5106 προτακτι-

2332 5125 2426 5177 κόν
2455 5124 2524 5176 sit
2570 5127 2666 5179 τοῦ
2707 5127 2836 5181 εἴτε.
2883 5127 3070 5180 Finem
3120 5128 3332 5181 tandem
3392 5128 3474 5180 his
3515 5129 3655 5180 notis
3691 5130 3923 5183 criticis

2333 5214 2691 5280 imponemus,
2741 5214 2785 5269 si
2838 5215 2988 5283 prius
3032 5231 3194 5269 unum
3255 5214 3640 5282 adjecerimus,
3699 5218 3918 5273 barum

2327 5303 2634 5359 orationum
2660 5304 2948 5359 falsitatem
2971 5305 3091 5359 inde
3113 5306 3342 5369 ostendi,
3371 5305 3509 5359 unde
3539 5321 3724 5360 earum
3773 5322 3922 5378 γνη-

2327 5394 2508 5465 σιὸτης
2537 5397 2768 5450 maxime
2784 5405 3002 5466 putatur
3028 5396 3390 5465 comprobari.
3414 5395 3538 5450 Dico
3575 5398 3916 5454 immensam

2325 5485 2472 5538 illam
2513 5489 2784 5540 variarum
2825 5488 3112 5544 lectionum
3160 5490 3370 5551 silvam,
3400 5504 3503 5557 qua
3557 5487 3821 5556 impressi
3859 5501 3922 5544 et

2328 5578 2678 5645 ntanuscripti
2707 5579 2827 5631 libri
2860 5581 3087 5636 mirifice
3126 5581 3268 5634 inter
3308 5594 3367 5636 se
3396 5580 3657 5635 dissident
3687 5592 3702 5630 :
3731 5594 3918 5650 quam

2396 5752 2467 5815 (ιι)
2508 5749 2638 5802 Bud.
2676 5766 2725 5818 p.
2755 5750 2873 5801 951.
