4088 6310
1227 336 1290 395 D.
1330 336 1473 392 JUL.
1526 334 1853 390 GARNERII
1891 331 2277 388 PBEFATIO.

3186 339 3393 381 οιιιιν

163 465 341 511 tamen
370 462 653 523 tantopere
673 455 844 518 jactat
868 453 1478 523 Combeﬁsius,quaeque
1506 454 1555 507 in
1574 468 1733 508 causa
1764 457 1808 512 Α
1836 449 2206 519 accipiendam
2232 458 2351 500 esse
2373 443 2574 513 Moysis
2600 442 2960 498 narrationem
2984 448 3183 498 censet.
3203 440 3395 494 Mirum

162 549 255 601 fuit
283 564 384 602 cur
429 564 526 603 eas
555 550 620 601 de
651 549 857 618 integro
888 547 1123 601 edendas
1169 556 1412 603 curaret.
1442 546 1577 600 Nam
1608 562 1728 600 vera

163 638 344 691 Basilii
375 654 543 707 opera
576 655 602 692 a
634 640 783 693 falsis
833 651 941 692 non
983 636 1149 691 semel
1198 639 1251 691 in
1282 652 1347 693 eo
1388 636 1605 691 differre
1634 638 1730 689 ad-

163 731 493 794 notavimus,
523 731 665 798 quod
691 731 777 783 illa
807 730 1042 794 modice,
1098 729 1213 783 haec
1242 729 1525 782 immodice
1550 728 1732 782 lectio-

163 835 285 872 num
308 820 581 874 varietate
642 818 936 883 luxurient,
984 819 1140 888 quasi
1169 817 1383 872 reveriti
1412 817 1624 885 quidem
1648 831 1734 870 es-

163 916 279 962 sent
328 909 541 963 librarii
578 909 806 979 genuina
836 921 999 973 opera
1038 907 1415 960 additamentis
1439 915 1530 958 aut
1553 906 1733 958 detra-

172 1001 443 1055 ctionibus
467 1002 781 1067 depravare,
836 996 969 1051 falsa
994 1012 1121 1051 vero
1147 998 1247 1051 sibi
1279 997 1437 1051 licere
1460 1006 1735 1066 putassent

174 1106 268 1159 pro
293 1091 563 1144 arbitratu
604 1090 889 1142 immutare
913 1127 928 1152 ,
971 1088 1262 1156 corrigere,
1322 1095 1395 1152 et,
1426 1096 1484 1139 ttt
1515 1086 1731 1152 libebat,

179 1184 508 1236 deformare.
531 1181 695 1250 Cujus
720 1180 796 1234 rei
826 1194 947 1235 cum
994 1180 1101 1235 sint
1126 1180 1374 1247 deinceps
1417 1178 1733 1248 proferenda

168 1275 412 1344 exempla
448 1273 617 1339 varia,
645 1272 734 1326 hic
767 1271 1036 1326 monuisse
1064 1270 1194 1323 satis
1222 1279 1322 1324 est.

166 1384 191 1455 ᾗ
218 1383 274 1438 ll.
299 1386 381 1439 An
414 1400 497 1438 res
524 1399 628 1436 uno
660 1393 912 1435 momento
941 1390 1130 1461 create:
1160 1382 1283 1447 sint,
1314 1396 1383 1434 an
1414 1396 1506 1434 sex
1531 1382 1733 1435 dierum

848 1460 1037 1518 spatio.

232 1543 320 1595 2L
358 1540 717 1597 Promisimus
745 1555 891 1594 num.
925 1539 1011 1605 i3,
1049 1542 1093 1594 si
1123 1540 1250 1610 quid
1285 1542 1337 1595 in
1370 1541 1605 1609 quolibet
1635 1541 1735 1595 Ba-

168 1634 267 1686 silii
299 1647 469 1701 opere
506 1642 693 1687 notattt
749 1631 968 1699 dignum
1019 1632 1314 1697 videretur,
1362 1634 1431 1687 de
1456 1647 1519 1687 eo
1554 1648 1648 1686 nos
1680 1633 1731 1685 in

169 1722 481 1791 ριωΐιιιὶοιιθ
506 1725 780 1793 aliquanto
810 1724 1117 1791 diligentius
1153 1723 1541 1791 disputaturos.
1568 1722 1733 1793 Igitur

1835 556 1941 595 non
1993 549 2078 593 est
2132 540 2182 591 in
2233 551 2352 591 eam
2406 536 2728 589 sententiam
2794 536 2953 590 ivisse
3014 534 3393 605 allegoriarum

1834 632 2264 687 amantissimum
2295 631 2468 683 virum
2496 630 2802 699 Origenem.
2832 630 2995 685 Vetus
3024 629 3111 684 ille
3138 628 3393 697 scriptor,

1833 733 2094 795 quantum
2123 720 2432 790 conjectura
2462 721 2710 789 augurari
2743 720 2892 786 licet,
2920 721 2976 774 in
3004 721 3112 774 suis
3143 720 3199 772 in
3229 716 3399 772 Gene-

1834 818 1931 869 sim
1960 814 2379 871 Commentariis
2406 828 2526 882 qua:
2555 814 2814 866 hactenus
2843 813 2897 867 in
2931 812 3103 868 lucem
3133 826 3237 864 non
3273 823 3399 878 pro-

1835 908 2004 973 diere,
2035 921 2098 962 ea
2135 907 2201 961 de
2235 920 2293 960 re
2326 904 2445 959 fuse
2470 906 2859 973 disputaverat.
2886 903 2958 957 Ita
2987 904 3133 959 enim
3162 902 3397 969 loquitur

1834 1000 1972 1055 libro
2006 1007 2161 1053 sexto
2188 1008 2369 1051 contra
2399 994 2625 1059 Celsum,
2647 1011 2763 1065 pag.
2801 996 2899 1048 517
2932 1013 2945 1047 :
2976 994 3133 1047 Κατὰ
3160 994 3223 1046 τὸ
3244 994 3398 1046 δυνα-

1836 1091 1927 1143 τὸν
1959 1092 2090 1160 ἡμῖν
2129 1091 2185 1142 ὲν
2217 1092 2330 1151 τοῖς
2358 1087 2859 1159 Πραγματευθείσιν
2898 1088 2985 1152 είς
3008 1086 3121 1155 τὴν
3147 1085 3400 1139 Γένεσιν

1838 1183 2159 1253 εἰρήκαμεν,
2188 1196 2203 1229 ι
2230 1180 2332 1234 Pro
2360 1180 2496 1234 virili
2529 1191 2713 1235 nostra
2746 1190 2899 1251 parte
2928 1180 3017 1252 [de
3046 1195 3221 1234 rerum
3247 1194 3400 1234 crea-

1838 1273 2015 1344 tione]
2061 1274 2294 1327 diximus
2339 1273 2391 1325 in
2435 1270 2849 1328 Commentariis
2890 1274 2943 1328 in
2985 1273 3227 1329 Genesin.
3254 1293 3272 1324 ι
3310 1273 3403 1328 Sic

1835 1366 2220 1436 prosequitur:
2250 1367 2361 1418 Καὶ
2401 1367 2459 1418 ὲν
2505 1367 2616 1429 τοῖς
2657 1365 2909 1435 ἀνωτέρω
2946 1366 3003 1417 δὲ
3048 1363 3401 1434 ἐγκαλοῦντες

1834 1460 1949 1520 τοῖς
1980 1456 2120 1509 κατὰ
2146 1456 2244 1527 τὴν
2278 1456 2695 1527 προχειροτέραν
2711 1456 2932 1525 ἐκδοχὴν
2956 1455 3157 1525 φήσασι
3180 1456 3401 1527 χρόνους

1834 1546 1893 1611 ἒξ
1925 1546 2146 1617 ἡμερῶν
2177 1547 2543 1617 διεληλυθέναι
2587 1550 2666 1610 είς
2692 1546 2790 1617 τὴν
2823 1547 3193 1615 κοσμοποιίαν,
3222 1565 3402 1619 παρα-

1832 1635 2094 1706 τιθέμεθα
2120 1638 2370 1705 τὸ,Αὕτη
2400 1638 2438 1704 ἡ
2466 1640 2682 1705 βίϐλος
2706 1638 2994 1708 γενέσεως
3015 1639 3270 1708 οὐρανοῦ
3303 1640 3401 1694 και

1833 1726 1947 1796 τῆς
1967 1727 2064 1782 ὅτε
2082 1728 2338 1797 ἐγένετο,
2370 1724 2410 1800 ᾖ
2437 1729 2625 1799 ἡμέρᾳ
2649 1730 2937 1797 ἐποίησεν
2959 1733 2991 1785 ὀ
3016 1731 3157 1797 Θεὸς
3178 1730 3281 1784 τὸν
3299 1733 3401 1785 οὐ-

168 1817 448 1884 promissis
480 1825 537 1869 ut
565 1825 789 1881 stemus,
825 1816 1101 1877 nonnulla,
1145 1824 1202 1869 ut
1232 1823 1537 1878 occurrent,
1565 1815 1732 1868 adno-
1761 1796 1805 1851 Β
1825 1821 2020 1890 ραν-ὸν
2051 1796 2151 1874 καὶ
2178 1821 2294 1890 τὴν
2533 1796 2670 1888 Quin
2700 1830 2753 1876 et
2785 1796 2838 1875 in
2872 1796 3239 1890 superioribus
3276 1823 3401 1877 dum

168 1910 418 1962 tabimus.
455 1906 623 1962 Nemo
648 1909 818 1963 nescit
840 1910 1002 1963 verba
1028 1907 1115 1961 illa
1144 1906 1362 1978 Moysis,
1392 1907 1460 1963 In
1479 1910 1731 1977 principio

168 2003 280 2070 [erit
312 2002 453 2055 Deus
476 2002 663 2055 caelum
687 2012 735 2056 et
761 2014 950 2055 terram
971 2002 1011 2065 ί,
1050 2009 1159 2055 tum
1197 2002 1263 2056 ab
1293 2002 1531 2072 antiquis
1562 2012 1670 2057 tum
1701 2018 1730 2055 a

168 2095 559 2149 recentioribus
607 2096 754 2148 varie
797 2105 1014 2161 accepta
1066 2108 1205 2149 esse.
1258 2092 1510 2164 Plerique
1546 2110 1733 2149 omnes

167 2186 550 2240 existimarunt
601 2201 708 2248 res,
758 2186 831 2239 uti
881 2200 909 2239 a
952 2185 1133 2258 Moyse
1171 2196 1483 2252 narrantur,
1514 2186 1733 2241 eﬂ‘ectas

166 2290 299 2337 esse.
333 2286 390 2328 et
432 2278 607 2343 reipsa
656 2290 751 2329 sex
789 2276 994 2330 dierum
1042 2279 1219 2346 spatio
1263 2278 1431 2331 fuisse
1470 2279 1727 2332 conditas.

168 2367 269 2419 Nec
302 2365 640 2419 diﬂitendum
672 2368 783 2436 ipsa
815 2368 1012 2439 Moysis
1041 2370 1202 2422 verba
1236 2369 1358 2422 huic
1391 2369 1462 2421 illi
1492 2369 1729 2436 opinioni

169 2460 391 2511 multum
425 2459 631 2525 favere,
658 2476 780 2516 cum
814 2462 1122 2531 singillatim
1155 2470 1314 2530 atque
1346 2462 1534 2515 ordine
1564 2476 1729 2530 expo-

168 2560 322 2603 natur
352 2551 483 2620 quid
510 2552 753 2621 quolibet
777 2553 862 2608 die
885 2553 1186 2609 confectum
1215 2554 1303 2608 sit.
1337 2552 1486 2608 Haud
1517 2554 1733 2609 defuere

170 2652 342 2698 tamen
386 2647 478 2712 qui
518 2646 674 2699 aliter
702 2647 990 2710 senserint,
1024 2648 1125 2699 rati
1158 2648 1295 2701 hanc
1330 2650 1518 2717 agendi
1566 2649 1732 2701 ratio-

170 2751 281 2790 nem
313 2736 495 2804 opiﬁci
526 2738 896 2804 potentissimo
927 2739 1036 2791 Deo
1066 2754 1170 2793 non
1204 2742 1514 2803 convenire,
1562 2742 1651 2807 qui
1684 2741 1729 2794 si

169 2825 237 2878 ita
269 2842 327 2878 se
358 2829 619 2893 gessisset
655 2829 707 2881 in
760 2828 1047 2883 condendis
1082 2830 1259 2894 rebus,
1304 2845 1407 2883 non
1458 2844 1515 2883 ut
1564 2830 1729 2886 Deum

170 2917 339 2979 decet,
382 2917 481 2971 sed
529 2917 807 2973 hominum
863 2934 1012 2975 more
1053 2920 1271 2990 egisset.
1318 2919 1463 2974 lnter
1499 2934 1591 2975 eos
1637 2924 1730 2992 qui

171 3011 546 3065 existimavere
577 3027 664 3066 res
694 3013 849 3067 simul
880 3028 981 3066 non
1010 3029 1104 3083 per
1133 3013 1276 3068 vices
1305 3023 1517 3069 creatas
1543 3014 1728 3078 fuisse,

1836 1914 2358 1981 reprelienderemus
2393 1930 2485 1969 eos
2517 1915 2605 1983 qui
2638 1913 2929 1969 secundum
2961 1928 3180 1968 sensum
3225 1912 3399 1981 magis

1833 2007 2050 2062 obvium
2085 2007 2236 2060 aiunt
2266 2022 2360 2061 sex
2402 2006 2592 2061 diebus
2627 2005 2927 2060 absolutam
2959 2004 3139 2059 mundi
3166 2004 3400 2058 creatio-

1834 2114 1977 2165 nem,
2014 2097 2308 2165 objecimus
2342 2097 2469 2150 illud
2496 2114 2509 2148 :
2538 2095 2639 2149 Hic
2664 2096 2797 2149 liber
2821 2097 3169 2165 generationis
3206 2096 3321 2148 caeli
3352 2104 3399 2147 et

1833 2203 2008 2254 terrm,
2042 2204 2159 2241 cum
2190 2188 2332 2256 facta
2367 2199 2486 2242 sunt
2518 2204 2535 2243 :
2566 2205 2669 2259 qua
2703 2188 2786 2241 die
2823 2188 2943 2256 fecit
2970 2187 3108 2241 Deus
3139 2189 3323 2240 caelum
3353 2195 3399 2237 et

1834 2288 2030 2332 terram
2050 2277 2131 2330 ’.ι
2171 2276 2350 2331 Facile
2382 2286 2560 2332 autem
2599 2277 2920 2332 crediderim
2949 2276 3259 2346 Origenem,
3297 2275 3399 2328 viri

1831 2371 1974 2439 quod
2001 2380 2119 2425 erat
2152 2370 2203 2423 in
2234 2370 2518 2439 allegorias
2549 2369 2809 2433 studium,
2841 2367 3004 2422 multa
3038 2368 3139 2421 alia
3168 2368 3220 2421 in
3253 2381 3389 2421 eam-

1832 2463 1952 2517 dem
1998 2462 2318 2517 sententiam
2362 2460 2415 2514 in
2468 2460 2578 2514 suis
2623 2459 2775 2514 libris
2826 2460 3179 2529 inSpersisse;
3231 2458 3321 2529 qui
3352 2459 3398 2513 si

1832 2562 2109 2608 exstarent
2137 2567 2344 2620 omnes,
2380 2566 2483 2605 non
2510 2549 2695 2605 dubito
2714 2550 2839 2620 quin
2866 2550 3126 2619 permulta
3154 2551 3399 2618 exempla

1832 2644 2079 2715 proferre
2121 2645 2327 2711 liceret,
2360 2645 2554 2713 quibus
2583 2643 2723 2711 quod
2770 2642 2889 2697 dico
2942 2642 3170 2696 mirilice
3199 2643 3397 2696 contir-

1832 2748 2076 2790 maretur
2108 2755 2120 2790 :
2154 2736 2245 2789 sed
2276 2750 2398 2790 cum
2432 2750 2617 2790 eorum
2667 2749 2791 2803 pars
2820 2735 3055 2787 maxima
3099 2734 3391 2798 interierit,

1832 2825 2192 2879 testimonium
2224 2825 2435 2879 unicum
2459 2838 2489 2878 e
2517 2824 2793 2878 notissimo
2811 2822 2879 2893 (c)
2901 2824 3016 2877 loco
3044 2822 3239 2877 addere
3260 2824 3393 2874 satis

1833 2916 2063 2969 habebo.
2114 2914 2209 2970 Est
2249 2924 2428 2969 autem
2475 2914 2735 2982 ejusmodi
2769 2930 2783 2968 :
2812 2914 2907 2977 Τίς
2950 2912 3077 2981 γοῦν
3112 2911 3236 2965 νοῦν
3262 2912 3399 2982 ἔχων

1831 3009 2073 3078 οἰήσεται
2112 3007 2334 3079 πρώτην
2382 3006 2475 3059 καὶ
2514 3005 2771 3076 δευτέραν
2812 3007 2904 3058 καὶ
2943 3006 3130 3075 τρίτην
3165 3004 3395 3074 ἡμέραν,

171 3102 369 3165 primus
405 3104 677 3156 recenseri
716 3113 891 3170 potest
923 3104 1071 3158 Philo
1100 3103 1198 3175 (α).
1249 3108 1399 3171 cujus
1448 3107 1561 3159 haec
1608 3116 1728 3159 sunt

1836 3099 2071 3167 ἑσπέραν
2101 3116 2160 3151 τε
2202 3103 2295 3152 καὶ
2336 3098 2548 3169 πρωῖαν
2592 3097 2763 3169 χωρὶς
2798 3097 2950 3169 ἡλίου
2981 3094 3277 3165 γεγονέναι,
3306 3099 3397 3149 καὶ

171 3192 322 3243 verba
354 3208 366 3242 :
402 3192 537 3243 Τότε
577 3194 678 3261 μὲν
707 3189 795 3246 οὖν
825 3195 942 3264 ἅμα
964 3195 1136 3248 πάντα
1160 3197 1459 3249 συνίστατο.
1480 3197 1733 3251 Συνιστα-

174 3284 339 3349 μένων
390 3283 460 3336 δι’
514 3284 650 3354 ὁμοῦ
696 3287 930 3348 πάντων,
980 3290 1012 3360 ἡ
1057 3288 1207 3353 τάξις
1266 3289 1546 3359 ἀναγκαίῳ
1592 3290 1733 3359 λόγῳ

170 3376 535 3446 ὐπεγράερετο,
572 3377 659 3431 διὰ
693 3380 790 3452 τὴν
822 3381 1082 3452 ἐσομένην
1108 3377 1262 3446 αὖθις
1288 3382 1347 3448 ἐξ
1376 3383 1617 3453 ἀλλήλων
1644 3383 1735 3451 γέ-

171 3468 538 3524 νεσιν.‹Τιιιιε
571 3472 730 3539 igitur
768 3476 945 3527 omnia
984 3475 1143 3529 simul
1190 3485 1315 3529 sunt
1340 3478 1579 3532 condita.
1618 3476 1731 3530 Etsi

171 3570 342 3611 autem
376 3560 561 3613 omnia
593 3561 749 3614 simul
781 3564 1119 3627 constabant,
1151 3566 1281 3619 ordo
1318 3575 1494 3618 tamen
1541 3580 1729 3619 neces-

172 3647 308 3697 sario
347 3646 657 3715 descriptus
681 3662 786 3715 est,
812 3662 1027 3719 propter
1057 3662 1297 3707 mutuam
1324 3668 1443 3723 qua:
1479 3656 1731 3725 deinceps

174 3734 341 3790 futura
377 3748 521 3804 erat,
556 3755 622 3794 ex
678 3757 797 3797 sese
841 3746 1302 3814 propagationem.
1331 3765 1349 3798 ι
1398 3744 1509 3801 Nec
1558 3748 1729 3800 solum

172 3828 472 3883 doctrinam
521 3832 763 3885 eamdem
810 3834 970 3887 tradit
1022 3834 1126 3888 alio
1160 3834 1295 3900 loco,
1325 3836 1418 3889 sed
1446 3850 1538 3888 eos
1567 3835 1728 3887 etiam

172 3918 252 3981 qni
288 3932 449 3973 secus
482 3923 741 3986 sentiunt,
775 3925 1013 3979 stultitiae
1058 3940 1313 3980 accusare
1363 3939 1464 3978 non
1494 3923 1725 3978 dubitat.

170 4005 335 4073 lp~um
350 4011 737 4083 audiamus.(b)
753 4012 956 4084 Εῠηθες
971 4015 1109 4067 πάνυ
1122 4016 1181 4068 τὸ
1192 4015 1394 4069 οἴεσθαι
1408 4013 1727 4086 ἒξὴμέραις,

168 4098 197 4165 ἢ
238 4098 465 4151 καθόλου
508 4102 685 4173 χρόνῳ
719 4105 917 4176 κόσμον
955 4106 1254 4174 γεγονέναι,
1287 4108 1416 4160 διότι
1454 4108 1671 4178 σύμπας
1700 4108 1729 4159 ὁ

170 4192 365 4259 κόσμος
389 4193 613 4264 ἡμερῶν
636 4196 728 4247 καὶ
748 4199 954 4251 νυκτῶν
972 4202 1087 4252 ἐστι
1109 4198 1377 4268 διάστημα
1393 4215 1405 4227 ·
1436 4199 1532 4251 καὶ
1558 4200 1731 4253 ταῦτα.

168 4282 313 4349 ἡλίου
343 4284 558 4355 κίνησις
581 4286 718 4357 ὑπὲρ
736 4288 837 4357 γῆν
860 4290 951 4341 καὶ
972 4291 1075 4343 ὑπὸ
1095 4294 1196 4360 γῆν
1220 4290 1385 4352 ἰόντος
1405 4289 1465 4353 ἐξ
1485 4290 1729 4360 ἀνάγκης

167 4372 439 4430 ἀποτελεῖ.
479 4395 498 4428 ι
529 4376 688 4432 Plane
719 4382 942 4433 stultum
983 4390 1067 4433 est
1103 4380 1354 4434 arbitrari
1387 4393 1479 4432 sex
1516 4379 1725 4443 diebus,

1838 3190 2085 3261 σελήνης,
2110 3192 2203 3242 καὶ
2225 3192 2438 3259 ἄστρων
2460 3208 2473 3255 ;
2501 3190 2599 3260 τὴν
2619 3191 2674 3242 δὲ
2697 3191 2857 3243 οἱονεὶ
2875 3186 3094 3261 πρώτην
3118 3188 3211 3242 καὶ⁹
3234 3187 3399 3259 χωρὶς

1834 3282 2097 3355 οὐρανοῦ;
2137 3284 2311 3350 «Quis
2357 3283 2519 3353 igitur
2566 3281 2759 3336 mentis
2810 3296 3028 3349 compos
3066 3278 3400 3333 existimabit

1835 3378 2065 3447 primam
2096 3386 2150 3431 et
2186 3377 2474 3431 secundam
2508 3384 2562 3430 et
2595 3375 2805 3427 tertiam
2838 3373 3001 3436 diem,
3031 3380 3085 3425 et
3117 3383 3397 3440 vesperam

1834 3477 1888 3521 et
1913 3482 2069 3521 mane
2097 3468 2212 3521 sine
2246 3466 2383 3531 sole,
2416 3466 2562 3527 luna,
2596 3476 2649 3517 et
2681 3464 2886 3519 stellis?
2913 3472 2966 3517 et
2993 3463 3219 3531 primam
3247 3461 3393 3515 illam

1833 3559 1993 3613 etiam
2030 3558 2150 3612 sine
2196 3557 2335 3612 caelo
2375 3556 2577 3611 fuisse?
2603 3576 2619 3606 ι
2663 3558 2844 3610 Potest
2874 3571 2994 3608 eum
3024 3555 3105 3608 liis
3136 3569 3395 3607 annume-

1836 3651 1940 3703 rari
1991 3651 2284 3705 acerrimus
2337 3648 2614 3704 catholicae
2666 3648 2785 3701 fidei
2847 3646 3097 3701 defensor
3150 3647 3392 3701 Athana-

1833 3741 1943 3795 sius
1970 3738 2071 3810 (ά),
2123 3740 2212 3807 qui
2261 3754 2383 3793 cttm
2420 3739 2559 3792 inter
2594 3737 2694 3790 alia
2744 3736 3036 3806 Scriptura:
3089 3736 3393 3790 testimonia

1832 3834 2052 3888 citasset
2105 3831 2279 3886 locum
2339 3831 2489 3885 illum
2543 3829 2984 3892 Proverbiorum,
3041 3830 3172 3881 Ante
3214 3843 3389 3879 omnes

1831 3923 1987 3976 colles
2030 3924 2192 3991 gignit
2241 3922 2373 3987 me‘,
2411 3924 2488 3977 sic
2520 3922 2737 3991 pergit:
2770 3921 2880 3974 Kal.
2926 3920 3035 3991 γὰρ
3076 3920 3166 3973 καὶ
3196 3918 3388 3986 λέγων,

1829 4014 1949 4084 Πρὸ
1978 4013 2217 4067 πάντων
2241 4010 2424 4082 γεννᾷ
2437 4030 2532 4081 με,
2564 4013 2719 4065 ἄλλον
2751 4013 2939 4065 ἑαυτὸν
2968 4008 3103 4064 εἶναι
3132 4011 3237 4065 τῶν
3260 4012 3387 4064 πάν·

1829 4123 1937 4158 των
1966 4105 2235 4176 σημαίνει,
2270 4102 2519 4175 δειξάσης
2547 4103 2603 4155 ὲν
2627 4104 2736 4165 τοῖς
2770 4103 2874 4172 πρὸ
2905 4102 3107 4155 τούτων
3136 4104 3233 4174 τῆς
3263 4104 3393 4171 ἀλη-

1831 4196 1998 4261 θείας,
2017 4198 2205 4269 ὅτιπερ
2230 4197 2337 4251 τῶν
2362 4198 2671 4267 κτισμάτων
2697 4196 2845 4249 οὐδὲν
2877 4196 3061 4267 ἕτερον
3087 4194 3180 4247 τοῦ
3206 4195 3390 4265 ἑτέρου

1830 4288 2174 4359 προγέγονεν,
2206 4289 2339 4343 ἀλλὰ
2368 4289 2576 4357 ἀθρόως
2609 4289 2722 4358 ἅμα
2756 4288 2931 4340 πάντα
2963 4287 3030 4339 τὰ
3054 4285 3286 4357 γεννητὰ
3314 4287 3392 4340 ἑνὶ

1830 4381 1921 4433 καὶ
1963 4382 2041 4451 τῷ
2083 4382 2229 4452 αὐτῷ
2280 4381 2655 4453 προστάγματι
2705 4381 2931 4451 ὑπέστη.
2967 4398 2986 4433 ι
3031 4379 3269 4448 Namque
3310 4380 3392 4433 di-

168 4474 259 4515 aut
304 4469 531 4521 omnino
578 4469 630 4523 in
679 4478 919 4539 tempore
969 4472 1222 4524 mundum
1278 4472 1475 4525 factum
1535 4468 1722 4537 fuisse,
1757 4467 1800 4521 D
1832 4473 2019 4534 cendo,
2072 4474 2203 4525 Ante
2250 4489 2423 4525 omnes
2478 4490 2595 4526 vero
2641 4473 2808 4543 gignit
2860 4489 2964 4537 me,
3013 4486 3072 4524 se
3110 4469 3271 4522 alium
3321 4466 3389 4521 ab

168 4562 453 4622 prOpterea
495 4560 637 4625 quod
686 4562 917 4616 mundus
947 4569 1089 4616 totus
1132 4560 1471 4615 intervallum
1501 4569 1584 4613 est
1612 4558 1728 4613 die-

172 4660 283 4698 rum
318 4660 380 4699 ac
407 4648 664 4701 noctium.
698 4649 875 4718 Atque
906 4652 1035 4707 solis
1069 4666 1230 4720 super
1264 4661 1462 4706 terram
1494 4660 1549 4707 et
1582 4650 1721 4705 infra

169 4747 365 4791 terram
416 4740 596 4794 euntis
640 4750 812 4794 motus
856 4744 1158 4798 necessario
1202 4742 1317 4797 haec
1352 4742 1573 4798 eﬂicit.»
1609 4741 1725 4807 Qno

169 4839 348 4883 autem
390 4845 551 4886 sensu
600 4834 759 4889 verba
811 4834 1005 4906 Muysis
1061 4839 1400 4903 interpretari
1456 4847 1721 4905 oporteat.

167 4920 350 4973 statim
399 4924 587 4978 edocet
634 4928 769 4996 ipse,
817 4944 939 4982 eum
984 4930 1547 4984 ειιΙιΙίιεΣυνετέλεσεν
1588 4929 1722 5002 ἕκτῃ

166 5014 348 5085 ἡμέρᾳ
376 5013 444 5068 τὰ
476 5015 630 5086 ἔργα,
664 5022 876 5091 νοητέον
902 5022 982 5075 ὅτι
1030 5023 1091 5074 οὐ
1136 5022 1333 5093 πλῆθος
1365 5023 1585 5094 ἡμερῶν
1613 5040 1720 5075 πα·

168 5107 523 5176 ραλαμϐάνει,
551 5109 750 5167 τέλειον
780 5116 835 5167 δὲ
861 5114 1089 5186 ἀριθμὸν
1111 5116 1202 5170 τὸν
1226 5116 1303 5179 ἓξ.
1338 5133 1356 5166 ι
1386 5114 1566 5184 Itaque
1600 5130 1718 5168 cum

165 5199 295 5253 dicit
330 5218 343 5254 :
378 5199 663 5271 Complerit
712 5208 794 5259 die
841 5217 986 5261 sexto
1029 5224 1183 5277 opera
1206 5210 1247 5273 ³,
1287 5207 1583 5276 intelligere
1618 5223 1719 5260 non

166 5289 330 5343 debes
359 5294 424 5345 de
467 5294 675 5347 dierum
726 5310 969 5365 numero,
1018 5299 1114 5353 sed
1149 5299 1213 5353 de
1245 5300 1457 5355 senario
1486 5295 1725 5366 perfecto

167 5395 452 5435 tntmeron
514 5384 698 5457 itaque
749 5402 843 5456 per
879 5390 1189 5460 allegoriam
1240 5408 1346 5447 non
1392 5394 1457 5445 ad
1500 5396 1718 5448 verbum

231 5540 411 5596 ’Gen.
463 5560 504 5607 ι,
557 5546 607 5597 1.

230 5678 308 5758 (ιι)
337 5677 961 5758 PhiloDenmudiopif,
990 5705 1041 5758 p.
1079 5691 1159 5745 ll.

232 5753 305 5807 to)
333 5748 450 5803 Lib.
487 5768 499 5804 I
531 5753 704 5812 Atch.
735 5748 903 5807 initio.

1830 4562 2078 4616 omnibus
2112 4576 2232 4615 esse
2261 4562 2521 4628 declarat,
2546 4579 2667 4617 cum
2698 4578 2762 4617 ex
2796 4576 2954 4631 supra
2988 4559 3147 4613 dictis
3179 4568 3389 4613 constet

1830 4656 2027 4706 nullam
2060 4668 2090 4707 e
2119 4654 2279 4708 rebus
2308 4656 2506 4708 creatis
2535 4655 2683 4721 prius
2711 4652 2877 4706 altera
2908 4650 3106 4703 factam
3133 4662 3271 4711 esse,
3297 4648 3388 4700 sed

1832 4762 1915 4798 res
1967 4759 2155 4799 omnes
2210 4744 2380 4799 factas
2429 4761 2535 4797 uno
2589 4744 2887 4811 eodemque
2933 4741 3185 4795 mandato
3230 4739 3388 4793 simul

1827 4837 2115 4891 exstitisse.
2140 4857 2158 4889 ι
2193 4838 2484 4907 Gregorius
2506 4836 2777 4904 Nyssenus
2804 4836 2876 4889 ita
2902 4834 3182 4903 perspicue
3207 4831 3386 4898 loqui-

1832 4943 1936 4997 tur,
1974 4941 2028 4985 ut
2054 4930 2284 4985 dubitari
2322 4945 2427 4982 non
2461 4930 2629 4998 possit
2655 4928 2781 4996 quin
2814 4927 2884 4980 sit
2907 4923 3213 4992 opinionem
3239 4935 3388 4974 eam-

1829 5026 1948 5079 dem
1972 5025 2268 5093 amplexus.
2289 5022 2417 5091 Ejus
2441 5022 2600 5075 verba
2630 5018 2935 5073 exscribere
2955 5030 3130 5085 operte
3152 5012 3384 5084 pretium

1826 5128 1905 5169 est
1933 5132 1962 5169 e
1994 5115 2083 5169 lib.
2105 5117 2158 5168 in
2182 5114 2457 5176 Ηεεεαεηι..
2483 5128 2604 5182 pag.
2625 5111 2687 5165 '7:
2720 5110 2828 5163 Καὶ
2852 5109 2969 5163 ἀντὶ
2989 5106 3083 5160 τοῦ
3107 5107 3279 5158 εἰπεῖν
3302 5104 3383 5155 ὅτι

1826 5208 2034 5279 ἀθρόως
2066 5208 2239 5260 πάντα
2269 5206 2335 5259 τὰ
2362 5206 2488 5259 ὄντα
2516 5206 2545 5255 ὁ
2572 5203 2703 5267 Θεὸς
2735 5203 3006 5273 ἐποίησεν,
3032 5196 3181 5252 εἶπεν
3212 5204 3269 5251 ὲν
3292 5215 3383 5249 κε-

1827 5299 2056 5367 φαλαίῳ,
2085 5299 2201 5367 ἦτοι
2231 5298 2288 5350 ὲν
2320 5298 2460 5366 ἀρχῇ
2495 5293 2854 5364 πεποιηκέναι
2893 5292 2982 5346 τὸν
3007 5288 3136 5343 Θεὸν
3164 5289 3254 5342 τὸν
3287 5289 3379 5339 οὐ-

1828 5388 1985 5462 ρανὸν
2015 5390 2105 5442 καί
2136 5388 2233 5456 τὴν
2265 5387 2385 5457 γῆν.
2422 5384 2535 5440 Μία
2567 5385 2621 5437 δὲ
2656 5384 2763 5439 τῶν
2792 5383 2901 5436 δύω
2934 5380 3125 5450 φωνῶν
3145 5384 3179 5453 ή
3204 5396 3381 5450 σημα-

687 5548 860 5603 'Gen.
901 5567 960 5616 ιι,
1012 5552 1063 5605 2.
1145 5554 1165 5585 ³
1204 5553 1330 5609 ibid.
1376 5553 1427 5606 2.
1509 5553 1710 5608 ‘Prov.
1740 5567 1857 5617 vui,
1892 5551 1978 5605 25.

1904 5690 1973 5756 (c)
2012 5688 2216 5741 Pliiloc.
2254 5703 2301 5739 c.
2340 5689 2391 5748 1,
2429 5705 2480 5755 ιι.
2516 5688 2599 5740 12.

1905 5766 1979 5827 (Α)
2018 5760 2165 5813 Orat.
2194 5758 2229 5809 2
2257 5772 2433 5811 contra
2464 5756 2580 5824 Ar.,
2610 5771 2753 5810 num.
2792 5755 2871 5809 ιιι
