4080 6314
643 287 874 331 CLV?!"

2010 282 2543 340 PROLEGOMENA.

645 400 758 451 cla,
790 387 892 457 τῆς
917 404 977 439 τε
1007 386 1180 458 ἀρχῆς
1221 388 1316 441 καὶ
1359 389 1449 441 τοῦ
1481 391 1795 459 κεφαλαίου.
1834 392 2093 461 Δηλοῦται
2116 396 2224 468 γὰρ

2342 412 2516 451 iarare
2543 406 2597 451 et
2646 398 2940 467 intelligere
2980 400 3134 469 longe
3176 399 3439 456 dilﬁcilius
3485 414 3717 473 poterat.
3752 405 3898 461 Rem

645 482 842 551 ὶπίσης
881 482 948 534 δι’
989 482 1262 553 ἑκατέρων
1306 483 1368 535 τὸ
1404 482 1596 552 ἀθρόον
1618 500 1632 513 ·
1668 486 1725 536 ὲν
1756 484 1853 554 μὲν
1881 485 1989 557 γὰρ
2021 488 2098 558 τῷ
2126 507 2215 543 κε-

644 573 856 643 φαλαίῳ
877 572 937 626 τὸ
963 572 1264 643 συλλήϐδην
1293 574 1361 625 τὰ
1390 574 1567 628 πάντα
1598 577 1923 648 γεγενῆσθαι
1954 580 2218 651 παρίστη-

649 682 738 718 σι·
788 664 876 718 διὰ
919 664 976 717 δὲ
1029 666 1128 735 τῆς
1176 664 1349 735 ἀρχῆς
1390 664 1644 738 δηλοῦται
1685 668 1744 721 τὺ
1793 670 2001 742 ἀκαρές
2040 689 2099 724 τε
2127 673 2220 725 καὶ

646 756 985 811 ἀδιάστατον.
1043 756 1147 811 «Et
1192 773 1288 827 pro
1337 773 1425 822 eo,
1470 769 1529 811 ut
1570 760 1794 823 diceret,
1829 763 1987 816 simul
2038 766 2219 819 omnia

645 846 815 903 Deum
847 846 1058 912 fecisse,
1087 848 1223 901 dixit
1265 848 1428 903 Deum
1466 851 1516 901 in
1554 866 1767 905 summa
1799 852 1995 909 fecisse
2019 857 2217 910 coelum

645 950 701 995 et
732 951 951 994 terram.
982 939 1275 1008 Utriusque
1307 950 1484 994 autem
1516 943 1686 1008 vocis,
1716 945 1967 1014 principii
2000 955 2052 1000 et
2075 963 2219 1006 sum-

646 1048 769 1090 mae.
817 1048 918 1085 una
966 1032 1290 1101 significatio
1323 1044 1428 1088 est.
1476 1033 1714 1104 Utraque
1759 1037 1902 1090 enim
1942 1052 2092 1106 aeque
2124 1038 2215 1092 de-

648 1123 816 1177 clarat
847 1124 1023 1177 simul.
1076 1124 1254 1190 Quare
1305 1140 1399 1193 per
1447 1141 1714 1179 summam
1760 1129 1998 1182 ostendit
2038 1130 2217 1183 omnia

644 1215 810 1269 simul
857 1231 975 1270 esse
1028 1225 1309 1285 procreata
1348 1235 1361 1270 :
1394 1227 1447 1271 et
1497 1232 1594 1287 per
1652 1219 1974 1287 principium
2027 1231 2219 1275 cuncta

647 1316 931 1361 momento
967 1315 1021 1360 et
1062 1307 1179 1361 sine
1210 1308 1319 1361 ullo
1361 1309 1619 1376 temporis
1658 1309 1835 1377 spatio
1882 1310 2025 1364 facta
2058 1311 2223 1366 fuisse

648 1396 984 1467 signiﬁcat.»
1037 1395 1195 1452 Plura
1254 1398 1345 1469 qui
1400 1399 1568 1466 cupit,
1619 1399 1764 1468 legat
1808 1399 2049 1469 ejusdem
2100 1401 2222 1458 libri

647 1490 902 1561 paginam
934 1490 1325 1555 duodecimam,
1352 1490 1440 1545 ubi
1458 1490 1752 1561 Gregorius
1777 1506 1929 1545 suam
1960 1493 2074 1562 ipse
2097 1508 2221 1549 sen-

652 1582 877 1636 tentiam
924 1580 1152 1645 stabilit,
1186 1589 1240 1635 et
1268 1596 1389 1634 eum
1438 1583 1611 1651 ipsum
1643 1597 1802 1651 quem
1834 1584 2223 1654 exscripsimus

652 1671 829 1728 locum
873 1671 1021 1729 citat.
1050 1671 1201 1726 Nihil
1234 1688 1368 1741 opus
1400 1682 1480 1727 est
1513 1674 1580 1727 de
1614 1674 1899 1743 Augustini
1945 1676 2219 1744 opinione,

654 1777 776 1819 cum
806 1778 928 1818 nuta
954 1773 1045 1828 srt,
1068 1765 1354 1819 disserere.
1385 1765 1490 1821 Sed
1522 1766 1650 1834 quid
1673 1765 2051 1838 Basilius(ejus
2078 1768 2221 1823 enim
2258 1748 2298 1801 Β

656 1867 820 1909 causa
852 1856 964 1909 hac
989 1865 1241 1926 suscepta
1263 1866 1318 1910 et
1343 1857 1585 1911 instituta
1615 1858 1907 1927 disputatio
1935 1861 2037 1928 est)
2066 1875 2129 1914 ea
2156 1863 2221 1916 de

655 1960 717 2000 re
744 1947 994 2009 senserit,
1024 1946 1237 2000 silentio
1277 1949 1555 2015 prieterire
1585 1947 1666 2003 fas
1702 1965 1806 2004 non
1834 1959 1936 2004 est.
1981 1951 2218 2005 Dixerim

655 2036 822 2108 igitur
846 2038 1127 2095 Athanasii
1168 2038 1474 2107 opinionem
1507 2049 1561 2093 et
1590 2039 1818 2094 aliorum
1862 2042 1995 2095 satis
2024 2041 2223 2097 Basilio

655 2128 879 2197 probari
923 2127 1021 2198 (α),
1073 2129 1181 2183 imo
1225 2144 1355 2184 vero
1397 2130 1591 2198 ipsam,
1640 2140 1901 2198 quantum
1956 2132 2226 2199 conjicere

663 2221 816 2281 licet,
851 2220 900 2275 ei
932 2220 1035 2275 alia
1076 2220 1246 2275 videri
1283 2220 1722 2290 probabiliorem.
1754 2220 1865 2288 Qua
1894 2222 1959 2275 de
1986 2238 2044 2278 re
2073 2222 2226 2277 dubi—

661 2319 896 2368 taturum
927 2320 1054 2380 puto
1084 2312 1379 2377 neminem,
1419 2313 1509 2381 qui
1560 2328 1740 2367 secum
1779 2313 1938 2383 paulo
1968 2317 2227 2371 attentius

659 2406 987 2472 reputaverit
1018 2405 1142 2459 illud
1171 2404 1352 2459 Basilii
1378 2420 1393 2459 :
1417 2408 1591 2478 Ὅπερ
1614 2408 1791 2480 ἕτεροι
1823 2408 1931 2463 τῶν
1957 2410 2227 2482 ἑρμηνευ-

658 2493 794 2559 τῶν,
821 2497 1152 2568 σαφέστερον
1179 2497 1267 2550 τὸν
1296 2498 1419 2551 νοῦν
1450 2499 1766 2564 ἐκδιδόντες,
1796 2502 2101 2571 εἰρήκασιν,
2142 2503 2229 2555 Ἑν

660 2588 941 2659 κεφαλαίῳ
973 2590 1226 2659 ἐποίησεν
1255 2591 1282 2642 ὁ
1314 2588 1465 2653 Θεὸς,
1497 2591 1791 2657 τουτέστιν,
1813 2592 2023 2662 ἀθρόως
2054 2593 2146 2646 καὶ
2170 2595 2227 2647 ὲν

663 2681 851 2752 ὀλίγῳ,
905 2681 1097 2749 «Quod
1149 2681 1323 2751 ipsum
1372 2682 1696 2752 interpretes
1744 2683 1856 2749 alii,
1906 2686 2236 2739 sententiam

663 2774 949 2828 dilucidius
989 2772 1295 2837 reddentes,
1369 2772 1627 2828 dixerunt
1681 2771 1743 2829 In
1819 2776 2057 2844 capitulo
2102 2778 2231 2832 fecit

663 2864 830 2928 Deus,
884 2868 990 2923 hoc
1052 2875 1175 2927 est,
1233 2864 1519 2919 confestim
1559 2873 1614 2919 et
1655 2864 1708 2918 in
1748 2866 1918 2919 brevi.
1952 2886 1969 2918 ι
2008 2867 2237 2924 Basilius

664 2957 809 3009 enim
844 2965 896 3011 et
929 2956 1055 3011 dum
1101 2956 1602 3027 interpretationem
1636 2971 1850 3022 eorum,
1895 2959 1984 3026 qui
2027 2969 2237 3013 vertere

667 3049 726 3100 ιν
756 3047 1054 3120 κεφαλαίῳ,
1097 3048 1278 3104 laudat
1310 3050 1384 3103 uti
1416 3048 1809 3114 dilucidiorem,
1849 3060 1901 3103 et
1931 3050 2055 3104 dum
2088 3050 2233 3113 illud,

668 3140 729 3191 tv
754 3138 1053 3209 κεφαλαίῳ,
1078 3140 1157 3199 sic
1186 3140 1353 3208 accipi
1387 3140 1501 3193 vult
1530 3149 1589 3193 ut
1619 3141 1886 3209 signiﬁcet
1916 3158 1934 3193 ι
1954 3142 2237 3197 confestim

668 3240 725 3284 et
784 3230 837 3283 in
877 3230 1065 3297 brevi,
1096 3248 1113 3281 ι
1168 3237 1374 3299 aperte,
1422 3229 1637 3299 opinor,
1687 3230 1889 3284 indicat
1930 3246 1990 3286 se
2029 3248 2132 3286 non
2162 3233 2235 3287 ita

667 3324 897 3378 multum
943 3324 1015 3378 ab
1049 3323 1295 3395 Origenis
1333 3322 1586 3393 opinione
1634 3323 1944 3377 abhorrere.
1986 3325 2237 3380 Attamen

668 3413 756 3466 vir
793 3413 1243 3482 prudentissimus
1283 3414 1417 3468 nihil
1458 3413 1511 3467 in
1561 3429 1620 3469 re
1661 3413 1819 3468 dubia
1865 3424 2241 3468 asseveranter

672 3505 875 3560 dictum
902 3504 1093 3571 voluit,
1140 3506 1232 3560 sed
1275 3504 1444 3559 tutius
1476 3503 1629 3557 duxit
1675 3506 2042 3559 assensionem
2086 3506 2237 3560 cohi-

670 3596 822 3651 bere.
869 3596 959 3651 Sic
1005 3607 1189 3651 autem
1239 3611 1298 3651 se
1350 3596 1466 3665 ipse
1507 3594 1744 3663 explicat
1794 3595 2070 3662 aliquanto
2112 3605 2240 3649 ante

672 3691 860 3745 eodem
896 3706 1019 3744 num
1055 3709 1070 3745 :
1103 3692 1175 3743 ’Ἡ
1209 3690 1350 3760 τάχα
1370 3688 1459 3742 διὰ
1498 3687 1561 3740 τὸ
1589 3689 1874 3759 ἀκαριαῖον
1903 3686 1995 3739 καὶ
2020 3686 2243 3757 ἄχρονον

674 3782 772 3852 τῆς
826 3781 1183 3853 δημιουργίας
1232 3783 1441 3851 εἴρηται
1484 3779 1565 3844 τὸ,
1636 3780 1736 3832 Ἐν
1756 3777 1914 3849 ἀρχῇ
1934 3778 2241 3846 ἐποίησεν,

675 3873 863 3945 ἐπειδὴ
892 3875 1093 3945 ἀμερές
1122 3892 1172 3927 τι
1202 3874 1297 3927 καὶ
1336 3874 1655 3928 ἀδιάστατον
1680 3874 1712 3942 ἡ
1740 3875 1903 3943 ἀρχή,
1959 3891 1977 3924 ι
2007 3874 2111 3926 Aut
2136 3872 2245 3925 for-

678 3970 821 4019 tasse
848 3965 969 4032 quia
991 3963 1263 4032 opiﬁcium
1289 3961 1419 4017 illud
1454 3962 1508 4016 in
1536 3973 1807 4018 momento
1837 3973 1889 4017 et
1921 3962 2053 4017 citra
2082 3960 2243 4014 ullam

677 4060 935 4125 temporis
969 4074 1173 4112 moram
1215 4057 1521 4111 absolutum
1549 4067 1657 4121 est,
1688 4058 1805 4112 ideo
1848 4056 2051 4111 dictum
2102 4054 2240 4107 fuit:

677 4149 749 4204 In
799 4150 1054 4215 principio
1105 4149 1289 4217 fecit“,
1336 4149 1767 4218 quandoquidem
1807 4146 2129 4217 principium
2162 4153 2248 4200 est

680 4240 933 4307 quiddam
971 4241 1262 4297 insecabile
1296 4258 1360 4298 ac
1402 4240 1751 4297 dimensionis
1787 4253 2002 4308 expers.
2035 4256 2054 4288 ›
2091 4236 2247 4292 Basi-

681 4332 811 4388 lium
836 4348 899 4388 ex
920 4348 1069 4389 more
1101 4346 1323 4390 secutus
1345 4335 1679 4398 Ambrosius,
1705 4332 1892 4387 eadem
1926 4329 2088 4384 tradit
2114 4330 2207 4385 lib.
2231 4346 2247 4384 ι

682 4427 738 4479 in
768 4424 1052 4490 Hexaem,
1081 4444 1236 4481 num.
1274 4426 1359 4481 16.

965 4517 995 4588 §
1023 4518 1107 4573 ιιι.
1156 4518 1231 4573 De
1250 4520 1391 4573 dicto
1415 4519 1640 4590 quodam
1672 4516 1972 4586 Augustini.

756 4608 844 4663 22.
876 4607 1053 4677 Quaeri
1108 4620 1280 4679 potest
1327 4612 1392 4666 ab
1447 4622 1570 4664 utro
1613 4608 1944 4676 Augustinus
1985 4612 2260 4661 mutuatus

690 4700 761 4753 sit
792 4715 852 4753 ea
881 4715 1000 4769 quae
1033 4701 1099 4754 de
1137 4706 1297 4755 docto
1340 4702 1569 4769 quodam
1612 4698 1749 4769 Syro
1800 4697 1969 4751 refert
2009 4697 2100 4751 lib.
2138 4694 2262 4750 iDe

691 4788 878 4845 Genesi
909 4792 977 4845 ad
1012 4792 1117 4856 HL,
1157 4809 1306 4848 num.
1336 4792 1425 4857 56,
1473 4803 1651 4847 utrum
1684 4791 1751 4844 ab
1778 4789 2097 4856 Ambrosio,
2130 4803 2198 4841 an
2227 4801 2259 4841 a

690 4883 911 4940 Basilio.
936 4883 1140 4939 Idcirco
1161 4896 1337 4940 autem
1358 4887 1421 4939 ha
1432 4900 1498 4939 ne
1517 4885 1869 4952 quaestionem
1891 4882 2255 4951 proponimus,

694 4975 837 5045 quod
870 4975 970 5029 nisi
1003 4976 1105 5031 sibi
1129 4985 1314 5029 caveat
1346 4976 1537 5039 lector,
1570 4973 1727 5027 facile
1750 4972 1918 5042 possit
1941 4973 1995 5024 in
2020 4984 2260 5027 errorem

695 5065 953 5120 incidere.
990 5065 1122 5119 Nam
1174 5082 1297 5122 cum
1351 5064 1665 5121 Ambrosius
1713 5074 1767 5118 et
1820 5062 2152 5133 Augustinus
2205 5062 2258 5115 in

696 5156 945 5211 omnibus
970 5154 1085 5211 fere
1108 5156 1430 5213 conveniant
1457 5157 1597 5210 inter
1629 5168 1767 5220 sese,
1801 5152 2057 5209 arbitrari
2089 5152 2262 5207 cuivis

698 5257 1000 5318 promptum
1041 5256 1126 5302 est
1166 5246 1413 5303 Latinum
1469 5249 1786 5317 scriptorem
1831 5245 2188 5317 Augustinum
2230 5260 2262 5298 a

701 5337 891 5392 Latino
919 5340 1182 5409 scriptore
1205 5340 1494 5395 Ambrosio
1520 5340 1706 5395 isthmc
1749 5340 2039 5407 sumpsisse
2067 5337 2259 5406 potius,

703 5444 863 5498 quam
896 5445 926 5482 a
949 5430 1135 5484 Graeco
1165 5440 1380 5485 auctore
1412 5431 1629 5495 Basilio,
1660 5430 1815 5497 cujus
1847 5430 2011 5484 libros
2036 5438 2090 5483 et
2117 5442 2262 5484 com-

785 5562 807 5591 '
840 5563 975 5616 Gcn.
1002 5579 1041 5628 l,
1073 5566 1120 5618 ι.
1196 5568 1217 5596 ο
1242 5567 1369 5619 ibid.
1397 5566 1453 5617 τι.

797 5697 870 5765 (α)
911 5698 1066 5751 Hom.
1100 5714 1117 5751 1
1154 5701 1202 5751 in
1239 5698 1512 5764 Hexaem.,
1539 5712 1683 5751 num.
1710 5696 1764 5749 6.

2285 4461 2329 4517 D

2320 498 2497 542 tamen
2531 489 2576 542 si
2610 489 2729 556 quis
2759 489 2917 557 paulo
2944 491 3203 545 attentius
3229 494 3564 560 expenderit,
3591 494 3759 553 facile
3789 498 3900 552 sibi

2318 579 2665 650 persuadebit
2708 581 3063 651 Augustinum
3099 597 3165 638 ex
3208 583 3322 652 ipso
3351 584 3528 650 fonte,
3557 602 3665 641 non
3695 604 3728 643 e
3775 588 3901 645 rivo

2321 671 2584 726 hausisse.
2647 670 2762 736 Qua
2817 671 2883 725 de
2927 687 2983 725 re
3017 681 3076 726 ut
3121 673 3292 727 cuivis
3341 674 3652 730 existimare
3700 677 3900 741 liceat,

2322 765 2549 832 primum
2565 763 2833 817 Ambrosii
2862 772 2917 817 et
2934 765 3218 834 Augustini
3243 766 3406 820 verba
3427 766 3695 836 subjicere
3712 769 3900 823 visum

2321 864 2425 918 cst,
2456 853 2647 908 deinde
2676 854 2945 907 Ambrosii
2993 854 3385 925 Augustinique
3426 867 3481 911 et.
3509 857 3691 912 Basilii
3723 858 3904 913 verba

2323 948 2463 1001 inter
2491 962 2547 1000 se
2573 962 2891 1016 comparare
2922 962 2934 997 :
2972 962 3075 1016 qua
3111 962 3175 1001 ex
3202 949 3544 1004 contentione
3568 949 3727 1019 plane
3760 965 3903 1004 con-

2322 1038 2487 1091 stabit
2539 1039 2913 1107 Augustinum,
2969 1054 3091 1092 cum
3142 1040 3434 1103 scriberet,
3485 1054 3591 1095 non
3634 1040 3901 1095 Latinam

2322 1130 2590 1183 Ambrosii
2622 1131 3143 1197 interpretationem,
3181 1131 3273 1183 sed
3306 1132 3478 1199 ipsum
3511 1129 3769 1186 Grtccum
3802 1131 3907 1185 Ba-

2324 1221 2425 1275 silii
2457 1219 2731 1288 exemplar
2750 1221 2819 1273 ob
2849 1219 3035 1274 oculos
3069 1220 3341 1275 habuisse.
3377 1220 3467 1276 Sic
3496 1221 3679 1291 itaque
3713 1221 3906 1290 loqui~

2326 1323 2410 1365 tur
2439 1313 2754 1366 Ambrosius
2792 1310 2882 1363 lib.
2919 1327 2934 1364 ι
2965 1314 3016 1364 in
3041 1310 3318 1376 Hexaem.,
3345 1328 3489 1367 num.
3520 1313 3589 1368 29
3627 1329 3641 1368 :
3680 1332 3702 1366 ι
3728 1313 3908 1382 Spiri-

2324 1413 2406 1455 tus
2444 1401 2538 1455 Dei
2579 1398 2998 1469 superferebatur
3012 1416 3162 1467 super
3193 1399 3409 1468 aquas‘.
3435 1400 3623 1469 Quem,
3649 1403 3757 1458 etsi
3794 1401 3904 1456 ali-

2324 1492 2416 1561 qui
2456 1507 2553 1560 pro
2580 1505 2705 1545 aere
2740 1489 3027 1558 accipiant,
3065 1491 3226 1560 aliqui
3259 1506 3355 1561 pro
3381 1493 3569 1561 spiritu
3599 1509 3765 1564 quem
3792 1495 3909 1564 spi-

2325 1598 2510 1638 ramus
2539 1594 2588 1639 et
2616 1598 2886 1651 carpimus
2921 1597 3066 1635 aurae
3097 1581 3251 1649 hujus
3280 1587 3456 1642 vitalis
3486 1587 3765 1657 spiritum,
3804 1602 3909 1643 nos

2328 1685 2508 1731 tamen
2554 1691 2674 1730 cum
2715 1687 3026 1730 sanctorum
3075 1684 3132 1730 et
3168 1676 3402 1731 ﬁdelium
3451 1680 3719 1734 sententia
3766 1694 3910 1734 con-

2329 1779 2585 1841 gruentes
2614 1807 2630 1832 ,
2675 1766 2933 1836 Spiritum
2975 1775 3220 1823 sanctum
3268 1768 3698 1837 accipimus......
3730 1769 3908 1824 Deni-

2330 1877 2432 1930 que
2464 1861 2634 1932 Syrus
2662 1860 2752 1930 qui
2784 1859 2993 1914 vicinus
3020 1857 3244 1913 Hebraeo
3275 1867 3387 1923 est,
3419 1868 3471 1913 et
3495 1875 3745 1916 sermone
3774 1877 3914 1917 con-

2331 1961 2487 2005 sonat
2516 1952 2568 2005 in
2596 1950 2866 2019 plerisque
2894 1957 2949 2004 et
2980 1950 3254 2019 congruit,
3289 1950 3369 2003 sic
3394 1950 3597 2004 habet:
3633 1948 3699 2003 Et
3734 1951 3913 2020 Spiri-

2333 2051 2417 2093 tus
2448 2040 2547 2093 Dei
2576 2040 2776 2108 fovebat
2812 2055 3008 2110 aquas;
3040 2039 3092 2094 id
3115 2047 3233 2105 est,
3257 2040 3591 2106 viviﬁcabat,
3620 2048 3680 2093 ut
3716 2040 3773 2093 in
3812 2056 3914 2094 no-

2333 2149 2428 2186 vas
2458 2140 2675 2201 cogeret
2718 2140 3019 2195 creaturas,
3051 2140 3104 2187 et
3140 2132 3253 2187 fotu
3286 2147 3383 2187 suo
3431 2135 3697 2186 animaret
3728 2132 3802 2187 ad
3832 2133 3915 2187 vi-

2336 2235 2464 2279 tam.
2504 2244 2523 2277 ι
2569 2221 2900 2292 Augustinus
2942 2236 3072 2275 vero
3117 2224 3196 2276 sic
3228 2225 3390 2278 habet
3421 2223 3514 2279 lib.
3554 2241 3569 2279 ι
3604 2224 3680 2279 De
3715 2222 3910 2278 Genet.

2332 2319 2401 2371 ad
2433 2317 2538 2384 lit.,
2576 2332 2728 2370 num.
2760 2313 2830 2369 36
2860 2331 2876 2367 :
2923 2331 2943 2365 ι
2977 2312 3111 2367 Nam
3142 2322 3197 2367 et
3225 2314 3350 2367 illud
3378 2316 3515 2384 quod
3543 2331 3637 2385 per
3657 2316 3913 2371 Graecam

2333 2418 2388 2464 et
2442 2408 2688 2463 Latinam
2738 2407 2974 2476 linguam
3041 2404 3240 2458 dictum
3297 2413 3381 2458 est
3434 2405 3500 2460 de
3548 2406 3756 2476 Spiritu
3790 2407 3913 2473 Dei,

2335 2500 2477 2569 quod
2520 2499 2941 2567 superferebatur
2973 2512 3130 2565 super
3168 2509 3331 2564 aqua;
3361 2534 3377 2561 ,
3420 2498 3713 2551 secundum
3755 2498 3916 2569 Syra:

2338 2594 2530 2661 linguae
2572 2591 2924 2652 intellectum,
2970 2603 3089 2658 quae
3133 2588 3309 2642 vicina
3349 2594 3431 2642 est
3490 2587 3730 2642 Hebraea:
3762 2590 3914 2658 (nam

2338 2678 2440 2733 hoc
2471 2694 2499 2731 a
2529 2676 2759 2747 quodam
2802 2679 2962 2729 docto
2992 2673 3304 2729 Christiano
3332 2673 3472 2743 Syro
3502 2672 3675 2727 fertur
3697 2673 3919 2743 exposi-

2343 2775 2499 2843 tum),
2540 2787 2647 2825 non
2678 2768 3098 2839 superferebatur
3125 2769 3217 2825 sed
3248 2768 3455 2837 fovebat
3496 2767 3695 2837 potius,
3738 2766 3918 2820 intel-

2340 2866 2431 2935 ligi
2476 2864 2806 2932 perhibetur.
2869 2862 2979 2918 Nec
3038 2863 3179 2917 sicut
3218 2862 3471 2917 foventur
3526 2869 3772 2916 tumores
3823 2867 3919 2912 aut

2344 2955 2562 3007 vulnera
2590 2955 2642 3007 in
2673 2968 2900 3022 corpore
2929 2954 3085 3022 aquis
3108 2954 3193 3007 vel
3224 2952 3439 3023 frigidis
3462 2952 3547 3007 vel
3571 2953 3755 3008 calore
3786 2968 3919 3008 con-

2345 3063 2480 3116 gruo
2516 3047 2823 3114 temperatis
2846 3061 2861 3105 ς
2894 3047 2987 3099 sed
3014 3048 3154 3100 sicut
3173 3062 3274 3100 ova
3302 3047 3554 3103 iuventur
3577 3048 3644 3101 ab
3671 3045 3915 3109 alitibus,

2345 3139 2432 3191 ubi
2458 3138 2606 3192 calor
2640 3136 2727 3191 ille
2754 3135 2984 3188 materni
3015 3137 3259 3204 corporis
3280 3138 3440 3190 etiam
3466 3137 3764 3191 formandis
3793 3134 3916 3205 pul-

2344 3232 2408 3285 lis
2433 3227 2835 3299 quodammodo
2878 3225 3323 3281 adminiculatur.
3364 3246 3382 3278 »
3424 3226 3481 3281 in
3509 3228 3700 3294 quibus
3730 3228 3920 3295 Auguc

2344 3325 2471 3377 stini
2518 3322 2699 3377 verbis
2749 3322 2853 3376 duo
2906 3320 3176 3390 praecipue
3205 3327 3387 3373 notata
3432 3317 3553 3371 volo
3592 3334 3605 3369 :
3654 3318 3917 3386 primum,

2346 3417 2541 3487 Syrum
2573 3416 2859 3485 quemdam
2912 3416 3086 3469 virum
3120 3414 3341 3469 doctum
3369 3410 3528 3467 simul
3568 3422 3621 3465 et
3649 3408 3921 3465 Christia-

2347 3525 2473 3563 num
2516 3510 2657 3563 hunc
2687 3507 2984 3577 Scriptura:
3017 3506 3196 3561 locum
3242 3506 3317 3561 ita
3347 3502 3682 3574 exposuisse,
3731 3511 3793 3556 ut
3823 3499 3919 3555 Dei

2349 3603 2585 3672 Spiritus
2612 3618 2801 3671 aquas,
2828 3602 2954 3655 dum
2984 3616 3144 3671 super
3171 3616 3265 3657 eas
3300 3598 3726 3669 snperfet‘relur,
3763 3596 3918 3652 fove-

2348 3701 2463 3755 ret;
2516 3692 2747 3743 alterum
2792 3691 2931 3744 fotas
2959 3705 3080 3745 esse
3113 3704 3282 3757 aquas
3331 3690 3384 3743 in
3418 3691 3606 3742 alitum
3637 3688 3858 3740 modum
3891 3703 3920 3740 a

2351 3782 2445 3835 Dei
2474 3782 2697 3851 Spiritu.
2741 3779 2858 3835 Jam
2907 3794 3065 3833 nemo
3111 3794 3217 3832 non
3256 3780 3403 3832 videt
3436 3787 3686 3831 neutrum
3728 3777 3922 3830 horum

2351 3874 2418 3927 ab
2446 3872 2731 3927 Ambrosio
2758 3874 3055 3925 mutuatum
3087 3882 3210 3923 esse
3225 3868 3605 3936 Augustinum.
3634 3866 3747 3922 Etsi
3774 3867 3921 3923 enim

2351 3965 2648 4036 generatim
2678 3964 2997 4035 proﬁteatur
3027 3962 3346 4017 Ambrosius
3368 3961 3519 4029 sequi
3547 3976 3603 4016 se
3645 3980 3665 4013 ι
3703 3969 3922 4015 sancto-

2356 4073 2475 4111 rum
2527 4064 2580 4111 et
2622 4056 2859 4111 ﬁdelium
2893 4075 2911 4108 ι
2958 4052 3306 4116 sententiam,
3353 4054 3637 4120 tradatque
3682 4048 3923 4103 Hebraeis

2353 4146 2563 4200 vicinos
2600 4159 2720 4200 esse
2749 4145 2936 4217 Syros,
2984 4156 3219 4210 quorum
3251 4156 3452 4207 sermo,
3478 4151 3538 4196 ut
3561 4142 3673 4206 ipse
3716 4142 3921 4199 monet,

2354 4254 2477 4295 cum
2526 4236 2873 4295 Hebraeorum
2912 4236 3092 4304 lingua
3128 4254 3146 4288 ι
3186 4244 3450 4292 consonat
3490 4234 3544 4287 in
3573 4230 3848 4301 plerisque
3873 4236 3925 4281 et

2355 4331 2623 4400 congruit,
2664 4348 2683 4381 ι
2721 4327 2856 4381 nihil
2910 4333 3087 4379 tamen
3122 4325 3437 4379 nominatim
3480 4318 3612 4372 dicit
3646 4330 3827 4384 neque
3864 4315 3925 4368 de

2358 4419 2448 4475 illa
2480 4421 2621 4475 docti
2653 4416 2929 4486 cujusdam
2959 4416 3082 4487 Syri
3109 4412 3509 4485 explanatione,
3546 4407 3697 4476 cujus
3729 4406 3921 4461 memi-

2360 4513 2439 4567 nit
2478 4509 2809 4582 Augustinus
2834 4548 2849 4573 ,
2888 4524 3059 4577 neque
3086 4506 3153 4562 de
3184 4506 3273 4560 illa
3304 4502 3478 4558 avium
3521 4504 3637 4556 ovis
3662 4499 3926 4554 incuban-

2361 4606 2494 4658 tium
2541 4601 2967 4671 comparatione,
3001 4614 3104 4668 qua
3147 4599 3290 4653 idem
3337 4595 3522 4650 doctor
3567 4595 3751 4649 utitur.
3786 4588 3922 4644 Fieri

2362 4696 2525 4766 igitur
2558 4708 2662 4749 non
2691 4703 2887 4763 potest,
2927 4702 2986 4746 ut
3014 4691 3349 4762 Augustinus
3380 4689 3494 4743 haec
3520 4688 3624 4742 duo
3650 4691 3927 4739 mutuatus

2364 4789 2434 4843 sit
2463 4789 2530 4843 ab
2563 4786 2848 4841 Ambrosio
2868 4826 2882 4850 ,
2918 4799 3039 4840 cum
3083 4785 3135 4838 in
3163 4782 3279 4853 ejus
3308 4782 3524 4851 scriptis
3553 4777 3685 4831 nihil
3707 4773 3819 4831 tale
3848 4774 3924 4831 in-

2367 4878 2637 4932 veniatur.
2673 4875 2778 4931 Sed
2810 4876 2931 4945 quis
2961 4874 3048 4940 sit,
3080 4886 3240 4943 quem
3279 4870 3383 4926 sibi
3429 4867 3759 4939 sequendum
3810 4879 3927 4934 pro-

2367 4969 2606 5038 posuerit
2631 4968 2984 5039 Augustinus,
3017 4968 3256 5022 indicare
3286 4962 3428 5021 haud
3477 4961 3722 5017 arduum.
3756 4957 3843 5012 Ad
3879 4957 3925 5011 id

2368 5063 2511 5115 enim
2559 5058 2952 5115 ostendendum
2996 5059 3129 5115 satis
3175 5057 3331 5113 nobis
3363 5054 3523 5109 fuerit
3556 5052 3719 5107 verba
3747 5047 3926 5106 Basilii

2370 5153 2593 5215 referre,
2649 5166 2767 5222 qua:
2822 5150 2937 5206 hac
2989 5159 3116 5207 sunt
3168 5164 3233 5204 ex
3283 5147 3527 5203 oratione
3583 5144 3821 5198 secunda
3875 5140 3927 5192 iu

2370 5244 2648 5310 Hexaem.,
2667 5259 2814 5298 num.
2834 5242 2888 5297 fi:
2904 5243 3045 5315 Ἐρῶ
3060 5243 3157 5296 οὐκ
3168 5240 3405 5313 ἐμαυτοῦ
3418 5239 3594 5306 λόγον,
3612 5236 3752 5291 ἀλλὰ
3764 5235 3925 5303 Σύρου

2369 5336 2577 5406 ἀνδρὸς,
2611 5339 2800 5406 σοφίας
2825 5336 3094 5408 κοσμικῆς
3118 5334 3367 5388 τοσοῦτον
3389 5332 3757 5402 ἀφεστηκότος
3774 5368 3789 5393 ,
3815 5330 3927 5382 ὅσον

2374 5425 2536 5493 ἐγγὺς
2560 5420 2627 5496 ἦν
2646 5427 2745 5496 τῆς
2761 5426 3160 5501 τῶνρληθινῶν
3183 5426 3511 5492 ἐπιστήμης.
3539 5421 3736 5487 Ἔλεγε
3764 5417 3928 5471 τοίνυν
