4088 6310
1277 345 1341 401 D.
1377 346 1520 401 JUL.
1556 348 1883 403 GARNERH
1927 348 2315 402 PREFATIO.

3156 371 3401 413 σιιςςχγιι

174 445 274 519 τὴν
306 448 419 503 τῶν
453 450 644 518 Σύρων
690 453 868 525 φωνὴν
901 454 1352 530 ὲμφατικωτὲραν
1384 479 1444 514 τε
1478 463 1637 530 εἶναι,
1665 470 1738 520 κα

1862 467 2020 521 liceat
2043 480 2164 518 eum
2194 468 2389 533 partim
2416 482 2535 521 cum
2566 467 2732 520 fratre
2762 467 3082 533 convenire,
3113 473 3307 536 partim
3343 478 3405 527 ab

172 537 259 593 διὰ
291 542 391 611 τὴν
424 540 563 609 πρὸς
610 541 707 614 τὴν
762 546 1015 615 Ἑϐραῖδα
1054 551 1347 617 γειτνίασιν
1387 552 1585 622 μᾶλλόν
1637 576 1753 621 πως

172 638 235 706 τῇ
266 630 448 701 ἐννοίᾳ
483 634 592 686 τῶν
624 637 855 705 Γραφῶν
895 643 1293 711 προσεγγίζειν.
1332 640 1488 698 Εἶναι
1525 642 1615 701 οῦν
1653 652 1752 723 τὴν

171 725 409 781 διάνοιαν
444 724 537 776 τοῦ
572 726 734 796 ῥητοῦ
763 729 1037 803 τοιαύτην.
1079 734 1150 787 Τὸ
1182 736 1532 804 ἐπεφέρετο,
1565 743 1749 811 φησὶν,

172 813 518 905 ἐξηγοῦνται,
549 818 670 870 ἀντὶ
713 820 806 872 τοῦ
843 824 1186 880 συνέθαλπε
1215 830 1309 880 καὶ
1341 830 1620 898 ὲζωογόνει
1651 835 1752 905 τὴν

170 903 273 955 τῶν
300 904 514 960 ὑδάτων
540 907 719 977 φύσιν,
754 913 892 966 κατὰ
917 915 1015 985 τὴν
1044 916 1227 970 εἰκόνα
1260 920 1358 989 τῆς
1402 903 1751 994 ὲπωαζούσής

170 996 398 1067 ὃρνιθος,
433 1003 527 1055 καὶ
560 1002 794 1075 ζωτικήν
820 1025 937 1061 τινα
966 1007 1194 1079 δύναμιν
1218 1014 1453 1083 ὲνιείσης
1479 1021 1588 1082 τοῖς
1624 1019 1751 1070 ὑπο-

171 1090 551 1164 θαλπομένοις.
605 1098 857 1150 Τοιοῦτόν
901 1104 1021 1153 τινα
1078 1120 1238 1171 φασιν
1290 1106 1394 1159 ὑπὸ
1431 1107 1531 1177 τῆς
1569 1110 1751 1179 φωνῆς

168 1188 374 1256 ταύτης
414 1188 854 1257 παραδηλοῦσθαι
886 1193 975 1248 τὸν
1024 1196 1169 1262 νοῦν,
1204 1200 1279 1263 ὡς
1324 1202 1748 1274 ἐπιφερομένου

168 1277 269 1329 τοῦ
296 1278 666 1343 Πνεύματος,
695 1282 958 1345 τουτέστι,
1004 1286 1139 1357 πρὸς
1174 1288 1465 1356 ζωογονίαν
1517 1296 1615 1365 τὴν
1653 1290 1746 1347 τοῦ

171 1365 360 1427 ὓδατος
408 1364 573 1433 φύσιν
620 1374 1146 1441 παρασκευάζοντος.
1204 1395 1223 1428 ‹
1279 1380 1457 1435 Dicam
1506 1364 1598 1438 tibi
1642 1399 1745 1438 non

174 1468 373 1521 meam,
436 1462 531 1513 sed
589 1462 690 1515 viri
751 1463 871 1533 Syri
925 1468 1283 1534 sententiam,
1343 1476 1432 1541 qui
1476 1485 1677 1529 tantum
1716 1489 1746 1528 a

172 1548 357 1600 nmndi
390 1550 628 1605 distabat
661 1556 946 1621 sapientia,
978 1570 1232 1623 quantum
1268 1563 1331 1617 ad
1376 1580 1553 1617 rerum
1590 1579 1747 1617 vera-

172 1650 283 1689 rum
306 1642 599 1695 scientiam
628 1646 1117 1717 appropinquabat.
1145 1655 1335 1709 Aiebat
1372 1656 1534 1725 igitur
1558 1671 1742 1711 vocem

174 1725 434 1798 Syrorum
465 1745 519 1785 et
570 1735 1046 1802 significantiorem
1092 1759 1232 1806 esse.
1264 1757 1317 1800 et
1347 1748 1414 1802 ob
1440 1764 1590 1803 suam
1619 1765 1740 1805 cum

174 1817 439 1872 llebraica
495 1822 674 1893 lingua
731 1832 1127 1897 cognationem,
1181 1838 1411 1916 quodam
1467 1842 1623 1893 modo
1672 1842 1737 1894 ad
1769 1826 1811 1882 Β

176 1914 584 1981 Scripturarum
620 1933 836 1975 sensum
870 1923 1088 1991 propius
1127 1914 1405 1981 accede—re.
1451 1926 1633 1998 itaque
1662 1942 1740 1984 ta-

176 2002 272 2056 lem
302 2007 526 2061 dicebat
550 2023 669 2063 esse
702 2009 858 2078 hujus
893 2012 1021 2068 dicti
1057 2018 1401 2073 sententiam.
1455 2021 1610 2086 lllud,
1660 2023 1741 2075 in-

176 2099 430 2165 quiebat,
486 2101 739 2168 verbum,
807 2106 1267 2176 superferebatur,
1321 2124 1740 2182 interpretantes

176 2202 390 2245 sumunt
423 2210 523 2263 pro
551 2199 739 2258 verbo,
774 2201 1077 2269 confovebat
1098 2243 1112 2266 ,
1144 2214 1198 2257 et
1248 2213 1451 2260 natura:
1480 2222 1739 2277 aquarum

176 2283 277 2334 vim
312 2286 596 2344 tribuebat
627 2288 942 2353 fetitieandi,
977 2295 1148 2347 instar
1180 2295 1483 2353 incubantis
1515 2302 1660 2364 avis,
1688 2308 1745 2355 et

178 2375 393 2426 vitalem
421 2377 710 2442 quamdam
732 2380 1034 2437 facultatem
1062 2386 1126 2439 iis
1152 2403 1269 2454 qua:
1299 2390 1612 2444 fovebantur
1636 2394 1735 2445 im-

176 2466 479 2531 partientis.
517 2466 700 2523 Talem
734 2478 1016 2539 quamdam
1042 2476 1445 2548 intelligentiam
1472 2486 1620 2538 aiunt
1643 2487 1743 2539 bac

175 2570 302 2611 voce
361 2557 614 2618 indicari.
667 2561 931 2619 Nimirum
983 2569 1246 2636 ferebatur
1295 2570 1523 2641 Spiritus
1590 2593 1743 2644 super

174 2663 356 2715 aquas,
399 2650 505 2704 hoc
532 2661 636 2717 est,
670 2665 916 2710 naturam
946 2672 1097 2728 aquae
1123 2661 1188 2716 ad
1213 2660 1437 2717 feturam
1459 2680 1743 2736 prmpara-

176 2736 283 2792 bat.
325 2756 342 2788 ι
377 2740 588 2792 Addam
611 2750 663 2793 et
696 2744 822 2796 illud
848 2745 1168 2815 Augustini,
1206 2771 1225 2804 ι
1262 2759 1551 2811 secundum
1591 2758 1741 2813 Svrte

176 2824 366 2895 linguae
413 2829 775 2897 intellectum,
810 2849 929 2903 qua:
981 2840 1157 2894 vicina
1195 2851 1277 2897 est
1324 2844 1588 2913 Hebraeae,
1630 2818 1745 2905 iad

178 2918 395 2971 verbum
423 2934 454 2972 e
482 2920 675 2977 Graeco
703 2926 869 2979 videri
901 2943 1232 2999 expressum.

282 3009 308 3081 §
341 3010 432 3066 IV.
467 3012 545 3066 De
576 3019 725 3083 aquis
749 3034 865 3086 qua:
897 3037 1053 3088 super
1081 3025 1232 3078 caelos
1257 3042 1366 3081 esse
1387 3029 1654 3088 dicuntur.

244 3103 332 3158 ‘23.
360 3103 639 3160 Convenit
666 3108 805 3162 inter
843 3113 1081 3167 eruditos
1120 3114 1405 3187 Origeuem
1455 3121 1679 3178 indicari
1708 3139 1735 3177 a

176 3190 368 3246 Basilio
390 3199 643 3250 oratione
675 3200 828 3254 tertia
857 3203 911 3254 in
938 3201 1213 3271 Παυσίκαι,
1244 3225 1385 3263 num.
1404 3210 1452 3264 9.
1476 3211 1735 3283 Origenes

176 3288 336 3344 enim,
397 3299 520 3351 quae
569 3294 686 3339 erat
732 3288 833 3341 viri
880 3290 1104 3355 indoles,
1155 3298 1399 3350 trahebat
1440 3302 1616 3355 omnia
1667 3310 1733 3358 ad

176 3371 481 3439 allegorias.
517 3389 582 3428 ex
623 3391 730 3444 quo
766 3378 928 3434 fiebat
961 3393 1020 3436 ut
1045 3400 1238 3453 magno
1261 3386 1511 3443 Ecclesiae
1539 3395 1735 3447 damno

176 3458 489 3529 Scripturas
530 3479 629 3521 suo
666 3470 895 3537 quisque
938 3474 1198 3528 arbitratu
1246 3485 1301 3530 et
1347 3476 1640 3547 intelligere
1684 3493 1737 3536 et

175 3553 523 3625 interpretari
579 3571 779 3628 posset.
829 3561 1112 3633 Origenem
1160 3578 1336 3623 autem
1386 3571 1453 3624 ita
1498 3575 1736 3629 sensisse

176 3646 330 3701 docet
354 3649 686 3719 Epiphanius
717 3654 768 3707 in
798 3655 1030 3723 Epistola
1070 3658 1137 3713 ad
1174 3658 1430 3716 Joannem
1461 3663 1734 3736 Jerosoly-

174 3741 458 3804 mitanum,
485 3749 545 3794 ut
572 3745 747 3810 legere
773 3754 855 3799 est
891 3749 1030 3815 apud
1064 3748 1442 3821 Hieronymum
1465 3794 1478 3817 ,
1507 3756 1733 3825 epistola

173 3827 294 3881 olim
333 3828 427 3893 70,
476 3846 619 3885 nunc
646 3833 764 3887 “0.
818 3845 961 3890 tomo
993 3838 1080 3902 IV,
1130 3855 1251 3909 pag.
1284 3842 1407 3908 820,
1443 3843 1733 3915 Postquam

174 3918 332 3987 igitur
357 3920 691 3990 Epiphanius
725 3926 1005 3982 nonnullos
1050 3929 1294 4000 Origeuis
1340 3951 1554 3992 errores
1616 3955 1737 4009 per-

173 4014 428 4079 strinxit,
478 4015 558 4071 sic
607 4020 965 4089 persequitur,
1022 4020 1343 4096 Hieronymo
1395 4030 1726 4101 interprete:

178 4118 198 4152 (
226 4104 347 4157 Illas
381 4120 515 4161 vero
562 4111 859 4181 praestigias
890 4114 1013 4179 quis
1044 4130 1147 4170 non
1186 4120 1363 4173 statim
1394 4109 1613 4190 abjieiat
1655 4133 1736 4179 al-

171 4206 275 4263 que
331 4200 680 4252 contemnat?
728 4203 939 4256 dicente
980 4202 1253 4273 Origene,
1304 4209 1369 4264 de
1418 4212 1574 4281 aquis
1618 4229 1737 4283 qua:

173 4298 334 4351 super
364 4286 763 4346 firmamentum
799 4303 942 4361 sunt,
978 4311 1081 4350 non
1130 4312 1249 4353 esse
1278 4314 1465 4370 aquas,
1513 4305 1605 4360 sed
1634 4305 1735 4362 for-

171 4375 433 4432 titudines
475 4381 735 4448 quasdam
780 4388 1037 4455 angelicae
1074 4394 1356 4457 potestatis
1387 4410 1401 4446 :
1435 4406 1487 4450 et
1520 4413 1732 4454 rursum

1854 570 1917 608 eo
1946 557 2278 621 discrepare.
2313 554 2568 607 Dissentit
2597 557 2647 608 in
2693 568 2756 607 eo
2784 570 2813 605 a
2843 557 3027 621 fratre,
3057 560 3199 625 quod
3247 576 3408 627 aquas

1852 644 1971 701 illas
2004 645 2199 715 quibus
2227 643 2541 699 incubuisSP
2568 646 2763 699 dicitur
2792 643 3021 713 Spiritus
3060 648 3186 710 Dei,
3218 660 3270 702 et
3296 665 3410 716 qua'

1852 752 2010 808 supra
2043 738 2443 793 firmamentum
2476 739 2854 805 constiterunt,
2886 739 3130 797 caelestes
3154 743 3412 812 quasdam

1851 844 1968 885 esse
2012 832 2241 884 virtutes
2293 838 2441 899 putet
2491 844 2504 881 :
2545 830 2594 882 in
2644 844 2708 883 eo
2750 846 2877 887 vero
2924 835 3233 899 assentitur,
3270 833 3412 902 quod

1849 936 2001 989 teque
2031 936 2094 975 ac
2120 920 2353 975 Basilius
2384 921 2665 975 inferiores
2691 936 2855 987 aquas
2893 923 3070 995 abyssi
3116 939 3209 992 pro
3238 925 3411 979 rebel-

1852 1013 1988 1066 libus
2012 1028 2075 1066 ac
2102 1013 2354 1083 malignis
2385 1015 2736 1082 potestatibus
2764 1015 3004 1081 accipere
3033 1016 3184 1071 nolit.
3214 1015 3405 1074 Mirum

1850 1105 2081 1160 fortasse
2110 1106 2376 1160 videbitur
2405 1105 2721 1171 Gregorium
2755 1122 2783 1157 a
2814 1105 2977 1160 fratre
3009 1107 3221 1171 Basilio,
3249 1122 3407 1176 quem

1849 1198 2008 1252 unice
2033 1199 2243 1253 colebat
2269 1215 2331 1253 ac
2360 1197 2699 1261 observabat,
2734 1198 2784 1249 in
2816 1214 2873 1251 re
2919 1197 3220 1265 hujusmodi
3254 1198 3413 1254 dissi-

1850 1292 2000 1353 dere,
2023 1299 2183 1359 atque
2205 1289 2449 1355 Origeuis
2474 1290 2778 1359 opinionem
2804 1290 3040 1359 opinioni
3068 1290 3247 1344 fratris
3269 1307 3411 1359 pra:-

1852 1382 2055 1435 tulisse.
2110 1381 2258 1434 Hanc
2327 1390 2503 1434 tamen
2553 1381 2796 1450 Gregorii
2869 1380 3031 1436 fuisse
3080 1382 3410 1452 opinionem,

1847 1488 1966 1526 esse
2005 1473 2276 1526 hominem
2309 1472 2394 1541 qui
2428 1481 2585 1542 neget
2612 1474 2847 1527 arbitror
2882 1474 3183 1536 neminem,
3217 1475 3260 1528 si
3284 1488 3412 1545 qua:

1846 1564 2159 1636 subjicimus
2186 1562 2428 1632 Gregorii
2477 1561 2637 1616 verba
2684 1564 2958 1631 aliquanto
2994 1564 3302 1633 diligentius
3338 1564 3412 1617 le-

1844 1657 2000 1724 gerit.
2037 1656 2124 1709 Sic
2155 1654 2587 1723 itaqueloquitur
2608 1652 2894 1721 Gregorius
2921 1653 3013 1707 lib.
3036 1656 3091 1707 in
3122 1652 3409 1717 llexaem.,

1844 1762 1967 1818 pag.
2000 1747 2065 1799 15
2094 1763 2105 1797 :
2146 1749 2218 1798 Τὸ
2255 1749 2311 1801 δὲ
2349 1748 2491 1817 ὕδωρ
2515 1739 2559 1814 ᾧ
2585 1746 2644 1797 τὸ
2675 1745 2893 1816 Πνεῦμα
2926 1744 3019 1797 τοῦ
3048 1745 3181 1797 Θεοῦ
3214 1748 3409 1817 ἐπεφέ-

1844 1856 1983 1911 ρετο,
2020 1836 2147 1891 ἄλλο
2186 1854 2237 1890 τι
2269 1839 2417 1908 παρὰ
2451 1840 2547 1909 τὴν
2592 1840 2883 1909 κατωφερῆ
2919 1837 3120 1909 ταύτην
3152 1838 3258 1892 τῶν
3290 1840 3410 1909 ῥευ-

1843 1932 1980 1983 στῶν
2010 1930 2214 1984 ὑδάτων
2250 1930 2409 2000 φύσιν
2445 1930 2611 1993 ἐστὶν,
2647 1931 2674 1982 ὃ
2711 1930 2786 2001 τῷ
2814 1929 3149 2001 στερεώματι
3180 1930 3315 2002 πρὸς
3350 1929 3412 1982 τὸ

1843 2023 1975 2093 βαρύ
2024 2041 2081 2074 τε
2130 2024 2222 2075 καὶ
2271 2022 2586 2094 κατωφερὲς
2630 2021 2772 2091 ὓδωρ
2822 2021 3223 2093 διατειχίζεται.
3266 2024 3327 2076 Ei
3355 2022 3410 2075 δὲ

1842 2114 1983 2185 ὕδωρ
2013 2115 2230 2167 κάκεῖνο
2286 2115 2433 2183 παρὰ
2479 2116 2576 2185 τῆς
2608 2114 2829 2186 Γραφῆς
2864 2115 3211 2186 ὀνομάζεται,
3237 2108 3281 2182 ᾧ
3321 2114 3409 2168 διὰ

1839 2206 1939 2275 τῆς
1982 2206 2317 2275 ὑψηλοτέρας
2366 2204 2597 2275 θεωρίας
2645 2206 2705 2257 τὸ
2746 2208 2855 2259 τῶν
2888 2206 3091 2279 νοητῶν
3131 2206 3409 2277 δυνάμεων

1842 2299 2112 2371 πλήρωμα
2155 2294 2516 2369 σημαίνεσθαι
2571 2294 2968 2367 στοχαζόμεθα,
3006 2296 3295 2362 ξενιξὲσοω
3321 2296 3407 2350 διὰ

1839 2393 1937 2461 τῆς
1952 2391 2267 2461 ὁμωνυμίας
2294 2387 2502 2460 μηδείς,
2531 2396 2635 2441 etc.
2661 2406 2680 2438 ι
2698 2391 2849 2456 Aqua
2863 2386 3101 2457 profecto
3125 2402 3284 2456 super
3302 2402 3407 2456 qua

1841 2480 2115 2535 ferebatur
2165 2483 2398 2550 Spiritus
2458 2482 2585 2547 Dei,
2645 2481 2857 2537 diversa
2914 2488 2996 2536 est
3060 2479 3127 2534 ab
3180 2480 3406 2535 istarum

1843 2587 2105 2642 aquarum
2165 2581 2378 2636 natura,
2435 2587 2555 2640 quae
2610 2573 2857 2625 deorsum
2911 2570 3082 2625 ﬂuunt
3126 2580 3179 2624 et
3225 2572 3409 2625 firma-

1842 2675 2024 2718 mento
2072 2662 2139 2715 ab
2196 2676 2333 2731 aqua
2388 2663 2538 2731 gravi
2598 2671 2656 2716 et
2700 2663 2767 2716 ad
2835 2660 3090 2717 inferiora
3159 2663 3410 2716 tendente

1842 2756 2157 2825 seiungitur.
2185 2755 2334 2820 Quod
2366 2761 2542 2808 autem
2593 2754 2642 2806 in
2678 2752 2955 2823 Scriptura
2991 2761 3213 2809 vocetur
3255 2767 3395 2823 aqua

1842 2851 2004 2902 etiam
2039 2849 2148 2914 illa,
2192 2862 2299 2917 qua
2349 2846 2649 2899 sublimiori
2701 2846 3151 2914 contemplatione
3195 2847 3406 2900 divina-

1844 2955 1963 2991 rum
2021 2942 2277 2994 mentium
2334 2939 2608 3008 plenitudo
2662 2938 3018 3008 significatur,
3067 2922 3135 2993 ne
3185 2940 3307 3008 quis
3354 2940 3405 2992 id

1844 3030 2078 3084 alienum
2106 3040 2198 3082 aut
2226 3048 2418 3086 novum
2450 3040 2619 3099 putet,
2649 3050 2665 3081 ι
2693 3042 2802 3085 etc.
2832 3029 2896 3083 Et
2923 3032 3080 3101 paulo
3110 3040 3229 3100 post
3255 3049 3267 3085 :
3296 3031 3405 3083 Και

1848 3139 1913 3192 με
1952 3121 2138 3191 μηδεὶς
2167 3122 2457 3174 ὑπονοείτω
2490 3123 2575 3174 διὰ
2614 3123 2708 3191 τῆς
2755 3122 3108 3193 τροπολογίας
3150 3123 3405 3191 σύγχυσιν

1840 3213 2064 3279 ἐπάγειν
2102 3213 2166 3281 τῇ
2204 3211 2405 3282 θεωρίᾳ
2450 3211 2549 3280 τῆς
2580 3211 2811 3277 λέξεως,
2862 3212 2947 3275 ὡς
2976 3213 3094 3274 ταῖς
3133 3210 3406 3275 ὑπονοίαις

1837 3304 1943 3356 τῶν
1977 3304 2081 3374 πρὸ
2121 3302 2277 3373 ἡμῶν
2304 3302 2372 3355 τὰ
2402 3300 2623 3355 τοιαῦτα
2668 3302 3085 3374 τεθεωρηκότων
3133 3303 3407 3374 συμφέρε·

1839 3395 1995 3461 σθαι,
2048 3395 2141 3448 καὶ
2192 3394 2368 3463 λέγειν
2416 3394 2514 3458 τὰς
2566 3396 2663 3465 μὲν
2721 3395 3090 3460 ἀπστατικάς
3147 3396 3405 3467 δυνάμεις

1836 3487 2068 3541 ἄϐυσσον
2119 3487 2403 3556 λέγεσθαι·
2446 3486 2535 3540 τὸν
2574 3487 2630 3540 δὲ
2676 3489 3091 3559 κοσμοκράτορα
3127 3486 3221 3540 τοῦ
3276 3486 3401 3540 σκό-

1837 3593 1981 3639 τους,
2012 3576 2075 3628 τὺ
2118 3578 2302 3630 ἐπάνω
2332 3578 2431 3645 τῆς
2461 3578 2695 3631 ἀϐύσσου
2736 3578 2971 3632 νοεῖσθαι
3002 3578 3209 3640 σκότος.
3247 3594 3264 3629 ι
3295 3576 3405 3632 Nec

1838 3668 2127 3735 quisquam
2171 3666 2468 3720 arbitretur
2505 3683 2605 3722 nos
2644 3669 2932 3722 verborum
2967 3668 3400 3737 interpretationi

1836 3773 1901 3811 ex
1938 3761 2037 3812 bac
2085 3757 2274 3811 morali
2310 3758 2653 3828 expositione
2683 3757 3067 3813 confusionem
3086 3757 3298 3822 afferre,
3342 3766 3403 3813 ut

1834 3850 2175 3921 opinionibus
2204 3867 2390 3906 eorum
2441 3851 2531 3923 qui
2574 3861 2701 3907 ante
2733 3866 2828 3905 nos
2865 3851 3204 3921 interpretati
3254 3859 3401 3913 sunt,

1836 3942 2132 4009 faveamus,
2177 3944 2524 4012 dicamusque
2567 3952 2863 4011 potestates
2894 3940 3011 3996 illas
3041 3957 3158 4011 qua:
3192 3941 3402 3996 defece-

1836 4043 2000 4099 runt,
2050 4036 2298 4105 abyssum
2342 4036 2482 4099 dici;
2532 4035 2825 4104 principem
2868 4049 2995 4090 vero
3045 4036 3397 4088 tenebrarum

1840 4123 2063 4194 intelligi
2096 4121 2344 4177 tenebras
2380 4123 2517 4187 illas,
2546 4138 2667 4191 qum
2694 4138 2856 4192 super
2886 4125 3140 4195 abyssum
3171 4132 3345 4177 erant.
3374 4140 3395 4171 ι

1839 4213 1992 4279 Quod
2044 4230 2207 4283 supra
2259 4214 2513 4275 diximus,
2559 4214 2874 4285 Gregorium
2924 4229 2953 4266 a
3010 4212 3207 4267 Basilio
3245 4213 3297 4266 in
3337 4227 3402 4267 eo

1841 4307 2157 4371 dissentire,
2187 4308 2329 4376 quod
2365 4322 2532 4377 aquas
2561 4322 2671 4374 eas,
2703 4309 2898 4376 quibus
2930 4305 3241 4360 incubuisse
3266 4306 3401 4360 scri-
3474 4296 3479 4302 ’

1837 4398 1982 4452 bitur
2046 4397 2280 4466 Spiritus
2326 4398 2455 4466 Dei,
2502 4408 2556 4453 et
2600 4413 2721 4468 qua:
2785 4413 2946 4467 supra
3002 4396 3401 4451 firmamentum

171 4482 341 4539 aquas
388 4485 511 4540 quae
539 4486 700 4542 super
745 4482 939 4532 terram
982 4491 1128 4547 sunt,
1159 4484 1260 4538 hoc
1290 4496 1393 4551 est,
1419 4490 1517 4543 sub
1551 4491 1732 4545 firma-
1761 4505 1815 4561 D
1837 4489 2227 4554 constiterunt,
2275 4489 2908 4561 Origenianorummore
2952 4504 3048 4559 per
3089 4490 3401 4558 allegoriam

171 4573 376 4627 mento,
407 4578 530 4620 esse
556 4566 782 4623 virtutes
811 4572 1108 4627 contrarias
1128 4612 1143 4637 ,
1175 4577 1228 4628 id
1258 4586 1340 4630 est
1379 4580 1666 4636 daemones.
1707 4602 1726 4634 ι

172 4650 538 4723 Hieronymus
560 4669 772 4725 quoque
800 4665 854 4712 et
897 4658 1043 4714 hunc
1087 4660 1260 4729 ipsum
1311 4679 1548 4721 errorem
1594 4668 1734 4723 inter

168 4753 291 4800 octo
323 4744 573 4816 Origenis
623 4763 835 4806 errores
884 4766 1175 4811 recensere
1209 4772 1314 4811 non
1364 4758 1564 4815 omisit.
1605 4762 1731 4815 Hie-

168 4839 379 4909 ronymi
410 4849 590 4895 autem
619 4843 777 4896 verba
822 4854 943 4899 sunt
981 4861 1046 4902 ex
1070 4849 1295 4919 epistola
1329 4851 1418 4917 58,
1461 4854 1526 4907 ad
1570 4856 1731 4909 Pam-

168 4928 462 4994 machium,
511 4944 654 4985 tomo
705 4931 793 4996 IV,
826 4949 947 5003 pag.
977 4936 1079 4989 510
1110 4955 1123 4991 :
1154 4956 1175 4990 ‹
1210 4939 1433 4994 Sextum
1474 4944 1613 5012 quod
1644 4945 1726 4999 sic

168 5018 476 5087 paradisum
498 5021 830 5091 allegorizet,
853 5034 908 5077 ut
934 5026 1165 5082 historiae
1185 5029 1394 5084 auferat
1417 5035 1722 5100 veritatem,

166 5124 262 5176 pro
308 5111 584 5167 arboribus
615 5114 867 5183 angelos,
899 5131 997 5184 pro
1024 5119 1329 5176 ﬂuminibus
1356 5124 1579 5180 virtutes
1608 5141 1725 5181 cte-

166 5198 332 5253 lestes
366 5198 708 5269 intelligens,
758 5212 1027 5273 totamque
1070 5208 1301 5275 paradisi
1336 5212 1726 5267 continentiam

168 5292 498 5363 tropologica
552 5294 993 5366 interpretatione
1056 5300 1351 5355 subvertat.
1405 5303 1723 5371 Septimum,

166 5388 310 5453 quod
346 5401 516 5455 aquas
547 5401 667 5455 quae
695 5403 854 5457 super
900 5390 1066 5446 oculos
1093 5392 1143 5446 in
1171 5392 1457 5462 Scripturis
1499 5410 1615 5451 esse
1645 5398 1725 5451 di-

165 5486 383 5540 cantur,
438 5488 659 5533 sanctas
704 5494 1071 5552 supernasque
1100 5485 1364 5552 virtutes;
1398 5502 1516 5555 qua!
1564 5504 1723 5558 super

164 5573 362 5618 terram
410 5577 465 5621 et
492 5566 633 5621 infra
679 5578 897 5634 terram,
929 5575 1226 5629 contrarias
1270 5587 1329 5631 et
1368 5578 1723 5636 clmiiioniacas

164 5672 285 5711 esse
318 5658 636 5713 arbitretur.
676 5677 696 5711 ι
749 5659 1037 5731 Gregorius
1082 5665 1262 5721 Basilii
1315 5667 1480 5722 frater
1520 5671 1719 5727 subob-

166 5750 371 5805 scurius
418 5766 481 5807 ea
525 5750 596 5807 de
633 5767 692 5807 re
739 5753 975 5809 disserit.
1016 5758 1092 5811 sic
1130 5770 1329 5824 tamen,
1373 5772 1429 5816 ut
1469 5764 1718 5835 colligere

1840 4583 2220 4649 interpretatus
2271 4582 2378 4645 sit,
2434 4580 2678 4650 nihilque
2732 4596 2851 4635 esse
2900 4581 3043 4634 aliud
3108 4580 3402 4634 crediderit

1838 4672 1942 4725 nisi
1979 4671 2226 4725 caelestes
2254 4672 2514 4741 quasdam
2547 4682 2706 4739 atque
2746 4670 3109 4741 intelligibiles
3145 4672 3397 4733 virtutes,

1837 4763 1889 4817 id
1924 4764 2152 4819 mirifice
2179 4778 2245 4818 ex
2293 4764 2534 4832 ejusdem
2569 4762 2809 4832 Gregorii
2859 4764 3249 4833 posterioribus
3278 4779 3400 4818 ver-

1839 4853 1922 4907 bis
1954 4852 2327 4907 conlirmatur.
2358 4853 2570 4909 Etenim
2614 4853 2716 4906 nisi
2754 4851 3042 4922 Gregorius
3089 4852 3313 4923 perinde
3339 4861 3398 4907 ut

1840 4941 2101 5012 Origenes
2148 4944 2453 5012 superiores
2503 4957 2671 5012 aquas
2706 4957 2801 5011 pro
2834 4946 3035 4997 sanctis
3058 4956 3123 4995 ac
3152 4942 3397 5013 supernis

1836 5033 2124 5089 virtutibus
2178 5034 2512 5104 accepisset,
2562 5034 2745 5104 procul
2801 5034 2964 5087 dubio
3015 5032 3224 5087 amoliri
3271 5048 3300 5086 a
3337 5048 3397 5087 se

1831 5124 1979 5179 illam
2025 5125 2334 5195 opinionem
2384 5126 2679 5192 debuisset,
2730 5126 3183 5196 quemadmodum
3231 5140 3397 5195 repu-

1829 5219 1981 5274 diare
2024 5232 2083 5273 se
2114 5227 2341 5273 testatus
2384 5230 2469 5275 est
2513 5224 2737 5274 alteram
2769 5218 3005 5285 ejusdem
3054 5218 3396 5289 Origenianze

1828 5313 2115 5366 sententia:
2151 5321 2393 5380 partem,
2444 5327 2564 5383 qua:
2618 5311 2905 5367 inferiores
2960 5328 3130 5381 aquas
3177 5313 3391 5384 abyssi,

1827 5410 2103 5470 apostatas
2131 5401 2251 5456 illas
2273 5402 2992 5471 potestatesinterpretatur.
3026 5402 3232 5472 Itaque,
3265 5402 3407 5455 dum.

1825 5509 1987 5548 unam
2030 5502 2237 5548 tantum
2269 5494 2611 5563 Origenianae
2644 5495 2916 5562 opinionis
2948 5504 3154 5565 partem
3194 5495 3390 5563 rejieit,

1829 5588 2077 5656 amplecti
2120 5603 2180 5642 se
2226 5588 2454 5642 alteram
2488 5603 2597 5642 non
2633 5588 2863 5641 obscure
2896 5588 3119 5643 indicat.
3170 5587 3281 5641 Nec
3314 5588 3390 5639 in-

1819 5676 2139 5746 iucundum,
2184 5690 2337 5751 puto,
2369 5696 2469 5735 nec
2499 5682 2688 5735 inutile
2734 5682 2895 5736 fuerit
2939 5695 3179 5735 errorem
3228 5678 3387 5733 Justi-

1813 5772 1968 5826 niani
2003 5772 2344 5839 imperatoris
2364 5785 2569 5829 notare.
2607 5775 2840 5839 Etenim,
2872 5773 3259 5830 umnaliorum
3300 5788 3384 5828 ar-
