4088 6310
709 362 975 407 CLXXXVIII

2052 370 2583 429 PROLEGOMENA.

706 477 940 532 guumur
991 482 1224 535 errores,
1270 472 1519 541 quilibet,
1573 483 1631 529 nt
1684 479 1894 534 cautior
1923 496 1987 537 ac
2018 486 2267 541 conside-
2300 495 2345 551 Α
2377 504 2490 542 rum
2524 503 2662 555 esse,
2714 490 2757 543 si
2808 505 2911 558 qua
2958 489 3224 545 Ambrosii
3266 488 3379 545 lora
3435 494 3709 549 illustrare
3756 508 3929 552 coner.

707 559 874 611 ratior
909 559 960 611 in
996 562 1282 619 scribendo
1310 566 1402 631 sit,
1433 567 1776 625 admonetur.
1814 571 2057 631 Primum
2107 579 2273 647 igitur

703 647 1039 705 Iustinianus
1070 652 1155 707 illa
1185 652 1366 711 Basilii
1401 659 1561 714 verba
1599 661 1695 731 (α),
1728 663 1888 733 Ἡμῖν
1917 666 1973 720 δὲ
2006 672 2096 722 καὶ
2138 671 2274 740 πρὸς

701 740 829 829 τοὺς
872 740 979 829 dare
1010 742 1109 813 τῆς
1154 746 1475 816 Ἐκκλησίας
1516 750 1631 805 ἐστι
1673 770 1756 816 τις
1795 754 1950 824 λόγος
1997 762 2123 829 περὶ
2164 760 2272 814 τῶν

701 825 1087 898 διακριθέντων
1139 834 1371 901 ὑδάτων,
1418 850 1560 903 etc.,
1606 843 1657 896 in
1715 845 1949 901 medium
2002 825 2210 919 profert
2253 873 2267 908 :

701 934 821 987 quae
856 938 977 977 cum
1021 926 1095 980 ita
1134 928 1476 999 interpretari
1525 935 1840 992 debuisset:
1882 958 1901 993 ‹
1934 941 2071 1007 Quin
2105 943 2269 999 etiam

702 1010 897 1081 aliquis
927 1017 1082 1071 nobis
1110 1018 1368 1075 adversus
1398 1023 1805 1085 ecclesiasticos
1836 1032 2097 1100 quosdam
2134 1038 2270 1090 scri-

699 1113 885 1169 ptores
909 1106 975 1159 de
1004 1108 1250 1165 discretis
1272 1113 1427 1180 aquis
1452 1116 1729 1173 habendus
1760 1134 1840 1176 est
1869 1138 2070 1189 sermo,
2100 1144 2121 1178 ι
2157 1130 2267 1197 ipsa

699 1210 805 1250 non
850 1207 955 1252 tam
1006 1204 1189 1266 vertit,
1236 1218 1394 1273 quam
1432 1214 1709 1275 pervertit.
1758 1212 1863 1268 Sed
1901 1218 2121 1285 expedit
2154 1223 2265 1291 ipsa

696 1283 988 1345 Iustiniani
1037 1293 1221 1359 verba,
1269 1313 1374 1366 quo
1408 1300 1552 1355 illius
1599 1319 1753 1359 error
1800 1283 1986 1377 magis
2022 1283 2263 1376 eluceat,

700 1379 923 1435 referre.
975 1382 1102 1441 Haec
1131 1398 1312 1443 autem
1368 1405 1495 1447 sunt
1535 1410 1567 1449 e
1607 1406 1834 1452 tractatu
1889 1406 2144 1473 quodam,
2176 1408 2264 1476 qui

700 1481 847 1567 tomo
872 1474 914 1531 ν
946 1476 1103 1533 Cone.
1136 1481 1391 1539 editionis
1421 1484 1615 1553 Labb.,
1645 1504 1770 1561 pag.
1800 1494 1925 1562 66f,
1957 1474 2264 1567 reperitur:

694 1564 786 1617 Δεῖ
828 1566 884 1620 δὲ
920 1570 1205 1639 προσέχειν
1236 1576 1362 1638 τοὺς
1401 1579 1698 1648 ἀκροατὰς,
1751 1587 1831 1640 ἔτι
1872 1587 1948 1655 τῷ
1973 1564 2147 1639 εἰῖιτείν
2177 1590 2265 1643 τὸν

696 1656 932 1728 Πατέρα,
982 1662 1124 1732 Πρὸς
1176 1666 1303 1731 τοὺς
1336 1670 1443 1723 ἀπὸ
1499 1674 1599 1745 τῆς
1651 1678 1971 1747 Ἐκκλησίας
2018 1681 2136 1734 ἐστί
2185 1700 2265 1747 τις

693 1748 823 1845 Ἑμῖῖ
871 1750 1059 1845 λᾴγος,
1110 1761 1237 1829 περὶ
1286 1764 1590 1833 Ὠριγένους
1635 1769 1971 1837 διαλέγεται,
2016 1775 2115 1845 τῆς
2172 1777 2262 1828 τοῦ

2375 581 2506 635 Cum
2540 582 2682 636 enim
2715 582 2848 635 nihil
2878 582 2948 636 sit
2984 592 3183 651 prteter
3226 582 3561 654 Scripturam
3612 600 3825 642 sacram
3874 588 3932 641 li-

2382 673 2494 727 hris
2536 672 2756 729 Patrum
2790 675 3108 745 pretiosius,
3159 692 3318 733 nemo
3359 686 3477 741 est,
3520 680 3613 749 qui
3647 695 3715 734 ex
3756 692 3929 733 eorum

2374 766 2749 823 emendatione
2789 766 3116 838 singularem
3151 770 3439 837 quamdam
3474 770 3658 827 animo
3695 772 3931 841 volupta-

2374 868 2479 910 tem
2532 872 2726 927 capere
2762 874 2866 915 non
2902 858 3113 914 debeat.
3158 859 3269 915 Nec
3309 875 3635 931 quamquam
3671 875 3805 933 puto
3855 878 3931 918 re-

2374 952 2578 1014 pertum
2611 945 2674 999 iri
2710 955 2817 1000 tam
2848 950 3112 1019 iniquttm,
3147 951 3236 1017 qui
3276 949 3327 1004 id
3364 952 3595 1005 alienum
3630 967 3757 1009 esse
3790 972 3818 1008 a
3854 970 3933 1007 no-

2372 1043 2482 1089 stro
2527 1037 2801 1104 proposito
2847 1040 3157 1095 arbitretur.
3202 1038 3335 1095 Cum
3381 1042 3523 1096 enim
3570 1039 3931 1098 Hexaemeron

2372 1127 2636 1180 Ambrosii
2670 1144 2772 1184 non
2809 1128 3080 1186 immerito
3107 1133 3211 1188 dici
3240 1132 3411 1202 possit
3441 1147 3575 1202 opus
3605 1134 3816 1203 Basilii,
3848 1151 3932 1191 eo—

2371 1221 2490 1274 dem
2514 1219 2637 1286 jure
2660 1231 2714 1275 et
2745 1230 2987 1277 nostrum
3020 1239 3234 1295 quoque
3257 1225 3361 1280 dici
3394 1234 3591 1294 potest,
3621 1231 3715 1298 qui
3744 1244 3930 1284 novam

2369 1311 2606 1363 omnium
2672 1310 2853 1367 Basilii
2922 1328 3142 1383 operum
3200 1318 3487 1372 editionem
3546 1321 3926 1389 suscipiamus.

2370 1400 2547 1465 Quare
2578 1400 2622 1454 si
2665 1402 2791 1468 quid
2832 1403 2972 1458 forte
3022 1406 3321 1458 occurrerit
3360 1407 3413 1460 in
3448 1405 3763 1471 Ambrosio,
3796 1407 3933 1477 quod

2370 1489 2617 1542 videatur
2640 1505 2805 1558 opera
2840 1504 3023 1547 nostra
3055 1493 3340 1550 dilucidari
3378 1510 3553 1564 posse,
3588 1495 3642 1550 id
3674 1499 3934 1553 adnotare

2370 1596 2473 1634 non
2524 1582 2744 1651 pigebit.
2793 1581 3033 1639 Primum
3076 1586 3315 1641 occurrit
3370 1586 3497 1641 illud
3549 1601 3580 1640 e
3628 1585 3725 1641 lib.
3768 1602 3830 1640 Ill
3884 1590 3900 1635 ἱ

2374 1675 2648 1741 Ιιεπαεηιη
2682 1694 2800 1749 cap.
2834 1678 2921 1742 15,
2955 1694 3103 1735 ηυιη.
3132 1681 3237 1734 65:
3282 1699 3300 1732 ι
3326 1679 3462 1747 Quid
3502 1688 3678 1734 autem
3725 1680 3822 1733 tibi
3857 1695 3935 1733 re-

2371 1770 2560 1832 ferant,
2592 1769 2907 1826 clementem
2947 1771 3073 1825 licet
3102 1787 3223 1828 esse
3275 1788 3601 1839 sermonem,
3649 1772 3799 1842 quod
3836 1772 3937 1825 ele-

691 1836 825 1936 ξὶεοξῖ
870 1843 1089 1936 χάριτος
1126 1852 1223 1903 καὶ
1265 1853 1364 1920 τῆς
1402 1856 1565 1922 ἁγίας
1622 1858 1712 1911 τοῦ
1754 1836 1888 1914 Οεοῦ
1942 1836 2257 1936 Ἑκκῖησίας

2368 1871 2541 1915 ctrum
2575 1862 2809 1933 lacryma
2840 1862 3051 1928 virgulti
3084 1863 3176 1916 sit.
3204 1883 3222 1915 ι
3261 1864 3391 1929 Quae
3421 1866 3584 1919 verba
3620 1880 3744 1919 cum
3793 1864 3931 1934 lego,

690 1930 1068 2031 éjzslaeéwog
1122 1942 1213 1994 καὶ
1258 1943 1362 1996 τῶν
1420 1948 1737 2020 ὁμοφρόνων
1785 1955 1996 2025 ἐκείνῳ.
2042 1930 2262 2031 Οὑπγὰρ

688 2016 831 2121 sit-5,
862 2025 1005 2121 [Ipbc
1032 2032 1154 2095 τοὺς
1195 2035 1252 2088 ἐν
1286 2039 1349 2108 τῇ
1403 2016 1717 2113 Ἐκκλῇσίᾳ,
1768 2046 1922 2112 ἀλλὰ,
1950 2016 2093 2121 Ῐῖρὸς
2138 2016 2261 2117 τεὺξ

686 2113 797 2167 ἀπὸ
843 2116 942 2185 τῆς
984 2121 1305 2194 Ἐκκλησίας
1344 2130 1474 2199 ἡμῖν
1518 2132 1633 2184 ἐστί
1680 2152 1763 2200 τις
1805 2113 2134 2206 λόγοςίΚαὶ
2176 2113 2261 2197 διά

815 2207 908 2303 ῗεῦ
940 2212 1133 2303 slnziv,
1151 2216 1337 2285 Ἡμῖν,
1364 2222 1492 2284 τοὺς
1516 2223 1953 2299 τῆςἘκκλησίας
1991 2233 2224 2303 ἐδήλωσε
2244 2253 2256 2265 .

688 2296 775 2349 διὰ
811 2298 867 2350 δὲ
908 2300 1001 2354 τοῦ
1034 2305 1228 2369 εἰπεῖν,
1259 2308 1395 2373 Τοὺς
1436 2313 1545 2365 ἀπὸ
1590 2317 1689 2387 τῆς
1745 2321 2086 2392 Ἐκκλησίας,
2135 2328 2259 2390 τοὺς

687 2390 889 2462 ταύτης
913 2394 1291 2465 ἁποπεσόντας
1313 2404 1607 2475 ἐσήμανεν.
1642 2428 1660 2459 ε
1678 2390 2072 2469 Attendendum
2102 2432 2258 2487 porro

687 2489 771 2532 est
805 2486 1166 2554 auditoribus,
1201 2491 1442 2559 Patrem,
1485 2496 1575 2552 illo
1608 2502 1765 2556 modo
1794 2503 2042 2573 loquendi
2080 2486 2256 2578 nsum,

684 2572 881 2630 Sermo
915 2580 1133 2646 quidam
1170 2586 1325 2640 nobis
1358 2597 1441 2642 est
1473 2590 1539 2645 ad
1592 2607 1686 2648 eos
1736 2597 1825 2660 qui
1866 2572 2003 2653 sunt
2053 2602 2121 2657 ab
2154 2572 2258 2660 Ec;

689 2667 879 2733 clesia,
910 2670 976 2726 de
1005 2671 1239 2746 Origene
1273 2679 1561 2746 disserere,
1589 2700 1616 2737 a
1652 2686 1742 2741 Dei
1785 2693 1954 2761 gratia
1986 2705 2041 2749 et
2070 2707 2256 2751 sancta

682 2756 778 2851 Dei
834 2760 1069 2820 Ecclesia
1120 2771 1365 2840 expulso,
1415 2776 1641 2849 ejusque
1707 2756 2059 2851 sequacibus.
2132 2790 2252 2843 Non

684 2846 827 2943 enim
886 2852 1048 2918 dixit,
1096 2858 1177 2910 Ad
1226 2875 1320 2915 eos
1373 2866 1464 2932 qui
1516 2846 1642 2923 sunt
1692 2873 1742 2924 in
1799 2873 2076 2940 Ecclesia,
2121 2879 2253 2943 sed,

686 2938 879 2995 Sermo
916 2944 1136 3011 quidam
1168 2951 1323 3006 nobis
1352 2964 1433 3007 est
1462 2960 1529 3009 ad
1560 2973 1653 3012 eos
1686 2962 1775 3027 qui
1811 2971 1937 3015 sunt
1971 2966 2038 3017 ab
2064 2938 2255 3023 'Eccle;

685 3032 785 3083 sla.
816 3033 880 3085 Et
912 3050 1006 3102 per
1034 3037 1165 3091 illud
1197 3042 1413 3107 quidem
1440 3046 1583 3113 quod
1611 3048 1762 3116 dicit,
1792 3049 1976 3116 Nobis,
2004 3057 2256 3113 Ecclesiae

686 3125 930 3181 homines
962 3130 1134 3186 dixit:
1169 3149 1264 3203 per
1308 3136 1437 3193 illud
1488 3151 1693 3207 autem,
1738 3144 1837 3211 Qui
1871 3157 1997 3201 sunt
2047 3149 2114 3203 ab
2152 3151 2253 3205 Ec-

686 3216 1143 3285 clesia,dejectos
1194 3228 1263 3279 ab
1301 3228 1413 3295 ipsa
1467 3230 1765 3288 denotavit.
1795 3254 1813 3285 ι
1874 3236 2056 3291 Mirari
2110 3243 2257 3296 subit

683 3307 1046 3367 Iustinianum
1093 3316 1468 3386 imperatorem
1510 3324 1671 3375 verba
1719 3325 1923 3390 Basilii,
1971 3345 2091 3383 cum
2132 3347 2254 3400 per-

682 3401 866 3468 spicua
903 3403 1041 3467 sint,
1091 3412 1143 3459 in
1179 3410 1508 3465 contrarium
1558 3428 1775 3468 sensum
1824 3418 2140 3475 detersisse.
2196 3422 2252 3477 Id

687 3493 1011 3549 crediderim
1063 3499 1353 3568 contigisse
1395 3518 1501 3556 non
1537 3504 1695 3558 aliam
1736 3510 1804 3561 ob
1850 3523 2101 3576 causam,
2149 3514 2251 3568 nisi

696 3586 842 3652 quod
897 3586 1241 3645 immodicum
1296 3592 1646 3649 maledicendi
1703 3599 1937 3653 studium
1991 3602 2253 3658 maximas

684 3676 939 3731 tenebras
988 3682 1153 3760 rebus
1199 3682 1517 3740 clarissimis
1566 3688 1837 3744 obducere
1890 3692 2077 3749 soleat.
2121 3694 2252 3749 Pro-

684 3766 848 3833 fecto,
880 3770 925 3823 si
962 3770 1095 3825 nihil
1125 3774 1294 3836 aliud,
1324 3775 1439 3843 ipsa
1480 3789 1627 3831 certe
1663 3784 1926 3836 orationis
1957 3785 2125 3839 series
2154 3786 2255 3838 im-

683 3861 873 3927 pedire
913 3862 1174 3918 debuerat
1217 3867 1507 3934 quominus
1550 3870 1694 3924 hunc
1739 3872 1922 3927 Basilii
1971 3876 2145 3930 locum
2182 3878 2254 3930 ita

685 3964 941 4018 perverse
972 3951 1441 4023 interpretaretur.
1473 3956 1666 4014 Paucis
1694 3964 1805 4029 jam
1832 3966 2071 4033 aperiam
2112 3981 2254 4019 men-

688 4050 796 4095 tem
832 4042 1008 4098 Patris
1043 4047 1344 4114 gravissimi
1381 4057 1546 4118 atque
1594 4056 1950 4121 propositum.
1988 4055 2099 4111 Hoc
2150 4059 2253 4109 ita-

685 4148 791 4202 que
826 4135 957 4190 dicit
994 4136 1265 4193 Basilius:
1298 4139 1452 4196 Prius
1481 4159 1789 4199 sermonem
1824 4148 2155 4203 instituimus
2189 4152 2254 4204 de

682 4233 1032 4279 externorum
1079 4229 1384 4296 sententiis,
1433 4231 1498 4286 de
1534 4235 1873 4290 ethnicorum
1906 4240 2155 4302 sonmiis,
2189 4243 2254 4296 de

685 4313 1138 4383 philosophorum
1194 4318 1323 4372 deos
1389 4320 1557 4375 falsos
1633 4324 1925 4377 colentium
1984 4326 2251 4393 placitis:

685 4420 830 4458 nunc
872 4421 1000 4461 vero
1034 4410 1188 4463 nobis
1226 4412 1506 4466 habendus
1536 4428 1719 4468 sermo
1746 4426 1827 4469 est
1872 4416 2128 4470 adversus
2162 4434 2256 4472 eos

2365 1953 2568 2023 pendeo
2608 1956 2812 2019 animi,
2863 1969 2959 2009 nec
2996 1956 3131 2010 bene
3180 1957 3414 2026 intelligo
3460 1973 3558 2012 cur
3608 1957 3931 2013 Ambrosius

2367 2059 2518 2094 suum
2555 2058 2859 2101 sermonem
2908 2044 3230 2100 clementem
3284 2047 3459 2115 potius
3509 2047 3711 2101 dixerit
3769 2063 3931 2117 quam

2367 2134 2760 2193 inclementem.
2808 2138 2947 2205 Quid
2997 2138 3142 2192 enim
3174 2151 3459 2192 commune
3499 2148 3583 2191 est
3634 2139 3936 2193 clemcn‘la:

2363 2242 2483 2280 cmn
2518 2228 2751 2284 electro?
2794 2232 2932 2298 Quid
2963 2232 3028 2285 ad
3070 2246 3183 2286 rem
3219 2232 3347 2284 facit
3391 2230 3657 2284 sermonis
3698 2243 3795 2285 aut
3828 2231 3936 2286 cle-

2364 2319 2559 2371 mentia
2590 2331 2675 2371 aut
2727 2320 3114 2374 inclementia?
3146 2318 3245 2372 Vix
3294 2334 3424 2390 ergo
3469 2320 3703 2374 dubitari
3759 2332 3937 2391 rotest

2362 2408 2489 2475 quin
2542 2409 2828 2464 mendosus
2863 2412 2933 2465 sit
2966 2412 3053 2465 hic
3100 2411 3269 2466 locus.
3300 2411 3552 2467 Fortasse
3583 2422 3767 2468 autem
3802 2413 3934 2467 ditii-

2361 2500 2462 2556 cile
2495 2517 2600 2556 non
2628 2504 2731 2557 erit
2759 2518 2881 2559 eum
2910 2505 3200 2559 emendare
3226 2521 3291 2559 ex
3320 2504 3524 2560 Grmcis
3554 2503 3767 2568 Basilii,
3796 2508 3936 2574 apud

2361 2608 2519 2663 quem
2568 2595 2641 2649 ita
2692 2596 2884 2664 legitur
2936 2600 3075 2650 hom.
3106 2599 3161 2663 5,
3201 2615 3347 2653 num.
3386 2600 3419 2653 8
3468 2619 3480 2654 :
3528 2599 3702 2665 Λόγος
3750 2598 3811 2649 δέ
3854 2599 3936 2661 τίς

2361 2685 2476 2738 ἐστι
2500 2688 2675 2740 καὶτὸ
2708 2689 2959 2759 ἔλεκτρον
2986 2689 3115 2741 ὀπὸν
3143 2685 3280 2742 εἶναι
3304 2691 3504 2760 φυτῶν,
3536 2710 3554 2741 ι
3585 2689 3795 2745 Ferunt
3829 2692 3937 2746 ele-

2366 2786 2539 2831 ctrum
2584 2794 2798 2846 quoque
2850 2794 3067 2832 succum
3125 2795 3255 2834 esse.
3294 2782 3666 2850 plantarum.’
3720 2783 3933 2839 Fteiiim

2358 2868 2401 2920 si
2440 2883 2813 2937 comparemus
2842 2870 3201 2926 Ambrosiana
3233 2887 3354 2927 cum
3385 2871 3700 2939 Basilianis,
3737 2878 3921 2931 statim

2358 2963 2841 3018 animadvertimus
2868 2964 3211 3019 Ambrosium
3257 2965 3431 3037 palam
3464 2966 3781 3036 interpretis
3819 2982 3935 3033 par-

2361 3061 2440 3106 tes
2482 3066 2783 3123 peragere:
2822 3053 3016 3107 deinde
3050 3053 3208 3107 facile
3236 3052 3289 3105 in
3326 3063 3558 3107 mentem
3591 3054 3743 3106 venit
3788 3053 3933 3105 hunc

2362 3143 2535 3199 locum
2582 3159 2649 3198 ex
2680 3144 2866 3199 Graeco
2920 3148 2992 3198 ita
3040 3145 3248 3197 restitui
3288 3158 3483 3212 posse:
3521 3142 3702 3207 «Quid
3749 3154 3933 3197 autem

2362 3236 2454 3287 tibi
2485 3235 2740 3298 referam,
2770 3234 3009 3303 aliquem
3039 3235 3245 3288 scilicet
3277 3248 3398 3287 esse
3427 3248 3759 3299 sermonem,
3788 3238 3935 3305 quod

2354 3327 2612 3379 electrum
2667 3324 2903 3396 lacryma
2956 3325 3169 3393 virgulti
3225 3324 3338 3380 sit?
3376 3343 3395 3376 ι
3459 3325 3528 3380 Εῑ
3587 3328 3757 3381 verba
3813 3344 3937 3397 qua:

2355 3418 2603 3486 proxime
2637 3428 2961 3487 sequuntur,
2992 3419 3124 3473 vitio
3154 3433 3367 3488 quoque
3394 3434 3497 3472 non
3534 3433 3724 3472 carere
3756 3421 3938 3487 suspi-

2354 3520 2451 3561 cor
2482 3522 2495 3570 ;
2546 3504 2685 3571 quod
2716 3514 2774 3557 ut
2804 3504 3018 3558 facilius
3052 3506 3406 3576 intelligatur,
3448 3516 3613 3559 totam
3642 3508 3934 3573 periodum

2356 3594 2657 3648 exscribam
2696 3596 2786 3657 ita,
2817 3603 2874 3648 ut
2903 3597 2954 3647 in
2990 3596 3269 3665 impressis
3297 3596 3446 3649 libris
3477 3595 3705 3663 legitur:
3738 3612 3757 3645 ε
3791 3594 3936 3661 Quid

2356 3694 2571 3753 autem,
2612 3686 2807 3755 inquit.
2847 3687 2940 3740 tibi
2985 3686 3239 3752 referam,
3281 3686 3597 3741 clementem
3636 3685 3769 3741 licet
3812 3701 3937 3741 esse

2357 3790 2681 3842 sermonem,
2710 3778 2851 3845 quod
2874 3777 3133 3832 electrum
3166 3778 3402 3849 lacryma
3429 3777 3643 3848 virgulti
3670 3779 3770 3846 sit,
3796 3789 3855 3833 et
3881 3780 3935 3833 in

2359 3880 2518 3922 tanta:
2547 3872 2786 3923 materia:
2814 3869 3143 3925 soliditatem
3178 3870 3413 3943 lacryma
3445 3872 3758 3927 durescat.’
3795 3872 3935 3926 Nam

2355 3974 2461 4025 quo
2488 3962 2656 4026 magis
2683 3960 2829 4025 illud,
2865 3980 2882 4012 ι
2918 3972 3076 4015 tanta!
3107 3964 3364 4026 materiae,
3391 3981 3408 4015 ι
3445 3965 3497 4016 in
3530 3965 3713 4017 animo
3742 3963 3933 4030 volvo,

2354 4064 2420 4100 eo
2456 4050 2630 4103 minus
2677 4052 2806 4103 mihi
2841 4050 3167 4118 persuadere
3210 4067 3426 4120 possum
3472 4054 3825 4107 Ambrosium
3859 4056 3937 4109 ita

2354 4138 2589 4194 locutum
2642 4139 2827 4195 fuisse.
2880 4141 2944 4195 Et
2995 4157 3144 4206 vero,
3188 4144 3289 4197 nisi
3336 4158 3421 4199 me
3467 4148 3644 4199 omnia
3694 4145 3935 4212 fallunt,

2357 4232 2546 4287 idonea
2592 4232 2734 4287 nulla
2761 4234 3029 4288 sententia
3058 4248 3124 4287 ex
3174 4233 3259 4287 his
3290 4235 3511 4291 vocibus
3553 4237 3690 4292 eﬂici
3726 4249 3934 4307 potest.

2358 4324 2537 4379 Placet
2573 4329 2805 4381 maxime
2857 4328 3011 4383 lectio
3058 4330 3307 4385 editionis
3355 4329 3628 4398 Romanae,
3673 4346 3806 4399 quae
3855 4333 3937 4386 sic

2359 4419 2537 4483 habet,
2566 4439 2583 4469 ι
2602 4427 2655 4473 et
2682 4421 2735 4473 in
2766 4421 2986 4488 lapideas
3022 4431 3224 4475 natura:
3250 4422 3569 4478 soliditatem
3598 4424 3890 4487 durescat,
3915 4442 3934 4475 ι

685 4497 775 4564 qui
810 4505 939 4552 sunt
968 4498 1036 4552 ab
1066 4501 1330 4568 Ecclesia,
1362 4505 1465 4558 hoc
1497 4517 1577 4559 est
1608 4507 1870 4561 adversus
1909 4509 2052 4576 ipsos
2088 4513 2257 4566 eccle-
2287 4515 2330 4569 D
2365 4522 2472 4564 tum
2517 4512 2657 4578 quod
2692 4527 2802 4565 rem
2848 4514 3047 4578 optime
3091 4516 3352 4583 explicet,
3405 4524 3515 4569 tum
3557 4514 3701 4583 quod
3756 4516 3942 4584 possit

682 4588 932 4643 siasticos
982 4592 1292 4659 scriptores.
1341 4592 1450 4647 Nec
1483 4595 1825 4648 aberravcris
1870 4611 1899 4649 a
1937 4610 2117 4652 mente
2150 4600 2243 4653 Ba-

682 4677 810 4742 silii,
836 4680 880 4732 si
916 4681 987 4733 ita
1020 4682 1400 4751 interpretere:
1420 4682 1581 4738 Nobis
1598 4686 1759 4738 etiam
1780 4687 2052 4743 habendus
2071 4704 2249 4745 sermo

684 4777 768 4823 est
821 4770 1081 4825 adversus
1142 4774 1285 4841 ipsos
1332 4774 1669 4829 Christianos
1731 4778 2044 4845 scriptores.
2096 4779 2245 4844 Quod

684 4860 847 4929 igitur
891 4861 1022 4915 dicit
1049 4861 1407 4929 Justinianus,
1460 4866 1741 4936 Origenem
1775 4869 1843 4921 ab
1893 4870 2129 4924 Ecclesia
2161 4888 2247 4925 ex-

685 4950 897 5020 pulsum
939 4965 993 5007 et
1021 4954 1251 5024 ejectum
1292 4972 1431 5021 esse,
1474 4968 1530 5011 et
1574 4960 1643 5013 ab
1681 4960 1915 5015 Ecclesia
1964 4965 2251 5027 excidisse,

685 5044 739 5098 id
769 5058 800 5099 e
833 5060 928 5099 sua
964 5046 1123 5111 dixit,
1153 5063 1258 5102 non
1304 5063 1371 5101 ex
1407 5048 1589 5103 Basilii
1620 5054 1908 5106 sententia.
1938 5054 2082 5108 Nihil
2112 5056 2253 5109 aliud

690 5151 757 5188 ex
783 5134 966 5190 Basilii
996 5138 1176 5193 verbis
1200 5139 1454 5209 colligere
1479 5140 1622 5203 licet,
1652 5144 1754 5197 nisi
1780 5143 2064 5215 Origenem
2093 5146 2256 5202 fuisse

692 5226 1116 5284 ecclesiasticum
1174 5232 1518 5301 scriptorem.
1562 5232 1831 5303 Quidquid
1882 5238 2016 5291 ultra
2067 5238 2254 5306 adjici-

688 5325 795 5380 tur,
834 5334 996 5374 omne
1037 5320 1091 5373 id
1140 5322 1524 5392 glossematum
1570 5325 1691 5380 loco
1740 5330 2067 5395 ponendum.
2112 5331 2251 5401 Lege

690 5408 949 5463 Basilium
1017 5416 1263 5469 oratione
1329 5418 1490 5471 tertia
1557 5420 1610 5472 in
1677 5419 1969 5487 Hexaem,
2028 5440 2170 5477 num.
2217 5424 2249 5478 8

686 5508 741 5553 et
779 5500 830 5554 9.

942 5596 971 5667 ς
1010 5594 1077 5649 V.
1110 5598 1183 5651 De
1211 5600 1520 5667 quibusdam
1553 5603 1814 5658 Ambrosii
1854 5608 1999 5660 locis.

759 5686 849 5740 24.
889 5686 1004 5742 Non
1040 5700 1165 5759 puto
1200 5708 1285 5747 me
1327 5709 1437 5747 rem
1475 5696 1731 5750 studiosis
1768 5698 2031 5768 ingratam
2067 5697 2246 5755 factu-

750 5797 827 5870 (a)
868 5800 1023 5858 Hom.
1052 5803 1083 5859 5
1119 5805 1168 5859 in
1206 5803 1481 5873 ﬁrmem,
1511 5822 1655 5862 num.
1684 5808 1735 5861 9.

2358 4602 2665 4655 confirmari
2696 4616 2759 4656 ex
2795 4602 2883 4657 illo
2901 4602 3204 4674 Basilii(b),
3228 4607 3306 4668 si;
3334 4605 3477 4658 λίθου
3515 4605 3675 4674 φύσιν
3710 4605 3943 4677 ἀποπη-

2355 4692 2639 4762 γνύμενον,
2679 4715 2696 4742 ι
2728 4694 2779 4745 in
2811 4694 3001 4762 lapidis
3046 4704 3294 4749 naturam
3350 4708 3679 4753 concretum.
3706 4717 3728 4751 ι
3782 4700 3941 4766 ρυοιτ

2354 4786 2497 4838 niam
2547 4794 2723 4839 tamen
2755 4787 3023 4855 scriptura
3063 4789 3179 4843 haec
3225 4791 3452 4845 nimium
3498 4791 3707 4846 recedit
3751 4806 3786 4846 a
3818 4794 3943 4847 vul-

2352 4884 2494 4942 gata,
2538 4876 2776 4944 suspicor
2810 4877 2879 4930 ita
2922 4890 2989 4931 ex
3033 4876 3237 4936 Graecis
3273 4879 3613 4936 emendatum
3652 4879 3838 4937 fuisse
3872 4881 3945 4935 ab

2353 4968 2556 5037 aliquo,
2582 4968 2674 5037 qui
2725 4968 2869 5023 hunc
2906 4967 3083 5023 locum
3139 4970 3190 5025 in
3237 4972 3432 5042 priscis
3464 4971 3806 5027 editionibus
3854 4972 3940 5024 vi-

2355 5060 2549 5113 tiosum
2600 5074 2719 5115 esse
2777 5060 3020 5116 vidisset.
3072 5060 3254 5118 Satius
3290 5063 3454 5134 igitur
3494 5077 3615 5119 esse
3661 5064 3837 5128 duco,
3893 5065 3939 5118 si

2357 5151 2531 5205 solum
2567 5162 2834 5207 mutemus
2885 5154 3026 5222 quod
3073 5166 3257 5223 aperte
3300 5157 3516 5211 videtur
3557 5169 3678 5210 esse
3736 5171 3942 5212 comt-

2355 5257 2522 5312 ptum.
2553 5243 2873 5299 Emendatio
2902 5246 3045 5299 enim
3091 5261 3198 5316 quo
3240 5248 3535 5318 simplicior
3579 5256 3688 5312 est,
3733 5263 3808 5304 eo
3843 5267 3942 5305 ve-

2359 5336 2473 5387 rior
2505 5335 2639 5389 solet
2686 5350 2804 5390 esse
2832 5345 2887 5389 et
2928 5337 3134 5391 melior.
3183 5337 3360 5404 Quare
3389 5336 3641 5392 libentius
3669 5336 3751 5391 ita
3785 5338 3941 5407 lege-

2357 5440 2489 5491 rem,
2520 5446 2538 5477 ι
2570 5437 2621 5481 ει
2654 5427 2707 5480 in
2740 5436 2941 5482 tantam
2972 5430 3211 5484 materia
3241 5429 3563 5484 soliditatem
3596 5429 3887 5495 durescat,
3918 5452 3938 5484 ι

2358 5533 2477 5569 cum
2510 5518 2588 5573 sic
2619 5529 2895 5574 correctus
2925 5519 3074 5576 locus
3102 5532 3373 5591 utcunque
3406 5521 3533 5576 ferri
3562 5523 3763 5591 possit.
3792 5525 3941 5581 Prae-

2360 5619 2503 5663 terea
2538 5610 2649 5663 haec
2687 5621 2867 5664 nostra
2899 5612 3201 5666 emendatio
3232 5613 3357 5667 binc
3384 5612 3697 5669 conﬁrmari
3725 5626 3940 5684 potest,

2357 5700 2499 5768 quod
2550 5700 2872 5755 Ambrosius
2923 5716 3029 5757 non
3080 5717 3293 5773 semper
3337 5705 3557 5760 verbum
3613 5720 3716 5777 pro
3762 5713 3942 5766 Verbo

2418 5806 2491 5872 (Ab)
2535 5805 2684 5863 Hom.
2717 5809 2768 5871 5,
2805 5825 2950 5865 num.
2976 5808 3027 5863 8.
