4088 6310
1301 381 1362 438 D.
1406 380 1549 439 ιω..
1590 380 1914 440 GABNERH
1951 381 2338 438 PRAEFATIO.

3172 398 3400 437 CLXXXII

176 508 384 571 reddat,
414 506 511 559 sed
548 503 770 561 liberius
814 505 1130 575 plerumque
1178 501 1520 571 interpretari
1555 504 1741 560 soleat.
1776 503 1819 557 Α
1912 503 2001 558 26.
2032 499 2382 556 Ambrosiam
2418 499 2507 555 illa
2535 515 2565 556 e
2611 498 2703 553 lib.
2729 514 2780 553 tv
2808 501 2862 553 in
2887 497 3165 564 eraem.,
3196 514 3313 566 cap.
3346 501 3403 569 5,

175 602 241 656 Ea
275 602 342 653 de
369 612 431 651 re
465 596 554 650 alii
582 595 916 667 iudicabunt.

235 689 327 743 25.
374 687 519 741 Sunt
561 691 651 756 qui
704 685 1056 741 Ambrosiana
1107 685 1198 739 illa
1236 698 1265 738 e
1311 683 1403 738 lib.
1433 699 1490 738 Ill
1538 688 1590 741 in
1630 684 1740 738 He-

174 797 367 845 raem.,
401 795 526 851 cap.
556 782 643 847 l0,
677 795 822 833 num.
849 779 915 833 67
943 797 957 834 :
993 800 1012 832 ι
1039 780 1221 846 Itaque
1245 779 1285 831 si
1320 791 1511 846 magna
1542 778 1742 831 virtute

176 873 262 927 Uei
297 876 544 930 sterilem
592 873 858 927 bruchum
890 881 1029 927 terra
1074 871 1419 940 generavit,»
1463 876 1593 934 etc.,
1640 882 1740 923 cu-

173 954 369 1022 riosius
415 965 649 1024 scrutari
682 979 745 1021 ac
778 964 1117 1036 interpretari
1152 961 1435 1019 voluerunt
1466 978 1480 1015 :
1509 962 1649 1032 quod
1684 961 1740 1015 in

173 1072 333 1114 causa
384 1060 528 1121 fuit,
573 1072 670 1111 cur
717 1057 769 1112 in
806 1069 1045 1111 errorem
1097 1054 1229 1123 lapsi
1262 1067 1384 1108 esse
1434 1052 1737 1108 videantur.

174 1148 443 1219 Legerunt
484 1145 627 1200 enim
655 1146 748 1202 lib.
782 1161 834 1200 ιν
867 1143 1105 1211 ejusdem
1129 1144 1184 1197 in
1221 1143 1477 1199 Hexaem.
1507 1156 1629 1210 cap.
1665 1140 1687 1194 l
1723 1158 1737 1195 :

177 1260 195 1293 ι
226 1242 485 1296 Anterior
526 1240 758 1294 bruchus
784 1251 944 1306 quam
972 1235 1071 1302 sol,
1099 1255 1117 1288 ι
1150 1237 1239 1291 ubi
1270 1233 1373 1305 legi
1397 1240 1734 1304 oportuerat,

176 1351 196 1384 ι
225 1330 469 1386 anterior
496 1333 660 1387 rubus
688 1344 847 1399 quam
879 1328 979 1385 sol.
1006 1348 1026 1381 ι
1066 1326 1174 1383 Nec
1202 1328 1377 1392 aliter,
1416 1335 1569 1397 puto,
1616 1339 1741 1381 sen-

174 1423 287 1484 tiet,
319 1424 414 1492 qui
454 1432 614 1493 caput
651 1422 879 1490 primum
918 1419 1189 1477 Geneseos
1239 1419 1548 1488 perlegerit,
1584 1419 1738 1484 cujus

170 1529 233 1569 ex
271 1516 506 1571 lectione
539 1512 793 1582 colligere
842 1511 1057 1572 licebit,
1109 1518 1166 1561 ut
1219 1508 1420 1575 reliqua
1463 1510 1735 1576 animalia,

172 1606 239 1659 ita
270 1609 540 1661 brurbum
570 1622 675 1660 nou
711 1604 812 1657 nisi
843 1611 963 1670 post
985 1599 1260 1655 conditum
1287 1597 1452 1651 solem
1479 1597 1531 1649 in
1565 1597 1735 1650 lucem

171 1700 457 1768 pt'ozliisse.
493 1698 572 1751 Ex
627 1710 732 1763 quo
769 1694 829 1747 fit
872 1692 1008 1746 utsi
1050 1688 1367 1744 Ambrosius
1420 1688 1736 1756 scripserit,

175 1810 191 1841 ι
223 1792 470 1842 anterior
504 1786 741 1840 bruchus
784 1798 943 1854 quam
978 1781 1082 1848 sol,
1114 1799 1133 1834 ι
1167 1779 1338 1850 palam
1384 1780 1738 1835 convincatur

1847 610 1993 648 num.
2019 595 2106 662 l0,
2146 613 2163 644 ι
2194 590 2297 646 Sed
2328 592 2646 653 illuminatio
2675 589 2792 661 ejus
2834 590 3019 665 [ignis]
3060 590 3382 661 inexstiugui

1844 682 1970 737 bilis
1996 693 2077 737 est
2104 684 2169 736 ad
2197 680 2623 750 perfunctiouem
2648 683 2939 746 bonorum,
2995 682 3208 737 cxustio
3243 685 3402 736 vehe-

1842 783 1993 825 mens
2019 771 2085 824 ad
2126 770 2445 839 supplicium
2474 781 2842 837 peccatorum,
2883 788 2903 820 ι
2964 780 3220 827 revocant
3272 772 3401 824 mihi

1842 862 1895 915 in
1924 859 2239 915 memoriam
2266 868 2447 913 notam
2482 864 2767 928 quamdam
2811 860 3010 923 Dumei,
3033 877 3135 931 qua
3170 859 3400 918 similem

1840 952 2108 1007 Ambrosii
2161 950 2339 1006 locum
2399 965 2429 1005 e
2464 951 2557 1005 lib.
2618 966 2677 1003 ιιι
2733 953 2971 1020 ejusdem
3012 952 3066 1004 in
3122 953 3401 1016 nemnem,

1840 1057 1960 1111 cap.
2000 1043 2084 1104 15.
2139 1051 2232 1097 aut
2284 1042 2612 1108 emendavit,
2650 1051 2742 1096 aut
2790 1055 2935 1099 certe
2990 1045 3265 1099 emendari
3299 1043 3400 1097 sibi

1842 1134 1988 1186 visus
2014 1142 2117 1187 est.
2172 1133 2462 1202 Postquam
2494 1133 2659 1202 igitur
2690 1134 2869 1187 retulit
2893 1136 2980 1187 vir
3015 1134 3205 1188 doctus
3243 1135 3400 1184 verba

1840 1224 2136 1288 Ambrosii,
2170 1224 2273 1280 hoc
2300 1227 2458 1280 modo
2488 1242 2503 1279 :
2537 1241 2557 1277 ο
2591 1222 2913 1292 Prwjaciunt
2939 1226 3104 1279 ramis
3133 1225 3249 1293 ejus
3287 1223 3403 1291 pal--

1841 1330 2050 1370 marum
2075 1316 2319 1385 quaedam
2365 1317 2509 1372 velut
2537 1317 2741 1372 semina
2796 1314 3172 1377 mascularum,
3209 1314 3402 1383 quibus

1840 1404 1915 1459 illi
1941 1404 2087 1459 velut
2132 1404 2349 1475 quidam
2405 1420 2599 1461 sensus
2661 1404 3034 1476 perfruitiouis
3086 1403 3400 1467 infunditur,

1838 1509 1894 1553 et
1931 1497 2155 1567 expetiti
2184 1495 2508 1551 concubitus
2536 1498 2706 1564 gratia
2746 1504 3182 1567 repraesentetur,
3220 1514 3239 1547 ι
3275 1509 3390 1550 cono

1839 1587 2068 1643 fidenter
2122 1587 2317 1642 addit:
2356 1604 2375 1637 ι
2411 1585 2501 1639 Sic
2542 1586 2686 1640 enim
2737 1587 3130 1641 emendandum
3188 1598 3400 1650 censeo,

1837 1695 1959 1734 cum
2008 1680 2095 1736 hic
2141 1679 2330 1735 Graece
2381 1678 2608 1747 legatur,
2656 1678 2713 1729 ἐν
2760 1677 3107 1747 συναισθήσει
3146 1676 3245 1747 τῆς
3279 1676 3387 1729 ἀπο

1838 1770 2096 1835 λαύσεως.
2123 1791 2142 1824 ι
2163 1772 2422 1826 Duczeaua
2454 1768 2567 1824 haec
2589 1767 2881 1824 declaratio
2913 1768 3111 1821 dudum
3137 1770 3261 1823 mibi
3293 1768 3391 1838 pla-

170 1876 304 1930 falsi.
341 1876 452 1929 Sed
493 1876 571 1943 (α)
604 1874 690 1929 cui
731 1870 1037 1942 persuaderi
1078 1872 1274 1939 poterit
1324 1880 1529 1925 tantum
1561 1870 1737 1922 virum
1772 1870 1816 1925 Β
1846 1864 1977 1930 cuit,
2010 1872 2065 1917 et
2095 1860 2247 1917 valde
2272 1865 2564 1917 etiamnum
2596 1863 2787 1931 placet.
2830 1860 2984 1917 Unde
3021 1862 3066 1917 si
3096 1862 3218 1933 quis
3277 1874 3398 1914 eon-

171 1971 219 2019 in
248 1976 463 2020 tantum
494 1980 735 2020 errorem
763 1962 1053 2018 incidisse?
1080 1961 1219 2017 Puto
1258 1962 1421 2033 igitur
1448 1976 1570 2015 eum
1602 1962 1734 2015 scri-

168 2060 353 2126 psisse,
398 2078 419 2111 ι
452 2059 695 2112 anterior
728 2058 890 2111 rubus
935 2071 1095 2125 quam
1128 2056 1227 2110 sol.
1252 2073 1270 2105 ι
1323 2054 1509 2123 quue
1558 2055 1735 2108 minus

168 2152 351 2206 dubito
393 2152 527 2219 quin
561 2152 675 2203 ba2c
706 2148 995 2216 scriptura,
1047 2166 1065 2197 ι
1100 2148 1285 2209 rubus,
1312 2163 1330 2197 ι
1366 2161 1502 2203 vera.
1542 2145 1612 2198 sit
1646 2160 1735 2212 ge-

169 2243 349 2304 nuina,
381 2239 528 2306 quod
566 2237 637 2291 ita
675 2246 731 2290 et
778 2238 829 2290 in
874 2236 1149 2290 codicibus
1190 2234 1372 2289 multis
1403 2245 1457 2290 et
1498 2235 1552 2288 in
1578 2235 1737 2289 editis

167 2335 415 2387 omnibus
445 2330 600 2385 libris
627 2329 883 2400 scriptum
909 2328 1267 2383 inveniamus.
1292 2328 1435 2383 Cave
1456 2327 1737 2381 existimes

167 2428 429 2481 brucbum
480 2425 550 2480 ab
605 2425 889 2479 Ambrosio
937 2439 1033 2495 pro
1090 2424 1310 2478 arbusto
1358 2421 1529 2476 sterili
1584 2434 1730 2474 sumo

168 2530 307 2590 pjum
357 2532 486 2572 esse
537 2518 589 2570 iu
624 2532 691 2572 eo
738 2532 896 2586 quem
939 2518 1099 2571 citavi
1147 2517 1288 2571 loco.
1336 2513 1546 2568 Etenim
1599 2513 1735 2565 dixit

168 2610 488 2662 Ambrosius
530 2610 770 2661 sterilem
823 2610 1120 2671 bruebum,
1164 2622 1271 2660 non
1318 2604 1457 2674 quod
1500 2604 1733 2657 bruchus

172 2707 451 2756 arbustum
483 2700 671 2756 sterile
704 2702 795 2765 sit,
821 2703 913 2757 sed
940 2702 1080 2770 quod
1125 2698 1477 2756 corrodendis
1500 2695 1735 2749 arbustis

167 2788 503 2843 sterilitatem
550 2788 784 2843 inducat.
848 2786 1160 2854 Quanquam
1215 2792 1393 2837 autem
1427 2795 1548 2855 quae
1600 2780 1731 2843 dixi,

170 2879 296 2933 satis
328 2894 609 2949 superque
636 2894 730 2947 per
761 2891 817 2932 se
848 2886 1090 2948 pateant,
1136 2883 1362 2946 possunt
1412 2884 1588 2928 tamen
1626 2888 1729 2926 non

165 2984 349 3035 parum
400 2972 588 3025 verbis
624 2969 807 3023 Basilii
837 2968 1167 3024 confirmari.
1234 2968 1362 3020 llxc
1391 2974 1570 3020 autem
1607 2974 1732 3019 sunt

168 3062 345 3117 boniil.
373 3062 409 3113 6
432 3101 447 3123 ,
487 3078 635 3114 num.
673 3061 744 3115 ‘2:
783 3062 848 3112 Ἦ
903 3060 976 3129 γῆ
1012 3059 1337 3128 πεπλήρωτο
1364 3060 1474 3121 τοῖς
1513 3058 1731 3119 οἰκείοις

165 3154 483 3223 γεννήμασι,
511 3152 581 3205 τά
601 3170 660 3205 τε
686 3152 854 3223 μυρία
873 3151 1001 3223 γένη
1027 3150 1134 3204 τῶν
1162 3149 1399 3221 βοτανῶν
1434 3147 1732 3219 ὲκδλαστή-

1844 1953 2089 2008 tenderet
2122 1950 2409 2021 legendum
2444 1965 2567 2005 esse
2606 1952 2746 2021 apud
2771 1952 3112 2006 Ambrosium
3140 1952 3195 2005 in
3249 1960 3399 2005 utro-

1841 2060 1946 2115 que
1972 2060 2132 2116 quem
2163 2044 2452 2100 citavimus
2490 2042 2628 2110 loco,
2663 2060 2683 2095 ι
2714 2042 3016 2112 perfruitio,
3055 2060 3074 2093 ι
3109 2042 3197 2095 ubi
3230 2060 3247 2093 ι
3283 2055 3388 2111 per-

1842 2137 2007 2191 functi
2044 2156 2063 2189 ι
2101 2137 2299 2207 legitur
2330 2136 2384 2190 in
2420 2136 2603 2203 editis,
2640 2136 2711 2192 ab
2738 2134 2854 2204 ejus
2884 2134 3137 2205 opinione
3173 2148 3278 2188 non
3329 2132 3400 2186 ita

1845 2227 2069 2281 multum
2104 2227 2370 2280 abessem.
2402 2225 2471 2279 Et
2511 2238 2568 2281 ut
2599 2236 2806 2282 taceam
2836 2240 2979 2282 nunc
3030 2225 3097 2279 de
3145 2222 3399 2278 emenda-

1844 2320 1988 2373 tione
2046 2317 2246 2383 Ducrei,
2275 2317 2507 2372 dubitari
2546 2318 2629 2371 vix
2682 2333 2839 2388 posse
2897 2318 3134 2373 arbitror
3188 2316 3317 2387 quin
3350 2316 3398 2369 in

1840 2412 1945 2468 alio
1978 2410 2098 2467 loco
2150 2408 2254 2479 legi
2300 2418 2571 2478 oporteat,
2604 2426 2624 2460 ‹
2662 2409 2727 2461 ad
2784 2408 3187 2477 perfruitionem
3231 2410 3396 2464 bons-

1841 2520 1983 2571 rum,
2024 2523 2044 2557 ι
2089 2518 2210 2558 cum
2260 2502 2401 2557 hunc
2468 2501 2739 2557 Ambrosii
2785 2500 2959 2555 locum
2990 2499 3057 2553 ad
3116 2499 3335 2555 verbum
3374 2513 3395 2553 ε

1841 2594 2037 2650 Basilio
2078 2608 2395 2651 conversum
2456 2609 2577 2649 esse
2616 2595 2791 2663 palam
2830 2593 2921 2648 sit.
2974 2590 3303 2646 Proferimus
3351 2590 3393 2645 ir

1842 2688 2073 2741 medium
2102 2689 2262 2742 verba
2279 2687 2458 2741 Basilii
2489 2701 2556 2740 ex
2586 2685 2827 2739 oratione
2854 2695 3005 2739 sexta
3036 2686 3091 2737 in
3117 2683 3393 2738 Ilexacm..

1841 2794 1988 2832 num.
2019 2779 2073 2843 5,
2101 2791 2294 2833 utcum
2321 2777 2691 2833 Ambrosianis
2707 2777 2917 2847 possint
2951 2773 3394 2843 comparari.Ka.‘

1836 2871 1898 2924 τὸ
1936 2871 2033 2941 μὲν
2077 2871 2193 2940 φῶς
2225 2872 2305 2933 είς
2335 2869 2631 2924 ἀπόλαυσιν
2678 2871 2792 2934 τοῖς
2820 2868 3079 2933 δικαίοις,
3109 2866 3172 2920 τὸ
3203 2868 3260 2921 δὲ
3304 2867 3392 2936 τῆ·

1836 2963 2079 3028 καύσεως
2100 2962 2356 3035 ὢυνηρὸν
2376 2963 2487 3023 τοῖς
2504 2959 2880 3032 κολαζομένοις
2896 2958 3378 3031 ἀποταχθήσεσθσι

1843 3074 1863 3106 ι
1892 3055 1959 3109 Et
1987 3054 2125 3116 fore.
2156 3064 2213 3109 ut
2240 3054 2332 3108 lux
2364 3053 2579 3123 quidem
2609 3052 2663 3106 in
2692 3051 3005 3107 fruitionem
3032 3049 3196 3118 justls
3224 3088 3240 3113 ,
3268 3050 3371 3103 adu

1839 3146 2030 3199 stionis
2055 3159 2185 3199 vero
2233 3146 2504 3200 acerbitas
2531 3142 2817 3213 puniendis
2844 3141 3164 3197 destinetur.
3212 3158 3231 3192 ι
3293 3138 3373 3194 No

164 3260 319 3309 σατα,
358 3248 458 3299 καὶ
510 3245 873 3309 παντοδαποῖς
926 3245 1090 3299 εἴδεσι
1125 3242 1309 3315 φυτῶν
1340 3242 1726 3313 εὐθηνουμένη.

1833 3245 1997 3289 stram
2047 3234 2185 3290 hanc
2238 3234 2605 3304 conjecturam
2659 3233 2906 3288 nonnihil
2969 3233 3097 3286 hinc
3151 3231 3391 3308 adjuvari

164 3334 349 3398 Ἤλιος
379 3335 440 3387 δὲ
469 3334 626 3387 οῠπω
658 3331 746 3405 ἦν,
800 3335 895 3388 καὶ
926 3334 1145 3405 σελήνη.
1201 3352 1221 3385 ι
1282 3333 1447 3389 Terra
1499 3333 1730 3403 propriis

167 3426 499 3493 germinibus
536 3436 652 3481 erat
702 3427 899 3482 referta
935 3444 950 3480 :
989 3425 1425 3495 quandoquidem
1471 3434 1527 3479 et
1578 3426 1731 3479 innu-

169 3533 309 3571 mera
366 3518 669 3589 protulerat
728 3518 1017 3573 herbarum
1074 3526 1379 3589 genera,et
1403 3516 1729 3572 omnimodis

166 3611 467 3677 plantarum
524 3611 805 3682 speciebus
874 3611 1225 3667 exuberabat.
1272 3610 1509 3666 Necdum
1552 3621 1726 3665 tamen

164 3712 273 3756 erat
295 3704 399 3769 sol,
441 3713 537 3755 aut
565 3701 711 3756 luna.
748 3721 767 3753 ι
794 3701 1004 3757 Etenim
1035 3703 1177 3770 quod
1216 3701 1450 3757 Basilius
1476 3703 1728 3755 universe

165 3794 291 3846 dixit
320 3795 388 3848 de
416 3793 725 3856 fruticibus,
759 3793 810 3847 id
844 3792 1342 3862 speciatimdixisse
1362 3792 1726 3855 Ambrosium,

164 3883 250 3936 lib.
308 3899 381 3944 IV,
444 3900 595 3938 num.
626 3886 677 3949 l,
713 3885 779 3939 de
836 3885 972 3938 rubo
1005 3886 1349 3953 perspicuum
1405 3892 1508 3939 est.
1558 3883 1623 3939 Et
1671 3884 1725 3938 in

162 3973 335 4027 verbis
393 3973 500 4027 illis
560 3987 678 4041 qua:
726 3973 970 4041 proxime
1017 3984 1335 4043 sequuntur,
1397 3991 1417 4025 ι
1450 3974 1557 4029 noli
1597 3988 1725 4045 ergo

163 4062 319 4117 Deum
363 4067 616 4129 credere,
651 4064 737 4118 cui
772 4064 923 4119 vides
986 4064 1077 4119 Dei
1134 4080 1356 4119 munera
1392 4079 1510 4119 esse
1541 4066 1727 4134 praela-

166 4164 232 4219 ta,
258 4171 277 4204 ι
312 4152 537 4218 aliquod
563 4166 776 4220 quoque
803 4153 992 4207 vitium
1028 4154 1205 4209 inesse
1225 4155 1491 4222 suspicor.
1511 4153 1722 4209 Etenim

161 4244 280 4310 quid
334 4242 440 4297 sibi
492 4240 619 4296 velit
658 4241 806 4306 illud,
861 4260 880 4292 ι
928 4243 1036 4297 noli
1066 4258 1194 4311 ergo
1227 4242 1389 4298 Deum
1416 4245 1660 4312 credere,
1700 4264 1717 4295 ι

162 4348 258 4386 non
291 4334 429 4388 satis
458 4332 723 4401 intelligo.
753 4332 879 4387 Mihi
936 4343 1113 4387 autem
1162 4334 1454 4389 verisimile
1486 4333 1577 4397 flt,
1628 4350 1724 4403 pro

159 4423 239 4479 bis
265 4425 472 4488 7erbis,
517 4442 538 4475 ‹
572 4423 679 4479 noli
712 4438 840 4494 ergo
877 4424 1040 4478 Deum
1073 4424 1320 4488 credere,
1344 4442 1380 4477 ·›
1426 4425 1528 4493 legi
1560 4440 1722 4495 opor—

161 4525 293 4579 tere,
341 4532 361 4567 ι
407 4513 514 4569 noli
547 4528 675 4584 ergo
712 4514 819 4571 Deo
862 4530 966 4571 non
992 4518 1214 4571 credere
1239 4515 1372 4587 (61).
1403 4536 1422 4570 ι
1474 4516 1550 4572 lta
1577 4520 1719 4573 enim

157 4609 355 4673 optime
384 4606 564 4661 oratio
607 4607 916 4662 cohaerebit.
950 4605 1064 4663 Hoc
1113 4608 1257 4662 enim
1289 4610 1502 4664 videtur
1541 4610 1720 4665 dicere

158 4695 473 4753 Ambrosius
510 4714 526 4750 :
554 4697 662 4752 Etsi
687 4697 765 4752 sol
799 4705 854 4752 et
901 4698 1020 4753 aliae
1048 4700 1291 4770 quaedam
1340 4710 1601 4756 creatura:
1623 4717 1719 4772 pro

159 4788 256 4842 diis
316 4788 586 4852 colantur,
639 4802 873 4859 veroque
926 4792 1035 4845 Deo
1092 4789 1480 4861 praeferantur,
1548 4810 1568 4844 ‹
1610 4794 1718 4847 noli

158 4888 437 4949 propterea
475 4879 589 4936 Deo
620 4894 729 4939 non
757 4882 993 4937 credere.
1039 4900 1059 4933 ι
1114 4879 1285 4951 Hujus
1314 4882 1717 4952 interpretatio-

156 4973 234 5026 nis
260 4983 542 5028 auctorem
571 4972 745 5029 babeo
776 4972 1120 5028 Ambrosium
1158 4974 1354 5043 ipsum,
1391 4976 1479 5043 qui
1510 4973 1600 5029 lib.
1632 4990 1716 5039 ιιι,

157 5080 301 5117 num.
334 5062 424 5128 27,
478 5064 559 5118 sic
590 5063 872 5135 loquitur:
908 5081 929 5115 ί
964 5062 1150 5119 Solent
1174 5065 1317 5119 enim
1357 5065 1598 5135 plerique
1637 5067 1715 5120 di-

156 5170 273 5209 cere
300 5175 314 5210 :
347 5156 456 5211 Nisi
487 5156 805 5211 clementior
830 5153 960 5211 solis
989 5154 1137 5211 calor
1180 5155 1489 5224 tepefecerit
1520 5164 1713 5223 terras,

155 5259 200 5299 et
232 5247 635 5317 quodammodo
660 5246 825 5301 radiis
844 5246 959 5300 suis
990 5243 1212 5309 foverit,
1246 5259 1349 5300 non
1381 5246 1577 5314 poterit
1598 5259 1719 5313 ger-

156 5338 360 5391 minare
387 5346 531 5391 terra
554 5354 570 5403 ;
593 5347 650 5391 et
684 5346 965 5406 propterea
1001 5344 1192 5405 gentes
1249 5335 1488 5389 divinum
1544 5336 1716 5390 bono-

156 5445 264 5483 rem
296 5430 555 5497 deputant
588 5427 713 5493 soli,
753 5429 894 5497 quod
926 5429 1125 5481 virtute
1170 5426 1368 5481 caloris
1419 5426 1500 5480 sui
1555 5436 1716 5481 terra-

157 5535 267 5576 rum
302 5532 545 5591 penetret
567 5519 743 5585 sinus,
782 5538 800 5571 ο
840 5529 945 5573 etc.

219 5638 299 5710 (α)
335 5640 504 5710 Leges
536 5648 721 5693 notam
750 5637 1000 5706 primam,
1031 5653 1083 5707 p.
1109 5636 1196 5691 65.

1831 3328 2222 3389 existimamus,
2272 3328 2414 3394 quod
2456 3328 2846 3381 admoneamur
2897 3324 2949 3379 in
2983 3323 3145 3388 notis,
3185 3323 3390 3379 codices

1836 3433 1967 3474 mss.
2004 3434 2110 3474 non
2138 3418 2239 3473 sibi
2276 3427 2550 3483 constare,
2580 3416 2904 3473 habentibus
2927 3417 3082 3485 aliis,
3126 3434 3145 3467 ι
3185 3416 3250 3469 ad
3276 3429 3372 3484 per

1828 3510 2113 3566 fectiouem
2138 3511 2421 3577 bonorum,
2455 3528 2474 3562 ι
2529 3511 2673 3577 aliis,
2724 3528 2744 3561 ι
2782 3512 2849 3563 ad
2888 3508 3339 3579 perfunctionem.
3372 3525 3391 3558 ι

1830 3599 2295 3655 Verisimillimum
2329 3604 2473 3655 enim
2511 3599 2643 3653 mibi
2668 3599 2903 3663 videtur,
2951 3600 2996 3654 si
3039 3598 3255 3653 codices
3283 3597 3387 3667 plu-

1830 3708 1917 3746 res
1940 3692 2369 3756 consulerentur,
2392 3691 2528 3756 fore,
2565 3700 2626 3745 ut
2656 3690 2898 3745 nonnulli
2945 3691 3264 3753 scripturam
3306 3704 3389 3744 ve-

1831 3798 1942 3837 ram
1974 3797 2390 3854 germanamque
2414 3784 2753 3849 exhiberem,
2812 3783 2916 3837 hoc
2953 3792 3059 3846 est,
3100 3799 3120 3833 ι
3167 3780 3385 3851 perfrui-

1830 3876 2052 3941 tionem,
2095 3894 2115 3929 ι
2174 3891 2281 3931 non
2339 3896 2357 3930 ι
2391 3875 2803 3949 perfectionem,
2840 3896 2859 3929 ι
2896 3890 3070 3946 neque
3114 3892 3135 3926 ι
3182 3873 3373 3943 perfuu

1827 3968 2081 4023 ctionem.
2116 3987 2135 4021 ι

1894 4057 1984 4110 27.
2010 4056 2354 4112 Conveniunt
2410 4057 2554 4111 inter
2591 4071 2652 4111 se
2676 4064 2730 4112 et
2780 4055 2908 4111 editi
2944 4064 2997 4111 et
3019 4054 3233 4112 codices
3260 4069 3373 4110 mss

1826 4148 1879 4202 in
1909 4164 1973 4203 eo
1994 4149 2133 4212 loco,
2165 4150 2255 4203 ubi
2278 4148 2505 4204 Basilius
2530 4165 2831 4205 sermonem
2861 4150 3091 4206 instituit
3120 4151 3187 4204 de
3214 4150 3386 4203 vultu-

1826 4239 1994 4294 ribus.
2022 4238 2148 4311 Ejus
2177 4241 2289 4293 baec
2314 4251 2439 4294 sunt
2465 4242 2626 4297 verba
2664 4244 2906 4296 oratione
2939 4243 2972 4296 8
2999 4243 3054 4294 in
3109 4239 3386 4294 Ηεπαεηι..

1825 4346 1973 4384 num.
1999 4330 2033 4383 6
2061 4348 2075 4383 :
2122 4330 2299 4385 Πολλὰ
2357 4332 2465 4385 τῶν
2512 4333 2743 4404 ὀρνίθων
2774 4334 2905 4403 γένη
2942 4333 3094 4386 οὐδὲν
3123 4332 3259 4404 πρὸς
3294 4332 3387 4405 τὴν

1824 4424 2018 4495 κύησιν
2060 4422 2227 4477 δεῖται
2257 4426 2355 4496 τῆς
2392 4426 2501 4478 τῶν
2546 4427 2790 4497 ἀρρένων
2825 4426 3158 4497 ἐπιπλοκῆς
3188 4426 3305 4479 ἀλλ’
3334 4428 3387 4480 ὲι.

1829 4514 1925 4584 μὲν
1971 4517 2081 4578 τοῖς
2136 4513 2313 4581 ἄλλοις
2354 4518 2523 4585 ἄγονά
2572 4520 2685 4571 ἐστι
2725 4517 2792 4571 τὰ
2830 4518 3134 4590 ὑπηνέμια·
3171 4518 3298 4581 τοὺς
3334 4518 3385 4571 δὲ

1827 4607 2003 4675 γύπας
2024 4611 2183 4678 φασὶν
2204 4609 2588 4673 ἀσυνδυάστως
2614 4609 2819 4663 τίκτειν
2854 4610 2929 4673 ὡς
2981 4608 3052 4661 τὰ
3083 4608 3273 4673 πολλὰ,
3298 4610 3384 4662 καὶ

1822 4699 1990 4753 ταῦτα
2023 4700 2500 4772 μακροϐιωτάτους
2527 4702 2712 4764 ὄντας·
2745 4698 2827 4765 οἷς
2859 4718 2923 4768 γε
2971 4701 3162 4771 μέχρις
3196 4701 3384 4755 ἑκατὸν

1822 4789 1979 4853 ἐτῶν,
2008 4790 2084 4852 ὡς
2109 4790 2177 4843 τὰ
2213 4790 2401 4853 πολλὰ,
2442 4791 2877 4862 παρατείνεταιή
2904 4788 3036 4861 ζωή.
3096 4788 3265 4842 Τοῦτό
3298 4807 3381 4861 μοι

1820 4881 1909 4952 ἔχε
1939 4883 2533 4954 παρασεσημειωμένον
2581 4886 2646 4935 ἐκ
2684 4884 2783 4953 τῆς
2813 4884 2937 4950 περὶ
2985 4884 3112 4947 τοὺς
3166 4882 3379 4954 ὄρνιθας,

1824 4973 2082 5045 ἱστορίας,
2140 4975 2205 5028 ἶν’
2230 4975 2447 5029 ἐπειδάν
2495 4991 2625 5026 ποτε
2680 4976 2793 5048 ἴδῃς
2816 4974 3086 5043 γελῶντας
3136 4991 3288 5037 τινας
3326 4974 3378 5026 τὶ

1825 5067 2116 5136 μυστήριον
2146 5067 2325 5138 ἡμῶν,
2351 5067 2427 5129 ὡς
2453 5067 2709 5120 ἀδυνάτου
2734 5068 2882 5130 ὄντος
2906 5067 2998 5119 καὶ
3023 5066 3128 5130 ἔξω
3156 5066 3255 5136 τῆς
3288 5065 3369 5134 φύ-

1822 5176 1957 5222 σεως
1979 5160 2245 5230 παρθένον
2268 5165 2463 5225 τεκεῖν,
2493 5160 2594 5230 τῆς
2631 5159 2926 5229 παρθενίας
2958 5159 3130 5227 αὐτῆς
3184 5156 3369 5227 φυλατ-

1812 5251 2044 5323 τομένης
2083 5254 2369 5325 ἀχράντου,
2391 5254 2701 5326 ὲνθυμηθῇς
2721 5254 2801 5307 ὅτι
2831 5255 2859 5305 ὁ
2886 5251 3185 5322 εὐδοκήσας
3222 5253 3279 5303 ὲν
3309 5254 3375 5320 τῇ

1814 5344 1995 5415 μωρίᾳ
2023 5344 2117 5397 τοῦ
2150 5347 2498 5417 κηρύγματος
2522 5347 2692 5401 σῶσαι
2717 5347 2844 5408 τοὺς
2874 5343 3241 5409 πιστεύοντας,
3275 5360 3371 5413 μυ-

1812 5436 1935 5504 ρίας
1989 5437 2053 5488 ὲκ
2100 5438 2198 5507 τῆς
2248 5438 2459 5506 φύσεως
2486 5437 2738 5511 ἀφορμὰς
2772 5434 2910 5507 πρὸς
2939 5435 3036 5504 τὴν
3066 5433 3245 5487 πίστιν
3268 5433 3373 5485 τῶν

1811 5524 2125 5594 παραδόξων
2150 5526 2489 5581 κατεϐάλετο.
2532 5545 2551 5579 ι
2591 5526 2772 5581 Multis
2794 5526 2971 5578 avium
2995 5522 3279 5593 generibus
3311 5526 3372 5573 ad

217 5754 327 5823 (8|)
358 5753 762 5823 Halluciuatum
792 5764 870 5816 se,
910 5766 1029 5823 cum
1058 5753 1168 5805 lucc
1210 5750 1492 5823 scriberet,
1525 5749 1827 5823 fatetur_D.
1876 5752 2169 5810 Garnerius
2197 5754 2250 5809 in
2281 5750 2602 5808 Praefatione
2648 5758 2777 5806 tom.
2816 5746 2858 5803 l!
2903 5745 3037 5820 [lli],
3074 5746 3105 5821 ς
3141 5762 3251 5814 xw,
3286 5748 3367 5803 cui

154 5820 351 5881 tituluin
412 5825 544 5881 fecit
598 5840 615 5878 :
664 5820 741 5876 De
790 5821 977 5876 erratis
1034 5822 1346 5891 quibusdam
1396 5822 1541 5889 meis,
1592 5833 1696 5876 etc.
1737 5821 1894 5877 Enn.
