4088 6310
683 386 785 428 σεο

2039 359 2575 420 ΡηοιεεοδιΕΝΑ.

678 492 1002 551 (το-ιοοριυηι
1035 479 1169 535 nihil
1197 492 1332 546 opus
1369 485 1450 531 est
1501 478 1732 531 marium
1763 477 1951 547 copula
1989 493 2003 528 :
2050 482 2144 536 sed
2190 482 2240 533 in
2270 480 2316 536 Α
2348 474 2735 528 ircarnationis
2780 470 3029 526 decorem
3070 468 3346 539 probaret,
3375 482 3427 526 et
3458 479 3727 527 astrueret
3766 475 3893 526 veri»

679 575 799 627 aliis
853 573 1139 641 generibus
1193 570 1333 623 edita
1366 570 1501 622 citra
1533 569 1731 624 coitum
1764 586 1895 633 ova,
1956 569 2240 627 infecunda

680 674 828 720 sunt.
855 664 1063 720 Ferunt
1099 670 1280 717 autem
1314 662 1432 717 sine
1462 663 1606 717 coitu
1640 670 1698 717 ut
1751 664 2042 734 plurimum
2084 680 2241 735 pare-

680 765 742 806 re
770 755 1032 812 vultures,
1057 747 1183 802 licet
1212 746 1448 801 maxime
1489 747 1758 813 longaevos
1787 762 1801 801 :
1832 747 2026 815 quippe
2050 751 2244 819 quibus

679 846 790 899 vita
825 843 889 897 ad
929 849 1146 895 centum
1174 853 1344 910 usque
1377 854 1545 893 annos
1586 838 1903 908 plerumque
1964 841 2244 909 protenda-

686 945 790 989 tur.
825 933 880 987 ld
927 932 1086 986 velim
1120 941 1364 987 notatum
1394 930 1803 986 etobservatum
1840 945 1905 985 ex
1941 933 2125 987 alitum
2162 932 2245 985 bi-

681 1023 867 1087 storia,
897 1029 955 1075 ut
997 1022 1045 1075 si
1101 1020 1314 1089 quando
1361 1020 1646 1077 nonnullos
1677 1020 1874 1074 videris
1929 1024 2243 1093 mysterium

683 1125 925 1171 nostrum
951 1112 1198 1176 irridere,
1224 1113 1375 1182 quasi
1405 1111 1520 1167 ﬁeri
1549 1121 1803 1183 nequeat,
1838 1122 1892 1167 et
1923 1115 2078 1184 quasi
2114 1115 2184 1169 sit
2214 1128 2243 1167 a

682 1217 875 1260 natura
910 1202 1167 1269 alienum,
1194 1211 1253 1255 ut
1284 1202 1437 1271 virgo
1457 1244 1472 1270 ,
1503 1203 1809 1271 virginitate
1866 1204 1981 1272 ejus
2026 1203 2247 1258 inteme-

683 1300 802 1347 rata
827 1301 1196 1359 permanente,
1220 1294 1509 1363 pepererit,
1530 1291 1711 1345 veniat
1758 1294 1810 1345 in
1859 1300 2090 1347 mentem
2126 1294 2244 1357 tibi,

683 1383 871 1449 Deum,
902 1383 985 1437 cui
1026 1397 1123 1452 per
1181 1382 1575 1454 praedicationis
1632 1381 1915 1436 stultitiam
1968 1385 2247 1439 credentes

682 1472 861 1527 salvos
899 1471 1080 1530 facere
1102 1474 1283 1537 libuit,
1309 1473 1589 1526 innumera
1620 1471 2003 1539 incitamenta,
2032 1475 2099 1530 ab
2133 1475 2247 1545 ipsa

684 1576 874 1619 natura
907 1566 1210 1633 desumpta,
1243 1565 1309 1618 ad
1343 1564 1499 1620 fidem
1545 1566 1709 1621 rebus
1761 1567 2039 1634 stupendis
2069 1564 2250 1620 conci-

684 1657 919 1710 liandam
970 1655 1024 1709 in
1084 1664 1420 1711 antecessum
1486 1657 1847 1727 proposuisse.
1887 1675 1903 1707 ι
1968 1654 2093 1711 Huic
2131 1670 2249 1724 quae

683 1747 924 1817 longiora
955 1748 1182 1802 fortasse
1208 1747 1550 1809 videbuntur,
1584 1762 1691 1801 non
1724 1746 1844 1801 ideo
1880 1746 2079 1811 retuli,
2107 1747 2249 1816 quod

2350 566 2553 619 tatem?
2588 585 2607 618 ι
2642 564 2809 619 Nemo
2844 578 2947 617 non
2976 562 3117 615 videt
3163 560 3504 617 Ambrosium
3560 564 3750 618 istltaec
3794 563 3893 618 fere

2348 659 2415 711 ad
2442 659 2663 713 verbum
2690 658 3023 711 convertisse
3064 669 3094 707 e
3117 651 3313 707 Basilio
3332 692 3347 717 ,
3375 655 3468 706 sed
3512 658 3581 710 ita
3615 667 3814 717 tamen,
3844 663 3895 708 ut

2347 765 2409 805 ea
2438 746 2835 819 quodammodo
2868 762 2963 801 sua
2996 746 3190 801 fecisse
3211 746 3469 806 videatur,
3505 758 3597 801 aut
3639 747 3893 811 ornando,

2348 849 2443 895 aut
2475 839 2802 909 ampliando.
2828 836 2913 901 Et,
2945 838 3086 905 quod
3120 838 3185 891 ad
3246 851 3356 891 rem
3400 835 3652 904 pertinet,
3704 836 3895 908 perspi-

2348 946 2507 985 cuum
2559 936 2643 983 est
2688 944 2751 983 ex
2798 928 2905 995 his,
2956 927 3297 981 Ambrosium
3346 942 3451 983 non
3498 926 3655 980 aliter
3715 929 3897 999 legisse

2351 1029 2509 1089 atque
2532 1034 2673 1073 nunc
2696 1018 2929 1089 legitur:
2964 1016 3015 1070 id
3064 1019 3204 1087 quod
3258 1018 3547 1084 suspicioni
3600 1016 3897 1075 Combelisii

2351 1128 2458 1165 non
2519 1110 2695 1165 minus
2752 1111 3108 1174 adversatur,
3172 1123 3332 1177 quam
3380 1124 3569 1179 magna
3625 1108 3717 1161 illa
3749 1126 3899 1178 quam

2353 1204 2507 1257 initio
2557 1203 2738 1256 testati
2787 1216 2973 1255 sumus
3024 1202 3282 1255 librorum
3325 1202 3500 1255 omnis
3531 1199 3747 1269 generis
3782 1217 3901 1257 con-

2352 1294 2550 1348 sensio.
2594 1294 2816 1349 Accedit
2842 1292 3005 1345 etiam
3046 1292 3189 1362 quod
3224 1301 3380 1347 vetus
3408 1295 3679 1358 interpres
3725 1291 3903 1347 Eusta-

2355 1385 2498 1440 thius
2538 1386 2632 1451 ita,
2671 1393 2727 1438 ut
2750 1383 3015 1450 hodieque
3054 1384 3273 1454 legitur,
3304 1383 3495 1451 legerit
3529 1391 3583 1436 et
3619 1383 3756 1453 ipse.
3786 1384 3903 1438 Vide

2353 1477 2740 1546 Appendicem.
2775 1474 2928 1540 Quod
2983 1474 3130 1529 addit
3164 1475 3536 1539 Combelisius,
3573 1492 3593 1524 ι
3664 1475 3902 1531 Subven-

2357 1576 2510 1621 tanea
2539 1566 2785 1626 fecunda,
2814 1569 2957 1633 quod
2996 1569 3311 1637 ascriptum,
3347 1581 3413 1621 ex
3461 1565 3704 1635 margine
3763 1568 3906 1621 obre-

2359 1660 2483 1727 psit,
2522 1677 2541 1709 )
2576 1659 2627 1711 id
2672 1659 2865 1710 mirum
2896 1656 3065 1711 videri
3100 1666 3311 1726 potest,
3347 1672 3467 1712 cum
3514 1658 3630 1711 hac
3677 1665 3907 1725 pugnent

2358 1752 2500 1804 inter
2546 1763 2604 1802 se
2641 1764 2655 1801 :
2690 1750 2783 1802 sed
2840 1748 3121 1817 scripsisse
3170 1752 3345 1804 virum
3392 1750 3607 1804 doctum
3656 1747 3907 1809 arbitror,

685 1841 905 1895 allatam
935 1856 962 1894 a
992 1840 1193 1895 Basilio
1225 1840 1289 1893 de
1323 1838 1625 1893 vulturibus
1646 1838 1930 1893 historiam
1979 1840 2202 1907 probem
2237 1864 2248 1896 :
2285 1840 2327 1895 B
2357 1863 2376 1895 ‹
2410 1844 2771 1897 subventanea
2834 1841 3140 1906 infecunda,
3174 1862 3192 1894 ι
3246 1845 3315 1897 ob
3361 1843 3451 1897 illa
3498 1842 3707 1908 Basilii,
3751 1843 3911 1909 ἄγονα

686 1935 778 1986 sed
798 1934 923 1985 utin
956 1941 1272 1987 transcursu
1308 1930 1530 1988 doceam
1562 1933 1708 1987 hunc
1736 1931 1913 1985 Basilii
1948 1932 2023 2002 (a)
2074 1932 2247 1987 locum

686 2037 879 2076 sanum
904 2037 1025 2077 esse
1051 2031 1105 2078 et
1135 2023 1530 2091 incorruptum.
1578 2022 1694 2075 Non
1740 2037 1956 2091 possunt
2014 2023 2177 2094 igitur
2222 2039 2251 2077 a

684 2112 1012 2169 Combelisio
1070 2112 1232 2167 aliter
1288 2112 1555 2166 sentiente
1618 2126 1723 2165 non
1778 2112 2091 2168 dissentire.
2148 2115 2252 2169 Sed

688 2203 861 2272 ipsum
921 2203 1221 2257 audiamus.
1256 2203 1571 2268 «Laborat,
1626 2203 1835 2273 inquit,
1897 2216 2078 2275 aperte
2142 2219 2254 2261 tex-

688 2301 801 2357 tus,
859 2290 1165 2362 falsumque
1218 2292 1415 2363 ingerit
1472 2307 1688 2347 sensum
1726 2333 1742 2358 ,
1777 2309 1935 2362 quem
1987 2294 2254 2360 interpres

688 2386 992 2457 expressit;
1044 2387 1199 2455 quasi
1250 2387 1331 2442 sic
1370 2388 1654 2456 concipere
1686 2390 1888 2453 absque
1925 2398 2072 2438 mare
2104 2399 2255 2437 com-

689 2494 855 2534 mune
905 2479 976 2533 sit
1021 2478 1265 2548 pluribus
1299 2479 1478 2531 avium
1510 2477 1819 2546 generibus.
1870 2475 1926 2529 ln
1963 2492 2068 2530 uno
2104 2475 2255 2531 Basi-

690 2568 795 2623 lius
821 2568 1122 2637 exemplum
1152 2568 1366 2636 posuit,
1398 2582 1496 2621 nec
1540 2554 2010 2623 alia-sollicitavit.
2045 2567 2136 2621 Sic
2164 2584 2255 2623 er-

691 2678 759 2732 go
784 2662 1032 2725 emendo,
1085 2659 1221 2732 γένη
1278 2654 1353 2714 ὧν
1409 2660 1466 2713 ἓν
1504 2660 1655 2728 οὐδὲ,
1710 2676 1930 2729 quorum
1978 2678 2138 2713 unum
2196 2679 2259 2716 ne

694 2754 923 2807 marium
984 2754 1191 2823 quidem
1262 2753 1452 2820 capulo
1534 2770 1662 2818 apua
1726 2754 1917 2819 habet,
1988 2755 2258 2808 vulturum

696 2847 904 2903 scilicet
940 2846 1124 2917 :qttod
1176 2846 1350 2918 ipsum
1388 2846 1592 2899 incerta
1635 2842 1775 2897 fama
1811 2845 1996 2899 refert.
2042 2864 2060 2896 ›
2118 2845 2258 2897 Sub-

693 2949 948 2991 tcntanea
1006 2938 1231 3006 fecunda
1266 2977 1282 3003 ,
1338 2937 1480 3006 quod
1531 2935 1845 3003 ascriptum,
1902 2949 1967 2988 ex
2011 2934 2256 3003 margine

696 3028 953 3096 obrepsit.
997 3044 1017 3079 ι
1072 3029 1222 3082 llanc
1252 3039 1433 3081 autem
1482 3027 1795 3083 Combeftsii
1833 3027 2259 3081 emendationem

702 3120 938 3177 arbitror
990 3134 1178 3192 puram
1237 3129 1421 3189 putam
1480 3135 1603 3174 esse
1662 3121 2087 3181 corruptionem.
2151 3119 2259 3175 Etsi

699 3214 844 3267 enim
878 3212 1164 3268 aﬂirmavit
1200 3212 1430 3268 Basilius
1470 3212 1637 3265 multa
1666 3225 1785 3266 esse
1824 3213 2003 3264 avium
2042 3226 2260 3280 genera,

699 3318 821 3374 qua:
848 3306 1160 3373 concipiunt
1214 3306 1332 3359 sine
1380 3303 1698 3368 concubitu,
1747 3302 1919 3371 potuit
1970 3309 2147 3353 tamen
2202 3303 2267 3355 de

701 3396 833 3450 solis
883 3394 1189 3449 vulturibus
1245 3395 1572 3448 mentionem
1627 3394 1827 3458 facere,
1877 3391 2129 3445 videlicet
2175 3401 2268 3444 aut

702 3488 987 3543 brevitatis
1015 3501 1201 3549 causa.
1234 3495 1325 3541 aut
1345 3496 1621 3540 oratorum
1668 3500 1838 3550 more,
1867 3485 1960 3553 qui
2009 3498 2097 3537 res
2126 3482 2269 3549 «jus-

707 3580 853 3634 niodi
887 3594 993 3635 non
1026 3589 1133 3634 tam
1169 3578 1459 3649 diligenter
1479 3590 1725 3641 narrare,
1757 3591 1917 3646 quam
1936 3590 2129 3631 ornare
2160 3586 2270 3629 stu-

706 3671 858 3724 dent.
896 3670 1004 3724 Sed
1050 3671 1190 3736 quod
1220 3670 1391 3738 magis
1448 3667 1891 3723 conﬁrmatniltil
1952 3668 2006 3721 in
2039 3666 2272 3735 vulgatis

706 3760 907 3827 corrigi
946 3759 1162 3821 debere,
1191 3758 1317 3811 illud
1349 3767 1452 3824 est,
1485 3758 1625 3825 quod
1663 3759 1736 3811 ita
1796 3758 1991 3827 legisse
2045 3755 2275 3811 Ambro-

718 3851 858 3905 sium
885 3857 1116 3904 constet.
1157 3847 1285 3915 Ejus
1332 3849 1447 3902 lucc
1514 3856 1639 3900 sunt
1663 3862 1693 3900 e
1722 3847 1813 3899 lib.
1849 3850 1961 3900 vin
1992 3846 2273 3912 Hexaem.,

709 3955 829 4009 cap.
855 3938 925 3995 20
968 3954 983 3991 :
1020 3957 1038 3990 (
1072 3938 1224 3993 Nunc
1271 3938 1336 3993 de
1377 3936 1687 4006 integritate
1720 3935 1984 3997 dicamus,
2038 3948 2156 4001 quae
2222 3934 2273 3985 in

711 4032 954 4103 pluribus
1006 4030 1221 4099 quidem
1268 4030 1455 4083 avibus
1494 4029 1562 4081 it:
1620 4042 1739 4083 esse
1792 4034 2153 4086 asseveratur,
2220 4034 2278 4077 ut

714 4122 884 4194 possit
936 4119 1100 4174 etiam
1159 4119 1213 4172 in
1262 4119 1566 4171 vulturibus
1617 4116 1965 4186 deprehendi.
2006 4114 2278 4185 Negantur

717 4217 864 4269 enim
930 4212 1172 4267 vultures
1225 4209 1503 4278 indulgere
1548 4210 1865 4275 concubitu,
1897 4218 1951 4263 et
2002 4207 2277 4276 conjugali

720 4308 950 4378 quodam
999 4320 1100 4360 usu
1148 4302 1511 4372 nuptialisque
1567 4300 1772 4367 copula:
1828 4310 1975 4354 sorte
2040 4298 2277 4363 misceri,

720 4409 881 4467 atque
907 4400 980 4451 ita
1014 4398 1131 4452 sine
1163 4396 1269 4451 ullo
1310 4394 1669 4448 masculorum
1722 4393 2005 4459 concipere
2051 4392 2279 4454 semine,

2355 1931 2647 2000 ὑπηνέμια.
2698 1930 2897 1986 Verum
2938 1946 3042 1985 non
3110 1931 3184 1983 ita
3232 1930 3388 1984 facile
3428 1934 3679 1985 excusari
3718 1942 3909 2002 potest,

2355 2039 2473 2078 cum
2520 2024 2635 2077 haec
2670 2023 2744 2076 ait
2788 2038 2819 2077 e
2873 2022 3115 2089 margine
3154 2021 3461 2089 irrepsisse.
3492 2020 3605 2074 Etsi
3632 2023 3780 2074 enim
3811 2022 3913 2080 Euv-

2353 2116 2586 2170 stathius
2604 2116 2888 2182 insigniter
2912 2113 3271 2169 ballucinatus
3288 2115 3378 2180 sit,
3404 2115 3745 2183 pessimeque
3768 2113 3915 2167 Basi-

2354 2208 2485 2262 lium
2525 2210 2945 2279 interpretatus,
2994 2209 3112 2279 ejus
3140 2218 3317 2263 tamen
3358 2208 3519 2262 verba
3574 2206 3916 2274 apertissime

2354 2302 2644 2355 ostendunt
2702 2318 2806 2355 non
2836 2316 2992 2356 secus
3018 2317 3139 2355 eum
3169 2301 3363 2368 legisse
3395 2301 3446 2353 in
3479 2300 3592 2353 suis
3615 2298 3910 2359 codicibus,

2357 2400 2518 2459 atque
2565 2406 2704 2442 nunc
2757 2392 2809 2444 in
2867 2391 3069 2443 nostris
3117 2390 3365 2457 legimus.
3429 2389 3558 2456 Ejus
3596 2388 3710 2443 haec
3747 2397 3915 2442 sunt:

2363 2499 2380 2531 ι
2419 2482 2549 2534 Aliae
2593 2495 2724 2535 sane
2770 2495 2989 2545 earum,
3008 2495 3126 2549 qua:
3174 2480 3335 2534 altius
3394 2480 3656 2544 volitant,
3709 2481 3921 2535 steriles

2356 2574 2576 2626 omnino
2609 2581 2752 2627 sunt.
2798 2590 2817 2623 ι
2882 2573 2958 2627 Ex
2986 2573 3183 2642 quibus
3220 2573 3543 2643 intelligitur
3573 2571 3921 2626 Eustathium

2361 2664 2413 2719 in
2463 2666 2572 2720 suis
2604 2667 2819 2736 quidem
2853 2666 3011 2720 libris
3058 2681 3243 2720 vocem
3279 2666 3557 2735 ὑπηνέμια
3598 2666 3876 2736 reperisse
3908 2680 3922 2716 :

2362 2755 2453 2809 sed
2511 2770 2630 2809 eam
2662 2756 2797 2809 male
2833 2756 3167 2817 reddidisse,
3195 2758 3350 2824 quasi
3387 2757 3640 2810 videlicet
3671 2772 3787 2809 rem
3829 2770 3925 2821 ope

2359 2857 2640 2899 ventorum
2673 2848 2777 2899 alte
2804 2846 2999 2898 elatam
3029 2845 3380 2913 significaret.
3412 2845 3541 2899 Plus
3560 2846 3694 2896 satis
3727 2846 3793 2896 de
3825 2845 3924 2896 bis.

2363 2935 2666 2989 Redeamus
2693 2938 2758 2989 ad
2801 2936 3172 2999 Ambrosium,
3224 2936 3379 3004 cujus
3405 2935 3458 2987 in
3502 2935 3681 2987 verbis
3730 2934 3929 3000 aliquid

2364 3027 2540 3080 inesse
2572 3028 2685 3079 vitii
2722 3029 2987 3093 suspicor.
3014 3025 3115 3081 Ubi
3154 3026 3298 3080 enim
3338 3026 3554 3097 legitur,
3585 3042 3604 3075 ι
3652 3025 3933 3093 indulgere

2366 3116 2675 3180 concubitu,
2719 3136 2737 3167 ι
2771 3118 3052 3187 legendum
3106 3133 3325 3184 censeo,
3366 3137 3385 3169 ι
3442 3119 3685 3185 indigere
3735 3132 3934 3172 concu-

2366 3210 2503 3273 bitu,
2532 3226 2551 3260 ι
2583 3216 2701 3262 tum
2724 3210 2791 3262 ob
2822 3210 2950 3261 illud
2982 3208 3182 3276 Basilii,
3218 3210 3390 3262 δεῖται
3418 3210 3516 3280 τῆς
3538 3209 3647 3262 τῶν
3681 3211 3935 3281 ἀρρένων

2368 3300 2685 3371 ἐπιπλοκῆς,
2726 3309 2836 3355 tum
2889 3303 3031 3370 quod
3063 3302 3175 3371 ipsa
3204 3302 3537 3356 constructio
3572 3302 3932 3369 grammatica

2368 3391 2446 3445 ita
2485 3394 2740 3462 postulet.
2772 3394 2940 3449 Recte
2965 3398 3105 3449 enim
3141 3395 3371 3460 dixeris,
3392 3415 3411 3445 ι
3464 3396 3703 3463 indigere
3726 3407 3932 3447 concu-

2367 3483 2479 3537 bitu
2512 3505 2523 3538 :
2555 3484 2831 3553 indulgere
2859 3489 3165 3552 concubitu,
3204 3506 3222 3538 ι
3257 3503 3362 3541 non
3402 3488 3528 3541 item
3554 3527 3569 3552 ,
3596 3500 3720 3539 cum
3754 3486 3937 3538 dicere

2369 3574 2597 3636 soleant,
2629 3593 2648 3625 ι
2686 3577 2996 3629 concubitui
3033 3576 3330 3639 indulgere.
3368 3594 3386 3626 ι

2440 3666 2529 3721 28.
2560 3664 2717 3720 Clara
2769 3675 2895 3721 sunt
2930 3665 3093 3721 verba
3120 3665 3300 3720 Basilii
3336 3675 3391 3720 et
3413 3680 3563 3729 sana,
3598 3678 3719 3732 qua
3762 3663 3945 3734 legun-

2377 3766 2460 3812 tur
2507 3758 2559 3812 in
2595 3758 2840 3813 oratione
2866 3758 2973 3814 8in
2998 3757 3277 3821 lienem,
3310 3773 3454 3811 num.
3497 3757 3530 3811 8
3563 3771 3576 3809 :
3625 3756 3824 3809 Ὀποῖα
3854 3756 3947 3809 καὶ

2375 3850 2501 3920 περὶ
2528 3849 2623 3902 τοῦ
2663 3850 2825 3903 Ἰνδοῦ
2844 3848 3121 3918 σκώληκος
3148 3850 3436 3920 ἱστορεῖται
3462 3851 3552 3901 τοῦ
3577 3848 3947 3918 κερασφόρου,

2375 3941 2433 4003 ὃς
2461 3944 2539 4004 εἰς
2561 3947 2787 4011 κάμπην
2810 3942 2878 3994 τὰ
2922 3942 3112 4011 πρῶτα
3147 3936 3493 4011 μεταϐαλών,
3537 3950 3641 3993 etc.
3711 3960 3730 3990 ι
3763 3940 3910 4005 Qua-

2377 4033 2447 4086 lia
2518 4034 2681 4087 etiam
2740 4034 2805 4085 de
2872 4032 3055 4085 indico
3111 4047 3297 4087 verme
3363 4032 3646 4100 cornigero
3713 4049 3953 4085 narran-

2383 4132 2493 4187 tur,
2539 4124 2631 4191 qui
2692 4120 2923 4190 primum
2961 4121 3014 4173 in
3040 4135 3258 4174 erucam
3325 4132 3746 4186 transmutatus,
3790 4142 3809 4173 ι
3845 4133 3953 4175 etc.

2382 4216 2490 4270 Sed
2552 4213 2643 4268 hic
2700 4212 2849 4267 locus
2896 4211 3124 4265 mit-ilice
3152 4212 3285 4264 etin
3332 4210 3615 4265 Eustatbio
3652 4225 3956 4279 corruptus

2380 4304 2676 4366 invenitur,
2724 4310 2778 4355 et
2811 4302 2864 4355 in
2917 4300 3205 4355 Ambrosio
3249 4299 3348 4369 (ι).
3396 4299 3543 4355 illius
3578 4302 3746 4355 verba
3780 4312 3910 4355 sunt
3943 4316 3957 4352 :

2387 4414 2405 4446 ι
2442 4394 2582 4461 Quid
2638 4392 2838 4457 dicitis,
2864 4392 2956 4460 qui
2981 4390 3147 4445 Paulo
3182 4390 3425 4459 apostolo
3448 4392 3515 4445 de
3551 4395 3962 4447 resurrectione

719 4499 775 4545 et
811 4490 927 4543 sine
945 4487 1325 4556 conjunctione
1353 4501 1633 4557 generare,
1676 4493 1940 4553 natosque
1994 4498 2059 4535 ex
2109 4482 2189 4535 bis
2228 4484 2277 4535 in
2310 4507 2356 4564 υ
2384 4503 2488 4541 non
2518 4484 2760 4545 creditis,
2790 4498 2913 4538 cum
2944 4482 3172 4536 videatis
3200 4490 3347 4535 certa
3385 4481 3452 4535 de
3486 4482 3658 4536 aereis
3700 4484 3962 4535 animan-

724 4584 943 4637 multam
966 4590 1175 4635 aetatem
1207 4582 1546 4649 longasvltate
1586 4578 1871 4648 procedere
1892 4616 1906 4641 ,
1940 4585 1992 4628 ut
2022 4590 2189 4643 usque
2212 4576 2278 4629 ad

724 4688 938 4734 centum
983 4692 1152 4732 annos
1202 4676 1325 4729 vitae
1356 4690 1542 4729 eorum
1583 4674 1751 4728 series
1793 4669 2138 4739 producatur,
2183 4683 2282 4722 nec

726 4771 883 4824 facile
904 4784 997 4823 eos
1026 4768 1233 4838 angusti
1266 4766 1364 4820 arvi
1411 4767 1531 4819 linis
1565 4764 1813 4834 excipiat.
1846 4762 1981 4828 Quid
2014 4761 2165 4814 aiunt
2191 4761 2282 4829 qui

726 4863 902 4915 solent
934 4870 1117 4913 nosua
1148 4857 1371 4911 irridere
1399 4854 1678 4925 mysteria,
1728 4868 1850 4907 cum
1886 4851 2102 4906 audiunt
2140 4850 2283 4919 quod

730 4951 879 5019 virgo
906 4948 1204 5019 generavit,
1231 4956 1285 5001 et
1312 4944 1696 5006 impossibiletn
1724 4942 1980 5009 innuptae,
2013 4939 2162 5007 cujus
2191 4955 2285 5008 pu-

732 5046 917 5094 dorem
948 5037 1088 5091 nulla
1115 5040 1215 5090 viri
1246 5034 1578 5091 consuetudo
1606 5040 1945 5093 temerasset.
1980 5030 2291 5085 existimant

734 5129 988 5199 partum?
1012 5128 1347 5196 lmpossibile
1373 5136 1588 5197 putatur
1614 5125 1667 5177 in
1696 5125 1788 5178 Dei
1825 5133 2022 5189 matre,
2069 5124 2209 5192 quod
2240 5124 2292 5176 in

734 5224 1040 5277 vulturibus
1060 5221 1314 5289 possibile
1347 5236 1449 5275 non
1482 5217 1895 5288 negaturiAvis
1928 5218 2045 5270 sine
2084 5231 2295 5270 mascu-

736 5315 789 5368 lo
827 5315 989 5383 parit,
1016 5322 1070 5369 et
1098 5312 1275 5367 nullus
1301 5310 1536 5365 refellit:
1570 5318 1624 5362 et
1653 5310 1777 5372 quia
1818 5310 2142 5378 desponsata
2182 5309 2298 5362 viro

741 5406 907 5459 Maria
928 5406 1080 5476 virgo
1102 5404 1329 5474 peperit,
1353 5404 1542 5469 pudori
1562 5403 1678 5472 ejus
1693 5402 1897 5456 faciunt
1920 5402 2293 5469 quaestionem.

739 5497 928 5552 Nerine
957 5498 1285 5551 advertimus
1318 5496 1458 5564 quod
1512 5496 1764 5549 Dominus
1824 5510 1889 5549 ex
1948 5494 2062 5562 ipsa
2107 5504 2296 5546 natura

744 5586 974 5657 plurima
1015 5584 1261 5655 exempla
1313 5594 1435 5639 ante
1490 5584 1772 5652 praemisit,
1803 5585 1997 5653 quibus
2041 5592 2298 5649 susceptae

819 5784 898 5858 (a)
924 5784 1052 5842 Bas.
1082 5803 1187 5842 rec.
1216 5802 1267 5857 p.
1302 5787 1388 5844 l8.

2386 4575 2528 4630 tibus
2556 4573 2782 4643 ﬁguram
2822 4573 3093 4642 propriam
3111 4579 3464 4638 commutare,
3498 4572 3637 4624 sicut
3673 4569 3963 4626 lndiacum

2386 4680 2647 4727 vermem,
2681 4663 2772 4731 qui
2809 4670 2895 4717 est
2920 4660 3189 4730 corniger,
3224 4660 3398 4729 primo
3428 4661 3479 4715 in
3506 4674 3719 4714 verucae
3758 4675 3821 4715 se
3844 4674 3967 4729 spe-

2387 4758 2524 4811 ciem
2559 4753 3051 4819 transfortnantem,
3098 4768 3117 4801 ι
3161 4760 3308 4817 etc.;
3338 4750 3495 4820 hujus
3528 4769 3540 4803 :
3583 4765 3602 4799 ι
3633 4748 3845 4803 Fertur
3878 4750 3970 4805 hic

2389 4846 2637 4913 corniger
2661 4844 2858 4899 vermis
2902 4840 3160 4912 (lndicus)
3193 4840 3434 4895 converti
3470 4839 3702 4909 primum
3731 4839 3792 4896 in
3828 4856 3970 4910 spe-

2391 4940 2525 4992 ciem
2566 4935 2754 4999 caulis,
2788 4944 2950 5002 atque
2978 4933 3033 4986 in
3059 4946 3181 4987 eatn
3211 4929 3404 4985 mutari
3454 4937 3727 4985 naturam.
3764 4949 3785 4983 ι
3814 4931 3971 4987 Men-

2390 5029 2515 5083 dum
2540 5026 2683 5095 quod
2714 5026 2766 5079 in
2789 5024 3231 5092 interpretatione
3260 5021 3525 5076 Eustatbii
3547 5021 3774 5091 legitur,
3805 5038 3973 5093 grave

2391 5120 2601 5190 quidem
2626 5128 2710 5173 est
2746 5135 2760 5171 :
2801 5117 2896 5171 sed
2927 5116 3056 5171 illud
3086 5116 3227 5186 quod
3258 5117 3311 5168 in
3338 5114 3625 5168 Ambrosio
3657 5114 3972 5180 invenitur,

2395 5223 2540 5267 certe
2578 5210 2745 5263 multo
2781 5210 2999 5279 gravius
3031 5207 3314 5261 videbitur.
3346 5205 3583 5270 Quilibet
3607 5205 3788 5271 enim,
3822 5206 3869 5259 si
3904 5208 3975 5258 sit

2398 5305 2450 5360 in
2492 5302 2795 5371 bujusmodi
2832 5302 2991 5355 rebus
3024 5299 3178 5368 paulo
3208 5296 3573 5361 exercitatior,
3604 5294 3772 5349 facile
3807 5306 3967 5365 pote-

2404 5399 2471 5451 rit
2523 5395 2805 5451 Eustatbio
2844 5394 3067 5456 mederi,
3107 5390 3388 5444 Ambrosio
3435 5388 3679 5449 fortassis
3712 5403 3831 5442 non
3869 5389 3977 5442 nisi

2404 5488 2728 5544 difﬁcillime.
2760 5487 2827 5541 Et
2857 5501 2985 5540 vero
3028 5482 3245 5538 czecutit
3298 5482 3386 5549 qui
3426 5495 3530 5533 non
3579 5478 3732 5532 videt
3782 5479 3978 5534 Eusta-

2406 5584 2644 5637 tbianum
2698 5590 2934 5634 erratum
2994 5574 3277 5631 Eustatbio
3324 5572 3424 5641 ipsi
3462 5571 3821 5625 tribuendum
3867 5586 3979 5626 non

2470 5781 2543 5854 (ιι)
2574 5780 2823 5834 Ambros.
2847 5774 2900 5830 in
2936 5775 3097 5841 Hm,
3133 5774 3224 5830 lib.
3257 5789 3310 5829 v.
3338 5785 3455 5842 cap.
3486 5768 3559 5826 33
