4080 6314
1310 398 1372 449 D.
1418 395 1565 451 JUL.
1612 392 1939 449 GARNEIUI
1980 390 2368 448 PREFATIO.

3310 401 3432 445 CIC!

186 527 319 575 esse,
346 523 441 567 seu
478 507 742 575 ﬂbtariis,
778 509 867 579 qui
908 507 1377 581 aliud'cogrtant'es
1413 527 1430 561 ι
1456 523 1707 564 verucam
1734 527 1753 559 ι
1786 516 1833 573 Α
1862 508 2133 574 scriptura
2161 506 2463 562 habendam
2509 518 2649 570 esse,
2688 519 2807 563 cum
2836 503 3082 561 alterutri
3113 514 3296 575 aperte
3349 506 3429 559 la-

185 620 280 675 pro
311 623 329 656 ι
350 617 518 658 eruca
541 622 560 655 ι
603 604 895 671 scripsere.
923 601 1119 656 Fateor
1152 602 1401 671 equidem
1432 602 1547 671 pari
1580 600 1749 655 facili-

186 706 294 752 tate
314 711 344 751 e
368 711 428 750 re
463 696 843 764 expediturum
871 708 1013 761 sese,
1052 694 1145 763 qui
1169 694 1455 749 lectionem
1498 694 1757 749 editionis

185 790 442 844 Romamn
474 787 777 842 admiserit.
798 786 1009 840 Etenim
1042 800 1165 841 cum
1204 787 1254 840 in
1281 787 1381 840 hac
1422 787 1656 841 editione
1684 786 1758 840 le-

187 893 341 952 gatur
366 899 381 935 :
410 900 429 931 ι
455 879 511 933 in
547 878 782 949 speciem
816 892 1012 942 eructe,
1042 895 1059 928 ι
1090 877 1200 947 jam
1224 879 1479 933 nihilerit
1502 878 1756 947 amplius,

185 974 328 1044 quod
351 975 527 1043 possit
557 974 853 1043 quidquam
891 978 1159 1029 facessere
1194 971 1416 1039 negotii,
1450 986 1569 1024 cum
1599 970 1759 1025 lectio

185 1068 382 1122 isthazc
413 1075 469 1122 et
504 1068 581 1122 rei
615 1069 821 1138 optime
844 1067 1151 1131 conveniat,
1188 1073 1240 1118 et
1277 1064 1402 1117 illud
1443 1062 1645 1128 Basilii,
1679 1063 1758 1126 εις

181 1159 435 1233 κάμπην,
472 1162 741 1230 exprimat
768 1168 1042 1215 accurate.
1079 1156 1184 1212 Sed
1224 1166 1481 1211 constans
1511 1156 1596 1211 ille
1623 1154 1758 1209 alia-

179 1266 306 1306 rum
345 1254 642 1307 editionum
677 1261 729 1306 et
765 1252 1006 1306 omnium
1059 1250 1309 1305 codicum
1357 1263 1516 1301 manu
1560 1262 1756 1302 exara-

180 1354 365 1398 torum
408 1344 460 1398 in
495 1344 707 1412 vulgata
758 1342 990 1397 lectione
1036 1340 1233 1395 tuenda
1274 1353 1571 1394 consensus
1596 1350 1756 1391 acce-

180 1434 317 1489 dere
357 1450 443 1488 me
467 1434 595 1488 huic
628 1434 868 1503 opinioni
898 1448 1001 1487 non
1059 1435 1213 1489 sinit.
1243 1432 1559 1500 Quanquam
1614 1432 1755 1484 enim

181 1527 290 1581 hoc
324 1538 614 1580 commune
639 1526 827 1577 vitium
868 1532 948 1579 est
986 1525 1242 1589 librariis,
1290 1538 1475 1576 vocem
1514 1538 1608 1591 pro
1632 1517 1756 1586 alia,

183 1632 310 1670 cum
356 1631 517 1670 voces
552 1617 693 1669 inter
733 1630 792 1669 se
826 1615 1028 1669 similes
1059 1621 1208 1678 sunt,
1239 1629 1510 1683 apponere
1540 1630 1553 1666 :
1591 1613 1641 1666 id
1677 1624 1755 1665 ta-

186 1723 333 1770 men,
370 1706 415 1760 si
449 1708 557 1761 sint
588 1707 744 1762 valde
773 1707 1063 1761 dissimiles
1114 1721 1295 1768 voces,
1325 1706 1505 1760 facere
1536 1720 1639 1759 non
1669 1718 1757 1757 so-

181 1798 317 1851 lent.
374 1797 478 1851 Vix
515 1813 751 1866 unquam
810 1799 970 1867 igitur
1017 1799 1147 1852 mihi
1194 1797 1521 1866 persuadere
1566 1803 1755 1863 potero

1859 607 2021 652 veaut
2047 597 2310 653 lectiones
2343 596 2479 659 aliae,
2502 614 2521 647 ι
2558 603 2676 665 post
2688 595 2865 664 pridie
2898 613 2917 647 ι
2942 606 2998 650 et
3037 613 3058 648 ι
3079 596 3367 664 postridui.
3404 615 3425 650 ι

1858 686 2013 742 Nunc
2040 702 2168 758 ergo
2198 688 2508 752 videndum,
2541 696 2658 741 utra
2690 684 2961 753 scriptura
2982 686 3053 740 sit
3074 694 3130 740 et
3166 686 3348 741 Verior
3376 695 3432 741 et

1862 779 2290 835 convenientior.
2321 779 2479 833 Certe
2500 777 2546 833 si
2576 790 2679 847 qua
2710 783 2989 831 exstarent
3016 778 3283 847 exempla,
3310 778 3432 848 qui-

1857 871 1959 926 bus
1998 870 2170 925 evinci
2205 878 2385 940 posset
2424 882 2615 922 vocem
2652 885 2670 918 ι
2715 867 2996 936 postridie,
3027 886 3045 919 ι
3080 870 3429 937 quemadmo-

1860 962 1983 1015 dum
2022 979 2039 1012 c
2078 976 2256 1025 mane,
2290 978 2309 1011 ι
2346 958 2637 1028 aliquando
2682 959 2913 1013 nominis
2940 958 3117 1013 locum
3163 960 3428 1026 obtinere,

1857 1066 1919 1107 ea
1949 1052 2077 1106 mihi
2111 1051 2271 1104 lectio
2306 1050 2443 1104 satis
2477 1050 2822 1119 probaretur,
2873 1058 2983 1103 tum
3008 1050 3151 1119 quod
3180 1052 3428 1120 impressi

1856 1159 2043 1198 omnes
2084 1142 2207 1196 libri
2248 1153 2301 1195 et
2355 1143 2569 1197 codices
2598 1142 2802 1210 aliquot
2847 1155 2978 1196 mss.
3014 1141 3161 1194 illam
3207 1144 3430 1197 totidem

1857 1233 2080 1302 syllabis
2133 1241 2404 1294 tueantur,
2454 1242 2565 1285 tum
2614 1231 2755 1301 quod
2786 1232 3051 1301 scriptura
3082 1232 3196 1299 illa,
3236 1250 3256 1284 ι
3309 1240 3436 1301 post

1856 1324 2052 1391 pridie,
2094 1341 2112 1373 ι
2168 1323 2295 1376 licet
2342 1322 2477 1377 falsa
2510 1325 2890 1392 mendosaque,
2925 1324 3169 1378 eamdem
3201 1338 3303 1379 non
3333 1340 3433 1394 pa-

1857 1431 1975 1470 rum
2010 1416 2314 1470 confirmet.
2348 1415 2454 1470 Sed
2480 1430 2624 1482 cum,
2660 1415 2761 1469 nisi
2798 1416 2954 1470 valde
2978 1414 3153 1481 fallor,
3182 1417 3428 1487 exempla

1857 1506 2117 1574 ejusmodi
2143 1506 2337 1561 frustra
2350 1516 2742 1576 quaererentur,
2766 1507 2939 1576 placet
2965 1510 3138 1577 magis
3166 1509 3434 1577 scriptura

1857 1599 1981 1661 alia,
2018 1618 2036 1650 ι
2082 1600 2463 1666 postriduum:
2508 1619 2526 1651 ι
2571 1615 2689 1669 qua:
2730 1610 3085 1670 praeterquam
3147 1604 3288 1671 quod
3332 1603 3435 1659 llde

1857 1698 2091 1757 quatuor
2124 1689 2371 1744 codicum
2415 1692 2625 1758 nititur,
2662 1692 2773 1760 ipsa
2802 1705 3019 1760 quoque
3044 1694 3289 1747 nonnihil
3318 1711 3433 1750 mo-

1858 1780 2027 1834 menti
2060 1790 2218 1849 atque
2256 1780 2468 1836 roboris
2519 1798 2584 1836 ex
2620 1782 2878 1839 mendoso
2909 1784 3019 1849 illo,
3066 1803 3085 1836 ι
3116 1786 3376 1855 postridui
3406 1805 3426 1840 ι

183 1890 477 1959 scripsisse
511 1891 881 1951 Ambrosium,
915 1908 933 1939 ι
972 1890 1023 1941 in
1074 1894 1308 1957 speciem
1335 1902 1531 1950 erucae,
1576 1905 1594 1937 ι
1633 1902 1754 1940 cum

1862 1874 2114 1942 acquirit.
2148 1872 2340 1929 Latine
2378 1884 2560 1928 autem
2610 1875 2718 1929 dici
2756 1893 2777 1927 ι
2829 1877 3191 1946 postriduum,
3226 1896 3246 1931 ι
3286 1888 3435 1949 patet

182 1983 230 2036 si
262 1983 336 2036 ita
378 1992 546 2045 esset,
581 1997 852 2050 nunquam
886 1981 1123 2035 librariis
1155 1981 1393 2034 venisset
1424 1979 1476 2032 in
1523 1989 1755 2032 mentem

184 2089 376 2129 vocem
414 2092 434 2125 ι
471 2073 641 2126 caulis
676 2092 695 2124 ›
725 2074 1089 2139 comminisci,
1136 2074 1207 2128 ob
1254 2089 1504 2141 magnam
1556 2072 1765 2127 scilicet

182 2168 377 2221 barum
408 2180 624 2230 vocum,
657 2182 676 2215 ι
714 2178 893 2220 eruca:
930 2184 948 2217 ›
979 2176 1033 2220 et
1068 2184 1085 2216 ι
1128 2166 1321 2227 caulis,
1364 2184 1381 2216 ι
1416 2166 1555 2219 inter
1573 2180 1631 2219 se
1660 2165 1763 2219 dis-

181 2258 617 2313 similitudinem.
672 2256 752 2313 Ex
806 2273 913 2327 quo
966 2258 1100 2313 satis
1158 2258 1476 2326 intelligitur
1527 2258 1761 2312 editores

182 2346 459 2403 Romanos
480 2348 637 2416 hujus
660 2350 908 2403 lectionis
931 2359 1183 2403 auctores
1198 2365 1316 2403 esse
1337 2359 1391 2402 et
1414 2349 1758 2412 architectos;

183 2441 276 2510 qui
321 2455 450 2495 cum
488 2441 733 2495 viderent
785 2439 1051 2507 vulgatam
1102 2438 1416 2504 lectionem,
1454 2456 1474 2490 ι
1508 2438 1699 2503 caulis,
1735 2457 1755 2491 ι

185 2531 404 2588 tolerari
427 2548 533 2587 non
572 2546 753 2601 posse,
780 2532 922 2586 hunc
951 2531 1224 2586 Ambrosii
1256 2530 1431 2585 locum
1461 2546 1523 2586 ex
1552 2530 1759 2586 Graecis

189 2622 375 2677 Basilii
431 2625 721 2677 emendare
754 2638 858 2677 non
898 2624 1237 2677 dubitarunt.
1266 2621 1453 2693 Neque
1488 2638 1618 2679 vero
1662 2638 1761 2678 nos

190 2710 362 2778 magis
389 2709 615 2777 adjuvat
638 2709 949 2777 conjectura
976 2709 1195 2775 Latinii,
1234 2711 1322 2779 qui
1354 2711 1634 2782 legendum
1670 2728 1762 2765 su-

191 2802 455 2867 spicatur,
502 2820 521 2852 ι
576 2807 628 2854 in
669 2801 901 2868 speciem
956 2815 1176 2869 campaa.
1209 2819 1228 2851 ι
1268 2800 1402 2855 Nam
1454 2816 1616 2857 voces
1654 2803 1760 2871 haa,

192 2911 210 2943 ι
244 2891 417 2944 caulis
456 2908 476 2941 ι
529 2898 584 2943 et
620 2907 639 2940 ι
693 2905 919 2959 campze,
952 2909 971 2942 ι
1008 2892 1176 2958 magis
1228 2905 1439 2962 quoque
1490 2894 1632 2947 inter
1692 2908 1753 2949 se

188 2984 474 3049 dissident,
500 2997 660 3051 quam
690 2995 749 3036 ut
775 2999 961 3038 omnes
989 2984 1166 3039 omnis
1195 2985 1377 3039 aetatis
1406 2986 1759 3056 omniumque

190 3078 471 3145 regionum
495 3074 697 3130 librarii
729 3077 881 3145 quasi
901 3091 964 3131 ex
992 3086 1273 3144 compacto
1317 3093 1418 3147 pro
1454 3096 1474 3129 ‹
1507 3093 1708 3147 camps:
1734 3098 1753 3132 ι

188 3162 507 3230 scripserint
547 3180 565 3213 ι
603 3164 811 3229 caulis;
859 3182 878 3215 ι
931 3165 1090 3231 idque
1137 3179 1200 3218 eo
1248 3166 1439 3233 magis,
1484 3170 1626 3235 quod
1655 3182 1754 3221 vox

194 3276 212 3309 ι
233 3258 400 3312 caulis
418 3278 439 3311 ι
469 3260 861 3328 ineptissimam
886 3260 1206 3312 sententiam
1223 3258 1474 3314 ediceret.
1500 3258 1616 3314 Jam
1635 3274 1755 3313 eum

189 3367 363 3420 neque
385 3366 576 3406 vocem
595 3364 801 3405 «eruca:
830 3369 850 3401 ι
870 3364 1040 3417 neque
1062 3366 1247 3406 vocem
1272 3368 1291 3403 ι
1316 3366 1518 3422 eampse
1554 3372 1571 3405 ι
1594 3352 1754 3421 recipi

187 3444 378 3498 merito
394 3458 557 3511 posse
574 3440 1075 3507 ostenderimus,vel
1092 3443 1238 3499 inviti
1256 3442 1520 3499 fateamur
1538 3459 1759 3499 necesse

187 3542 266 3587 est
288 3546 563 3587 summum
596 3530 770 3582 virum
807 3530 1150 3587 Ambrosium
1198 3534 1394 3602 aliquid
1430 3536 1518 3588 hic
1563 3537 1757 3589 huma-

186 3626 239 3679 ni
284 3638 506 3693 passum
544 3636 684 3686 esse,
714 3631 770 3677 et
804 3624 924 3677 ideo
955 3639 1225 3691 peccasse,
1264 3636 1353 3679 aut
1382 3628 1520 3694 quod
1557 3642 1613 3680 re
1643 3628 1755 3696 ipsa

182 3714 235 3768 in
288 3714 474 3781 aliquo
519 3713 773 3767 mendoso
822 3712 1005 3767 codice
1063 3715 1322 3782 repererit
1367 3717 1448 3779 εἰς
1480 3715 1758 3788 κράμδην,

192 3824 210 3856 ι
245 3806 294 3859 in
332 3805 509 3860 caulis
563 3804 817 3873 speciem,
849 3823 868 3855 ι
905 3820 1001 3873 pro
1040 3806 1117 3869 ei;
1152 3806 1399 3878 κὰμπην,
1435 3826 1454 3859 ‹
1490 3808 1542 3861 in
1584 3822 1759 3861 eruca:

184 3896 448 3965 speciem;
474 3915 493 3947 ι
515 3906 609 3950 aut
640 3895 865 3966 quod,si
895 3896 1061 3951 codex
1094 3897 1285 3951 mendo
1306 3898 1546 3963 carebat,
1581 3898 1758 3951 nomi-

189 3990 268 4045 nis
298 3990 652 4048 similitudine
685 3992 960 4059 deceptus,
1017 4004 1113 4059 pro
1162 3990 1388 4060 κάμπην
1438 3990 1538 4046 sibi
1585 3991 1758 4062 legere

184 4081 330 4135 Visus
374 4082 447 4133 sit
486 4082 763 4151 κράμϐην.

257 4172 347 4226 29.
384 4171 613 4238 Quando
647 4182 825 4225 autem
857 4173 1021 4227 semel
1076 4172 1417 4226 Ambrosium
1464 4173 1516 4228 in
1571 4189 1761 4228 manus

185 4264 537 4334 sumpsimus,
583 4279 689 4317 non
745 4272 852 4316 tam
914 4265 1021 4318 cito
1065 4263 1130 4317 ab
1162 4278 1225 4316 eo
1280 4265 1614 4319 avellamur:
1666 4266 1760 4319 sed

184 4370 552 4426 proponamus
604 4354 776 4409 locum
809 4354 1093 4423 quemdam
1133 4369 1163 4407 e
1194 4353 1336 4407 libro
1352 4355 1553 4421 {quinto
1578 4357 1631 4409 in
1660 4354 1763 4408 He-

185 4463 383 4511 zaem.,
406 4460 528 4514 cap.
553 4445 645 4508 25,
667 4443 930 4499 dillicilem
952 4444 1258 4507 admodum,
1274 4453 1326 4497 et
1354 4445 1425 4496 ita
1444 4446 1756 4509 obscurum,

185 4545 245 4591 ut
263 4535 476 4605 (ΙΣάὶρο
505 4536 683 4605 aliquo
716 4540 781 4592 ad
814 4546 1048 4591 mentem
1076 4535 1346 4590 Ambrosii
1370 4538 1757 4606 assequendam

184 4641 319 4697 Opus
375 4640 500 4679 esse
542 4626 808 4681 videatur.
860 4624 1133 4681 Ambrosii
1188 4628 1354 4696 igitur
1419 4626 1533 4679 haec
1584 4637 1752 4681 sunt:

191 4738 211 4771 ι
256 4717 417 4773 Certe
449 4714 595 4770 illius
624 4715 783 4769 tridui
813 4727 1056 4771 nostrum
1096 4717 1201 4771 hoc
1239 4716 1503 4786 postridie
1531 4716 1758 4775 laborio-

186 4812 301 4866 sius
333 4820 441 4865 est.
486 4827 506 4861 ›
549 4806 667 4863 Jam
697 4806 803 4862 duo
841 4808 1008 4876 quaeri
1051 4819 1299 4877 possunt,
1341 4809 1610 4879 quomodo
1654 4811 1754 4879 legi

187 4912 456 4971 Oporteat,
488 4910 545 4956 et
579 4902 700 4969 quis
722 4901 911 4956 borum
944 4902 1230 4956 verborum
1262 4918 1454 4958 sensus
1481 4903 1568 4958 sit.
1596 4903 1754 4969 Quae-

184 4996 292 5048 stio
320 4994 500 5063 prima
538 4993 738 5061 pendet
777 4993 1005 5048 multum
1037 5007 1105 5047 ex
1147 4993 1485 5048 variantibus
1518 4993 1756 5049 lectioni-

186 5080 307 5147 bus,
335 5096 475 5153 quas
504 5082 730 5151 proinde
765 5083 971 5138 referre
1009 5096 1186 5153 opera:
1216 5085 1447 5149 pretium
1481 5093 1584 5138 est.
1620 5083 1757 5138 DilIi-

184 5176 360 5233 cultas
387 5179 492 5233 sita
518 5186 603 5233 est
642 5187 751 5233 tota
794 5180 847 5233 in
880 5194 1011 5241 voce
1051 5197 1069 5231 ι
1098 5178 1379 5250 postridie,
1412 5201 1431 5234 ›
1465 5194 1581 5250 quae
1603 5183 1755 5237 aliter

183 5268 239 5322 in
271 5270 395 5324 aliis
420 5270 697 5325 codicibus
721 5270 938 5338 legitur.
976 5268 1170 5327 Vocem
1201 5288 1219 5323 ι
1250 5274 1509 5342 postridie
1542 5292 1559 5324 ι
1605 5276 1757 5327 exhi-

183 5360 312 5414 bent
338 5376 528 5416 omnes
582 5362 702 5417 libri
746 5363 876 5417 editi
927 5379 1048 5417 cum
1104 5364 1307 5433 aliquot
1354 5366 1649 5421 codicibus.
1687 5370 1757 5421 At

184 5451 373 5513 Carm,
392 5452 581 5516 Corh.,
601 5452 700 5506 Th.
728 5468 791 5507 ac
818 5453 953 5520 Reg.
977 5456 1176 5506 habent
1205 5474 1224 5507 ι
1248 5464 1366 5523 post
1389 5457 1611 5523 pridie.»
1635 5457 1751 5525 Big.

183 5553 235 5590 et
259 5538 409 5593 Gem.
448 5560 465 5589 ι
511 5542 833 5607 postridui,»
865 5541 1073 5604 Germ.,
1111 5542 1263 5594 Colb.
1299 5559 1419 5595 cum
1450 5544 1585 5597 Vict.
1621 5545 1753 5599 duo-

185 5628 285 5678 bus
318 5647 335 5676 ‹
376 5630 734 5693 postriduum.
792 5649 811 5680 ι
855 5630 927 5681 Ex
988 5632 1183 5695 quibus
1229 5632 1364 5683 silici
1424 5632 1655 5694 videtur,
1702 5633 1747 5684 si

182 5725 427 5766 veterum
481 5716 739 5768 librorum
796 5718 1055 5768 habeatur
1111 5718 1266 5781 ratio,
1312 5733 1497 5770 vocum
1529 5721 1742 5782 harum,

192 5820 208 5851 ι
254 5805 509 5869 postridie
543 5824 562 5856 ι
592 5814 645 5858 et
688 5822 707 5855 ε
747 5806 1099 5871 postriduum,
1143 5825 1160 5855 ι
1198 5806 1418 5861 alteram
1476 5822 1569 5871 pro
1613 5821 1734 5860 vera

1869 1979 1939 2019 ex
1964 1963 2228 2020 Plautinis
2255 1966 2361 2019 illis
2392 1967 2445 2019 in
2483 1958 2696 2020 Milite:
2741 1985 2759 2016 ‹
2794 1965 3082 2023 Postriduo
3116 1979 3272 2024 natus
3314 1985 3432 2024 sum

1866 2070 1965 2126 ego
1990 2055 2206 2120 mulier,
2230 2070 2389 2125 quam
2417 2053 2628 2124 Jupiter
2657 2071 2723 2111 ex
2747 2058 2859 2126 Upe
2886 2065 3043 2112 natus
3066 2068 3168 2113 est.
3209 2078 3230 2112 ι
3266 2059 3434 2117 Nemo

1860 2150 2005 2203 enim
2045 2149 2280 2219 ignorat,
2314 2148 2416 2204 nisi
2447 2150 2519 2202 sit
2555 2164 2735 2203 rerum
2761 2152 3233 2219 grammaticarum
3257 2154 3433 2209 omni-

1862 2256 1932 2293 no
1972 2243 2143 2305 rudis,
2195 2240 2457 2295 vocabula
2501 2240 2613 2306 illa,
2649 2258 2669 2291 ι
2706 2250 2918 2311 sponte,
2974 2243 3134 2308 forte,
3187 2255 3429 2316 repente,

1860 2333 2209 2401 postriduo,»
2267 2344 2321 2386 et
2370 2332 2474 2385 alia
2528 2334 2579 2387 id
2614 2347 2803 2404 genus,
2854 2349 2973 2404 qua:
3014 2350 3111 2404 pro
3165 2339 3434 2394 adverbiis

1861 2438 2000 2478 sumi
2035 2422 2230 2489 solent,
2262 2423 2479 2493 proprie
2516 2432 2692 2477 tamen
2741 2425 2992 2480 adverbia
3018 2442 3123 2480 non
3166 2441 3307 2492 esse,
3338 2429 3432 2483 sed

1861 2517 2110 2582 nomina,
2139 2531 2372 2585 quorum
2406 2514 2522 2571 l‘ere
2545 2526 2732 2572 sextus
2757 2532 2915 2572 casus
2933 2518 3079 2574 solus
3117 2528 3428 2588 usurpatur.

1860 2605 2046 2675 Itaque
2094 2606 2375 2676 legendum
2423 2621 2545 2660 esse
2593 2608 2827 2663 arbitror
2893 2609 2947 2662 in
3002 2624 3066 2664 eo
3118 2626 3276 2678 quem
3322 2610 3431 2665 dixi

1860 2697 2136 2752 Ambrosii
2186 2698 2325 2764 loco,
2363 2716 2381 2749 ε
2421 2699 2779 2768 postriduum.
2828 2718 2847 2752 ι
2880 2698 2996 2755 Jam
3048 2702 3190 2772 quod
3241 2703 3432 2756 attinet

1862 2789 1930 2844 ad
1980 2789 2203 2843 alteram
2238 2790 2611 2860 quaestionem,
2648 2791 2776 2860 quid
2830 2793 3045 2847 tandem
3104 2793 3212 2848 sibi
3266 2792 3433 2847 velint

1861 2882 1952 2937 illa
1980 2882 2285 2936 Ambrosii:
2328 2900 2346 2933 ‹
2382 2882 2545 2937 Certe
2575 2882 2717 2936 illius
2754 2882 2918 2937 tridui
2950 2894 3192 2937 nostrum
3213 2886 3313 2939 hec
3342 2900 3435 2954 po-

1861 2972 2125 3027 striduum
2154 2974 2480 3029 laboriosius
2506 2984 2609 3041 est,
2646 2993 2664 3025 )
2710 2973 2887 3029 fateor
2918 2975 2973 3029 id
2998 2976 3130 3030 mihi
3165 2975 3314 3031 dictu
3347 2978 3427 3031 vi-

1862 3065 1976 3119 deri
2022 3063 2354 3133 pcrdillicile.
2409 3066 2672 3135 Experiar
2720 3077 2917 3121 tamen.
2954 3065 3011 3120 ln
3035 3069 3221 3137 primis
3252 3078 3429 3124 autem

1862 3156 2002 3209 scire
2031 3156 2181 3224 juvat
2222 3158 2320 3209 has
2351 3157 2405 3208 in
2440 3156 2696 3210 Hexaem.
2728 3158 3001 3213 orationes
3031 3159 3099 3213 ab
3144 3160 3433 3216 Ambrosio

1860 3247 1926 3299 ad
1958 3245 2211 3315 populum
2254 3246 2457 3303 ultimis
2484 3261 2579 3303 sex
2614 3248 3052 3320 Quadragesima:
3092 3252 3281 3308 diebus
3334 3256 3433 3307 ha-

1858 3337 1999 3393 bitas
2036 3354 2175 3406 esse,
2198 3340 2299 3394 hoc
2326 3349 2429 3405 est,
2460 3341 2573 3411 ipsa
2614 3341 2945 3397 hebdomade
2975 3343 3175 3410 majore
3203 3361 3231 3399 a
3286 3344 3425 3401 feria

1859 3432 2097 3484 secunda
2124 3432 2190 3483 ad
2244 3431 2540 3485 Sabbatum
2586 3448 2777 3501 usque.
2810 3432 2919 3487 Nec
2950 3449 3272 3504 quemquam
3304 3446 3432 3504 puto

1858 3535 1922 3575 ea
1958 3522 2024 3575 de
2076 3537 2134 3578 re
2175 3523 2569 3593 dubitaturum,
2614 3526 2704 3594 qui
2766 3526 3082 3595 praeclaram
3127 3528 3271 3583 illam
3313 3544 3432 3599 quae

1866 3618 2018 3686 Operi
2050 3615 2407 3673 Ambrosiano
2444 3619 2739 3688 praeligitur
2768 3622 3186 3676 admonitionem
3217 3622 3431 3691 legerit,

1860 3709 1913 3761 in
1949 3724 2050 3776 qua
2099 3719 2157 3763 ut
2189 3710 2291 3764 alia
2350 3713 2640 3780 permulta,
2678 3713 2751 3767 ita
2805 3713 2905 3768 hoc
2941 3728 3151 3784 quoque
3194 3716 3350 3771 docte
3378 3727 3433 3773 et

1860 3801 2004 3855 clare
2047 3810 2330 3857 tractatur.
2368 3803 2435 3857 Et
2465 3805 2665 3873 alioqui
2695 3808 2757 3861 de
2792 3808 2889 3861 hac
2922 3808 3179 3876 temporis
3202 3818 3325 3863 nota
3344 3826 3431 3865 sa-

1862 3892 1928 3945 tis
1949 3892 2200 3946 convenit
2240 3902 2383 3947 inter
2405 3895 2669 3950 eruditos.
2696 3892 2868 3949 Velim
2910 3897 3133 3967 insuper
3163 3901 3429 3955 memine-

1858 3983 2029 4039 rimus
2058 3985 2256 4043 dixisse
2284 3985 2533 4041 Plautum
2563 4006 2582 4039 ί
2631 3989 2928 4059 postriduo,
2978 4010 2997 4042 ›
3032 4006 3130 4062 pro
3162 4011 3182 4044 ι
3213 4002 3432 4062 postero

1859 4074 1977 4141 die;
2017 4094 2036 4128 ι
2081 4078 2149 4131 ob
2203 4078 2365 4145 idque
2410 4080 2544 4134 nihil
2591 4081 2804 4146 obesse,
2864 4082 2993 4149 quin
3038 4084 3226 4139 eodem
3268 4102 3430 4142 sensu

1858 4183 1991 4223 voce
2022 4188 2039 4219 ι
2076 4172 2411 4238 postriduum
2453 4190 2471 4223 ›
2512 4186 2640 4226 usus
2688 4172 2761 4226 sit
2791 4172 3129 4231 Ambrosius.
3162 4175 3300 4233 Hinc
3334 4192 3432 4233 au-

1863 4272 1968 4313 tem
2020 4263 2274 4329 colligere
2331 4264 2459 4318 licet
2509 4264 2622 4317 haec
2667 4263 2941 4321 Ambrosii
2995 4268 3180 4334 verba,
3227 4287 3248 4321 ι
3280 4280 3431 4327 certe

1861 4352 2005 4406 illius
2066 4354 2228 4406 tridui
2282 4366 2525 4409 nostrum
2580 4356 2683 4410 hoc
2730 4358 3067 4426 postriduum
3110 4359 3430 4416 laboriosius

1861 4455 1956 4505 est,
1994 4462 2012 4495 ι
2068 4444 2248 4498 reduci
2292 4461 2450 4514 posse
2479 4447 2545 4500 ad
2573 4447 2709 4503 hanc
2743 4447 2996 4514 formam,
3038 4469 3056 4502 ι
3102 4462 3250 4507 certe
3278 4451 3430 4509 illius

1789 4536 2028 4624 Dtridui
2065 4545 2248 4589 noster
2293 4538 2381 4592 hic
2432 4549 2679 4608 posterus
2729 4541 2846 4595 dies
2898 4540 3218 4597 laboriosior
3267 4554 3370 4598 est.
3402 4564 3425 4598 ι

1866 4625 1976 4679 lloc
2015 4625 2177 4694 igitur
2209 4627 2350 4683 dicet
2382 4631 2567 4686 doctor
2602 4632 2847 4701 egregius
2882 4649 2895 4683 :
2933 4630 3050 4686 Jam
3083 4637 3428 4703 pervenimus

1863 4717 1927 4769 ad
1955 4725 2059 4770 tres
2091 4717 2306 4775 ultimos
2331 4721 2766 4791 Quadragesimae
2788 4724 2920 4790 dies,
2948 4729 3041 4796 qui
3074 4728 3296 4799 reliquis
3323 4731 3427 4785 bu-

1857 4809 1947 4879 jus
1974 4814 2114 4867 sacri
2145 4813 2335 4883 jejunii
2370 4816 2558 4869 diebus
2590 4815 2971 4874 laboriosiores
2994 4821 3159 4876 multo
3191 4832 3314 4877 sunt
3342 4834 3425 4880 at-

1862 4916 1964 4969 que
1998 4902 2343 4961 dilliciliores.
2378 4905 2562 4960 Tridui
2585 4907 2727 4962 illius
2754 4910 2891 4962 diem
2925 4912 3155 4979 primam
3180 4914 3425 4969 celebra-

1861 4992 2051 5049 bamus
2090 4996 2225 5049 heri.
2253 4996 2600 5051 Celebramus
2624 4998 2781 5053 hodie
2803 5001 2943 5054 diem
2972 5002 3283 5069 secundam,
3304 5020 3425 5060 cras

1864 5083 2187 5138 celebraturi
2231 5085 2472 5150 tertiam,
2520 5087 2625 5142 hoc
2666 5098 2768 5155 est,
2799 5090 2937 5144 diem
2978 5090 3194 5146 Sabbati
3226 5096 3423 5151 sancti.

1864 5172 2057 5229 Totum
2085 5176 2211 5229 illud
2246 5177 2481 5230 triduum
2520 5178 2792 5233 laboriose
2817 5181 3034 5249 quidem
3084 5185 3419 5241 traducitur:

1859 5270 1954 5321 sed
1992 5276 2169 5322 tamen
2215 5268 2360 5323 illius
2399 5279 2645 5339 posterus
2677 5272 2793 5327 dies
2821 5272 2992 5329 labori
3025 5275 3215 5343 majori
3249 5279 3420 5333 obno-

1860 5358 1983 5413 Xius
2017 5368 2117 5413 est.
2166 5360 2233 5415 Et
2283 5377 2412 5416 vero
2448 5363 2661 5419 tametsi
2707 5376 2917 5421 constat
2965 5365 3260 5424 Sabbatum
3297 5386 3421 5426 san-

1858 5461 2003 5503 ctum
2060 5454 2259 5520 ubique
2304 5464 2570 5507 terrarum
2615 5458 2752 5525 apud
2810 5458 3143 5513 Christianos
3197 5476 3318 5515 cum
3350 5465 3418 5517 ob

1857 5552 2046 5594 cratera
2080 5543 2236 5608 hujus
2271 5545 2372 5596 diei
2405 5546 2601 5608 olIicia,
2636 5556 2744 5598 tum
2776 5550 3007 5602 maxime
3023 5552 3089 5602 ob
3121 5551 3414 5620 baptisma-

1858 5629 1923 5679 tis
1958 5632 2303 5683 cmremonias
2331 5632 2652 5687 laboriosum
2699 5634 2866 5689 fuisse
2910 5656 2921 5688 :
2970 5639 3178 5691 videtur
3235 5652 3407 5693 tamen

1853 5716 2036 5767 nescio
2066 5720 2331 5781 quomodo
2374 5720 2538 5772 fuisse
2572 5720 2890 5775 laboriosius
2938 5722 3238 5777 Mediolani.
3295 5729 3399 5777 lte-

1848 5803 1951 5856 l'ert
1989 5805 2130 5857 enim
2178 5805 2451 5875 Paulinus,
2500 5810 2638 5877 quod
2673 5826 2896 5877 magnus
2943 5814 3031 5867 ille
3085 5816 3392 5869 Ambroaius
