4080 6314
681 371 822 417 CXC"

2026 365 2552 427 PROLEGOMENA.

681 478 766 530 die
791 472 1011 529 Sabbati
1043 473 1216 530 sancti
1248 475 1397 532 solus
1427 477 1639 534 elllcere
1670 478 1898 545 solebat,
1920 478 1995 545 id,
2026 496 2091 535 eo
2111 498 2251 537 mor-
2280 490 2321 545 Α
2356 491 2443 537 tnr
2490 485 2650 538 etiam
2692 484 3053 552 vespertinum
3105 483 3450 548 sacriﬁcium,
3501 484 3554 539 id
3604 497 3707 550 cst,
3747 488 3918 544 missa

682 575 798 629 tuo,
835 580 863 618 a
894 564 1132 633 quinque
1160 556 1428 633 episCJPls'
1451 566 1587 623 eﬂici
1620 568 1707 624 vix
1746 569 2007 639 potuisse.
2042 570 2245 627 Paulini

679 656 844 710 verba
884 666 1011 710 sunt
1042 656 1154 711 haec
1196 656 1251 712 in
1294 654 1413 710 Vita
1466 657 1736 714 Ambrosii
1788 676 1936 715 num.
1982 660 2050 716 38
2083 679 2097 715 :
2136 679 2155 713 ι
2192 662 2249 717 lu

680 745 843 800 rebus
874 745 1038 800 etiam
1076 746 1275 803 divinis
1323 746 1609 818 implendis
1643 747 1994 816 fortissimus,
2044 751 2097 806 in
2127 760 2250 806 tan-

682 844 795 889 tum
836 843 889 889 ut
925 836 1065 905 quod
1098 837 1291 892 solitus
1345 849 1463 893 erat
1504 842 1650 894 circa
1692 840 2050 909 baptizandus
2104 844 2250 901 solus

682 925 926 995 implere,
952 928 1190 997 quinque
1217 936 1402 996 postea
1427 928 1688 999 episcopi,
1729 940 1973 1000 tempore
2007 948 2115 1003 quo
2150 934 2247 989 de-

680 1016 868 1083 cessit,
917 1016 1004 1069 vix
1046 1017 1349 1088 implerent.
1389 1039 1408 1073 ι
1457 1022 1762 1077 Decessisse
1803 1032 1980 1077 autem
2015 1024 2249 1080 Ambro-

679 1107 819 1162 sium
842 1108 1121 1167 matutinis
1159 1111 1309 1167 horis
1340 1110 1563 1168 Sabbati
1590 1115 1781 1180 sancti,
1803 1124 1951 1186 patet
1970 1131 2036 1172 ex
2057 1118 2245 1173 eodem

679 1197 925 1265 Paulino,
977 1200 1071 1269 qui
1100 1202 1157 1255 in
1202 1201 1320 1272 ejus
1367 1200 1509 1271 Vita,
1545 1218 1694 1257 num.
1746 1204 1835 1269 48,
1881 1204 1953 1257 ita
2005 1205 2242 1261 scribit:

684 1305 703 1337 ε
728 1288 905 1357 Atque
934 1287 1059 1344 inde
1078 1290 1144 1345 ad
1162 1290 1445 1346 ecclesiam
1479 1292 1735 1363 majorem
1764 1293 2080 1347 antelucana
2115 1296 2243 1349 hora

678 1391 783 1445 qua
830 1379 1113 1434 defunctus
1159 1390 1266 1446 est,
1312 1396 1507 1451 corpus
1552 1382 1719 1451 ipsius
1763 1382 2075 1453 (Ambrosii)
2123 1400 2245 1451 por-

679 1477 847 1521 tatum
881 1470 1193 1538 est;ibique
1210 1472 1397 1526 eadem
1430 1473 1531 1526 l'uit
1562 1482 1742 1538 nocte,
1776 1488 1880 1541 qua
1910 1474 2248 1545 vigilavimus

678 1560 730 1612 in
762 1558 1033 1615 Pascha...
1059 1560 1166 1616 Sed
1189 1562 1496 1619 lucescente
1521 1564 1608 1617 die
1640 1563 1940 1629 Dominico,
1976 1582 2093 1620 cum
2123 1581 2245 1621 cor-

678 1664 777 1717 pus
814 1651 1003 1719 ipsius,
1030 1654 1271 1721 peractis
1297 1654 1656 1709 sacramentis
1688 1655 1904 1720 divinis,
1932 1662 1996 1712 de
2013 1659 2243 1714 ecclesia

683 1740 973 1805 levaretur,
1011 1743 1332 1811 portandum
1382 1745 1445 1798 ad
1485 1744 1761 1799 basilicam
1806 1748 2243 1813 Ambrosianum,

678 1832 731 1886 in
773 1850 877 1905 qua
909 1835 1116 1903 positus
1138 1845 1239 1903 est,
1270 1838 1343 1891 ila
1370 1837 1443 1891 ibi
1470 1838 1771 1892 daemonum
1802 1840 1955 1893 turba
1979 1840 2247 1894 clamabat

684 1939 743 1977 se
781 1926 849 1979 ab
899 1924 990 1979 illo
1035 1929 1296 1997 torqueri,
1340 1938 1400 1982 ut
1450 1928 1680 1997 ejulatus
1719 1946 1903 1986 eorum
1967 1932 2094 1986 ferri
2141 1948 2247 1985 non

678 2023 917 2080 possent.
950 2033 969 2065 ι
998 2013 1090 2068 His
1119 2026 1298 2070 autem
1331 2017 1494 2071 semel
1521 2020 1729 2087 positis,
1760 2021 2005 2088 sequitur
2039 2022 2247 2073 sacrili-

677 2107 841 2163 cium.
862 2121 981 2159 cum
1000 2108 1487 2176 advesperasceret,
1503 2108 1785 2166 Mediolani
1803 2114 2128 2181 temporibus
2145 2113 2248 2166 illis

680 2197 1008 2251 celebratum
1052 2198 1218 2253 fuisse
1262 2200 1372 2270 ipsa
1414 2201 1742 2257 Parasceves
1789 2202 1895 2266 die,
1942 2204 2247 2271 Christique

678 2303 872 2356 corpus
919 2291 1058 2343 intra
1099 2291 1355 2346 solemnia
1399 2304 1454 2347 et
1496 2293 1799 2349 confectum
1834 2294 2020 2363 fuisse,
2072 2306 2125 2352 et
2152 2313 2245 2366 p0-

678 2379 803 2442 pulo
825 2382 1028 2436 datum.
1049 2382 1272 2449 Horum,
1300 2400 1416 2452 qua:
1442 2399 1503 2437 ex
1538 2396 1717 2440 nostra
1740 2388 2095 2457 explicatione
2118 2405 2246 2444 cun-

682 2475 833 2541 sequi
855 2474 988 2537 dixi,
1016 2476 1166 2530 testis
1180 2485 1263 2531 est
1295 2478 1610 2534 Ambrosius
1632 2481 1765 2550 ipse.
1796 2481 2080 2551 Postquam
2101 2485 2244 2555 enim

686 2564 756 2617 ita
791 2567 1005 2633 scripsit
1040 2584 1054 2621 :
1095 2586 1114 2618 ι
1163 2568 1322 2623 Certe
1356 2569 1497 2625 illius
1539 2572 1702 2626 tridui
1735 2582 1981 2627 nostrum
2015 2576 2117 2629 hoc
2147 2591 2245 2644 po-

681 2656 871 2710 stridie
900 2657 1223 2715 laboriosius
1264 2670 1368 2726 est,
1396 2680 1415 2713 »
1449 2662 1529 2717 sic
1554 2666 1938 2734 prosequitur:
1974 2684 1992 2717 ι
2036 2666 2097 2719 Et
2126 2667 2246 2722 ideo

680 2748 771 2814 qui
812 2762 933 2801 cum
986 2751 1173 2805 avibus
1215 2752 1463 2819 lusimus,
1519 2770 1639 2807 cum
1696 2756 1838 2825 gallo
1883 2758 2241 2823 cantavimus,

674 2839 785 2908 jam
833 2837 1045 2894 Domini
1090 2857 1347 2898 canamus
1400 2846 1679 2914 mysteria,
1725 2856 1779 2899 et
1808 2849 1874 2899 ad
1903 2862 2099 2916 corpus
2120 2847 2244 2901 Jesu

680 2934 1005 2985 conveniant
1036 2932 1232 3000 aquila:
1263 2942 1606 3001 peccatorum
1640 2935 1916 2991 ablatione
1944 2950 2242 3002 renovata};

674 3021 787 3089 jam
837 3025 981 3076 enim
1039 3034 1214 3079 coetus
1248 3025 1335 3080 ille
1370 3042 1596 3098 magnus
1624 3042 1807 3083 verum
1853 3028 2009 3085 nobis
2056 3028 2245 3083 Jonam

2351 576 2673 644 vespertinis
2707 576 2855 631 boris
2894 576 3082 631 diebus
3100 577 3287 645 jejunii
3315 578 3575 631 celebrari
3610 582 3764 633 solita
3798 598 3814 635 :
3849 582 3919 635 de

2348 684 2453 740 qua
2491 669 2544 723 in
2595 683 2751 724 conc.
2799 669 2924 723 Vas.
2962 684 3081 737 cap.
3118 671 3173 733 '5,
3213 685 3262 724 c.
3293 670 3395 736 29,
3428 669 3710 725 Matiscon.
3760 686 3813 726 c.
3856 672 3916 735 9,

2348 770 2525 816 actum
2556 761 2875 829 reperimus.
2908 780 2927 812 ι
2958 761 3034 815 Ad
3064 761 3197 827 haec,
3229 762 3509 830 antiquum
3543 761 3693 815 illum
3736 764 3917 816 sacri-

2349 852 2457 907 licii
2483 866 2707 921 vespere
2742 852 3000 906 oll'erendi
3051 867 3257 906 morem
3303 852 3430 905 olim
3467 855 3607 923 apud
3644 852 3915 907 Mediola-

2349 957 2541 998 nenses
2566 940 2754 1013 jejunii
2784 943 2973 997 diebus
3006 941 3304 997 obtinuisse
3331 943 3559 1008 probant
3587 953 3644 998 et
3669 958 3762 1009 ea,
3792 959 3916 1013 qua:

2348 1031 2505 1101 paulo
2530 1042 2654 1087 ante
2682 1034 2931 1104 leguntur
2954 1048 3101 1087 num.
3131 1033 3319 1088 eodem
3345 1054 3355 1086 :
3386 1050 3405 1083 ι
3440 1033 3705 1088 lndictum
3736 1034 3919 1101 estje-

2342 1123 2576 1189 junium,
2603 1139 2732 1177 cave
2756 1139 2821 1178 ne
2848 1124 3108 1195 negligas.
3131 1124 3241 1179 Etsi
3271 1134 3321 1177 te
3343 1121 3511 1177 fames
3532 1125 3915 1193 quotidianum

2346 1212 2489 1281 cogit
2520 1211 2586 1264 ad
2620 1215 2933 1279 prandium,
2969 1224 3060 1268 aut
3094 1215 3510 1283 intemperantia
3546 1213 3785 1268 declinat
3831 1214 3919 1282 je-

2340 1304 2573 1372 junium,
2621 1313 2795 1359 tamen
2841 1306 3046 1361 cmleSti
3095 1307 3261 1377 magis
3297 1317 3347 1361 te
3392 1316 3605 1361 servato
3637 1307 3916 1361 convivio.

2348 1395 2463 1449 Non
2491 1395 2661 1465 epulas
2691 1406 2891 1465 paratre
2916 1407 3297 1467 extorqueant,
3333 1406 3391 1451 ut
3436 1397 3670 1453 caelestis
3704 1398 3782 1452 sis
3820 1412 3917 1449 va-

2346 1503 2479 1542 cuus
2518 1487 2868 1542 sacramenti.
2913 1487 3077 1542 Ditl‘er
3127 1489 3552 1558 aliquantulum,
3592 1505 3698 1543 non
3750 1489 3920 1558 longe

2348 1578 2470 1632 linis
2507 1588 2589 1633 est
2621 1578 2726 1633 diei
2766 1597 2778 1633 :
2819 1579 2926 1633 imo
2966 1578 3205 1646 plerique
3239 1590 3362 1633 sunt
3390 1578 3652 1647 ejusmodi
3685 1579 3826 1643 dies,
3855 1591 3918 1634 nt

2347 1667 2530 1721 statim
2578 1667 2894 1721 meridianis
2924 1666 3075 1721 horis
3105 1666 3495 1722 adveniendam
3525 1671 3597 1723 sit
3636 1671 3689 1725 in
3733 1670 3914 1725 eccle-

2349 1760 2507 1823 siam,
2557 1759 2788 1815 canendi
2831 1761 3037 1829 hymni,
3090 1758 3413 1814 celebranda
3469 1760 3695 1815 oblatio.
3758 1761 3917 1815 Tunc

2350 1848 2534 1917 utique
2577 1858 2801 1918 paratus
2836 1850 3063 1914 assiste,
3109 1858 3167 1903 ut
3201 1850 3435 1918 accipias
3469 1850 3561 1904 tibi
3594 1852 3914 1906 munimen-

2348 1949 2483 2005 tum,
2518 1953 2576 1995 ut
2605 1956 2798 2011 corpus
2832 1942 2958 1997 edas
2994 1942 3205 1997 Domini
3245 1943 3390 1996 Jesu.
3434 1960 3452 1992 ι
3492 1940 3624 1995 Nam
3653 1943 3797 2009 quod
3838 1945 3921 1997 ait

2346 2030 2695 2095 Ambrosius,
2732 2032 3015 2102 plerosque
3053 2048 3174 2088 esse
3206 2032 3469 2103 ejusmodi
3506 2032 3640 2094 dies,
3693 2031 3746 2084 in
3781 2033 3913 2101 qui-

2347 2122 2448 2175 l-us
2480 2134 2596 2176 mos
2627 2129 2772 2176 esset
2806 2124 2987 2176 statim
3028 2123 3343 2177 meridianis
3379 2122 3527 2176 horis
3558 2121 3819 2175 advenire
3858 2121 3917 2174 in

2346 2212 2655 2276 ecclesiam,
2705 2211 3029 2268 oblationem
3085 2214 3396 2279 celebrare,
3447 2228 3643 2282 corpus
3692 2213 3915 2268 Domini

2346 2303 2471 2359 Jesu
2506 2305 2686 2368 edere,
2718 2303 2768 2357 id
2800 2319 2902 2357 non
2931 2304 3158 2359 obscure
3188 2306 3389 2361 indicat
3416 2306 3551 2361 alios
3573 2306 3741 2361 fuisse
3769 2308 3915 2373 dies,

2348 2397 2400 2449 in
2444 2396 2639 2465 quibus
2677 2395 2791 2448 luec
2836 2395 2904 2448 ob
2940 2395 3196 2449 indictum
3224 2394 3486 2465 jejunium
3516 2407 3919 2467 peragerentur

2348 2504 2453 2540 non
2492 2487 2809 2542 meridianis
2842 2486 3194 2556 temporibus,
3224 2490 3317 2540 sed
3350 2490 3694 2558 vespertinis.
3728 2488 3918 2555 Quare

2349 2587 2530 2631 inonet
2579 2578 2834 2648 p0pulum
2887 2576 2972 2629 vir
3021 2574 3419 2644 sanctissimus,
3477 2586 3536 2630 ut
3591 2588 3719 2632 tunc
3768 2579 3917 2634 fame

2347 2681 2653 2740 contempla
2687 2681 2866 2725 servet
2906 2684 2965 2726 se
2993 2669 3202 2725 caelesti
3234 2670 3488 2724 convivio
3508 2709 3524 2736 ,
3552 2685 3730 2739 neque
3764 2672 3916 2727 vinci

2347 2777 2405 2816 se
2433 2762 2578 2817 sinat
2605 2763 2777 2831 epulis
2804 2762 3081 2831 apparatis
3115 2783 3127 2817 :
3160 2762 3253 2817 sed
3284 2762 3483 2832 potius,
3515 2776 3583 2816 ne
3607 2776 3815 2816 vacuus
3842 2764 3920 2816 sit

2347 2853 2584 2908 ctelestis
2608 2853 2953 2919 sacramenti,
2987 2856 3145 2909 linem
3170 2856 3273 2910 diei
3303 2854 3443 2909 haud
3474 2852 3628 2921 longe
3657 2852 3918 2908 dissitum

2348 2952 2642 3011 exSpectet.
2682 2946 2790 2999 Nec
2819 2946 2885 2999 ab
2913 2960 2971 2999 re
3016 2946 3122 3000 erit
3152 2955 3207 3000 et
3235 2946 3397 2999 alium
3424 2945 3595 3000 locum
3621 2944 3746 3001 libri
3774 2945 3917 2999 sexti

2348 3034 2674 3103 expendere.
2702 3034 2933 3087 Basilius
2955 3033 3265 3087 animalium
3290 3037 3529 3089 diversas
3548 3035 3919 3105 proprietates

684 3114 913 3168 reddidit
948 3133 960 3167 :
1013 3125 1066 3169 et
1092 3116 1421 3185 gratulemur
1454 3119 1598 3188 quod
1650 3119 1825 3175 factus
1865 3130 1948 3177 εει
1978 3121 2133 3176 nobis
2154 3138 2247 3177 ve-
2271 3141 2315 3200 ο
2349 3139 2469 3178 cum
2501 3133 2827 3186 recenseret,
2852 3124 3062 3177 dixerat
3091 3122 3299 3175 asinum
3333 3125 3540 3191 pigrum
3564 3139 3683 3178 esse
3708 3143 3721 3179 :
3748 3141 3916 3194 quem

683 3218 839 3270 spere
875 3206 990 3260 dies
1028 3210 1280 3273 quintus;
1325 3209 1417 3261 llat
1455 3212 1610 3263 nobis
1639 3226 1797 3266 mane
1831 3212 1947 3267 dies
1977 3224 2183 3268 sextus.
2221 3233 2239 3267 ι

688 3294 754 3347 Et
787 3297 999 3363 quidem
1035 3313 1101 3351 ex
1142 3298 1270 3362 illis,
1314 3315 1333 3349 ι
1366 3299 1478 3367 jam
1516 3299 1725 3353 Domini
1757 3317 2014 3356 canamus
2046 3312 2245 3373 myste-

694 3391 792 3456 ria,
830 3398 883 3443 et
918 3390 982 3444 ad
1015 3405 1211 3461 corpus
1256 3388 1383 3448 Jesu
1423 3392 1749 3446 conveniant
1779 3395 1971 3463 aquilae
2002 3406 2248 3465 peccato-

685 3499 806 3536 rum
864 3483 1135 3538 ahlntione
1187 3496 1477 3551 renovatae,
1518 3505 1536 3537 ι
1581 3485 1739 3555 plane
1767 3495 1979 3542 constat
2023 3498 2076 3541 et
2105 3488 2248 3543 cele-

687 3573 899 3626 brutum
924 3572 1091 3625 fuisse
1117 3575 1439 3627 sacriﬁcium
1475 3585 1592 3641 post
1618 3577 1933 3632 concionem
1952 3577 2243 3643 Ambrosii,

682 3672 737 3713 et
767 3662 1085 3716 convenisse
1128 3667 1379 3732 p0pulnm
1409 3664 1708 3733 aquilarum
1733 3668 1785 3718 in
1817 3681 2017 3720 morem
2047 3669 2112 3721 ad
2134 3684 2246 3721 cor-

682 3767 782 3821 pus
825 3750 950 3808 Jesu
982 3754 1368 3825 recipiendum.
1417 3756 1508 3809 Illa
1567 3772 1718 3822 vero,
1766 3774 1784 3806 ι
1824 3767 1877 3811 et
1917 3760 2249 3828 gratulemur

681 3850 824 3913 quod
853 3845 1026 3903 factus
1053 3859 1137 3904 est
1168 3851 1323 3905 nobis
1348 3864 1571 3920 vespere
1612 3851 1979 3921 diesquintus,
2009 3869 2028 3903 ι
2065 3859 2250 3920 aperte

682 3939 973 3992 ostendunt
994 3940 1265 3994 Ambrosii
1291 3943 1605 3999 concionem
1641 3944 1756 4013 ipsa
1782 3943 2109 4000 Parasceves
2140 3945 2247 4007 die,

683 4046 806 4084 cum
834 4032 1326 4102 advesperasceret,
1377 4035 1442 4088 ad
1492 4035 1744 4105 populum
1785 4035 2024 4091 habitam
2060 4037 2246 4091 fuisse.

682 4121 815 4175 Cum
847 4125 1008 4186 enim,
1035 4134 1093 4178 ut
1126 4126 1380 4191 diximus,
1430 4127 1740 4181 concionari
1772 4128 1995 4195 ceperit
2020 4130 2251 4182 Ambro-

684 4213 797 4269 sius
818 4214 949 4266 feria
981 4217 1212 4270 secunda
1252 4217 1470 4285 majoris
1511 4219 1883 4283 hebdomadas,
1913 4222 2250 4289 perapicuum

687 4313 767 4355 cst
800 4303 940 4356 diem
975 4306 1222 4373 quintum
1250 4309 1302 4361 in
1330 4309 1654 4365 Parasceves
1675 4311 1814 4365 diem
1847 4310 2123 4365 cecidisse.
2142 4312 2251 4367 Nec

691 4395 947 4465 cuiquam
996 4396 1152 4451 valde
1176 4398 1372 4453 mirum
1404 4401 1574 4456 videri
1605 4403 1781 4461 debet.
1815 4416 1969 4457 sacra
2005 4402 2120 4469 ipso
2146 4402 2249 4456 Pa-

2347 3213 2524 3269 locum
2576 3214 2849 3269 rhetorum
2908 3225 3056 3266 more
3107 3224 3381 3265 exornans
3433 3212 3785 3273 Ambrosius,
3838 3212 3917 3263 ita

2348 3305 2565 3372 scripsit
2599 3307 2692 3359 lib.
2745 3320 2831 3367 vi,
2872 3320 2989 3373 cap.
3022 3305 3057 3358 5
3103 3322 3115 3357 :
3155 3320 3174 3354 ί
3222 3300 3378 3371 Piger
3415 3300 3619 3363 asinus,
3660 3311 3714 3354 et
3744 3316 3922 3369 expo-

2350 3394 2485 3448 situs
2518 3393 2585 3446 ad
2624 3394 2892 3462 praedam,
2924 3407 3192 3460 sensuque
3221 3392 3445 3454 tardior,
3476 3391 3603 3461 quid
3634 3391 3782 3445 aliud
3817 3392 3920 3445 do-

2349 3492 2455 3550 cet,
2511 3482 2616 3536 nisi
2655 3497 2754 3537 nes
2796 3483 3100 3537 vivaciores
3135 3496 3254 3537 esse
3293 3482 3490 3537 debere
3514 3524 3527 3546 ,
3561 3497 3659 3537 nec
3706 3482 3919 3537 desidia

2349 3572 2590 3641 corporis
2620 3571 2896 3641 animique
2934 3573 3261 3641 pigrescere,
3296 3572 3584 3643 confugere
3618 3574 3684 3628 ad
3722 3575 3922 3639 fidem,

2349 3678 2468 3732 qua:
2499 3677 2665 3717 onera
2696 3665 2877 3734 gravia
2905 3664 3138 3719 allevare
3163 3665 3546 3720 consueverit?
3571 3684 3590 3717 ι
3620 3663 3725 3720 Sed
3757 3665 3921 3731 illud,

2355 3774 2371 3806 ι
2404 3764 2459 3807 et
2484 3754 2765 3822 expositus
2794 3755 2861 3809 ad
2892 3756 3148 3824 praedam,
3182 3775 3200 3807 ι
3234 3756 3364 3815 mihi
3404 3772 3509 3810 non
3546 3757 3761 3809 videtur
3789 3757 3923 3811 huic

2352 3846 2471 3899 loco
2500 3847 2824 3911 convenire;
2863 3859 3071 3917 contra,
3103 3852 3145 3905 si
3188 3852 3353 3923 legas,
3384 3854 3457 3906 uti
3493 3853 3543 3906 in
3570 3853 3754 3907 codice
3790 3853 3921 3907 Vat.

2352 3935 2566 4005 legitur,
2620 3955 2639 3988 ι
2676 3947 2731 3993 et
2761 3939 3037 4007 expositus
3084 3943 3149 3993 ad
3179 3944 3440 4009 pondera,
3486 3962 3503 3995 ι
3549 3944 3705 4012 plana
3752 3954 3924 3997 erunt

2351 4030 2552 4081 omnia.
2589 4027 2703 4083 Hoc
2734 4031 2878 4087 enim
2928 4031 3058 4085 dicit
3098 4032 3419 4086 Ambrosius
3450 4050 3467 4086 :
3514 4034 3571 4085 Si
3608 4034 3924 4087 considere-

2352 4133 2473 4173 mus
2503 4119 2715 4174 asinum
2742 4120 2954 4190 pigrum
2991 4134 3110 4175 esse
3132 4159 3146 4185 ,
3175 4128 3228 4175 et
3265 4134 3427 4175 sensu
3460 4120 3784 4186 tardiorem;
3822 4120 3924 4175 ab-

2351 4212 2420 4265 sit
2453 4219 2511 4265 ut
2557 4226 2679 4265 eum
2717 4212 2769 4265 in
2807 4226 2872 4267 eo
2902 4213 3101 4267 imitari
3139 4211 3390 4278 velimus,
3424 4212 3515 4268 sed
3547 4212 3724 4282 potius
3751 4211 3917 4267 debe-

2352 4317 2473 4355 mus
2508 4300 2810 4358 vivaciores
2857 4318 2977 4357 esse
3009 4315 3062 4358 et
3107 4304 3419 4359 alacriores.
3457 4304 3663 4359 Rursus
3700 4303 3746 4357 si
3792 4316 3927 4357 con-

2354 4391 2655 4446 sideremus
2704 4406 2825 4445 eum
2862 4391 2927 4445 ad
2967 4392 3203 4461 pondera
3256 4392 3558 4461 expositum
3594 4404 3742 4453 esse,
3790 4390 3927 4445 hinc

688 4500 940 4542 rasceves
991 4487 1077 4542 die
1114 4498 1167 4543 et
1213 4489 1484 4544 celebrata
1534 4506 1676 4557 esse,
1722 4503 1776 4548 et
1820 4495 2094 4562 populum,
2130 4509 2246 4548 cum
2281 4477 2325 4532 Ῑ)
2354 4484 2646 4539 edocemm‘
2672 4484 2962 4554 confusel‘e
2994 4486 3060 4538 ad
3089 4484 3270 4548 ﬁdem.
3297 4500 3416 4554 quae
3442 4498 3608 4539 οηθη
3629 4484 3817 4553 8ΐ²νί²
3846 4485 3925 4538 ³1-

688 4580 1192 4648 advcsperasceret,
1218 4594 1417 4650 corpus
1440 4581 1636 4638 Christi
1672 4586 1963 4652 accepisse,
1995 4601 2116 4639 cum
2141 4584 2253 4640 haec

688 4670 793 4724 illis
834 4668 1018 4741 jejunii
1057 4674 1283 4741 majoris
1330 4675 1519 4730 diebus
1560 4675 1687 4729 olim
1729 4673 2012 4732 Mediolani
2050 4679 2103 4732 in
2154 4693 2252 4731 usu

688 4759 857 4814 fuisse
880 4769 1106 4815 constet.

768 4853 840 4905 De
861 4852 964 4905 hoc
991 4852 1277 4906 audiamus
1306 4852 1647 4908 Ambrosium
1689 4854 1741 4908 in
1772 4852 2035 4923 psalmum
2064 4870 2251 4921 cxvm,

692 4960 819 4997 num
866 4942 1039 4997 48:1
1079 4946 1348 5001 Admonet
1405 4946 1590 5006 etiam,
1654 4947 1857 5016 inquit,
1930 4946 2250 5001 sacriﬁcium

689 5036 1099 5101 vespertinum,
1139 5045 1197 5089 ut
1247 5043 1528 5107 nunquam
1571 5037 1848 5092 Christum
1895 5035 2249 5092 obliviscaris.

689 5123 807 5176 bon
840 5131 991 5190 potes
1030 5122 1297 5189 oblivisci,
1331 5142 1451 5180 cum
1486 5127 1684 5183 lectum
1714 5128 1961 5181 ascendis
1995 5126 2113 5194 ejus
2152 5128 2255 5182 Do-

694 5212 849 5277 mini,
883 5213 968 5267 cui
1004 5213 1057 5266 in
1087 5229 1282 5271 occasu
1323 5216 1429 5270 diei
1468 5232 1683 5285 precem
1721 5217 1956 5283 luderis,
2004 5218 2093 5284 qui
2127 5232 2251 5271 esu-

697 5306 922 5359 rientem
954 5314 1006 5359 te
1031 5306 1111 5359 sui
1138 5308 1379 5377 corporis
1407 5308 1577 5379 epulis
1600 5311 1917 5378 expleverit.
1950 5329 1969 5361 ι
2003 5308 2101 5376 Qui
2128 5308 2256 5364 Am-

694 5396 859 5451 brosii
886 5395 1037 5451 locus
1080 5397 1447 5453 eruditissima
1482 5399 1572 5454 illa
1613 5410 1740 5454 nota
1777 5399 2076 5455 illustratus
2118 5400 2250 5468 legi-

696 5494 786 5539 tur
820 5502 832 5538 :
867 5504 885 5537 ι
921 5489 999 5541 Ad
1034 5488 1150 5543 haec
1181 5488 1415 5543 indidem
1446 5505 1659 5561 quoque
1698 5490 1996 5561 intelligere
2028 5500 2109 5545 est
2143 5504 2255 5543 mo.

697 5579 774 5630 ris
815 5577 979 5631 fuisse
1016 5580 1070 5633 in
1111 5580 1350 5636 Ecclesia
1390 5579 1579 5636 Latina
1614 5585 1775 5638 etiam
1829 5584 2017 5654 jejunii
2069 5585 2255 5637 diebus

699 5669 1024 5725 sacriﬁcium
1050 5671 1267 5737 ‘oﬂ‘erre,
1284 5684 1339 5727 et
1359 5672 1752 5729 Eucharistiam
1776 5676 2045 5746 accipere,
2070 5684 2255 5729 contra

702 5775 866 5829 quam
896 5761 951 5816 in
983 5760 1244 5821 Orientali
1272 5764 1572 5821 obtinebat.
1616 5764 1961 5823 Postmodum
1992 5778 2250 5821 memora-

2354 4576 2537 4629 levare
2573 4576 2874 4629 consuevit.
2918 4574 3254 4629 Sententiam
3300 4575 3459 4643 hujus
3502 4573 3604 4628 loci
3636 4577 3921 4630 consecuti

2350 4678 2477 4725 sunt
2515 4667 2731 4737 quidem
2778 4669 3033 4725 editionis
3074 4667 3328 4722 Romana:
3375 4676 3663 4733 auctores,
3697 4670 3791 4734 qui
3841 4669 3921 4722 ita

2353 4760 2615 4814 edendum
2664 4770 2943 4824 curarunt,
2994 4778 3012 4810 ι
3063 4770 3117 4815 et
3146 4762 3212 4815 ad
3244 4776 3379 4815 onus
3427 4760 3705 4831 expositus
3756 4776 3769 4810 :
3820 4762 3921 4812 sed

2356 4852 2862 4922 prmterquamquOil
2890 4852 3139 4905 videntur
3158 4854 3229 4905 ita
3255 4854 3559 4907 correxisse
3583 4866 3648 4907 ex
3676 4850 3921 4919 ingenio,

2354 4941 2408 4994 in
2450 4957 2516 4996 eo
2565 4943 3031 5010 reprehendendos
3068 4958 3163 4998 eos
3212 4953 3363 5013 puto,
3417 4943 3561 5013 quod
3607 4942 3839 4998 nimium
3888 4958 3920 4995 a

2356 5034 2565 5103 vulgata
2597 5035 2864 5103 scriptura
2898 5037 3245 5091 recesserint.
3287 5036 3361 5091 De
3392 5036 3481 5090 bis
3520 5036 3669 5090 satis.
3701 5030 3823 5088 Jam
3853 5036 3923 5090 de

2358 5124 2588 5179 Psalmis
2614 5139 2918 5183 sermonem
2951 5127 3317 5183 instituamus.

2858 5216 2885 5288 ᾗ
2925 5216 3011 5274 Vl.
3052 5216 3127 5272 De
3159 5216 3407 5273 Psalmis.

2426 5307 2517 5363 30.
2558 5307 2881 5363 Praeclarum
2906 5324 3073 5374 sane,
3098 5318 3151 5364 et
3174 5310 3226 5364 in
3254 5310 3443 5379 primis
3473 5308 3693 5376 elegans
3737 5323 3923 5378 prooe-

2356 5395 2523 5449 mium
2558 5396 2745 5453 Basilii
2772 5398 2825 5452 in
2854 5398 3136 5453 Psalmns-z
3166 5399 3308 5468 quod
3340 5398 3433 5468 qui
3470 5396 3691 5463 legerit,
3724 5400 3923 5453 miram

2358 5484 2503 5539 illam
2533 5487 2587 5541 in
2610 5485 2809 5542 Basilio
2834 5486 3048 5541 dicendi
3092 5496 3265 5542 artem
3300 5485 3604 5551 mirabitur,
3627 5501 3756 5554 qua,
3788 5503 3926 5555 quo-

2358 5594 2567 5647 cunque
2595 5594 2654 5634 se
2684 5579 3021 5643 intendisset,
3056 5579 3371 5634 excellebat.
3401 5578 3719 5633 Ambrosius
3750 5577 3919 5630 multa

2358 5684 2390 5723 e
2434 5668 2632 5725 Basilio
2670 5670 2899 5724 mutuari
2934 5671 3160 5738 solitus,
3210 5671 3341 5725 hinc
3392 5683 3608 5741 quoque
3658 5666 3921 5722 nonnulla

2361 5762 2646 5831 excerpsit.
2679 5762 2811 5818 Cum
2848 5773 3025 5818 autem
3054 5776 3160 5817 non
3193 5762 3367 5818 desint
3395 5761 3590 5831 quibus
3621 5757 3920 5828 jucundum
