  <div class='ocr_page' id='page_1' title='image "/cluster/home/n/w/nwhite01/storage/ocr_20150623/29/pst.000005712274/200.png"; bbox 0 0 4088 6310; ppageno 0'>
   <div class='ocr_carea' id='block_1_1' title="bbox 1279 382 2313 439">
    <p class='ocr_par' dir='ltr' id='par_1_1' title="bbox 1279 382 2313 439">
     <span class='ocr_line' id='line_1_1' title="bbox 1279 382 2313 439; baseline 0.001 -2"><span class='ocrx_word' id='word_1_1' title='bbox 1279 386 1339 439; x_wconf 91' lang='lat' dir='ltr'><strong>D.</strong></span> <span class='ocrx_word' id='word_1_2' title='bbox 1380 383 1521 439; x_wconf 81' lang='lat' dir='ltr'><strong>JUL.</strong></span> <span class='ocrx_word' id='word_1_3' title='bbox 1563 383 1886 439; x_wconf 71' lang='lat' dir='ltr'><strong>GARNEBII</strong></span> <span class='ocrx_word' id='word_1_4' title='bbox 1926 382 2313 438; x_wconf 64' lang='lat' dir='ltr'><strong>PILEFATIO.</strong></span> 
     </span>
    </p>
   </div>
   <div class='ocr_carea' id='block_1_2' title="bbox 3229 400 3392 442">
    <p class='ocr_par' dir='ltr' id='par_1_2' title="bbox 3229 400 3392 442">
     <span class='ocr_line' id='line_1_2' title="bbox 3229 400 3392 442; baseline 0.012 -2"><span class='ocrx_word' id='word_1_5' title='bbox 3229 400 3392 442; x_wconf 72' lang='lat' dir='ltr'><strong>CXCIII</strong></span> 
     </span>
    </p>
   </div>
   <div class='ocr_carea' id='block_1_3' title="bbox 157 496 3382 569">
    <p class='ocr_par' dir='ltr' id='par_1_3' title="bbox 157 496 3382 569">
     <span class='ocr_line' id='line_1_3' title="bbox 157 496 3382 569; baseline 0.002 -21"><span class='ocrx_word' id='word_1_6' title='bbox 157 496 218 549; x_wconf 88' lang='lat' dir='ltr'><strong>sit</strong></span> <span class='ocrx_word' id='word_1_7' title='bbox 244 504 297 549; x_wconf 89' lang='lat' dir='ltr'><strong>et</strong></span> <span class='ocrx_word' id='word_1_8' title='bbox 321 504 539 566; x_wconf 89' lang='lat' dir='ltr'><strong>gratum</strong></span> <span class='ocrx_word' id='word_1_9' title='bbox 565 512 911 568; x_wconf 78' lang='lat' dir='ltr'><strong>cognoscere,</strong></span> <span class='ocrx_word' id='word_1_10' title='bbox 942 499 1069 567; x_wconf 90' lang='lat' dir='ltr'><strong>quid</strong></span> <span class='ocrx_word' id='word_1_11' title='bbox 1094 499 1232 555; x_wconf 88' lang='lat' dir='ltr'><strong>alius</strong></span> <span class='ocrx_word' id='word_1_12' title='bbox 1263 502 1498 569; x_wconf 73' lang='lat' dir='ltr'><strong>scriptor</strong></span> <span class='ocrx_word' id='word_1_13' title='bbox 1522 504 1588 556; x_wconf 91' lang='lat' dir='ltr'><strong>ab</strong></span> <span class='ocrx_word' id='word_1_14' title='bbox 1617 502 1718 557; x_wconf 90' lang='lat' dir='ltr'><strong>alio</strong></span> <span class='ocrx_word' id='word_1_15' title='bbox 1747 510 1793 564; x_wconf 77' lang='grc' dir='ltr'><strong>Α</strong></span> <span class='ocrx_word' id='word_1_16' title='bbox 1822 500 1980 555; x_wconf 89' lang='lat' dir='ltr'><strong>veluti</strong></span> <span class='ocrx_word' id='word_1_17' title='bbox 2011 501 2063 554; x_wconf 91' lang='lat' dir='ltr'><strong>in</strong></span> <span class='ocrx_word' id='word_1_18' title='bbox 2112 498 2381 554; x_wconf 91' lang='lat' dir='ltr'><strong>communi</strong></span> <span class='ocrx_word' id='word_1_19' title='bbox 2414 499 2720 553; x_wconf 88' lang='lat' dir='ltr'><strong>animarum</strong></span> <span class='ocrx_word' id='word_1_20' title='bbox 2756 499 3113 554; x_wconf 89' lang='lat' dir='ltr'><strong>curandarum</strong></span> <span class='ocrx_word' id='word_1_21' title='bbox 3147 499 3382 567; x_wconf 78' lang='lat' dir='ltr'><strong>ollicina,</strong></span> 
     </span>
    </p>
   </div>
   <div class='ocr_carea' id='block_1_4' title="bbox 158 588 1721 662">
    <p class='ocr_par' dir='ltr' id='par_1_4' title="bbox 158 588 1721 662">
     <span class='ocr_line' id='line_1_4' title="bbox 158 588 1721 662; baseline 0.004 -23"><span class='ocrx_word' id='word_1_22' title='bbox 158 588 478 655; x_wconf 74' lang='lat' dir='ltr'><strong>sumpserit,</strong></span> <span class='ocrx_word' id='word_1_23' title='bbox 511 603 726 658; x_wconf 89' lang='lat' dir='ltr'><strong>quoque</strong></span> <span class='ocrx_word' id='word_1_24' title='bbox 764 591 923 643; x_wconf 88' lang='lat' dir='ltr'><strong>modo</strong></span> <span class='ocrx_word' id='word_1_25' title='bbox 950 590 1090 645; x_wconf 90' lang='lat' dir='ltr'><strong>alius</strong></span> <span class='ocrx_word' id='word_1_26' title='bbox 1123 590 1285 645; x_wconf 90' lang='lat' dir='ltr'><strong>alium</strong></span> <span class='ocrx_word' id='word_1_27' title='bbox 1336 603 1429 645; x_wconf 87' lang='lat' dir='ltr'><strong>aut</strong></span> <span class='ocrx_word' id='word_1_28' title='bbox 1462 594 1721 662; x_wconf 84' lang='lat' dir='ltr'><strong>interpre-</strong></span> 
     </span>
    </p>
   </div>
   <div class='ocr_carea' id='block_1_5' title="bbox 157 681 1721 749">
    <p class='ocr_par' dir='ltr' id='par_1_5' title="bbox 157 681 1721 749">
     <span class='ocr_line' id='line_1_5' title="bbox 157 681 1721 749; baseline 0.004 -19"><span class='ocrx_word' id='word_1_29' title='bbox 157 688 314 742; x_wconf 80' lang='lat' dir='ltr'><strong>tatus,</strong></span> <span class='ocrx_word' id='word_1_30' title='bbox 347 689 443 733; x_wconf 90' lang='lat' dir='ltr'><strong>aut</strong></span> <span class='ocrx_word' id='word_1_31' title='bbox 464 690 613 734; x_wconf 90' lang='lat' dir='ltr'><strong>certe</strong></span> <span class='ocrx_word' id='word_1_32' title='bbox 636 681 874 735; x_wconf 74' lang='lat' dir='ltr'><strong>imitatus</strong></span> <span class='ocrx_word' id='word_1_33' title='bbox 899 686 987 746; x_wconf 88' lang='lat' dir='ltr'><strong>sit,</strong></span> <span class='ocrx_word' id='word_1_34' title='bbox 1016 683 1194 736; x_wconf 84' lang='lat' dir='ltr'><strong>omnia</strong></span> <span class='ocrx_word' id='word_1_35' title='bbox 1219 697 1338 749; x_wconf 66' lang='lat' dir='ltr'><strong>qua:</strong></span> <span class='ocrx_word' id='word_1_36' title='bbox 1362 693 1721 738; x_wconf 82' lang='lat' dir='ltr'><strong>occurrerunt</strong></span> 
     </span>
    </p>
   </div>
   <div class='ocr_carea' id='block_1_6' title="bbox 156 769 1721 843">
    <p class='ocr_par' dir='ltr' id='par_1_6' title="bbox 156 769 1721 843">
     <span class='ocr_line' id='line_1_6' title="bbox 156 769 1721 843; baseline 0.004 -21"><span class='ocrx_word' id='word_1_37' title='bbox 156 770 426 823; x_wconf 73' lang='lat' dir='ltr'><strong>Ambrosii</strong></span> <span class='ocrx_word' id='word_1_38' title='bbox 473 769 589 824; x_wconf 83' lang='lat' dir='ltr'><strong>loca</strong></span> <span class='ocrx_word' id='word_1_39' title='bbox 627 771 715 825; x_wconf 82' lang='lat' dir='ltr'><strong>hic</strong></span> <span class='ocrx_word' id='word_1_40' title='bbox 757 772 1030 826; x_wconf 83' lang='lat' dir='ltr'><strong>ascribere</strong></span> <span class='ocrx_word' id='word_1_41' title='bbox 1070 787 1175 826; x_wconf 93' lang='lat' dir='ltr'><strong>non</strong></span> <span class='ocrx_word' id='word_1_42' title='bbox 1215 772 1436 843; x_wconf 91' lang='lat' dir='ltr'><strong>pigebit.</strong></span> <span class='ocrx_word' id='word_1_43' title='bbox 1471 774 1622 841; x_wconf 86' lang='lat' dir='ltr'><strong>Quod</strong></span> <span class='ocrx_word' id='word_1_44' title='bbox 1662 784 1721 829; x_wconf 89' lang='lat' dir='ltr'><strong>ut</strong></span> 
     </span>
    </p>
   </div>
   <div class='ocr_carea' id='block_1_7' title="bbox 158 859 1723 935">
    <p class='ocr_par' dir='ltr' id='par_1_7' title="bbox 158 859 1723 935">
     <span class='ocr_line' id='line_1_7' title="bbox 158 859 1723 935; baseline 0.006 -24"><span class='ocrx_word' id='word_1_45' title='bbox 158 859 327 926; x_wconf 85' lang='lat' dir='ltr'><strong>magis</strong></span> <span class='ocrx_word' id='word_1_46' title='bbox 371 859 733 930; x_wconf 91' lang='lat' dir='ltr'><strong>intelligatur,</strong></span> <span class='ocrx_word' id='word_1_47' title='bbox 786 861 1054 917; x_wconf 82' lang='lat' dir='ltr'><strong>Ambrosii</strong></span> <span class='ocrx_word' id='word_1_48' title='bbox 1103 863 1335 931; x_wconf 90' lang='lat' dir='ltr'><strong>primum</strong></span> <span class='ocrx_word' id='word_1_49' title='bbox 1383 865 1482 935; x_wconf 80' lang='grc' dir='ltr'>(α),</span> <span class='ocrx_word' id='word_1_50' title='bbox 1530 866 1723 920; x_wconf 88' lang='lat' dir='ltr'><strong>deinde</strong></span> 
     </span>
    </p>
   </div>
   <div class='ocr_carea' id='block_1_8' title="bbox 158 949 1722 1020">
    <p class='ocr_par' dir='ltr' id='par_1_8' title="bbox 158 949 1722 1020">
     <span class='ocr_line' id='line_1_8' title="bbox 158 949 1722 1020; baseline 0.006 -17"><span class='ocrx_word' id='word_1_51' title='bbox 158 949 339 1005; x_wconf 82' lang='lat' dir='ltr'><strong>Basilii</strong></span> <span class='ocrx_word' id='word_1_52' title='bbox 400 953 567 1006; x_wconf 78' lang='lat' dir='ltr'><strong>verba</strong></span> <span class='ocrx_word' id='word_1_53' title='bbox 630 952 927 1020; x_wconf 81' lang='lat' dir='ltr'><strong>subjiciam.</strong></span> <span class='ocrx_word' id='word_1_54' title='bbox 1002 971 1021 1005; x_wconf 75' lang='grc' dir='ltr'><strong>ι</strong></span> <span class='ocrx_word' id='word_1_55' title='bbox 1087 955 1301 1011; x_wconf 80' lang='lat' dir='ltr'><strong>Etenim</strong></span> <span class='ocrx_word' id='word_1_56' title='bbox 1365 957 1488 1011; x_wconf 88' lang='lat' dir='ltr'><strong>licet</strong></span> <span class='ocrx_word' id='word_1_57' title='bbox 1545 958 1722 1013; x_wconf 90' lang='lat' dir='ltr'><strong>omnis</strong></span> 
     </span>
    </p>
   </div>
   <div class='ocr_carea' id='block_1_9' title="bbox 158 1043 1723 1116">
    <p class='ocr_par' dir='ltr' id='par_1_9' title="bbox 158 1043 1723 1116">
     <span class='ocr_line' id='line_1_9' title="bbox 158 1043 1723 1116; baseline 0.006 -20"><span class='ocrx_word' id='word_1_58' title='bbox 158 1043 443 1113; x_wconf 85' lang='lat' dir='ltr'><strong>Scriptura</strong></span> <span class='ocrx_word' id='word_1_59' title='bbox 477 1045 657 1098; x_wconf 87' lang='lat' dir='ltr'><strong>divina</strong></span> <span class='ocrx_word' id='word_1_60' title='bbox 693 1045 783 1100; x_wconf 87' lang='lat' dir='ltr'><strong>Dei</strong></span> <span class='ocrx_word' id='word_1_61' title='bbox 812 1047 1040 1115; x_wconf 80' lang='lat' dir='ltr'><strong>gratiam</strong></span> <span class='ocrx_word' id='word_1_62' title='bbox 1072 1049 1262 1116; x_wconf 86' lang='lat' dir='ltr'><strong>spiret,</strong></span> <span class='ocrx_word' id='word_1_63' title='bbox 1297 1059 1474 1104; x_wconf 82' lang='lat' dir='ltr'><strong>etc....</strong></span> <span class='ocrx_word' id='word_1_64' title='bbox 1514 1048 1569 1103; x_wconf 92' lang='lat' dir='ltr'><strong>ln</strong></span> <span class='ocrx_word' id='word_1_65' title='bbox 1604 1050 1723 1105; x_wconf 88' lang='lat' dir='ltr'><strong>aliis</strong></span> 
     </span>
    </p>
   </div>
   <div class='ocr_carea' id='block_1_10' title="bbox 154 1136 1719 1205">
    <p class='ocr_par' dir='ltr' id='par_1_10' title="bbox 154 1136 1719 1205">
     <span class='ocr_line' id='line_1_10' title="bbox 154 1136 1719 1205; baseline 0.004 -18"><span class='ocrx_word' id='word_1_66' title='bbox 154 1136 316 1205; x_wconf 79' lang='lat' dir='ltr'><strong>igitur</strong></span> <span class='ocrx_word' id='word_1_67' title='bbox 347 1136 563 1205; x_wconf 87' lang='lat' dir='ltr'><strong>singula</strong></span> <span class='ocrx_word' id='word_1_68' title='bbox 596 1138 877 1191; x_wconf 83' lang='lat' dir='ltr'><strong>advertere</strong></span> <span class='ocrx_word' id='word_1_69' title='bbox 905 1136 1051 1193; x_wconf 92' lang='lat' dir='ltr'><strong>licet.</strong></span> <span class='ocrx_word' id='word_1_70' title='bbox 1082 1138 1318 1194; x_wconf 83' lang='lat' dir='ltr'><strong>Historia</strong></span> <span class='ocrx_word' id='word_1_71' title='bbox 1350 1140 1592 1205; x_wconf 88' lang='lat' dir='ltr'><strong>instruit,</strong></span> <span class='ocrx_word' id='word_1_72' title='bbox 1634 1140 1719 1194; x_wconf 79' lang='lat' dir='ltr'><strong>lex</strong></span> 
     </span>
    </p>
   </div>
   <div class='ocr_carea' id='block_1_11' title="bbox 154 1229 1723 1301">
    <p class='ocr_par' dir='ltr' id='par_1_11' title="bbox 154 1229 1723 1301">
     <span class='ocr_line' id='line_1_11' title="bbox 154 1229 1723 1301; baseline 0.002 -19"><span class='ocrx_word' id='word_1_73' title='bbox 154 1231 332 1295; x_wconf 85' lang='lat' dir='ltr'><strong>docet,</strong></span> <span class='ocrx_word' id='word_1_74' title='bbox 366 1229 651 1297; x_wconf 86' lang='lat' dir='ltr'><strong>pr0phetia</strong></span> <span class='ocrx_word' id='word_1_75' title='bbox 692 1232 997 1297; x_wconf 87' lang='lat' dir='ltr'><strong>annuntiat,</strong></span> <span class='ocrx_word' id='word_1_76' title='bbox 1025 1231 1292 1300; x_wconf 88' lang='lat' dir='ltr'><strong>correptio</strong></span> <span class='ocrx_word' id='word_1_77' title='bbox 1320 1232 1572 1301; x_wconf 85' lang='lat' dir='ltr'><strong>castigat,</strong></span> <span class='ocrx_word' id='word_1_78' title='bbox 1608 1248 1723 1287; x_wconf 84' lang='lat' dir='ltr'><strong>mo-</strong></span> 
     </span>
    </p>
   </div>
   <div class='ocr_carea' id='block_1_12' title="bbox 153 1321 1722 1393">
    <p class='ocr_par' dir='ltr' id='par_1_12' title="bbox 153 1321 1722 1393">
     <span class='ocr_line' id='line_1_12' title="bbox 153 1321 1722 1393; baseline 0.006 -21"><span class='ocrx_word' id='word_1_79' title='bbox 153 1321 338 1375; x_wconf 77' lang='lat' dir='ltr'><strong>ralitas</strong></span> <span class='ocrx_word' id='word_1_80' title='bbox 368 1322 564 1375; x_wconf 84' lang='lat' dir='ltr'><strong>suadet</strong></span> <span class='ocrx_word' id='word_1_81' title='bbox 609 1338 624 1375; x_wconf 90' lang='lat'><strong>:</strong></span> <span class='ocrx_word' id='word_1_82' title='bbox 673 1322 729 1375; x_wconf 89' lang='lat' dir='ltr'><strong>in</strong></span> <span class='ocrx_word' id='word_1_83' title='bbox 774 1322 911 1378; x_wconf 90' lang='lat' dir='ltr'><strong>libro</strong></span> <span class='ocrx_word' id='word_1_84' title='bbox 947 1323 1281 1377; x_wconf 87' lang='lat' dir='ltr'><strong>Psalmorum</strong></span> <span class='ocrx_word' id='word_1_85' title='bbox 1334 1324 1609 1393; x_wconf 82' lang='lat' dir='ltr'><strong>profectus</strong></span> <span class='ocrx_word' id='word_1_86' title='bbox 1639 1338 1722 1381; x_wconf 88' lang='lat' dir='ltr'><strong>est</strong></span> 
     </span>
    </p>
   </div>
   <div class='ocr_carea' id='block_1_13' title="bbox 152 1413 1723 1483">
    <p class='ocr_par' dir='ltr' id='par_1_13' title="bbox 152 1413 1723 1483">
     <span class='ocr_line' id='line_1_13' title="bbox 152 1413 1723 1483; baseline 0.003 -17"><span class='ocrx_word' id='word_1_87' title='bbox 152 1414 421 1475; x_wconf 90' lang='lat' dir='ltr'><strong>omnium,</strong></span> <span class='ocrx_word' id='word_1_88' title='bbox 455 1421 511 1466; x_wconf 92' lang='lat' dir='ltr'><strong>et</strong></span> <span class='ocrx_word' id='word_1_89' title='bbox 531 1413 794 1467; x_wconf 86' lang='lat' dir='ltr'><strong>medicina</strong></span> <span class='ocrx_word' id='word_1_90' title='bbox 818 1416 1058 1483; x_wconf 60' lang='lat' dir='ltr'><strong>quaedam</strong></span> <span class='ocrx_word' id='word_1_91' title='bbox 1084 1413 1274 1469; x_wconf 89' lang='lat' dir='ltr'><strong>salutis</strong></span> <span class='ocrx_word' id='word_1_92' title='bbox 1304 1415 1573 1470; x_wconf 70' lang='lat' dir='ltr'><strong>humanm.</strong></span> <span class='ocrx_word' id='word_1_93' title='bbox 1600 1418 1723 1483; x_wconf 84' lang='lat' dir='ltr'><strong>Qui-</strong></span> 
     </span>
    </p>
   </div>
   <div class='ocr_carea' id='block_1_14' title="bbox 153 1503 1723 1579">
    <p class='ocr_par' dir='ltr' id='par_1_14' title="bbox 153 1503 1723 1579">
     <span class='ocr_line' id='line_1_14' title="bbox 153 1503 1723 1579; baseline 0.004 -22"><span class='ocrx_word' id='word_1_94' title='bbox 153 1520 365 1574; x_wconf 88' lang='lat' dir='ltr'><strong>cunque</strong></span> <span class='ocrx_word' id='word_1_95' title='bbox 391 1503 612 1573; x_wconf 75' lang='lat' dir='ltr'><strong>legerit,</strong></span> <span class='ocrx_word' id='word_1_96' title='bbox 638 1506 799 1560; x_wconf 86' lang='lat' dir='ltr'><strong>habet</strong></span> <span class='ocrx_word' id='word_1_97' title='bbox 822 1522 927 1575; x_wconf 90' lang='lat' dir='ltr'><strong>quo</strong></span> <span class='ocrx_word' id='word_1_98' title='bbox 957 1510 1187 1574; x_wconf 72' lang='lat' dir='ltr'><strong>pr0prize</strong></span> <span class='ocrx_word' id='word_1_99' title='bbox 1210 1510 1429 1564; x_wconf 80' lang='lat' dir='ltr'><strong>vulnera</strong></span> <span class='ocrx_word' id='word_1_100' title='bbox 1457 1510 1723 1579; x_wconf 89' lang='lat' dir='ltr'><strong>passionis</strong></span> 
     </span>
    </p>
   </div>
   <div class='ocr_carea' id='block_1_15' title="bbox 154 1594 1721 1670">
    <p class='ocr_par' dir='ltr' id='par_1_15' title="bbox 154 1594 1721 1670">
     <span class='ocr_line' id='line_1_15' title="bbox 154 1594 1721 1670; baseline 0.004 -23"><span class='ocrx_word' id='word_1_101' title='bbox 154 1594 371 1664; x_wconf 89' lang='lat' dir='ltr'><strong>speciali</strong></span> <span class='ocrx_word' id='word_1_102' title='bbox 405 1596 581 1664; x_wconf 81' lang='lat' dir='ltr'><strong>possit</strong></span> <span class='ocrx_word' id='word_1_103' title='bbox 620 1611 811 1651; x_wconf 91' lang='lat' dir='ltr'><strong>curare</strong></span> <span class='ocrx_word' id='word_1_104' title='bbox 842 1598 1100 1652; x_wconf 79' lang='lat' dir='ltr'><strong>remedio.</strong></span> <span class='ocrx_word' id='word_1_105' title='bbox 1148 1601 1467 1670; x_wconf 84' lang='lat' dir='ltr'><strong>Quicunque</strong></span> <span class='ocrx_word' id='word_1_106' title='bbox 1496 1615 1721 1654; x_wconf 90' lang='lat' dir='ltr'><strong>cernere</strong></span> 
     </span>
    </p>
   </div>
   <div class='ocr_carea' id='block_1_16' title="bbox 152 1686 1718 1762">
    <p class='ocr_par' dir='ltr' id='par_1_16' title="bbox 152 1686 1718 1762">
     <span class='ocr_line' id='line_1_16' title="bbox 152 1686 1718 1762; baseline 0.004 -26"><span class='ocrx_word' id='word_1_107' title='bbox 152 1686 404 1751; x_wconf 84' lang='lat' dir='ltr'><strong>voluerit,</strong></span> <span class='ocrx_word' id='word_1_108' title='bbox 435 1694 689 1755; x_wconf 89' lang='lat' dir='ltr'><strong>tanquam</strong></span> <span class='ocrx_word' id='word_1_109' title='bbox 724 1687 775 1740; x_wconf 92' lang='lat' dir='ltr'><strong>in</strong></span> <span class='ocrx_word' id='word_1_110' title='bbox 802 1690 1071 1742; x_wconf 88' lang='lat' dir='ltr'><strong>communi</strong></span> <span class='ocrx_word' id='word_1_111' title='bbox 1099 1692 1396 1745; x_wconf 88' lang='lat' dir='ltr'><strong>animarum</strong></span> <span class='ocrx_word' id='word_1_112' title='bbox 1422 1692 1718 1762; x_wconf 88' lang='lat' dir='ltr'><strong>gymnasio,</strong></span> 
     </span>
    </p>
   </div>
   <div class='ocr_carea' id='block_1_17' title="bbox 150 1778 1720 1851">
    <p class='ocr_par' dir='ltr' id='par_1_17' title="bbox 150 1778 1720 1851">
     <span class='ocr_line' id='line_1_17' title="bbox 150 1778 1720 1851; baseline 0.001 -20"><span class='ocrx_word' id='word_1_113' title='bbox 150 1785 203 1831; x_wconf 85' lang='lat' dir='ltr'><strong>et</strong></span> <span class='ocrx_word' id='word_1_114' title='bbox 234 1786 473 1845; x_wconf 83' lang='lat' dir='ltr'><strong>quodam</strong></span> <span class='ocrx_word' id='word_1_115' title='bbox 506 1779 682 1833; x_wconf 84' lang='lat' dir='ltr'><strong>stadio</strong></span> <span class='ocrx_word' id='word_1_116' title='bbox 712 1778 970 1834; x_wconf 86' lang='lat' dir='ltr'><strong>virtutum</strong></span> <span class='ocrx_word' id='word_1_117' title='bbox 1000 1781 1215 1835; x_wconf 80' lang='lat' dir='ltr'><strong>diversa</strong></span> <span class='ocrx_word' id='word_1_118' title='bbox 1243 1798 1442 1851; x_wconf 85' lang='lat' dir='ltr'><strong>genera</strong></span> <span class='ocrx_word' id='word_1_119' title='bbox 1474 1782 1720 1836; x_wconf 86' lang='lat' dir='ltr'><strong>certami-</strong></span> 
     </span>
    </p>
   </div>
   <div class='ocr_carea' id='block_1_18' title="bbox 1825 592 3389 661">
    <p class='ocr_par' dir='ltr' id='par_1_18' title="bbox 1825 592 3389 661">
     <span class='ocr_line' id='line_1_18' title="bbox 1825 592 3389 661; baseline -0.001 -13"><span class='ocrx_word' id='word_1_120' title='bbox 1825 610 1922 648; x_wconf 93' lang='lat' dir='ltr'><strong>nos</strong></span> <span class='ocrx_word' id='word_1_121' title='bbox 1959 606 2150 647; x_wconf 89' lang='lat' dir='ltr'><strong>omnes</strong></span> <span class='ocrx_word' id='word_1_122' title='bbox 2195 600 2457 661; x_wconf 88' lang='lat' dir='ltr'><strong>quotquot</strong></span> <span class='ocrx_word' id='word_1_123' title='bbox 2497 608 2684 646; x_wconf 91' lang='lat' dir='ltr'><strong>sumus</strong></span> <span class='ocrx_word' id='word_1_124' title='bbox 2732 592 2977 647; x_wconf 84' lang='lat' dir='ltr'><strong>homines</strong></span> <span class='ocrx_word' id='word_1_125' title='bbox 3024 594 3091 646; x_wconf 83' lang='lat' dir='ltr'><strong>ad</strong></span> <span class='ocrx_word' id='word_1_126' title='bbox 3143 604 3389 647; x_wconf 87' lang='lat' dir='ltr'><strong>nostrum</strong></span> 
     </span>
    </p>
   </div>
   <div class='ocr_carea' id='block_1_19' title="bbox 1823 682 3389 753">
    <p class='ocr_par' dir='ltr' id='par_1_19' title="bbox 1823 682 3389 753">
     <span class='ocr_line' id='line_1_19' title="bbox 1823 682 3389 753; baseline -0.003 -13"><span class='ocrx_word' id='word_1_127' title='bbox 1823 688 2069 740; x_wconf 86' lang='lat' dir='ltr'><strong>morbum</strong></span> <span class='ocrx_word' id='word_1_128' title='bbox 2101 687 2401 739; x_wconf 89' lang='lat' dir='ltr'><strong>sanandum</strong></span> <span class='ocrx_word' id='word_1_129' title='bbox 2447 682 2707 738; x_wconf 84' lang='lat' dir='ltr'><strong>medelam</strong></span> <span class='ocrx_word' id='word_1_130' title='bbox 2748 685 2979 753; x_wconf 79' lang='lat' dir='ltr'><strong>seligere</strong></span> <span class='ocrx_word' id='word_1_131' title='bbox 3024 685 3389 752; x_wconf 86' lang='lat' dir='ltr'><strong>possimus....</strong></span> 
     </span>
    </p>
   </div>
   <div class='ocr_carea' id='block_1_20' title="bbox 1822 776 3392 847">
    <p class='ocr_par' dir='ltr' id='par_1_20' title="bbox 1822 776 3392 847">
     <span class='ocr_line' id='line_1_20' title="bbox 1822 776 3392 847; baseline 0.001 -16"><span class='ocrx_word' id='word_1_132' title='bbox 1822 778 1979 831; x_wconf 85' lang='lat' dir='ltr'><strong>Aliud</strong></span> <span class='ocrx_word' id='word_1_133' title='bbox 2014 777 2180 847; x_wconf 82' lang='lat' dir='ltr'><strong>igitur</strong></span> <span class='ocrx_word' id='word_1_134' title='bbox 2215 776 2489 846; x_wconf 80' lang='lat' dir='ltr'><strong>propheta:</strong></span> <span class='ocrx_word' id='word_1_135' title='bbox 2517 776 2728 841; x_wconf 84' lang='lat' dir='ltr'><strong>docent,</strong></span> <span class='ocrx_word' id='word_1_136' title='bbox 2764 776 2908 828; x_wconf 81' lang='lat' dir='ltr'><strong>aliud</strong></span> <span class='ocrx_word' id='word_1_137' title='bbox 2938 776 3215 841; x_wconf 90' lang='lat' dir='ltr'><strong>historici,</strong></span> <span class='ocrx_word' id='word_1_138' title='bbox 3244 777 3392 832; x_wconf 87' lang='lat' dir='ltr'><strong>aliud</strong></span> 
     </span>
    </p>
   </div>
   <div class='ocr_carea' id='block_1_21' title="bbox 1823 866 3391 936">
    <p class='ocr_par' dir='ltr' id='par_1_21' title="bbox 1823 866 3391 936">
     <span class='ocr_line' id='line_1_21' title="bbox 1823 866 3391 936; baseline 0.001 -15"><span class='ocrx_word' id='word_1_139' title='bbox 1823 869 1927 931; x_wconf 80' lang='lat' dir='ltr'><strong>lex,</strong></span> <span class='ocrx_word' id='word_1_140' title='bbox 1966 867 2105 921; x_wconf 87' lang='lat' dir='ltr'><strong>aliud</strong></span> <span class='ocrx_word' id='word_1_141' title='bbox 2144 868 2354 936; x_wconf 87' lang='lat' dir='ltr'><strong>species</strong></span> <span class='ocrx_word' id='word_1_142' title='bbox 2379 867 2493 935; x_wconf 86' lang='lat' dir='ltr'><strong>ejus</strong></span> <span class='ocrx_word' id='word_1_143' title='bbox 2526 882 2645 936; x_wconf 76' lang='lat' dir='ltr'><strong>qua:</strong></span> <span class='ocrx_word' id='word_1_144' title='bbox 2689 866 2742 920; x_wconf 91' lang='lat' dir='ltr'><strong>in</strong></span> <span class='ocrx_word' id='word_1_145' title='bbox 2774 866 3078 923; x_wconf 78' lang='lat' dir='ltr'><strong>Proverbiis</strong></span> <span class='ocrx_word' id='word_1_146' title='bbox 3113 869 3391 923; x_wconf 81' lang='lat' dir='ltr'><strong>invenitur</strong></span> 
     </span>
    </p>
   </div>
   <div class='ocr_carea' id='block_1_22' title="bbox 1823 958 3391 1028">
    <p class='ocr_par' dir='ltr' id='par_1_22' title="bbox 1823 958 3391 1028">
     <span class='ocr_line' id='line_1_22' title="bbox 1823 958 3391 1028; baseline -0.001 -14"><span class='ocrx_word' id='word_1_147' title='bbox 1823 959 2238 1015; x_wconf 75' lang='lat' dir='ltr'><strong>exhortationis.</strong></span> <span class='ocrx_word' id='word_1_148' title='bbox 2282 959 2349 1012; x_wconf 80' lang='lat' dir='ltr'><strong>At</strong></span> <span class='ocrx_word' id='word_1_149' title='bbox 2391 958 2649 1028; x_wconf 84' lang='lat' dir='ltr'><strong>quidquid</strong></span> <span class='ocrx_word' id='word_1_150' title='bbox 2686 959 2737 1011; x_wconf 91' lang='lat' dir='ltr'><strong>in</strong></span> <span class='ocrx_word' id='word_1_151' title='bbox 2767 959 2978 1013; x_wconf 68' lang='lat' dir='ltr'><strong>caeteris</strong></span> <span class='ocrx_word' id='word_1_152' title='bbox 3009 958 3137 1013; x_wconf 88' lang='lat' dir='ltr'><strong>utile</strong></span> <span class='ocrx_word' id='word_1_153' title='bbox 3166 969 3270 1021; x_wconf 89' lang='lat' dir='ltr'><strong>est,</strong></span> <span class='ocrx_word' id='word_1_154' title='bbox 3303 958 3391 1013; x_wconf 86' lang='lat' dir='ltr'><strong>hic</strong></span> 
     </span>
    </p>
   </div>
   <div class='ocr_carea' id='block_1_23' title="bbox 1824 1049 3388 1118">
    <p class='ocr_par' dir='ltr' id='par_1_23' title="bbox 1824 1049 3388 1118">
     <span class='ocr_line' id='line_1_23' title="bbox 1824 1049 3388 1118; baseline 0.001 -15"><span class='ocrx_word' id='word_1_155' title='bbox 1824 1065 1960 1104; x_wconf 89' lang='lat' dir='ltr'><strong>unus</strong></span> <span class='ocrx_word' id='word_1_156' title='bbox 1994 1049 2333 1105; x_wconf 88' lang='lat' dir='ltr'><strong>Psalmorum</strong></span> <span class='ocrx_word' id='word_1_157' title='bbox 2369 1050 2506 1105; x_wconf 89' lang='lat' dir='ltr'><strong>liber</strong></span> <span class='ocrx_word' id='word_1_158' title='bbox 2532 1049 2998 1118; x_wconf 90' lang='lat' dir='ltr'><strong>complectitur....</strong></span> <span class='ocrx_word' id='word_1_159' title='bbox 3050 1050 3388 1106; x_wconf 90' lang='lat' dir='ltr'><strong>Psalmorum</strong></span> 
     </span>
    </p>
   </div>
   <div class='ocr_carea' id='block_1_24' title="bbox 1821 1142 3388 1205">
    <p class='ocr_par' dir='ltr' id='par_1_24' title="bbox 1821 1142 3388 1205">
     <span class='ocr_line' id='line_1_24' title="bbox 1821 1142 3388 1205; baseline 0 -8"><span class='ocrx_word' id='word_1_160' title='bbox 1821 1145 2039 1198; x_wconf 86' lang='lat' dir='ltr'><strong>oracula</strong></span> <span class='ocrx_word' id='word_1_161' title='bbox 2070 1154 2125 1199; x_wconf 90' lang='lat' dir='ltr'><strong>et</strong></span> <span class='ocrx_word' id='word_1_162' title='bbox 2163 1143 2306 1197; x_wconf 90' lang='lat' dir='ltr'><strong>domi</strong></span> <span class='ocrx_word' id='word_1_163' title='bbox 2338 1142 2704 1205; x_wconf 87' lang='lat' dir='ltr'><strong>modulantur,</strong></span> <span class='ocrx_word' id='word_1_164' title='bbox 2748 1152 2803 1197; x_wconf 91' lang='lat' dir='ltr'><strong>et</strong></span> <span class='ocrx_word' id='word_1_165' title='bbox 2838 1143 2889 1196; x_wconf 91' lang='lat' dir='ltr'><strong>in</strong></span> <span class='ocrx_word' id='word_1_166' title='bbox 2939 1143 3112 1197; x_wconf 78' lang='lat' dir='ltr'><strong>forum</strong></span> <span class='ocrx_word' id='word_1_167' title='bbox 3150 1144 3388 1198; x_wconf 82' lang='lat' dir='ltr'><strong>circum-</strong></span> 
     </span>
    </p>
   </div>
   <div class='ocr_carea' id='block_1_25' title="bbox 1824 1234 3391 1301">
    <p class='ocr_par' dir='ltr' id='par_1_25' title="bbox 1824 1234 3391 1301">
     <span class='ocr_line' id='line_1_25' title="bbox 1824 1234 3391 1301; baseline -0.001 -12"><span class='ocrx_word' id='word_1_168' title='bbox 1824 1237 2095 1291; x_wconf 89' lang='lat' dir='ltr'><strong>l&#39;crunt....</strong></span> <span class='ocrx_word' id='word_1_169' title='bbox 2132 1234 2381 1289; x_wconf 91' lang='lat' dir='ltr'><strong>Psalmus</strong></span> <span class='ocrx_word' id='word_1_170' title='bbox 2417 1235 2693 1291; x_wconf 86' lang='lat' dir='ltr'><strong>consociat</strong></span> <span class='ocrx_word' id='word_1_171' title='bbox 2722 1235 3067 1301; x_wconf 86' lang='lat' dir='ltr'><strong>dissidentes,</strong></span> <span class='ocrx_word' id='word_1_172' title='bbox 3112 1235 3255 1289; x_wconf 90' lang='lat' dir='ltr'><strong>inter</strong></span> <span class='ocrx_word' id='word_1_173' title='bbox 3288 1234 3391 1288; x_wconf 88' lang='lat' dir='ltr'><strong>ini-</strong></span> 
     </span>
    </p>
   </div>
   <div class='ocr_carea' id='block_1_26' title="bbox 1823 1326 3389 1395">
    <p class='ocr_par' dir='ltr' id='par_1_26' title="bbox 1823 1326 3389 1395">
     <span class='ocr_line' id='line_1_26' title="bbox 1823 1326 3389 1395; baseline 0.001 -17"><span class='ocrx_word' id='word_1_174' title='bbox 1823 1326 1991 1379; x_wconf 89' lang='lat' dir='ltr'><strong>micos</strong></span> <span class='ocrx_word' id='word_1_175' title='bbox 2023 1327 2249 1395; x_wconf 85' lang='lat' dir='ltr'><strong>gratiam</strong></span> <span class='ocrx_word' id='word_1_176' title='bbox 2294 1327 2588 1394; x_wconf 84' lang='lat' dir='ltr'><strong>componit.</strong></span> <span class='ocrx_word' id='word_1_177' title='bbox 2630 1326 2761 1393; x_wconf 88' lang='lat' dir='ltr'><strong>Quis</strong></span> <span class='ocrx_word' id='word_1_178' title='bbox 2806 1328 2950 1381; x_wconf 89' lang='lat' dir='ltr'><strong>cnim</strong></span> <span class='ocrx_word' id='word_1_179' title='bbox 3004 1327 3177 1381; x_wconf 88' lang='lat' dir='ltr'><strong>adhuc</strong></span> <span class='ocrx_word' id='word_1_180' title='bbox 3230 1340 3389 1389; x_wconf 87' lang='lat' dir='ltr'><strong>eum,</strong></span> 
     </span>
    </p>
   </div>
   <div class='ocr_carea' id='block_1_27' title="bbox 1821 1419 3389 1487">
    <p class='ocr_par' dir='ltr' id='par_1_27' title="bbox 1821 1419 3389 1487">
     <span class='ocr_line' id='line_1_27' title="bbox 1821 1419 3389 1487; baseline 0 -16"><span class='ocrx_word' id='word_1_181' title='bbox 1821 1433 2050 1487; x_wconf 90' lang='lat' dir='ltr'><strong>quocum</strong></span> <span class='ocrx_word' id='word_1_182' title='bbox 2085 1432 2242 1470; x_wconf 89' lang='lat' dir='ltr'><strong>unam</strong></span> <span class='ocrx_word' id='word_1_183' title='bbox 2280 1419 2345 1471; x_wconf 87' lang='lat' dir='ltr'><strong>ad</strong></span> <span class='ocrx_word' id='word_1_184' title='bbox 2385 1419 2549 1472; x_wconf 84' lang='lat' dir='ltr'><strong>Deum</strong></span> <span class='ocrx_word' id='word_1_185' title='bbox 2580 1435 2763 1473; x_wconf 91' lang='lat' dir='ltr'><strong>vocem</strong></span> <span class='ocrx_word' id='word_1_186' title='bbox 2790 1420 2990 1485; x_wconf 91' lang='lat' dir='ltr'><strong>emisit,</strong></span> <span class='ocrx_word' id='word_1_187' title='bbox 3035 1419 3154 1475; x_wconf 91' lang='lat' dir='ltr'><strong>loco</strong></span> <span class='ocrx_word' id='word_1_188' title='bbox 3188 1419 3389 1473; x_wconf 88' lang='lat' dir='ltr'><strong>inimici</strong></span> 
     </span>
    </p>
   </div>
   <div class='ocr_carea' id='block_1_28' title="bbox 1822 1508 3389 1580">
    <p class='ocr_par' dir='ltr' id='par_1_28' title="bbox 1822 1508 3389 1580">
     <span class='ocr_line' id='line_1_28' title="bbox 1822 1508 3389 1580; baseline 0 -17"><span class='ocrx_word' id='word_1_189' title='bbox 1822 1510 2023 1563; x_wconf 86' lang='lat' dir='ltr'><strong>habere</strong></span> <span class='ocrx_word' id='word_1_190' title='bbox 2056 1510 2330 1578; x_wconf 87' lang='lat' dir='ltr'><strong>possit?...</strong></span> <span class='ocrx_word' id='word_1_191' title='bbox 2358 1508 2609 1564; x_wconf 87' lang='lat' dir='ltr'><strong>Psalmus</strong></span> <span class='ocrx_word' id='word_1_192' title='bbox 2635 1510 3014 1580; x_wconf 88' lang='lat' dir='ltr'><strong>incipientibus</strong></span> <span class='ocrx_word' id='word_1_193' title='bbox 3043 1512 3252 1565; x_wconf 91' lang='lat' dir='ltr'><strong>initium</strong></span> <span class='ocrx_word' id='word_1_194' title='bbox 3283 1520 3389 1574; x_wconf 89' lang='lat' dir='ltr'><strong>est,</strong></span> 
     </span>
    </p>
   </div>
   <div class='ocr_carea' id='block_1_29' title="bbox 1824 1598 3383 1670">
    <p class='ocr_par' dir='ltr' id='par_1_29' title="bbox 1824 1598 3383 1670">
     <span class='ocr_line' id='line_1_29' title="bbox 1824 1598 3383 1670; baseline 0.001 -18"><span class='ocrx_word' id='word_1_195' title='bbox 1824 1600 2210 1654; x_wconf 87' lang='lat' dir='ltr'><strong>incrementum</strong></span> <span class='ocrx_word' id='word_1_196' title='bbox 2273 1600 2718 1670; x_wconf 76' lang='lat' dir='ltr'><strong>proficientibus,</strong></span> <span class='ocrx_word' id='word_1_197' title='bbox 2768 1598 3024 1668; x_wconf 79' lang='lat' dir='ltr'><strong>perlectis</strong></span> <span class='ocrx_word' id='word_1_198' title='bbox 3081 1600 3383 1655; x_wconf 85' lang='lat' dir='ltr'><strong>ﬁrmamen-</strong></span> 
     </span>
    </p>
   </div>
   <div class='ocr_carea' id='block_1_30' title="bbox 1824 1689 3389 1760">
    <p class='ocr_par' dir='ltr' id='par_1_30' title="bbox 1824 1689 3389 1760">
     <span class='ocr_line' id='line_1_30' title="bbox 1824 1689 3389 1760; baseline 0.004 -20"><span class='ocrx_word' id='word_1_199' title='bbox 1824 1698 2023 1742; x_wconf 87' lang='lat' dir='ltr'><strong>tum....</strong></span> <span class='ocrx_word' id='word_1_200' title='bbox 2061 1689 2309 1744; x_wconf 84' lang='lat' dir='ltr'><strong>Psalmus</strong></span> <span class='ocrx_word' id='word_1_201' title='bbox 2342 1692 2651 1760; x_wconf 81' lang='lat' dir='ltr'><strong>angelorum</strong></span> <span class='ocrx_word' id='word_1_202' title='bbox 2683 1706 2816 1759; x_wconf 88' lang='lat' dir='ltr'><strong>opus</strong></span> <span class='ocrx_word' id='word_1_203' title='bbox 2843 1700 2947 1753; x_wconf 86' lang='lat' dir='ltr'><strong>est,</strong></span> <span class='ocrx_word' id='word_1_204' title='bbox 2989 1689 3225 1746; x_wconf 59' lang='lat' dir='ltr'><strong>celestis</strong></span> <span class='ocrx_word' id='word_1_205' title='bbox 3257 1707 3389 1746; x_wconf 89' lang='lat' dir='ltr'><strong>con-</strong></span> 
     </span>
    </p>
   </div>
   <div class='ocr_carea' id='block_1_31' title="bbox 1821 1780 3386 1853">
    <p class='ocr_par' dir='ltr' id='par_1_31' title="bbox 1821 1780 3386 1853">
     <span class='ocr_line' id='line_1_31' title="bbox 1821 1780 3386 1853; baseline 0.003 -23"><span class='ocrx_word' id='word_1_206' title='bbox 1821 1780 2083 1844; x_wconf 86' lang='lat' dir='ltr'><strong>versatio,</strong></span> <span class='ocrx_word' id='word_1_207' title='bbox 2118 1781 2399 1850; x_wconf 87' lang='lat' dir='ltr'><strong>spirituale</strong></span> <span class='ocrx_word' id='word_1_208' title='bbox 2442 1784 2757 1851; x_wconf 86' lang='lat' dir='ltr'><strong>thymiama.</strong></span> <span class='ocrx_word' id='word_1_209' title='bbox 2808 1781 2853 1837; x_wconf 92' lang='lat'>0</span> <span class='ocrx_word' id='word_1_210' title='bbox 2890 1782 3102 1851; x_wconf 88' lang='lat' dir='ltr'><strong>sapiens</strong></span> <span class='ocrx_word' id='word_1_211' title='bbox 3147 1784 3386 1853; x_wconf 86' lang='lat' dir='ltr'><strong>magistri</strong></span> 
     </span>
    </p>
   </div>
   <div class='ocr_carea' id='block_1_32' title="bbox 151 1852 3391 1944">
    <p class='ocr_par' dir='ltr' id='par_1_32' title="bbox 151 1852 3391 1944">
     <span class='ocr_line' id='line_1_32' title="bbox 151 1852 3391 1944; baseline 0.002 -23"><span class='ocrx_word' id='word_1_212' title='bbox 151 1884 276 1921; x_wconf 90' lang='lat' dir='ltr'><strong>num</strong></span> <span class='ocrx_word' id='word_1_213' title='bbox 308 1872 589 1940; x_wconf 86' lang='lat' dir='ltr'><strong>reperiens</strong></span> <span class='ocrx_word' id='word_1_214' title='bbox 617 1881 911 1941; x_wconf 67' lang='lat' dir='ltr'><strong>praeparata</strong></span> <span class='ocrx_word' id='word_1_215' title='bbox 934 1912 947 1937; x_wconf 92' lang='lat'><strong>,</strong></span> <span class='ocrx_word' id='word_1_216' title='bbox 980 1873 1029 1924; x_wconf 91' lang='lat' dir='ltr'><strong>id</strong></span> <span class='ocrx_word' id='word_1_217' title='bbox 1067 1873 1167 1925; x_wconf 89' lang='lat' dir='ltr'><strong>sibi</strong></span> <span class='ocrx_word' id='word_1_218' title='bbox 1200 1875 1383 1942; x_wconf 86' lang='lat' dir='ltr'><strong>eligat,</strong></span> <span class='ocrx_word' id='word_1_219' title='bbox 1417 1874 1499 1927; x_wconf 90' lang='lat' dir='ltr'><strong>cui</strong></span> <span class='ocrx_word' id='word_1_220' title='bbox 1534 1888 1591 1927; x_wconf 92' lang='lat' dir='ltr'><strong>sc</strong></span> <span class='ocrx_word' id='word_1_221' title='bbox 1636 1874 1719 1926; x_wconf 90' lang='lat' dir='ltr'><strong>in-</strong></span> <span class='ocrx_word' id='word_1_222' title='bbox 1752 1852 1793 1907; x_wconf 76' lang='grc' dir='ltr'><strong>Β</strong></span> <span class='ocrx_word' id='word_1_223' title='bbox 1826 1875 2125 1940; x_wconf 82' lang='lat' dir='ltr'><strong>inventum,</strong></span> <span class='ocrx_word' id='word_1_224' title='bbox 2156 1874 2247 1944; x_wconf 89' lang='lat' dir='ltr'><strong>qui</strong></span> <span class='ocrx_word' id='word_1_225' title='bbox 2286 1884 2457 1928; x_wconf 86' lang='lat' dir='ltr'><strong>artem</strong></span> <span class='ocrx_word' id='word_1_226' title='bbox 2491 1889 2597 1943; x_wconf 88' lang='lat' dir='ltr'><strong>qua</strong></span> <span class='ocrx_word' id='word_1_227' title='bbox 2628 1873 2793 1927; x_wconf 88' lang='lat' dir='ltr'><strong>simul</strong></span> <span class='ocrx_word' id='word_1_228' title='bbox 2832 1889 3169 1938; x_wconf 87' lang='lat' dir='ltr'><strong>caneremus,</strong></span> <span class='ocrx_word' id='word_1_229' title='bbox 3201 1884 3255 1927; x_wconf 92' lang='lat' dir='ltr'><strong>et</strong></span> <span class='ocrx_word' id='word_1_230' title='bbox 3290 1875 3391 1928; x_wconf 85' lang='lat' dir='ltr'><strong>uti-</strong></span> 
     </span>
    </p>
   </div>
   <div class='ocr_carea' id='block_1_33' title="bbox 152 1958 1722 2030">
    <p class='ocr_par' dir='ltr' id='par_1_33' title="bbox 152 1958 1722 2030">
     <span class='ocr_line' id='line_1_33' title="bbox 152 1958 1722 2030; baseline 0.003 -17"><span class='ocrx_word' id='word_1_231' title='bbox 152 1958 343 2028; x_wconf 81' lang='lat' dir='ltr'><strong>telligit</strong></span> <span class='ocrx_word' id='word_1_232' title='bbox 373 1961 740 2030; x_wconf 69' lang='lat' dir='ltr'><strong>aptiorem...</strong></span> <span class='ocrx_word' id='word_1_233' title='bbox 768 1962 916 2014; x_wconf 88' lang='lat' dir='ltr'><strong>Domi</strong></span> <span class='ocrx_word' id='word_1_234' title='bbox 941 1960 1182 2016; x_wconf 86' lang='lat' dir='ltr'><strong>Psalmus</strong></span> <span class='ocrx_word' id='word_1_235' title='bbox 1220 1963 1452 2029; x_wconf 87' lang='lat' dir='ltr'><strong>canitur,</strong></span> <span class='ocrx_word' id='word_1_236' title='bbox 1480 1962 1609 2018; x_wconf 81' lang='lat' dir='ltr'><strong>foris</strong></span> <span class='ocrx_word' id='word_1_237' title='bbox 1638 1979 1722 2018; x_wconf 89' lang='lat' dir='ltr'><strong>rc-</strong></span> 
     </span>
    </p>
   </div>
   <div class='ocr_carea' id='block_1_34' title="bbox 146 2052 1719 2125">
    <p class='ocr_par' dir='ltr' id='par_1_34' title="bbox 146 2052 1719 2125">
     <span class='ocr_line' id='line_1_34' title="bbox 146 2052 1719 2125; baseline 0.003 -18"><span class='ocrx_word' id='word_1_238' title='bbox 146 2063 423 2109; x_wconf 88' lang='lat' dir='ltr'><strong>censetur.</strong></span> <span class='ocrx_word' id='word_1_239' title='bbox 475 2054 724 2107; x_wconf 87' lang='lat' dir='ltr'><strong>Psalmus</strong></span> <span class='ocrx_word' id='word_1_240' title='bbox 775 2052 1099 2109; x_wconf 86' lang='lat' dir='ltr'><strong>dissidentes</strong></span> <span class='ocrx_word' id='word_1_241' title='bbox 1152 2056 1393 2125; x_wconf 88' lang='lat' dir='ltr'><strong>copulat,</strong></span> <span class='ocrx_word' id='word_1_242' title='bbox 1442 2057 1719 2111; x_wconf 87' lang='lat' dir='ltr'><strong>discordes</strong></span> 
     </span>
    </p>
   </div>
   <div class='ocr_carea' id='block_1_35' title="bbox 148 2143 1721 2214">
    <p class='ocr_par' dir='ltr' id='par_1_35' title="bbox 148 2143 1721 2214">
     <span class='ocr_line' id='line_1_35' title="bbox 148 2143 1721 2214; baseline 0.002 -14"><span class='ocrx_word' id='word_1_243' title='bbox 148 2146 343 2209; x_wconf 85' lang='lat' dir='ltr'><strong>sociat,</strong></span> <span class='ocrx_word' id='word_1_244' title='bbox 375 2143 613 2200; x_wconf 79' lang='lat' dir='ltr'><strong>oll‘ensos</strong></span> <span class='ocrx_word' id='word_1_245' title='bbox 645 2145 981 2200; x_wconf 88' lang='lat' dir='ltr'><strong>reconciliat.</strong></span> <span class='ocrx_word' id='word_1_246' title='bbox 1014 2146 1147 2214; x_wconf 84' lang='lat' dir='ltr'><strong>Quis</strong></span> <span class='ocrx_word' id='word_1_247' title='bbox 1184 2150 1328 2204; x_wconf 90' lang='lat' dir='ltr'><strong>enim</strong></span> <span class='ocrx_word' id='word_1_248' title='bbox 1361 2164 1463 2203; x_wconf 90' lang='lat' dir='ltr'><strong>non</strong></span> <span class='ocrx_word' id='word_1_249' title='bbox 1493 2150 1721 2203; x_wconf 88' lang='lat' dir='ltr'><strong>remittit</strong></span> 
     </span>
    </p>
   </div>
   <div class='ocr_carea' id='block_1_36' title="bbox 148 2235 1717 2303">
    <p class='ocr_par' dir='ltr' id='par_1_36' title="bbox 148 2235 1717 2303">
     <span class='ocr_line' id='line_1_36' title="bbox 148 2235 1717 2303; baseline 0.001 -14"><span class='ocrx_word' id='word_1_250' title='bbox 148 2237 222 2298; x_wconf 87' lang='lat' dir='ltr'><strong>ei,</strong></span> <span class='ocrx_word' id='word_1_251' title='bbox 252 2250 374 2289; x_wconf 88' lang='lat' dir='ltr'><strong>cum</strong></span> <span class='ocrx_word' id='word_1_252' title='bbox 407 2249 517 2303; x_wconf 90' lang='lat' dir='ltr'><strong>quo</strong></span> <span class='ocrx_word' id='word_1_253' title='bbox 547 2250 709 2288; x_wconf 92' lang='lat' dir='ltr'><strong>unam</strong></span> <span class='ocrx_word' id='word_1_254' title='bbox 746 2235 812 2289; x_wconf 87' lang='lat' dir='ltr'><strong>ad</strong></span> <span class='ocrx_word' id='word_1_255' title='bbox 844 2237 1009 2290; x_wconf 91' lang='lat' dir='ltr'><strong>Deum</strong></span> <span class='ocrx_word' id='word_1_256' title='bbox 1047 2253 1227 2292; x_wconf 74' lang='lat' dir='ltr'><strong>vocem</strong></span> <span class='ocrx_word' id='word_1_257' title='bbox 1252 2240 1530 2292; x_wconf 90' lang='lat' dir='ltr'><strong>emiserit?</strong></span> <span class='ocrx_word' id='word_1_258' title='bbox 1566 2239 1717 2293; x_wconf 83' lang='lat' dir='ltr'><strong>Psal-</strong></span> 
     </span>
    </p>
   </div>
   <div class='ocr_carea' id='block_1_37' title="bbox 149 2325 1717 2400">
    <p class='ocr_par' dir='ltr' id='par_1_37' title="bbox 149 2325 1717 2400">
     <span class='ocr_line' id='line_1_37' title="bbox 149 2325 1717 2400; baseline 0.002 -21"><span class='ocrx_word' id='word_1_259' title='bbox 149 2341 363 2379; x_wconf 90' lang='lat' dir='ltr'><strong>mus....</strong></span> <span class='ocrx_word' id='word_1_260' title='bbox 402 2325 679 2383; x_wconf 88' lang='lat' dir='ltr'><strong>institutio</strong></span> <span class='ocrx_word' id='word_1_261' title='bbox 731 2327 1125 2397; x_wconf 82' lang='lat' dir='ltr'><strong>incipientiunt,</strong></span> <span class='ocrx_word' id='word_1_262' title='bbox 1174 2329 1535 2400; x_wconf 74' lang='lat' dir='ltr'><strong>proiectorum</strong></span> <span class='ocrx_word' id='word_1_263' title='bbox 1586 2346 1717 2385; x_wconf 88' lang='lat' dir='ltr'><strong>c0n-</strong></span> 
     </span>
    </p>
   </div>
   <div class='ocr_carea' id='block_1_38' title="bbox 148 2418 1712 2489">
    <p class='ocr_par' dir='ltr' id='par_1_38' title="bbox 148 2418 1712 2489">
     <span class='ocr_line' id='line_1_38' title="bbox 148 2418 1712 2489; baseline 0.004 -20"><span class='ocrx_word' id='word_1_264' title='bbox 148 2418 403 2485; x_wconf 83' lang='lat' dir='ltr'><strong>ﬁrmatio,</strong></span> <span class='ocrx_word' id='word_1_265' title='bbox 447 2419 763 2489; x_wconf 87' lang='lat' dir='ltr'><strong>angelorum</strong></span> <span class='ocrx_word' id='word_1_266' title='bbox 806 2421 1184 2487; x_wconf 81' lang='lat' dir='ltr'><strong>ministerium,</strong></span> <span class='ocrx_word' id='word_1_267' title='bbox 1222 2422 1410 2475; x_wconf 88' lang='lat' dir='ltr'><strong>militia</strong></span> <span class='ocrx_word' id='word_1_268' title='bbox 1457 2422 1712 2485; x_wconf 58' lang='lat' dir='ltr'><strong>caelestis,</strong></span> 
     </span>
    </p>
   </div>
   <div class='ocr_carea' id='block_1_39' title="bbox 145 2510 1715 2580">
    <p class='ocr_par' dir='ltr' id='par_1_39' title="bbox 145 2510 1715 2580">
     <span class='ocr_line' id='line_1_39' title="bbox 145 2510 1715 2580; baseline 0.003 -17"><span class='ocrx_word' id='word_1_269' title='bbox 145 2510 325 2565; x_wconf 88' lang='lat' dir='ltr'><strong>hostia</strong></span> <span class='ocrx_word' id='word_1_270' title='bbox 360 2511 717 2580; x_wconf 88' lang='lat' dir='ltr'><strong>spiritalis....</strong></span> <span class='ocrx_word' id='word_1_271' title='bbox 753 2512 940 2566; x_wconf 87' lang='lat' dir='ltr'><strong>Certat</strong></span> <span class='ocrx_word' id='word_1_272' title='bbox 977 2513 1028 2565; x_wconf 90' lang='lat' dir='ltr'><strong>in</strong></span> <span class='ocrx_word' id='word_1_273' title='bbox 1072 2512 1284 2567; x_wconf 86' lang='lat' dir='ltr'><strong>Psalmo</strong></span> <span class='ocrx_word' id='word_1_274' title='bbox 1320 2514 1563 2569; x_wconf 87' lang='lat' dir='ltr'><strong>doctrina</strong></span> <span class='ocrx_word' id='word_1_275' title='bbox 1595 2530 1715 2569; x_wconf 90' lang='lat' dir='ltr'><strong>cum</strong></span> 
     </span>
    </p>
   </div>
   <div class='ocr_carea' id='block_1_40' title="bbox 145 2604 1717 2673">
    <p class='ocr_par' dir='ltr' id='par_1_40' title="bbox 145 2604 1717 2673">
     <span class='ocr_line' id='line_1_40' title="bbox 145 2604 1717 2673; baseline 0.003 -17"><span class='ocrx_word' id='word_1_276' title='bbox 145 2604 318 2673; x_wconf 83' lang='lat' dir='ltr'><strong>gratia</strong></span> <span class='ocrx_word' id='word_1_277' title='bbox 356 2604 544 2658; x_wconf 87' lang='lat' dir='ltr'><strong>simul.</strong></span> <span class='ocrx_word' id='word_1_278' title='bbox 589 2604 850 2659; x_wconf 86' lang='lat' dir='ltr'><strong>Cantatur</strong></span> <span class='ocrx_word' id='word_1_279' title='bbox 893 2604 959 2657; x_wconf 90' lang='lat' dir='ltr'><strong>ad</strong></span> <span class='ocrx_word' id='word_1_280' title='bbox 1006 2604 1447 2671; x_wconf 88' lang='lat' dir='ltr'><strong>delectationem,</strong></span> <span class='ocrx_word' id='word_1_281' title='bbox 1491 2608 1717 2661; x_wconf 91' lang='lat' dir='ltr'><strong>discitur</strong></span> 
     </span>
    </p>
   </div>
   <div class='ocr_carea' id='block_1_41' title="bbox 144 2694 1718 2767">
    <p class='ocr_par' dir='ltr' id='par_1_41' title="bbox 144 2694 1718 2767">
     <span class='ocr_line' id='line_1_41' title="bbox 144 2694 1718 2767; baseline 0.002 -20"><span class='ocrx_word' id='word_1_282' title='bbox 144 2696 210 2748; x_wconf 81' lang='lat' dir='ltr'><strong>ad</strong></span> <span class='ocrx_word' id='word_1_283' title='bbox 241 2696 626 2750; x_wconf 89' lang='lat' dir='ltr'><strong>eruditionem.</strong></span> <span class='ocrx_word' id='word_1_284' title='bbox 661 2694 795 2749; x_wconf 78' lang='lat' dir='ltr'><strong>Nam</strong></span> <span class='ocrx_word' id='word_1_285' title='bbox 823 2696 1137 2751; x_wconf 89' lang='lat' dir='ltr'><strong>violentiora</strong></span> <span class='ocrx_word' id='word_1_286' title='bbox 1172 2708 1433 2767; x_wconf 74' lang='lat' dir='ltr'><strong>prmcepta</strong></span> <span class='ocrx_word' id='word_1_287' title='bbox 1470 2715 1571 2753; x_wconf 90' lang='lat' dir='ltr'><strong>non</strong></span> <span class='ocrx_word' id='word_1_288' title='bbox 1603 2715 1718 2767; x_wconf 84' lang='lat' dir='ltr'><strong>per-</strong></span> 
     </span>
    </p>
   </div>
   <div class='ocr_carea' id='block_1_42' title="bbox 147 2789 1715 2861">
    <p class='ocr_par' dir='ltr' id='par_1_42' title="bbox 147 2789 1715 2861">
     <span class='ocr_line' id='line_1_42' title="bbox 147 2789 1715 2861; baseline 0.004 -21"><span class='ocrx_word' id='word_1_289' title='bbox 147 2796 371 2843; x_wconf 86' lang='lat' dir='ltr'><strong>manent</strong></span> <span class='ocrx_word' id='word_1_290' title='bbox 407 2808 420 2842; x_wconf 91' lang='lat'>:</span> <span class='ocrx_word' id='word_1_291' title='bbox 458 2789 600 2856; x_wconf 90' lang='lat' dir='ltr'><strong>quod</strong></span> <span class='ocrx_word' id='word_1_292' title='bbox 627 2799 804 2843; x_wconf 89' lang='lat' dir='ltr'><strong>autem</strong></span> <span class='ocrx_word' id='word_1_293' title='bbox 842 2804 961 2843; x_wconf 92' lang='lat' dir='ltr'><strong>cum</strong></span> <span class='ocrx_word' id='word_1_294' title='bbox 992 2793 1259 2846; x_wconf 82' lang='lat' dir='ltr'><strong>suavitate</strong></span> <span class='ocrx_word' id='word_1_295' title='bbox 1295 2793 1633 2861; x_wconf 83' lang='lat' dir='ltr'><strong>perceperis,</strong></span> <span class='ocrx_word' id='word_1_296' title='bbox 1663 2793 1715 2847; x_wconf 88' lang='lat' dir='ltr'><strong>id</strong></span> 
     </span>
    </p>
   </div>
   <div class='ocr_carea' id='block_1_43' title="bbox 146 2878 1713 2948">
    <p class='ocr_par' dir='ltr' id='par_1_43' title="bbox 146 2878 1713 2948">
     <span class='ocr_line' id='line_1_43' title="bbox 146 2878 1713 2948; baseline 0.004 -18"><span class='ocrx_word' id='word_1_297' title='bbox 146 2878 386 2932; x_wconf 79' lang='lat' dir='ltr'><strong>infusum</strong></span> <span class='ocrx_word' id='word_1_298' title='bbox 428 2879 597 2933; x_wconf 88' lang='lat' dir='ltr'><strong>semel</strong></span> <span class='ocrx_word' id='word_1_299' title='bbox 634 2881 945 2948; x_wconf 59' lang='lat' dir='ltr'><strong>praeordiis</strong></span> <span class='ocrx_word' id='word_1_300' title='bbox 999 2897 1101 2935; x_wconf 91' lang='lat' dir='ltr'><strong>non</strong></span> <span class='ocrx_word' id='word_1_301' title='bbox 1154 2883 1434 2937; x_wconf 88' lang='lat' dir='ltr'><strong>consuevit</strong></span> <span class='ocrx_word' id='word_1_302' title='bbox 1480 2884 1713 2938; x_wconf 85' lang='lat' dir='ltr'><strong>clabi....</strong></span> 
     </span>
    </p>
   </div>
   <div class='ocr_carea' id='block_1_44' title="bbox 144 2975 1714 3047">
    <p class='ocr_par' dir='ltr' id='par_1_44' title="bbox 144 2975 1714 3047">
     <span class='ocr_line' id='line_1_44' title="bbox 144 2975 1714 3047; baseline 0.005 -23"><span class='ocrx_word' id='word_1_303' title='bbox 144 2975 403 3027; x_wconf 81' lang='lat' dir='ltr'><strong>Ainnt....</strong></span> <span class='ocrx_word' id='word_1_304' title='bbox 436 2989 630 3028; x_wconf 86' lang='lat' dir='ltr'><strong>causas</strong></span> <span class='ocrx_word' id='word_1_305' title='bbox 662 2987 873 3043; x_wconf 81' lang='lat' dir='ltr'><strong>quoque</strong></span> <span class='ocrx_word' id='word_1_306' title='bbox 906 2975 1331 3029; x_wconf 87' lang='lat' dir='ltr'><strong>modulaminum</strong></span> <span class='ocrx_word' id='word_1_307' title='bbox 1394 2988 1447 3032; x_wconf 91' lang='lat' dir='ltr'><strong>et</strong></span> <span class='ocrx_word' id='word_1_308' title='bbox 1473 2981 1714 3047; x_wconf 76' lang='lat' dir='ltr'><strong>quzmlam</strong></span> 
     </span>
    </p>
   </div>
   <div class='ocr_carea' id='block_1_45' title="bbox 144 3064 1715 3137">
    <p class='ocr_par' dir='ltr' id='par_1_45' title="bbox 144 3064 1715 3137">
     <span class='ocr_line' id='line_1_45' title="bbox 144 3064 1715 3137; baseline 0.001 -19"><span class='ocrx_word' id='word_1_309' title='bbox 144 3066 379 3121; x_wconf 83' lang='lat' dir='ltr'><strong>claustra</strong></span> <span class='ocrx_word' id='word_1_310' title='bbox 413 3064 785 3133; x_wconf 79' lang='lat' dir='ltr'><strong>rhythmorum</strong></span> <span class='ocrx_word' id='word_1_311' title='bbox 827 3064 879 3118; x_wconf 90' lang='lat' dir='ltr'><strong>in</strong></span> <span class='ocrx_word' id='word_1_312' title='bbox 909 3066 1187 3135; x_wconf 88' lang='lat' dir='ltr'><strong>superiore</strong></span> <span class='ocrx_word' id='word_1_313' title='bbox 1213 3079 1364 3137; x_wconf 88' lang='lat' dir='ltr'><strong>parte</strong></span> <span class='ocrx_word' id='word_1_314' title='bbox 1406 3084 1525 3123; x_wconf 82' lang='lat' dir='ltr'><strong>esse</strong></span> <span class='ocrx_word' id='word_1_315' title='bbox 1568 3070 1715 3124; x_wconf 86' lang='lat' dir='ltr'><strong>Psal-</strong></span> 
     </span>
    </p>
   </div>
   <div class='ocr_carea' id='block_1_46' title="bbox 146 3153 1715 3242">
    <p class='ocr_par' dir='ltr' id='par_1_46' title="bbox 146 3153 1715 3242">
     <span class='ocr_line' id='line_1_46' title="bbox 146 3153 1715 3242; baseline 0.003 -31"><span class='ocrx_word' id='word_1_316' title='bbox 146 3162 357 3213; x_wconf 85' lang='lat' dir='ltr'><strong>terii....</strong></span> <span class='ocrx_word' id='word_1_317' title='bbox 403 3156 512 3209; x_wconf 88' lang='lat' dir='ltr'><strong>Sed</strong></span> <span class='ocrx_word' id='word_1_318' title='bbox 555 3153 668 3221; x_wconf 87' lang='lat' dir='ltr'><strong>jam</strong></span> <span class='ocrx_word' id='word_1_319' title='bbox 714 3155 910 3212; x_wconf 87' lang='lat' dir='ltr'><strong>Psalmi</strong></span> <span class='ocrx_word' id='word_1_320' title='bbox 948 3160 1102 3214; x_wconf 92' lang='lat' dir='ltr'><strong>istius</strong></span> <span class='ocrx_word' id='word_1_321' title='bbox 1136 3162 1226 3229; x_wconf 90' lang='lat' dir='ltr'><strong>qui</strong></span> <span class='ocrx_word' id='word_1_322' title='bbox 1278 3163 1586 3242; x_wconf 83' lang='lat' dir='ltr'><strong>propositus</strong></span> <span class='ocrx_word' id='word_1_323' title='bbox 1632 3171 1715 3217; x_wconf 90' lang='lat' dir='ltr'><strong>est</strong></span> 
     </span>
    </p>
   </div>
   <div class='ocr_carea' id='block_1_47' title="bbox 142 3249 1713 3325">
    <p class='ocr_par' dir='ltr' id='par_1_47' title="bbox 142 3249 1713 3325">
     <span class='ocr_line' id='line_1_47' title="bbox 142 3249 1713 3325; baseline -0.001 -22"><span class='ocrx_word' id='word_1_324' title='bbox 142 3252 319 3315; x_wconf 84' lang='lat' dir='ltr'><strong>nobis,</strong></span> <span class='ocrx_word' id='word_1_325' title='bbox 375 3249 751 3318; x_wconf 87' lang='lat' dir='ltr'><strong>ingrediamur</strong></span> <span class='ocrx_word' id='word_1_326' title='bbox 807 3252 1049 3305; x_wconf 77' lang='lat' dir='ltr'><strong>exordia.</strong></span> <span class='ocrx_word' id='word_1_327' title='bbox 1113 3270 1132 3303; x_wconf 74' lang='grc' dir='ltr'><strong>ι</strong></span> <span class='ocrx_word' id='word_1_328' title='bbox 1194 3250 1269 3321; x_wconf 73' lang='grc' dir='ltr'><strong>(ι)</strong></span> <span class='ocrx_word' id='word_1_329' title='bbox 1308 3253 1464 3305; x_wconf 83' lang='grc' dir='ltr'><strong>Πᾶσα</strong></span> <span class='ocrx_word' id='word_1_330' title='bbox 1524 3253 1713 3325; x_wconf 73' lang='grc' dir='ltr'>Γραφὴ</span> 
     </span>
    </p>
   </div>
   <div class='ocr_carea' id='block_1_48' title="bbox 142 3340 1717 3416">
    <p class='ocr_par' dir='ltr' id='par_1_48' title="bbox 142 3340 1717 3416">
     <span class='ocr_line' id='line_1_48' title="bbox 142 3340 1717 3416; baseline 0.003 -22"><span class='ocrx_word' id='word_1_331' title='bbox 142 3342 503 3405; x_wconf 80' lang='grc' dir='ltr'>θεόπνευστος</span> <span class='ocrx_word' id='word_1_332' title='bbox 548 3342 641 3394; x_wconf 69' lang='grc' dir='ltr'>καὶ</span> <span class='ocrx_word' id='word_1_333' title='bbox 678 3341 982 3411; x_wconf 76' lang='grc' dir='ltr'>ὠφέλιμος,</span> <span class='ocrx_word' id='word_1_334' title='bbox 1026 3340 1116 3395; x_wconf 69' lang='grc' dir='ltr'><strong>διὰ</strong></span> <span class='ocrx_word' id='word_1_335' title='bbox 1147 3341 1303 3397; x_wconf 83' lang='grc' dir='ltr'>τοῦτο</span> <span class='ocrx_word' id='word_1_336' title='bbox 1338 3348 1717 3416; x_wconf 81' lang='grc' dir='ltr'>συγγραφείσα</span> 
     </span>
    </p>
   </div>
   <div class='ocr_carea' id='block_1_49' title="bbox 142 3434 1717 3508">
    <p class='ocr_par' dir='ltr' id='par_1_49' title="bbox 142 3434 1717 3508">
     <span class='ocr_line' id='line_1_49' title="bbox 142 3434 1717 3508; baseline 0.003 -21"><span class='ocrx_word' id='word_1_337' title='bbox 142 3435 288 3506; x_wconf 72' lang='grc' dir='ltr'>παρὰ</span> <span class='ocrx_word' id='word_1_338' title='bbox 321 3434 422 3487; x_wconf 76' lang='grc' dir='ltr'><strong>τοῦ</strong></span> <span class='ocrx_word' id='word_1_339' title='bbox 458 3434 794 3504; x_wconf 80' lang='grc' dir='ltr'>Πνεύματος,</span> <span class='ocrx_word' id='word_1_340' title='bbox 836 3434 932 3499; x_wconf 79' lang='grc' dir='ltr'>ἵν’,</span> <span class='ocrx_word' id='word_1_341' title='bbox 966 3434 1151 3505; x_wconf 85' lang='grc' dir='ltr'>ῶσπερ</span> <span class='ocrx_word' id='word_1_342' title='bbox 1186 3436 1244 3489; x_wconf 83' lang='grc' dir='ltr'>ὲν</span> <span class='ocrx_word' id='word_1_343' title='bbox 1279 3437 1440 3507; x_wconf 81' lang='grc' dir='ltr'>κοινῷ</span> <span class='ocrx_word' id='word_1_344' title='bbox 1480 3438 1586 3491; x_wconf 88' lang='grc' dir='ltr'><strong>τῶν</strong></span> <span class='ocrx_word' id='word_1_345' title='bbox 1616 3439 1717 3508; x_wconf 77' lang='grc' dir='ltr'><strong>ψυ-</strong></span> 
     </span>
    </p>
   </div>
   <div class='ocr_carea' id='block_1_50' title="bbox 141 3525 1714 3599">
    <p class='ocr_par' dir='ltr' id='par_1_50' title="bbox 141 3525 1714 3599">
     <span class='ocr_line' id='line_1_50' title="bbox 141 3525 1714 3599; baseline 0.002 -20"><span class='ocrx_word' id='word_1_346' title='bbox 141 3528 245 3596; x_wconf 79' lang='grc' dir='ltr'>χῶν</span> <span class='ocrx_word' id='word_1_347' title='bbox 280 3526 532 3597; x_wconf 78' lang='grc' dir='ltr'>ἰατρείῳ,</span> <span class='ocrx_word' id='word_1_348' title='bbox 574 3525 771 3587; x_wconf 81' lang='grc' dir='ltr'>πάντες</span> <span class='ocrx_word' id='word_1_349' title='bbox 804 3526 1076 3599; x_wconf 81' lang='grc' dir='ltr'>ἄνθρωποι</span> <span class='ocrx_word' id='word_1_350' title='bbox 1118 3528 1178 3580; x_wconf 82' lang='grc' dir='ltr'>τὸ</span> <span class='ocrx_word' id='word_1_351' title='bbox 1226 3528 1359 3597; x_wconf 77' lang='grc' dir='ltr'>ἴαμα</span> <span class='ocrx_word' id='word_1_352' title='bbox 1389 3528 1478 3580; x_wconf 77' lang='grc' dir='ltr'>τοῦ</span> <span class='ocrx_word' id='word_1_353' title='bbox 1515 3532 1714 3583; x_wconf 77' lang='grc' dir='ltr'>οἰκείου</span> 
     </span>
    </p>
   </div>
   <div class='ocr_carea' id='block_1_51' title="bbox 142 3614 1713 3690">
    <p class='ocr_par' dir='ltr' id='par_1_51' title="bbox 142 3614 1713 3690">
     <span class='ocr_line' id='line_1_51' title="bbox 142 3614 1713 3690; baseline 0.003 -23"><span class='ocrx_word' id='word_1_354' title='bbox 142 3618 351 3677; x_wconf 74' lang='grc' dir='ltr'>πάθους</span> <span class='ocrx_word' id='word_1_355' title='bbox 384 3616 615 3675; x_wconf 69' lang='grc' dir='ltr'>ἕκαστος</span> <span class='ocrx_word' id='word_1_356' title='bbox 653 3615 1071 3684; x_wconf 80' lang='grc' dir='ltr'>ἐκλεγώμεοα...</span> <span class='ocrx_word' id='word_1_357' title='bbox 1118 3616 1286 3669; x_wconf 80' lang='grc' dir='ltr'>Ἀλλα</span> <span class='ocrx_word' id='word_1_358' title='bbox 1322 3618 1419 3687; x_wconf 85' lang='grc' dir='ltr'><strong>μὲν</strong></span> <span class='ocrx_word' id='word_1_359' title='bbox 1455 3614 1545 3672; x_wconf 84' lang='grc' dir='ltr'><strong>οὖν</strong></span> <span class='ocrx_word' id='word_1_360' title='bbox 1577 3636 1713 3690; x_wconf 81' lang='grc' dir='ltr'>προ-</span> 
     </span>
    </p>
   </div>
   <div class='ocr_carea' id='block_1_52' title="bbox 142 3705 1715 3783">
    <p class='ocr_par' dir='ltr' id='par_1_52' title="bbox 142 3705 1715 3783">
     <span class='ocr_line' id='line_1_52' title="bbox 142 3705 1715 3783; baseline 0.004 -26"><span class='ocrx_word' id='word_1_361' title='bbox 142 3710 303 3775; x_wconf 73' lang='grc' dir='ltr'>φῆται</span> <span class='ocrx_word' id='word_1_362' title='bbox 351 3705 690 3767; x_wconf 70' lang='grc' dir='ltr'><strong>παιδεύουσι,</strong></span> <span class='ocrx_word' id='word_1_363' title='bbox 724 3707 818 3759; x_wconf 71' lang='grc' dir='ltr'><strong>καὶ</strong></span> <span class='ocrx_word' id='word_1_364' title='bbox 860 3706 992 3761; x_wconf 78' lang='grc' dir='ltr'>ἄλλα</span> <span class='ocrx_word' id='word_1_365' title='bbox 1030 3709 1307 3779; x_wconf 73' lang='grc' dir='ltr'>ἱστορικοὶ,</span> <span class='ocrx_word' id='word_1_366' title='bbox 1350 3711 1443 3763; x_wconf 76' lang='grc' dir='ltr'>καὶ</span> <span class='ocrx_word' id='word_1_367' title='bbox 1484 3713 1512 3765; x_wconf 85' lang='grc' dir='ltr'><strong>ὀ</strong></span> <span class='ocrx_word' id='word_1_368' title='bbox 1554 3712 1715 3783; x_wconf 82' lang='grc' dir='ltr'>νόμος</span> 
     </span>
    </p>
   </div>
   <div class='ocr_carea' id='block_1_53' title="bbox 142 3793 1716 3874">
    <p class='ocr_par' dir='ltr' id='par_1_53' title="bbox 142 3793 1716 3874">
     <span class='ocr_line' id='line_1_53' title="bbox 142 3793 1716 3874; baseline 0.006 -25"><span class='ocrx_word' id='word_1_369' title='bbox 142 3800 325 3868; x_wconf 74' lang='grc' dir='ltr'>ἕτερα,</span> <span class='ocrx_word' id='word_1_370' title='bbox 368 3799 462 3850; x_wconf 77' lang='grc' dir='ltr'>καὶ</span> <span class='ocrx_word' id='word_1_371' title='bbox 506 3797 641 3851; x_wconf 81' lang='grc' dir='ltr'>ἄλλα</span> <span class='ocrx_word' id='word_1_372' title='bbox 668 3798 729 3850; x_wconf 83' lang='grc' dir='ltr'>τὸ</span> <span class='ocrx_word' id='word_1_373' title='bbox 755 3793 891 3863; x_wconf 80' lang='grc' dir='ltr'>εἶδος</span> <span class='ocrx_word' id='word_1_374' title='bbox 935 3800 1033 3870; x_wconf 79' lang='grc' dir='ltr'><strong>τῆς</strong></span> <span class='ocrx_word' id='word_1_375' title='bbox 1059 3802 1427 3874; x_wconf 79' lang='grc' dir='ltr'>παροιμιακῆς</span> <span class='ocrx_word' id='word_1_376' title='bbox 1458 3805 1716 3874; x_wconf 77' lang='grc' dir='ltr'>παραινέ·</span> 
     </span>
    </p>
   </div>
   <div class='ocr_carea' id='block_1_54' title="bbox 144 3883 1714 3961">
    <p class='ocr_par' dir='ltr' id='par_1_54' title="bbox 144 3883 1714 3961">
     <span class='ocr_line' id='line_1_54' title="bbox 144 3883 1714 3961; baseline 0.007 -27"><span class='ocrx_word' id='word_1_377' title='bbox 144 3900 294 3947; x_wconf 74' lang='grc' dir='ltr'>ςεως.</span> <span class='ocrx_word' id='word_1_378' title='bbox 353 3885 417 3937; x_wconf 82' lang='grc' dir='ltr'><strong>Ἠ</strong></span> <span class='ocrx_word' id='word_1_379' title='bbox 448 3883 504 3937; x_wconf 85' lang='grc' dir='ltr'>δὲ</span> <span class='ocrx_word' id='word_1_380' title='bbox 533 3885 640 3939; x_wconf 87' lang='grc' dir='ltr'><strong>τῶν</strong></span> <span class='ocrx_word' id='word_1_381' title='bbox 669 3885 910 3956; x_wconf 78' lang='grc' dir='ltr'><strong>Ψαλμῶν</strong></span> <span class='ocrx_word' id='word_1_382' title='bbox 943 3887 1121 3956; x_wconf 79' lang='grc' dir='ltr'>βίϐλος</span> <span class='ocrx_word' id='word_1_383' title='bbox 1148 3890 1209 3942; x_wconf 87' lang='grc' dir='ltr'><strong>τὸ</strong></span> <span class='ocrx_word' id='word_1_384' title='bbox 1241 3890 1305 3942; x_wconf 84' lang='grc' dir='ltr'>ὲκ</span> <span class='ocrx_word' id='word_1_385' title='bbox 1330 3890 1545 3945; x_wconf 76' lang='grc' dir='ltr'>πάντων</span> <span class='ocrx_word' id='word_1_386' title='bbox 1571 3891 1714 3961; x_wconf 82' lang='grc' dir='ltr'><strong>ὠφέ-</strong></span> 
     </span>
    </p>
   </div>
   <div class='ocr_carea' id='block_1_55' title="bbox 141 3977 1713 4052">
    <p class='ocr_par' dir='ltr' id='par_1_55' title="bbox 141 3977 1713 4052">
     <span class='ocr_line' id='line_1_55' title="bbox 141 3977 1713 4052; baseline 0.006 -25"><span class='ocrx_word' id='word_1_387' title='bbox 141 3978 294 4047; x_wconf 69' lang='grc' dir='ltr'>λιμον</span> <span class='ocrx_word' id='word_1_388' title='bbox 326 3979 764 4048; x_wconf 82' lang='grc' dir='ltr'>περιείληφε.....</span> <span class='ocrx_word' id='word_1_389' title='bbox 794 3977 874 4032; x_wconf 84' lang='grc' dir='ltr'><strong>Τὰ</strong></span> <span class='ocrx_word' id='word_1_390' title='bbox 899 3982 1003 4033; x_wconf 88' lang='grc' dir='ltr'><strong>τῶν</strong></span> <span class='ocrx_word' id='word_1_391' title='bbox 1034 3981 1271 4052; x_wconf 79' lang='grc' dir='ltr'><strong>Ψαλμῶν</strong></span> <span class='ocrx_word' id='word_1_392' title='bbox 1296 3982 1449 4051; x_wconf 82' lang='grc' dir='ltr'>λόγια</span> <span class='ocrx_word' id='word_1_393' title='bbox 1472 3986 1564 4038; x_wconf 68' lang='grc' dir='ltr'><strong>καὶ</strong></span> <span class='ocrx_word' id='word_1_394' title='bbox 1593 3984 1713 4036; x_wconf 78' lang='grc' dir='ltr'>κατ’</span> 
     </span>
    </p>
   </div>
   <div class='ocr_carea' id='block_1_56' title="bbox 138 4068 1710 4145">
    <p class='ocr_par' dir='ltr' id='par_1_56' title="bbox 138 4068 1710 4145">
     <span class='ocr_line' id='line_1_56' title="bbox 138 4068 1710 4145; baseline 0.006 -22"><span class='ocrx_word' id='word_1_395' title='bbox 138 4068 283 4123; x_wconf 74' lang='grc' dir='ltr'>οἷκον</span> <span class='ocrx_word' id='word_1_396' title='bbox 320 4069 643 4139; x_wconf 72' lang='grc' dir='ltr'><strong>μελῳδοῦσι,</strong></span> <span class='ocrx_word' id='word_1_397' title='bbox 674 4071 769 4123; x_wconf 74' lang='grc' dir='ltr'>καὶ</span> <span class='ocrx_word' id='word_1_398' title='bbox 798 4072 890 4123; x_wconf 72' lang='grc' dir='ltr'>ἐπὶ</span> <span class='ocrx_word' id='word_1_399' title='bbox 918 4072 1017 4141; x_wconf 75' lang='grc' dir='ltr'><strong>τῆς</strong></span> <span class='ocrx_word' id='word_1_400' title='bbox 1039 4074 1242 4144; x_wconf 72' lang='grc' dir='ltr'>ἀγορᾶς</span> <span class='ocrx_word' id='word_1_401' title='bbox 1266 4078 1710 4145; x_wconf 72' lang='grc' dir='ltr'>περιφέρουσι....</span> 
     </span>
    </p>
   </div>
   <div class='ocr_carea' id='block_1_57' title="bbox 139 4160 1714 4235">
    <p class='ocr_par' dir='ltr' id='par_1_57' title="bbox 139 4160 1714 4235">
     <span class='ocr_line' id='line_1_57' title="bbox 139 4160 1714 4235; baseline 0.006 -23"><span class='ocrx_word' id='word_1_402' title='bbox 139 4162 463 4231; x_wconf 71' lang='grc' dir='ltr'>Ψαλμὸς....</span> <span class='ocrx_word' id='word_1_403' title='bbox 499 4160 693 4221; x_wconf 75' lang='grc' dir='ltr'>ἓνωσις</span> <span class='ocrx_word' id='word_1_404' title='bbox 732 4160 1053 4227; x_wconf 81' lang='grc' dir='ltr'><strong>διεστώτων,</strong></span> <span class='ocrx_word' id='word_1_405' title='bbox 1084 4164 1473 4235; x_wconf 81' lang='grc' dir='ltr'>ὲχθραινόντων</span> <span class='ocrx_word' id='word_1_406' title='bbox 1503 4167 1714 4220; x_wconf 84' lang='grc' dir='ltr'>διαλλα-</span> 
     </span>
    </p>
   </div>
   <div class='ocr_carea' id='block_1_58' title="bbox 139 4248 1713 4327">
    <p class='ocr_par' dir='ltr' id='par_1_58' title="bbox 139 4248 1713 4327">
     <span class='ocr_line' id='line_1_58' title="bbox 139 4248 1713 4327; baseline 0.006 -26"><span class='ocrx_word' id='word_1_407' title='bbox 139 4251 500 4323; x_wconf 69' lang='grc' dir='ltr'>κτήοιον.Τίς</span> <span class='ocrx_word' id='word_1_408' title='bbox 526 4248 635 4320; x_wconf 81' lang='grc' dir='ltr'>γὰρ</span> <span class='ocrx_word' id='word_1_409' title='bbox 661 4249 737 4302; x_wconf 82' lang='grc' dir='ltr'>ἔτι</span> <span class='ocrx_word' id='word_1_410' title='bbox 762 4251 950 4324; x_wconf 76' lang='grc' dir='ltr'>ἕχθρον</span> <span class='ocrx_word' id='word_1_411' title='bbox 966 4254 1213 4325; x_wconf 79' lang='grc' dir='ltr'>ἡγεῖσθαι</span> <span class='ocrx_word' id='word_1_412' title='bbox 1239 4255 1481 4321; x_wconf 79' lang='grc' dir='ltr'>δύναται,</span> <span class='ocrx_word' id='word_1_413' title='bbox 1513 4257 1629 4327; x_wconf 76' lang='grc' dir='ltr'>μεθ’</span> <span class='ocrx_word' id='word_1_414' title='bbox 1653 4252 1713 4312; x_wconf 75' lang='grc' dir='ltr'>οὗ</span> 
     </span>
    </p>
   </div>
   <div class='ocr_carea' id='block_1_59' title="bbox 142 4339 1713 4419">
    <p class='ocr_par' dir='ltr' id='par_1_59' title="bbox 142 4339 1713 4419">
     <span class='ocr_line' id='line_1_59' title="bbox 142 4339 1713 4419; baseline 0.005 -26"><span class='ocrx_word' id='word_1_415' title='bbox 142 4345 263 4410; x_wconf 74' lang='grc' dir='ltr'>μίαν</span> <span class='ocrx_word' id='word_1_416' title='bbox 298 4342 485 4410; x_wconf 62' lang='grc' dir='ltr'>ἀφῆκε</span> <span class='ocrx_word' id='word_1_417' title='bbox 515 4341 651 4412; x_wconf 85' lang='grc' dir='ltr'>πρὸς</span> <span class='ocrx_word' id='word_1_418' title='bbox 680 4339 809 4392; x_wconf 74' lang='grc' dir='ltr'>Θεὸν</span> <span class='ocrx_word' id='word_1_419' title='bbox 834 4344 930 4413; x_wconf 85' lang='grc' dir='ltr'>τὴν</span> <span class='ocrx_word' id='word_1_420' title='bbox 960 4346 1140 4416; x_wconf 83' lang='grc' dir='ltr'>φωνήν</span> <span class='ocrx_word' id='word_1_421' title='bbox 1325 4348 1713 4419; x_wconf 84' lang='grc' dir='ltr'>Είσαγομένοις</span> 
     </span>
    </p>
   </div>
   <div class='ocr_carea' id='block_1_60' title="bbox 140 4434 1711 4511">
    <p class='ocr_par' dir='ltr' id='par_1_60' title="bbox 140 4434 1711 4511">
     <span class='ocr_line' id='line_1_60' title="bbox 140 4434 1711 4511; baseline 0.006 -26"><span class='ocrx_word' id='word_1_422' title='bbox 140 4434 517 4505; x_wconf 82' lang='grc' dir='ltr'>στοιχείωσις,</span> <span class='ocrx_word' id='word_1_423' title='bbox 568 4434 979 4505; x_wconf 81' lang='grc' dir='ltr'><strong>προκοπτόντων</strong></span> <span class='ocrx_word' id='word_1_424' title='bbox 1025 4435 1287 4509; x_wconf 73' lang='grc' dir='ltr'>αὔξησις,</span> <span class='ocrx_word' id='word_1_425' title='bbox 1327 4438 1711 4511; x_wconf 89' lang='grc' dir='ltr'>τελειουμένων</span> 
     </span>
    </p>
   </div>
   <div class='ocr_carea' id='block_1_61' title="bbox 1822 1963 3389 2034">
    <p class='ocr_par' dir='ltr' id='par_1_61' title="bbox 1822 1963 3389 2034">
     <span class='ocr_line' id='line_1_61' title="bbox 1822 1963 3389 2034; baseline 0 -17"><span class='ocrx_word' id='word_1_426' title='bbox 1822 1964 1892 2017; x_wconf 84' lang='lat' dir='ltr'><strong>lia</strong></span> <span class='ocrx_word' id='word_1_427' title='bbox 1925 1966 2294 2031; x_wconf 80' lang='lat' dir='ltr'><strong>disceremus,</strong></span> <span class='ocrx_word' id='word_1_428' title='bbox 2348 1963 2717 2034; x_wconf 68' lang='lat' dir='ltr'><strong>eXCOgitavitl</strong></span> <span class='ocrx_word' id='word_1_429' title='bbox 2761 1963 2900 2017; x_wconf 90' lang='lat' dir='ltr'><strong>unde</strong></span> <span class='ocrx_word' id='word_1_430' title='bbox 2945 1974 2999 2018; x_wconf 91' lang='lat' dir='ltr'><strong>et</strong></span> <span class='ocrx_word' id='word_1_431' title='bbox 3044 1964 3213 2033; x_wconf 88' lang='lat' dir='ltr'><strong>magis</strong></span> <span class='ocrx_word' id='word_1_432' title='bbox 3257 1979 3389 2034; x_wconf 84' lang='lat' dir='ltr'><strong>quo—</strong></span> 
     </span>
    </p>
   </div>
   <div class='ocr_carea' id='block_1_62' title="bbox 1823 2052 3389 2122">
    <p class='ocr_par' dir='ltr' id='par_1_62' title="bbox 1823 2052 3389 2122">
     <span class='ocr_line' id='line_1_62' title="bbox 1823 2052 3389 2122; baseline -0.004 -13"><span class='ocrx_word' id='word_1_433' title='bbox 1823 2056 2104 2109; x_wconf 86' lang='lat' dir='ltr'><strong>dammodo</strong></span> <span class='ocrx_word' id='word_1_434' title='bbox 2143 2054 2339 2108; x_wconf 87' lang='lat' dir='ltr'><strong>animis</strong></span> <span class='ocrx_word' id='word_1_435' title='bbox 2386 2062 2654 2122; x_wconf 61' lang='lat' dir='ltr'><strong>praecepta</strong></span> <span class='ocrx_word' id='word_1_436' title='bbox 2692 2052 3095 2120; x_wconf 88' lang='lat' dir='ltr'><strong>imprimuntur.</strong></span> <span class='ocrx_word' id='word_1_437' title='bbox 3145 2052 3245 2105; x_wconf 74' lang='lat' dir='ltr'><strong>Vix</strong></span> <span class='ocrx_word' id='word_1_438' title='bbox 3306 2062 3389 2105; x_wconf 91' lang='lat' dir='ltr'><strong>et-</strong></span> 
     </span>
    </p>
   </div>
   <div class='ocr_carea' id='block_1_63' title="bbox 1822 2142 3389 2213">
    <p class='ocr_par' dir='ltr' id='par_1_63' title="bbox 1822 2142 3389 2213">
     <span class='ocr_line' id='line_1_63' title="bbox 1822 2142 3389 2213; baseline -0.006 -13"><span class='ocrx_word' id='word_1_439' title='bbox 1822 2145 1962 2200; x_wconf 87' lang='lat' dir='ltr'><strong>enim</strong></span> <span class='ocrx_word' id='word_1_440' title='bbox 1995 2146 2189 2199; x_wconf 85' lang='lat' dir='ltr'><strong>durare</strong></span> <span class='ocrx_word' id='word_1_441' title='bbox 2216 2144 2351 2199; x_wconf 89' lang='lat' dir='ltr'><strong>solet</strong></span> <span class='ocrx_word' id='word_1_442' title='bbox 2374 2144 2515 2213; x_wconf 89' lang='lat' dir='ltr'><strong>quod</strong></span> <span class='ocrx_word' id='word_1_443' title='bbox 2543 2144 2742 2197; x_wconf 79' lang='lat' dir='ltr'><strong>invitus</strong></span> <span class='ocrx_word' id='word_1_444' title='bbox 2765 2142 3020 2197; x_wconf 86' lang='lat' dir='ltr'><strong>didiceris</strong></span> <span class='ocrx_word' id='word_1_445' title='bbox 3062 2160 3074 2194; x_wconf 93' lang='lat'>:</span> <span class='ocrx_word' id='word_1_446' title='bbox 3117 2144 3257 2210; x_wconf 89' lang='lat' dir='ltr'><strong>quod</strong></span> <span class='ocrx_word' id='word_1_447' title='bbox 3294 2156 3389 2193; x_wconf 87' lang='lat' dir='ltr'><strong>au-</strong></span> 
     </span>
    </p>
   </div>
   <div class='ocr_carea' id='block_1_64' title="bbox 1823 2233 3387 2305">
    <p class='ocr_par' dir='ltr' id='par_1_64' title="bbox 1823 2233 3387 2305">
     <span class='ocr_line' id='line_1_64' title="bbox 1823 2233 3387 2305; baseline -0.001 -16"><span class='ocrx_word' id='word_1_448' title='bbox 1823 2248 1926 2292; x_wconf 89' lang='lat' dir='ltr'><strong>tem</strong></span> <span class='ocrx_word' id='word_1_449' title='bbox 1959 2236 2193 2305; x_wconf 86' lang='lat' dir='ltr'><strong>jucunde</strong></span> <span class='ocrx_word' id='word_1_450' title='bbox 2228 2236 2573 2304; x_wconf 79' lang='lat' dir='ltr'><strong>suaviterque</strong></span> <span class='ocrx_word' id='word_1_451' title='bbox 2605 2244 2883 2302; x_wconf 84' lang='lat' dir='ltr'><strong>acceptum</strong></span> <span class='ocrx_word' id='word_1_452' title='bbox 2912 2245 3017 2298; x_wconf 89' lang='lat' dir='ltr'><strong>est,</strong></span> <span class='ocrx_word' id='word_1_453' title='bbox 3060 2233 3303 2289; x_wconf 90' lang='lat' dir='ltr'><strong>tenacius</strong></span> <span class='ocrx_word' id='word_1_454' title='bbox 3336 2234 3387 2287; x_wconf 91' lang='lat' dir='ltr'><strong>in</strong></span> 
     </span>
    </p>
   </div>
   <div class='ocr_carea' id='block_1_65' title="bbox 1820 2324 3383 2393">
    <p class='ocr_par' dir='ltr' id='par_1_65' title="bbox 1820 2324 3383 2393">
     <span class='ocr_line' id='line_1_65' title="bbox 1820 2324 3383 2393; baseline -0.003 -10"><span class='ocrx_word' id='word_1_455' title='bbox 1820 2332 2014 2384; x_wconf 81' lang='lat' dir='ltr'><strong>animis</strong></span> <span class='ocrx_word' id='word_1_456' title='bbox 2050 2328 2251 2383; x_wconf 87' lang='lat' dir='ltr'><strong>nostris</strong></span> <span class='ocrx_word' id='word_1_457' title='bbox 2283 2329 2571 2382; x_wconf 87' lang='lat' dir='ltr'><strong>insidet....</strong></span> <span class='ocrx_word' id='word_1_458' title='bbox 2612 2324 2932 2379; x_wconf 81' lang='lat' dir='ltr'><strong>Psalterium</strong></span> <span class='ocrx_word' id='word_1_459' title='bbox 2986 2341 3113 2380; x_wconf 87' lang='lat' dir='ltr'><strong>vero</strong></span> <span class='ocrx_word' id='word_1_460' title='bbox 3152 2340 3181 2378; x_wconf 87' lang='lat' dir='ltr'><strong>a</strong></span> <span class='ocrx_word' id='word_1_461' title='bbox 3230 2337 3383 2393; x_wconf 86' lang='lat' dir='ltr'><strong>parte</strong></span> 
     </span>
    </p>
   </div>
   <div class='ocr_carea' id='block_1_66' title="bbox 1820 2417 3385 2491">
    <p class='ocr_par' dir='ltr' id='par_1_66' title="bbox 1820 2417 3385 2491">
     <span class='ocr_line' id='line_1_66' title="bbox 1820 2417 3385 2491; baseline -0.004 -15"><span class='ocrx_word' id='word_1_462' title='bbox 1820 2422 2084 2491; x_wconf 87' lang='lat' dir='ltr'><strong>snperiori</strong></span> <span class='ocrx_word' id='word_1_463' title='bbox 2127 2422 2273 2474; x_wconf 88' lang='lat' dir='ltr'><strong>ducit</strong></span> <span class='ocrx_word' id='word_1_464' title='bbox 2321 2420 2599 2473; x_wconf 69' lang='lat' dir='ltr'><strong>concinna:</strong></span> <span class='ocrx_word' id='word_1_465' title='bbox 2637 2434 2747 2473; x_wconf 77' lang='lat' dir='ltr'><strong>sua:</strong></span> <span class='ocrx_word' id='word_1_466' title='bbox 2787 2417 3170 2471; x_wconf 89' lang='lat' dir='ltr'><strong>modulationis</strong></span> <span class='ocrx_word' id='word_1_467' title='bbox 3218 2419 3385 2485; x_wconf 82' lang='lat' dir='ltr'><strong>origi-</strong></span> 
     </span>
    </p>
   </div>
   <div class='ocr_carea' id='block_1_67' title="bbox 1818 2511 3380 2567">
    <p class='ocr_par' dir='ltr' id='par_1_67' title="bbox 1818 2511 3380 2567">
     <span class='ocr_line' id='line_1_67' title="bbox 1818 2511 3380 2567; baseline -0.004 -1"><span class='ocrx_word' id='word_1_468' title='bbox 1818 2530 2031 2567; x_wconf 89' lang='lat' dir='ltr'><strong>nem....</strong></span> <span class='ocrx_word' id='word_1_469' title='bbox 2072 2514 2337 2567; x_wconf 59' lang='lat' dir='ltr'><strong>Caeterum</strong></span> <span class='ocrx_word' id='word_1_470' title='bbox 2375 2512 2586 2566; x_wconf 86' lang='lat' dir='ltr'><strong>initium</strong></span> <span class='ocrx_word' id='word_1_471' title='bbox 2638 2512 2977 2566; x_wconf 83' lang='lat' dir='ltr'><strong>Psalmorum</strong></span> <span class='ocrx_word' id='word_1_472' title='bbox 3012 2511 3309 2564; x_wconf 70' lang='lat' dir='ltr'><strong>videamus.</strong></span> <span class='ocrx_word' id='word_1_473' title='bbox 3361 2528 3380 2560; x_wconf 71' lang='grc' dir='ltr'><strong>ι</strong></span> 
     </span>
    </p>
   </div>
   <div class='ocr_carea' id='block_1_68' title="bbox 1816 2604 3384 2674">
    <p class='ocr_par' dir='ltr' id='par_1_68' title="bbox 1816 2604 3384 2674">
     <span class='ocr_line' id='line_1_68' title="bbox 1816 2604 3384 2674; baseline -0.003 -16"><span class='ocrx_word' id='word_1_474' title='bbox 1816 2606 1951 2671; x_wconf 84' lang='lat' dir='ltr'><strong>Quin</strong></span> <span class='ocrx_word' id='word_1_475' title='bbox 1980 2617 2035 2659; x_wconf 89' lang='lat' dir='ltr'><strong>et</strong></span> <span class='ocrx_word' id='word_1_476' title='bbox 2058 2606 2388 2674; x_wconf 84' lang='lat' dir='ltr'><strong>Augustinus</strong></span> <span class='ocrx_word' id='word_1_477' title='bbox 2413 2604 2545 2673; x_wconf 92' lang='lat' dir='ltr'><strong>ipse,</strong></span> <span class='ocrx_word' id='word_1_478' title='bbox 2573 2614 2629 2657; x_wconf 92' lang='lat' dir='ltr'><strong>ut</strong></span> <span class='ocrx_word' id='word_1_479' title='bbox 2662 2613 2844 2658; x_wconf 86' lang='lat' dir='ltr'><strong>monet</strong></span> <span class='ocrx_word' id='word_1_480' title='bbox 2871 2604 3116 2668; x_wconf 66' lang='lat' dir='ltr'><strong>Ducarius,</strong></span> <span class='ocrx_word' id='word_1_481' title='bbox 3146 2604 3196 2656; x_wconf 91' lang='lat' dir='ltr'><strong>in</strong></span> <span class='ocrx_word' id='word_1_482' title='bbox 3230 2619 3384 2657; x_wconf 85' lang='lat' dir='ltr'><strong>enar-</strong></span> 
     </span>
    </p>
   </div>
   <div class='ocr_carea' id='block_1_69' title="bbox 1821 2693 3384 2765">
    <p class='ocr_par' dir='ltr' id='par_1_69' title="bbox 1821 2693 3384 2765">
     <span class='ocr_line' id='line_1_69' title="bbox 1821 2693 3384 2765; baseline -0.002 -17"><span class='ocrx_word' id='word_1_483' title='bbox 1821 2698 2026 2749; x_wconf 88' lang='lat' dir='ltr'><strong>ratione</strong></span> <span class='ocrx_word' id='word_1_484' title='bbox 2069 2696 2124 2749; x_wconf 83' lang='lat' dir='ltr'><strong>in</strong></span> <span class='ocrx_word' id='word_1_485' title='bbox 2173 2694 2309 2765; x_wconf 85' lang='lat' dir='ltr'><strong>psal.</strong></span> <span class='ocrx_word' id='word_1_486' title='bbox 2368 2711 2477 2760; x_wconf 83' lang='lat' dir='ltr'><strong>LVI,</strong></span> <span class='ocrx_word' id='word_1_487' title='bbox 2538 2709 2659 2748; x_wconf 91' lang='lat' dir='ltr'><strong>cum</strong></span> <span class='ocrx_word' id='word_1_488' title='bbox 2700 2694 2811 2747; x_wconf 71' lang='lat' dir='ltr'><strong>htec</strong></span> <span class='ocrx_word' id='word_1_489' title='bbox 2861 2695 3021 2747; x_wconf 67' lang='lat' dir='ltr'><strong>verba</strong></span> <span class='ocrx_word' id='word_1_490' title='bbox 3074 2693 3384 2761; x_wconf 73' lang='lat' dir='ltr'><strong>prophetica</strong></span> 
     </span>
    </p>
   </div>
   <div class='ocr_carea' id='block_1_70' title="bbox 1818 2784 3385 2856">
    <p class='ocr_par' dir='ltr' id='par_1_70' title="bbox 1818 2784 3385 2856">
     <span class='ocr_line' id='line_1_70' title="bbox 1818 2784 3385 2856; baseline -0.004 -15"><span class='ocrx_word' id='word_1_491' title='bbox 1818 2789 2207 2856; x_wconf 89' lang='lat' dir='ltr'><strong>interpretatur</strong></span> <span class='ocrx_word' id='word_1_492' title='bbox 2272 2806 2283 2841; x_wconf 92' lang='lat'>:</span> <span class='ocrx_word' id='word_1_493' title='bbox 2336 2786 2604 2856; x_wconf 73' lang='lat' dir='ltr'><strong>Exsurge,</strong></span> <span class='ocrx_word' id='word_1_494' title='bbox 2668 2785 2969 2854; x_wconf 79' lang='lat' dir='ltr'><strong>psalterium</strong></span> <span class='ocrx_word' id='word_1_495' title='bbox 3022 2794 3071 2839; x_wconf 81' lang='lat' dir='ltr'><strong>et</strong></span> <span class='ocrx_word' id='word_1_496' title='bbox 3110 2784 3313 2837; x_wconf 79' lang='lat' dir='ltr'><strong>cithara</strong></span> <span class='ocrx_word' id='word_1_497' title='bbox 3340 2784 3385 2847; x_wconf 71' lang='grc'><strong>⁷,</strong></span> 
     </span>
    </p>
   </div>
   <div class='ocr_carea' id='block_1_71' title="bbox 1821 2877 3387 2947">
    <p class='ocr_par' dir='ltr' id='par_1_71' title="bbox 1821 2877 3387 2947">
     <span class='ocr_line' id='line_1_71' title="bbox 1821 2877 3387 2947; baseline -0.001 -15"><span class='ocrx_word' id='word_1_498' title='bbox 1821 2879 2076 2933; x_wconf 81' lang='lat' dir='ltr'><strong>nonnulla</strong></span> <span class='ocrx_word' id='word_1_499' title='bbox 2119 2894 2149 2933; x_wconf 93' lang='lat' dir='ltr'><strong>e</strong></span> <span class='ocrx_word' id='word_1_500' title='bbox 2176 2878 2379 2934; x_wconf 76' lang='lat' dir='ltr'><strong>Grzecis</strong></span> <span class='ocrx_word' id='word_1_501' title='bbox 2410 2878 2594 2931; x_wconf 86' lang='lat' dir='ltr'><strong>Basilii</strong></span> <span class='ocrx_word' id='word_1_502' title='bbox 2630 2887 2903 2933; x_wconf 80' lang='lat' dir='ltr'><strong>mutuatus</strong></span> <span class='ocrx_word' id='word_1_503' title='bbox 2944 2888 3045 2931; x_wconf 88' lang='lat' dir='ltr'><strong>est.</strong></span> <span class='ocrx_word' id='word_1_504' title='bbox 3097 2877 3387 2947; x_wconf 88' lang='lat' dir='ltr'><strong>Utriusque</strong></span> 
     </span>
    </p>
   </div>
   <div class='ocr_carea' id='block_1_72' title="bbox 1818 2970 3384 3039">
    <p class='ocr_par' dir='ltr' id='par_1_72' title="bbox 1818 2970 3384 3039">
     <span class='ocr_line' id='line_1_72' title="bbox 1818 2970 3384 3039; baseline -0.001 -17"><span class='ocrx_word' id='word_1_505' title='bbox 1818 2972 1977 3026; x_wconf 76' lang='lat' dir='ltr'><strong>verba</strong></span> <span class='ocrx_word' id='word_1_506' title='bbox 2006 2979 2190 3025; x_wconf 90' lang='lat' dir='ltr'><strong>nostro</strong></span> <span class='ocrx_word' id='word_1_507' title='bbox 2218 2986 2366 3024; x_wconf 91' lang='lat' dir='ltr'><strong>more</strong></span> <span class='ocrx_word' id='word_1_508' title='bbox 2396 2970 2713 3033; x_wconf 81' lang='lat' dir='ltr'><strong>referemus,</strong></span> <span class='ocrx_word' id='word_1_509' title='bbox 2736 2984 2965 3039; x_wconf 83' lang='lat' dir='ltr'><strong>quorum</strong></span> <span class='ocrx_word' id='word_1_510' title='bbox 2994 2985 3058 3023; x_wconf 79' lang='lat' dir='ltr'><strong>ex</strong></span> <span class='ocrx_word' id='word_1_511' title='bbox 3093 2970 3384 3023; x_wconf 87' lang='lat' dir='ltr'><strong>collatione</strong></span> 
     </span>
    </p>
   </div>
   <div class='ocr_carea' id='block_1_73' title="bbox 1815 3061 3387 3134">
    <p class='ocr_par' dir='ltr' id='par_1_73' title="bbox 1815 3061 3387 3134">
     <span class='ocr_line' id='line_1_73' title="bbox 1815 3061 3387 3134; baseline 0 -17"><span class='ocrx_word' id='word_1_512' title='bbox 1815 3078 2143 3131; x_wconf 85' lang='lat' dir='ltr'><strong>cognoscere</strong></span> <span class='ocrx_word' id='word_1_513' title='bbox 2174 3063 2393 3130; x_wconf 84' lang='lat' dir='ltr'><strong>licebit,</strong></span> <span class='ocrx_word' id='word_1_514' title='bbox 2421 3063 2775 3133; x_wconf 84' lang='lat' dir='ltr'><strong>Augustinum</strong></span> <span class='ocrx_word' id='word_1_515' title='bbox 2814 3064 3170 3134; x_wconf 86' lang='lat' dir='ltr'><strong>interpretem</strong></span> <span class='ocrx_word' id='word_1_516' title='bbox 3217 3061 3387 3117; x_wconf 78' lang='lat' dir='ltr'><strong>fuisse</strong></span> 
     </span>
    </p>
   </div>
   <div class='ocr_carea' id='block_1_74' title="bbox 1819 3155 3385 3226">
    <p class='ocr_par' dir='ltr' id='par_1_74' title="bbox 1819 3155 3385 3226">
     <span class='ocr_line' id='line_1_74' title="bbox 1819 3155 3385 3226; baseline -0.001 -19"><span class='ocrx_word' id='word_1_517' title='bbox 1819 3156 1988 3223; x_wconf 82' lang='lat' dir='ltr'><strong>magis</strong></span> <span class='ocrx_word' id='word_1_518' title='bbox 2026 3170 2186 3225; x_wconf 87' lang='lat' dir='ltr'><strong>quam</strong></span> <span class='ocrx_word' id='word_1_519' title='bbox 2229 3155 2557 3209; x_wconf 85' lang='lat' dir='ltr'><strong>imitatorem</strong></span> <span class='ocrx_word' id='word_1_520' title='bbox 2601 3156 2807 3210; x_wconf 83' lang='lat' dir='ltr'><strong>Basilii.</strong></span> <span class='ocrx_word' id='word_1_521' title='bbox 2852 3156 3180 3226; x_wconf 85' lang='lat' dir='ltr'><strong>Augustinus</strong></span> <span class='ocrx_word' id='word_1_522' title='bbox 3222 3155 3385 3224; x_wconf 86' lang='lat' dir='ltr'><strong>igitur</strong></span> 
     </span>
    </p>
   </div>
   <div class='ocr_carea' id='block_1_75' title="bbox 1818 3247 3387 3317">
    <p class='ocr_par' dir='ltr' id='par_1_75' title="bbox 1818 3247 3387 3317">
     <span class='ocr_line' id='line_1_75' title="bbox 1818 3247 3387 3317; baseline -0.003 -13"><span class='ocrx_word' id='word_1_523' title='bbox 1818 3251 1896 3304; x_wconf 90' lang='lat' dir='ltr'><strong>sic</strong></span> <span class='ocrx_word' id='word_1_524' title='bbox 1936 3249 2172 3317; x_wconf 88' lang='lat' dir='ltr'><strong>loquitur</strong></span> <span class='ocrx_word' id='word_1_525' title='bbox 2203 3266 2214 3301; x_wconf 89' lang='lat'><strong>:</strong></span> <span class='ocrx_word' id='word_1_526' title='bbox 2250 3265 2268 3298; x_wconf 76' lang='grc' dir='ltr'><strong>ι</strong></span> <span class='ocrx_word' id='word_1_527' title='bbox 2306 3247 2626 3302; x_wconf 82' lang='lat' dir='ltr'><strong>Psalterium</strong></span> <span class='ocrx_word' id='word_1_528' title='bbox 2659 3258 2745 3301; x_wconf 89' lang='lat' dir='ltr'><strong>est</strong></span> <span class='ocrx_word' id='word_1_529' title='bbox 2772 3262 3059 3317; x_wconf 85' lang='lat' dir='ltr'><strong>organum,</strong></span> <span class='ocrx_word' id='word_1_530' title='bbox 3088 3247 3229 3317; x_wconf 86' lang='lat' dir='ltr'><strong>quod</strong></span> <span class='ocrx_word' id='word_1_531' title='bbox 3274 3248 3387 3316; x_wconf 85' lang='lat' dir='ltr'><strong>qui-</strong></span> 
     </span>
    </p>
   </div>
   <div class='ocr_carea' id='block_1_76' title="bbox 1819 3339 3387 3410">
    <p class='ocr_par' dir='ltr' id='par_1_76' title="bbox 1819 3339 3387 3410">
     <span class='ocr_line' id='line_1_76' title="bbox 1819 3339 3387 3410; baseline -0.001 -14"><span class='ocrx_word' id='word_1_532' title='bbox 1819 3343 1939 3396; x_wconf 88' lang='lat' dir='ltr'><strong>dem</strong></span> <span class='ocrx_word' id='word_1_533' title='bbox 1978 3341 2227 3395; x_wconf 91' lang='lat' dir='ltr'><strong>manibus</strong></span> <span class='ocrx_word' id='word_1_534' title='bbox 2268 3339 2443 3395; x_wconf 80' lang='lat' dir='ltr'><strong>fertur</strong></span> <span class='ocrx_word' id='word_1_535' title='bbox 2477 3340 2850 3410; x_wconf 91' lang='lat' dir='ltr'><strong>percutientis,</strong></span> <span class='ocrx_word' id='word_1_536' title='bbox 2898 3350 2953 3395; x_wconf 86' lang='lat' dir='ltr'><strong>et</strong></span> <span class='ocrx_word' id='word_1_537' title='bbox 3000 3340 3233 3396; x_wconf 88' lang='lat' dir='ltr'><strong>chordas</strong></span> <span class='ocrx_word' id='word_1_538' title='bbox 3277 3341 3387 3395; x_wconf 85' lang='lat' dir='ltr'><strong>dis-</strong></span> 
     </span>
    </p>
   </div>
   <div class='ocr_carea' id='block_1_77' title="bbox 1817 3431 3384 3498">
    <p class='ocr_par' dir='ltr' id='par_1_77' title="bbox 1817 3431 3384 3498">
     <span class='ocr_line' id='line_1_77' title="bbox 1817 3431 3384 3498; baseline 0 -13"><span class='ocrx_word' id='word_1_539' title='bbox 1817 3441 1992 3486; x_wconf 86' lang='lat' dir='ltr'><strong>tentas</strong></span> <span class='ocrx_word' id='word_1_540' title='bbox 2036 3432 2231 3498; x_wconf 83' lang='lat' dir='ltr'><strong>habet;</strong></span> <span class='ocrx_word' id='word_1_541' title='bbox 2276 3432 2371 3486; x_wconf 91' lang='lat' dir='ltr'><strong>sed</strong></span> <span class='ocrx_word' id='word_1_542' title='bbox 2422 3432 2567 3485; x_wconf 91' lang='lat' dir='ltr'><strong>illum</strong></span> <span class='ocrx_word' id='word_1_543' title='bbox 2600 3431 2774 3485; x_wconf 90' lang='lat' dir='ltr'><strong>locum</strong></span> <span class='ocrx_word' id='word_1_544' title='bbox 2828 3434 2969 3487; x_wconf 88' lang='lat' dir='ltr'><strong>unde</strong></span> <span class='ocrx_word' id='word_1_545' title='bbox 3016 3448 3205 3487; x_wconf 88' lang='lat' dir='ltr'><strong>sonum</strong></span> <span class='ocrx_word' id='word_1_546' title='bbox 3243 3434 3384 3486; x_wconf 74' lang='lat' dir='ltr'><strong>acri-</strong></span> 
     </span>
    </p>
   </div>
   <div class='ocr_carea' id='block_1_78' title="bbox 1816 3523 3381 3593">
    <p class='ocr_par' dir='ltr' id='par_1_78' title="bbox 1816 3523 3381 3593">
     <span class='ocr_line' id='line_1_78' title="bbox 1816 3523 3381 3593; baseline 0.002 -18"><span class='ocrx_word' id='word_1_547' title='bbox 1816 3523 1965 3587; x_wconf 86' lang='lat' dir='ltr'><strong>piunt</strong></span> <span class='ocrx_word' id='word_1_548' title='bbox 2008 3523 2255 3585; x_wconf 69' lang='lat' dir='ltr'><strong>chordae,</strong></span> <span class='ocrx_word' id='word_1_549' title='bbox 2286 3523 2413 3577; x_wconf 90' lang='lat' dir='ltr'><strong>illud</strong></span> <span class='ocrx_word' id='word_1_550' title='bbox 2442 3536 2737 3577; x_wconf 85' lang='lat' dir='ltr'><strong>concavum</strong></span> <span class='ocrx_word' id='word_1_551' title='bbox 2774 3524 2975 3593; x_wconf 88' lang='lat' dir='ltr'><strong>lignum</strong></span> <span class='ocrx_word' id='word_1_552' title='bbox 3008 3525 3149 3592; x_wconf 91' lang='lat' dir='ltr'><strong>quod</strong></span> <span class='ocrx_word' id='word_1_553' title='bbox 3183 3527 3381 3593; x_wconf 89' lang='lat' dir='ltr'><strong>pendet</strong></span> 
     </span>
    </p>
   </div>
   <div class='ocr_carea' id='block_1_79' title="bbox 1814 3615 3382 3685">
    <p class='ocr_par' dir='ltr' id='par_1_79' title="bbox 1814 3615 3382 3685">
     <span class='ocr_line' id='line_1_79' title="bbox 1814 3615 3382 3685; baseline 0 -16"><span class='ocrx_word' id='word_1_554' title='bbox 1814 3625 1867 3669; x_wconf 91' lang='lat' dir='ltr'><strong>et</strong></span> <span class='ocrx_word' id='word_1_555' title='bbox 1923 3624 2121 3668; x_wconf 83' lang='lat' dir='ltr'><strong>tactum</strong></span> <span class='ocrx_word' id='word_1_556' title='bbox 2181 3625 2429 3680; x_wconf 87' lang='lat' dir='ltr'><strong>resonat,</strong></span> <span class='ocrx_word' id='word_1_557' title='bbox 2472 3615 2598 3685; x_wconf 88' lang='lat' dir='ltr'><strong>quia</strong></span> <span class='ocrx_word' id='word_1_558' title='bbox 2639 3615 2876 3685; x_wconf 89' lang='lat' dir='ltr'><strong>concipit</strong></span> <span class='ocrx_word' id='word_1_559' title='bbox 2918 3630 3135 3680; x_wconf 90' lang='lat' dir='ltr'><strong>aerem,</strong></span> <span class='ocrx_word' id='word_1_560' title='bbox 3177 3616 3382 3684; x_wconf 82' lang='lat' dir='ltr'><strong>psalte-</strong></span> 
     </span>
    </p>
   </div>
   <div class='ocr_carea' id='block_1_80' title="bbox 1816 3707 3381 3779">
    <p class='ocr_par' dir='ltr' id='par_1_80' title="bbox 1816 3707 3381 3779">
     <span class='ocr_line' id='line_1_80' title="bbox 1816 3707 3381 3779; baseline 0 -16"><span class='ocrx_word' id='word_1_561' title='bbox 1816 3708 1955 3763; x_wconf 92' lang='lat' dir='ltr'><strong>rium</strong></span> <span class='ocrx_word' id='word_1_562' title='bbox 1989 3707 2042 3761; x_wconf 89' lang='lat' dir='ltr'><strong>ln</strong></span> <span class='ocrx_word' id='word_1_563' title='bbox 2075 3708 2357 3779; x_wconf 89' lang='lat' dir='ltr'><strong>superiore</strong></span> <span class='ocrx_word' id='word_1_564' title='bbox 2399 3718 2549 3777; x_wconf 88' lang='lat' dir='ltr'><strong>parte</strong></span> <span class='ocrx_word' id='word_1_565' title='bbox 2585 3708 2762 3763; x_wconf 89' lang='lat' dir='ltr'><strong>habet.</strong></span> <span class='ocrx_word' id='word_1_566' title='bbox 2794 3708 3015 3761; x_wconf 86' lang='lat' dir='ltr'><strong>Cithara</strong></span> <span class='ocrx_word' id='word_1_567' title='bbox 3050 3716 3229 3761; x_wconf 91' lang='lat' dir='ltr'><strong>autem</strong></span> <span class='ocrx_word' id='word_1_568' title='bbox 3280 3710 3381 3763; x_wconf 91' lang='lat' dir='ltr'><strong>hoc</strong></span> 
     </span>
    </p>
   </div>
   <div class='ocr_carea' id='block_1_81' title="bbox 1814 3797 3381 3871">
    <p class='ocr_par' dir='ltr' id='par_1_81' title="bbox 1814 3797 3381 3871">
     <span class='ocr_line' id='line_1_81' title="bbox 1814 3797 3381 3871; baseline 0 -18"><span class='ocrx_word' id='word_1_569' title='bbox 1814 3815 1983 3869; x_wconf 90' lang='lat' dir='ltr'><strong>genus</strong></span> <span class='ocrx_word' id='word_1_570' title='bbox 2008 3800 2134 3871; x_wconf 86' lang='lat' dir='ltr'><strong>ligni</strong></span> <span class='ocrx_word' id='word_1_571' title='bbox 2164 3814 2462 3855; x_wconf 88' lang='lat' dir='ltr'><strong>concavum</strong></span> <span class='ocrx_word' id='word_1_572' title='bbox 2495 3809 2549 3854; x_wconf 89' lang='lat' dir='ltr'><strong>et</strong></span> <span class='ocrx_word' id='word_1_573' title='bbox 2578 3813 2839 3853; x_wconf 91' lang='lat' dir='ltr'><strong>resonans</strong></span> <span class='ocrx_word' id='word_1_574' title='bbox 2862 3799 2914 3851; x_wconf 93' lang='lat' dir='ltr'><strong>in</strong></span> <span class='ocrx_word' id='word_1_575' title='bbox 2947 3797 3202 3853; x_wconf 78' lang='lat' dir='ltr'><strong>inferiore</strong></span> <span class='ocrx_word' id='word_1_576' title='bbox 3230 3810 3381 3868; x_wconf 87' lang='lat' dir='ltr'><strong>parte</strong></span> 
     </span>
    </p>
   </div>
   <div class='ocr_carea' id='block_1_82' title="bbox 1814 3890 3381 3962">
    <p class='ocr_par' dir='ltr' id='par_1_82' title="bbox 1814 3890 3381 3962">
     <span class='ocr_line' id='line_1_82' title="bbox 1814 3890 3381 3962; baseline -0.002 -15"><span class='ocrx_word' id='word_1_577' title='bbox 1814 3893 1998 3947; x_wconf 88' lang='lat' dir='ltr'><strong>habet.</strong></span> <span class='ocrx_word' id='word_1_578' title='bbox 2032 3890 2217 3961; x_wconf 85' lang='lat' dir='ltr'><strong>Itaque</strong></span> <span class='ocrx_word' id='word_1_579' title='bbox 2260 3892 2313 3947; x_wconf 91' lang='lat' dir='ltr'><strong>in</strong></span> <span class='ocrx_word' id='word_1_580' title='bbox 2357 3891 2612 3962; x_wconf 89' lang='lat' dir='ltr'><strong>psalterio</strong></span> <span class='ocrx_word' id='word_1_581' title='bbox 2661 3890 2876 3945; x_wconf 69' lang='lat' dir='ltr'><strong>chorda:</strong></span> <span class='ocrx_word' id='word_1_582' title='bbox 2922 3905 3112 3945; x_wconf 90' lang='lat' dir='ltr'><strong>sonum</strong></span> <span class='ocrx_word' id='word_1_583' title='bbox 3153 3892 3381 3958; x_wconf 78' lang='lat' dir='ltr'><strong>desaper</strong></span> 
     </span>
    </p>
   </div>
   <div class='ocr_carea' id='block_1_83' title="bbox 1814 3981 3381 4051">
    <p class='ocr_par' dir='ltr' id='par_1_83' title="bbox 1814 3981 3381 4051">
     <span class='ocr_line' id='line_1_83' title="bbox 1814 3981 3381 4051; baseline -0.001 -16"><span class='ocrx_word' id='word_1_584' title='bbox 1814 3983 2084 4051; x_wconf 89' lang='lat' dir='ltr'><strong>accipiunt</strong></span> <span class='ocrx_word' id='word_1_585' title='bbox 2121 3999 2135 4036; x_wconf 88' lang='lat'><strong>:</strong></span> <span class='ocrx_word' id='word_1_586' title='bbox 2183 3983 2234 4035; x_wconf 92' lang='lat' dir='ltr'><strong>in</strong></span> <span class='ocrx_word' id='word_1_587' title='bbox 2264 3982 2471 4036; x_wconf 87' lang='lat' dir='ltr'><strong>cithara</strong></span> <span class='ocrx_word' id='word_1_588' title='bbox 2502 3992 2682 4035; x_wconf 87' lang='lat' dir='ltr'><strong>autem</strong></span> <span class='ocrx_word' id='word_1_589' title='bbox 2712 3981 2927 4035; x_wconf 77' lang='lat' dir='ltr'><strong>chordce</strong></span> <span class='ocrx_word' id='word_1_590' title='bbox 2953 3996 3143 4035; x_wconf 87' lang='lat' dir='ltr'><strong>sonum</strong></span> <span class='ocrx_word' id='word_1_591' title='bbox 3187 3997 3252 4035; x_wconf 81' lang='lat' dir='ltr'><strong>ex</strong></span> <span class='ocrx_word' id='word_1_592' title='bbox 3309 3982 3381 4033; x_wconf 86' lang='lat' dir='ltr'><strong>in-</strong></span> 
     </span>
    </p>
   </div>
   <div class='ocr_carea' id='block_1_84' title="bbox 1813 4072 3379 4143">
    <p class='ocr_par' dir='ltr' id='par_1_84' title="bbox 1813 4072 3379 4143">
     <span class='ocr_line' id='line_1_84' title="bbox 1813 4072 3379 4143; baseline 0.003 -18"><span class='ocrx_word' id='word_1_593' title='bbox 1813 4072 2012 4126; x_wconf 89' lang='lat' dir='ltr'><strong>l&#39;eriorc</strong></span> <span class='ocrx_word' id='word_1_594' title='bbox 2036 4082 2189 4142; x_wconf 89' lang='lat' dir='ltr'><strong>parte</strong></span> <span class='ocrx_word' id='word_1_595' title='bbox 2232 4073 2519 4143; x_wconf 89' lang='lat' dir='ltr'><strong>accipiunt.</strong></span> <span class='ocrx_word' id='word_1_596' title='bbox 2561 4093 2580 4126; x_wconf 76' lang='grc' dir='ltr'><strong>ι</strong></span> <span class='ocrx_word' id='word_1_597' title='bbox 2614 4074 2796 4128; x_wconf 87' lang='lat' dir='ltr'><strong>Basilii</strong></span> <span class='ocrx_word' id='word_1_598' title='bbox 2835 4085 3012 4128; x_wconf 88' lang='lat' dir='ltr'><strong>autem</strong></span> <span class='ocrx_word' id='word_1_599' title='bbox 3049 4074 3211 4128; x_wconf 89' lang='lat' dir='ltr'><strong>verba</strong></span> <span class='ocrx_word' id='word_1_600' title='bbox 3265 4074 3379 4129; x_wconf 72' lang='lat' dir='ltr'><strong>hmc</strong></span> 
     </span>
    </p>
   </div>
   <div class='ocr_carea' id='block_1_85' title="bbox 1813 4161 3380 4234">
    <p class='ocr_par' dir='ltr' id='par_1_85' title="bbox 1813 4161 3380 4234">
     <span class='ocr_line' id='line_1_85' title="bbox 1813 4161 3380 4234; baseline -0.001 -17"><span class='ocrx_word' id='word_1_601' title='bbox 1813 4172 1937 4217; x_wconf 87' lang='lat' dir='ltr'><strong>sunt</strong></span> <span class='ocrx_word' id='word_1_602' title='bbox 1962 4178 1991 4218; x_wconf 91' lang='lat' dir='ltr'><strong>e</strong></span> <span class='ocrx_word' id='word_1_603' title='bbox 2018 4163 2281 4231; x_wconf 65' lang='lat' dir='ltr'><strong>prooemio</strong></span> <span class='ocrx_word' id='word_1_604' title='bbox 2305 4163 2363 4217; x_wconf 75' lang='lat' dir='ltr'><strong>in</strong></span> <span class='ocrx_word' id='word_1_605' title='bbox 2388 4164 2523 4232; x_wconf 80' lang='lat' dir='ltr'><strong>psal.</strong></span> <span class='ocrx_word' id='word_1_606' title='bbox 2564 4178 2579 4218; x_wconf 87' lang='lat' dir='ltr'><strong>l</strong></span> <span class='ocrx_word' id='word_1_607' title='bbox 2608 4182 2621 4218; x_wconf 89' lang='lat'><strong>:</strong></span> <span class='ocrx_word' id='word_1_608' title='bbox 2650 4164 2832 4215; x_wconf 79' lang='grc' dir='ltr'>Πάντα</span> <span class='ocrx_word' id='word_1_609' title='bbox 2861 4161 3051 4233; x_wconf 84' lang='grc' dir='ltr'>ὥσπερ</span> <span class='ocrx_word' id='word_1_610' title='bbox 3076 4164 3133 4215; x_wconf 82' lang='grc' dir='ltr'><strong>ἐν</strong></span> <span class='ocrx_word' id='word_1_611' title='bbox 3162 4163 3380 4234; x_wconf 82' lang='grc' dir='ltr'>μεγάλῳ</span> 
     </span>
    </p>
   </div>
   <div class='ocr_carea' id='block_1_86' title="bbox 1812 4252 3379 4325">
    <p class='ocr_par' dir='ltr' id='par_1_86' title="bbox 1812 4252 3379 4325">
     <span class='ocr_line' id='line_1_86' title="bbox 1812 4252 3379 4325; baseline 0 -18"><span class='ocrx_word' id='word_1_612' title='bbox 1812 4254 1918 4307; x_wconf 80' lang='grc' dir='ltr'>τινὶ</span> <span class='ocrx_word' id='word_1_613' title='bbox 1956 4254 2050 4307; x_wconf 69' lang='grc' dir='ltr'>καὶ</span> <span class='ocrx_word' id='word_1_614' title='bbox 2088 4254 2252 4325; x_wconf 84' lang='grc' dir='ltr'>κοινῷ</span> <span class='ocrx_word' id='word_1_615' title='bbox 2293 4255 2522 4324; x_wconf 82' lang='grc' dir='ltr'>ταμείῳ,</span> <span class='ocrx_word' id='word_1_616' title='bbox 2556 4256 2621 4323; x_wconf 76' lang='grc' dir='ltr'>τῇ</span> <span class='ocrx_word' id='word_1_617' title='bbox 2665 4252 2832 4323; x_wconf 82' lang='grc' dir='ltr'>βίϐλῳ</span> <span class='ocrx_word' id='word_1_618' title='bbox 2873 4253 2980 4307; x_wconf 82' lang='grc' dir='ltr'><strong>τῶν</strong></span> <span class='ocrx_word' id='word_1_619' title='bbox 3007 4254 3249 4325; x_wconf 75' lang='grc' dir='ltr'>Ψαλμῶν</span> <span class='ocrx_word' id='word_1_620' title='bbox 3292 4273 3379 4307; x_wconf 83' lang='grc' dir='ltr'>τε·</span> 
     </span>
    </p>
   </div>
   <div class='ocr_carea' id='block_1_87' title="bbox 1813 4344 3375 4419">
    <p class='ocr_par' dir='ltr' id='par_1_87' title="bbox 1813 4344 3375 4419">
     <span class='ocr_line' id='line_1_87' title="bbox 1813 4344 3375 4419; baseline 0 -20"><span class='ocrx_word' id='word_1_621' title='bbox 1813 4346 2191 4419; x_wconf 78' lang='grc' dir='ltr'>θησαύρισται,</span> <span class='ocrx_word' id='word_1_622' title='bbox 2222 4347 2323 4417; x_wconf 79' lang='grc' dir='ltr'>ἢν,</span> <span class='ocrx_word' id='word_1_623' title='bbox 2352 4344 2561 4400; x_wconf 84' lang='grc' dir='ltr'>πολλῶν</span> <span class='ocrx_word' id='word_1_624' title='bbox 2599 4345 2768 4400; x_wconf 72' lang='grc' dir='ltr'>ὄντων</span> <span class='ocrx_word' id='word_1_625' title='bbox 2798 4348 3041 4418; x_wconf 84' lang='grc' dir='ltr'>ὀργάνων</span> <span class='ocrx_word' id='word_1_626' title='bbox 3080 4347 3375 4417; x_wconf 78' lang='grc' dir='ltr'>μουσικῶν,</span> 
     </span>
    </p>
   </div>
   <div class='ocr_carea' id='block_1_88' title="bbox 1813 4437 3373 4511">
    <p class='ocr_par' dir='ltr' id='par_1_88' title="bbox 1813 4437 3373 4511">
     <span class='ocr_line' id='line_1_88' title="bbox 1813 4437 3373 4511; baseline 0.004 -23"><span class='ocrx_word' id='word_1_627' title='bbox 1813 4437 1947 4509; x_wconf 83' lang='grc' dir='ltr'>πρὸς</span> <span class='ocrx_word' id='word_1_628' title='bbox 1972 4438 2028 4491; x_wconf 81' lang='grc' dir='ltr'><strong>τὸ</strong></span> <span class='ocrx_word' id='word_1_629' title='bbox 2068 4438 2356 4507; x_wconf 89' lang='grc' dir='ltr'>λεγόμενον</span> <span class='ocrx_word' id='word_1_630' title='bbox 2397 4437 2695 4511; x_wconf 67' lang='grc' dir='ltr'>ψαλτήριον</span> <span class='ocrx_word' id='word_1_631' title='bbox 2731 4441 2969 4510; x_wconf 74' lang='grc' dir='ltr'>ἥρμοσεν</span> <span class='ocrx_word' id='word_1_632' title='bbox 3007 4442 3035 4493; x_wconf 87' lang='grc' dir='ltr'>ὁ</span> <span class='ocrx_word' id='word_1_633' title='bbox 3068 4442 3373 4511; x_wconf 79' lang='grc' dir='ltr'>προφήτης,</span> 
     </span>
    </p>
   </div>
   <div class='ocr_carea' id='block_1_89' title="bbox 140 4524 3376 4614">
    <p class='ocr_par' dir='ltr' id='par_1_89' title="bbox 140 4524 3376 4614">
     <span class='ocr_line' id='line_1_89' title="bbox 140 4524 3376 4614; baseline 0.004 -39"><span class='ocrx_word' id='word_1_634' title='bbox 140 4528 540 4595; x_wconf 75' lang='grc' dir='ltr'>στήριγμα.....</span> <span class='ocrx_word' id='word_1_635' title='bbox 577 4524 800 4595; x_wconf 77' lang='grc' dir='ltr'>Ψαλμὸς</span> <span class='ocrx_word' id='word_1_636' title='bbox 828 4524 889 4577; x_wconf 83' lang='grc' dir='ltr'><strong>τὸ</strong></span> <span class='ocrx_word' id='word_1_637' title='bbox 915 4524 1025 4577; x_wconf 86' lang='grc' dir='ltr'><strong>τῶν</strong></span> <span class='ocrx_word' id='word_1_638' title='bbox 1051 4527 1292 4595; x_wconf 83' lang='grc' dir='ltr'>ἀγγέλων</span> <span class='ocrx_word' id='word_1_639' title='bbox 1320 4526 1497 4598; x_wconf 77' lang='grc' dir='ltr'>ἔργον,</span> <span class='ocrx_word' id='word_1_640' title='bbox 1527 4531 1587 4583; x_wconf 83' lang='grc' dir='ltr'><strong>τὸ</strong></span> <span class='ocrx_word' id='word_1_641' title='bbox 1614 4532 1706 4583; x_wconf 85' lang='grc' dir='ltr'><strong>οὺ·-</strong></span> <span class='ocrx_word' id='word_1_642' title='bbox 1739 4560 1783 4614; x_wconf 77' lang='lat' dir='ltr'><strong>D</strong></span> <span class='ocrx_word' id='word_1_643' title='bbox 1810 4531 1907 4601; x_wconf 77' lang='grc' dir='ltr'><strong>τὴν</strong></span> <span class='ocrx_word' id='word_1_644' title='bbox 1970 4532 2192 4596; x_wconf 78' lang='grc' dir='ltr'>ἄνωθεν,</span> <span class='ocrx_word' id='word_1_645' title='bbox 2244 4530 2365 4601; x_wconf 74' lang='grc' dir='ltr'>ἐμοὶ</span> <span class='ocrx_word' id='word_1_646' title='bbox 2424 4531 2618 4598; x_wconf 86' lang='grc' dir='ltr'>δοκεῖν,</span> <span class='ocrx_word' id='word_1_647' title='bbox 2674 4532 2971 4603; x_wconf 85' lang='grc' dir='ltr'>ὲνηχοῦσαν</span> <span class='ocrx_word' id='word_1_648' title='bbox 3022 4532 3170 4603; x_wconf 78' lang='grc' dir='ltr'>αὐτῷ</span> <span class='ocrx_word' id='word_1_649' title='bbox 3216 4534 3376 4605; x_wconf 77' lang='grc' dir='ltr'>χάριν</span> 
     </span>
    </p>
   </div>
   <div class='ocr_carea' id='block_1_90' title="bbox 139 4614 1705 4693">
    <p class='ocr_par' dir='ltr' id='par_1_90' title="bbox 139 4614 1705 4693">
     <span class='ocr_line' id='line_1_90' title="bbox 139 4614 1705 4693; baseline 0.006 -29"><span class='ocrx_word' id='word_1_650' title='bbox 139 4614 324 4680; x_wconf 74' lang='grc' dir='ltr'>ράνιον</span> <span class='ocrx_word' id='word_1_651' title='bbox 366 4614 661 4685; x_wconf 83' lang='grc' dir='ltr'>πολίτευμα</span> <span class='ocrx_word' id='word_1_652' title='bbox 680 4656 694 4679; x_wconf 92' lang='grc'><strong>,</strong></span> <span class='ocrx_word' id='word_1_653' title='bbox 730 4616 790 4667; x_wconf 75' lang='grc' dir='ltr'><strong>τὸ</strong></span> <span class='ocrx_word' id='word_1_654' title='bbox 819 4618 1181 4684; x_wconf 78' lang='grc' dir='ltr'>πνευματικὸν</span> <span class='ocrx_word' id='word_1_655' title='bbox 1210 4619 1477 4689; x_wconf 87' lang='grc' dir='ltr'>θυμίαμα.</span> <span class='ocrx_word' id='word_1_656' title='bbox 1512 4621 1575 4671; x_wconf 87' lang='grc' dir='ltr'>Ὢ</span> <span class='ocrx_word' id='word_1_657' title='bbox 1604 4622 1705 4693; x_wconf 77' lang='grc' dir='ltr'>τῆς</span> 
     </span>
    </p>
   </div>
   <div class='ocr_carea' id='block_1_91' title="bbox 139 4705 1704 4783">
    <p class='ocr_par' dir='ltr' id='par_1_91' title="bbox 139 4705 1704 4783">
     <span class='ocr_line' id='line_1_91' title="bbox 139 4705 1704 4783; baseline 0.004 -26"><span class='ocrx_word' id='word_1_658' title='bbox 139 4706 307 4774; x_wconf 48' lang='lat' dir='ltr'><strong>avg-ig;</strong></span> <span class='ocrx_word' id='word_1_659' title='bbox 340 4705 707 4769; x_wconf 82' lang='grc' dir='ltr'>ἐπινοίαςτοῦ</span> <span class='ocrx_word' id='word_1_660' title='bbox 741 4708 1073 4773; x_wconf 77' lang='grc' dir='ltr'>διδασκάλου,</span> <span class='ocrx_word' id='word_1_661' title='bbox 1101 4711 1236 4780; x_wconf 77' lang='grc' dir='ltr'>ὁμοῦ</span> <span class='ocrx_word' id='word_1_662' title='bbox 1280 4729 1337 4765; x_wconf 85' lang='grc' dir='ltr'><strong>τε</strong></span> <span class='ocrx_word' id='word_1_663' title='bbox 1377 4711 1521 4782; x_wconf 79' lang='grc' dir='ltr'>ᾅδειν</span> <span class='ocrx_word' id='word_1_664' title='bbox 1557 4714 1704 4783; x_wconf 78' lang='grc' dir='ltr'>ἡμᾶς</span> 
     </span>
    </p>
   </div>
   <div class='ocr_carea' id='block_1_92' title="bbox 135 4796 1704 4873">
    <p class='ocr_par' dir='ltr' id='par_1_92' title="bbox 135 4796 1704 4873">
     <span class='ocr_line' id='line_1_92' title="bbox 135 4796 1704 4873; baseline 0.004 -22"><span class='ocrx_word' id='word_1_665' title='bbox 135 4801 194 4851; x_wconf 67' lang='grc' dir='ltr'>τὰ</span> <span class='ocrx_word' id='word_1_666' title='bbox 225 4796 491 4865; x_wconf 71' lang='grc' dir='ltr'>λυσιτελῆ</span> <span class='ocrx_word' id='word_1_667' title='bbox 527 4800 813 4867; x_wconf 79' lang='grc' dir='ltr'>μανθάνειν</span> <span class='ocrx_word' id='word_1_668' title='bbox 841 4802 1228 4873; x_wconf 71' lang='grc' dir='ltr'>μηχανωμένου</span> <span class='ocrx_word' id='word_1_669' title='bbox 1249 4823 1261 4835; x_wconf 88' lang='grc'><strong>·</strong></span> <span class='ocrx_word' id='word_1_670' title='bbox 1293 4804 1411 4857; x_wconf 82' lang='grc' dir='ltr'>ὅθεν</span> <span class='ocrx_word' id='word_1_671' title='bbox 1449 4805 1541 4856; x_wconf 81' lang='grc' dir='ltr'><strong>καὶ</strong></span> <span class='ocrx_word' id='word_1_672' title='bbox 1573 4806 1704 4873; x_wconf 84' lang='grc' dir='ltr'><strong>μᾶλ-</strong></span> 
     </span>
    </p>
   </div>
   <div class='ocr_carea' id='block_1_93' title="bbox 135 4890 1703 4965">
    <p class='ocr_par' dir='ltr' id='par_1_93' title="bbox 135 4890 1703 4965">
     <span class='ocr_line' id='line_1_93' title="bbox 135 4890 1703 4965; baseline 0.005 -24"><span class='ocrx_word' id='word_1_673' title='bbox 135 4893 217 4943; x_wconf 62' lang='grc' dir='ltr'>λὸν</span> <span class='ocrx_word' id='word_1_674' title='bbox 245 4906 379 4946; x_wconf 70' lang='grc' dir='ltr'>πως</span> <span class='ocrx_word' id='word_1_675' title='bbox 399 4890 717 4945; x_wconf 77' lang='grc' dir='ltr'>ἐντυποῦται</span> <span class='ocrx_word' id='word_1_676' title='bbox 739 4897 854 4955; x_wconf 83' lang='grc' dir='ltr'>ταῖς</span> <span class='ocrx_word' id='word_1_677' title='bbox 874 4894 1067 4962; x_wconf 72' lang='grc' dir='ltr'>ψυχαῖς</span> <span class='ocrx_word' id='word_1_678' title='bbox 1090 4893 1155 4946; x_wconf 76' lang='grc' dir='ltr'>τὰ</span> <span class='ocrx_word' id='word_1_679' title='bbox 1176 4894 1493 4965; x_wconf 77' lang='grc' dir='ltr'>διδάγματα.</span> <span class='ocrx_word' id='word_1_680' title='bbox 1524 4895 1703 4949; x_wconf 80' lang='grc' dir='ltr'>Βίαιον</span> 
     </span>
    </p>
   </div>
   <div class='ocr_carea' id='block_1_94' title="bbox 138 4980 1704 5057">
    <p class='ocr_par' dir='ltr' id='par_1_94' title="bbox 138 4980 1704 5057">
     <span class='ocr_line' id='line_1_94' title="bbox 138 4980 1704 5057; baseline 0.004 -21"><span class='ocrx_word' id='word_1_681' title='bbox 138 4986 227 5048; x_wconf 69' lang='grc' dir='ltr'>μὲν</span> <span class='ocrx_word' id='word_1_682' title='bbox 258 4984 383 5053; x_wconf 72' lang='grc' dir='ltr'>γὰρ</span> <span class='ocrx_word' id='word_1_683' title='bbox 417 4980 645 5051; x_wconf 74' lang='grc' dir='ltr'>μάθημα</span> <span class='ocrx_word' id='word_1_684' title='bbox 670 4984 730 5034; x_wconf 75' lang='grc' dir='ltr'><strong>οὐ</strong></span> <span class='ocrx_word' id='word_1_685' title='bbox 763 4986 968 5053; x_wconf 70' lang='grc' dir='ltr'>πέφυκε</span> <span class='ocrx_word' id='word_1_686' title='bbox 1001 4986 1352 5055; x_wconf 78' lang='grc' dir='ltr'>παραμένειν,</span> <span class='ocrx_word' id='word_1_687' title='bbox 1380 4987 1446 5039; x_wconf 71' lang='grc' dir='ltr'>τὰ</span> <span class='ocrx_word' id='word_1_688' title='bbox 1475 4986 1529 5037; x_wconf 74' lang='grc' dir='ltr'>δὲ</span> <span class='ocrx_word' id='word_1_689' title='bbox 1566 4988 1704 5057; x_wconf 73' lang='grc' dir='ltr'>μετὰ</span> 
     </span>
    </p>
   </div>
   <div class='ocr_carea' id='block_1_95' title="bbox 134 5072 1701 5147">
    <p class='ocr_par' dir='ltr' id='par_1_95' title="bbox 134 5072 1701 5147">
     <span class='ocr_line' id='line_1_95' title="bbox 134 5072 1701 5147; baseline 0.005 -26"><span class='ocrx_word' id='word_1_690' title='bbox 134 5076 387 5143; x_wconf 56' lang='grc' dir='ltr'>τὲρᾷεως</span> <span class='ocrx_word' id='word_1_691' title='bbox 427 5072 520 5126; x_wconf 70' lang='grc' dir='ltr'><strong>καὶ</strong></span> <span class='ocrx_word' id='word_1_692' title='bbox 556 5073 772 5142; x_wconf 73' lang='grc' dir='ltr'>χάριτος</span> <span class='ocrx_word' id='word_1_693' title='bbox 820 5075 1135 5145; x_wconf 82' lang='grc' dir='ltr'>εἰσδυόμενα</span> <span class='ocrx_word' id='word_1_694' title='bbox 1176 5074 1541 5147; x_wconf 68' lang='grc' dir='ltr'>μονιμώτερὸν</span> <span class='ocrx_word' id='word_1_695' title='bbox 1588 5094 1701 5141; x_wconf 86' lang='grc' dir='ltr'><strong>πως</strong></span> 
     </span>
    </p>
   </div>
   <div class='ocr_carea' id='block_1_96' title="bbox 134 5162 1702 5237">
    <p class='ocr_par' dir='ltr' id='par_1_96' title="bbox 134 5162 1702 5237">
     <span class='ocr_line' id='line_1_96' title="bbox 134 5162 1702 5237; baseline 0.004 -23"><span class='ocrx_word' id='word_1_696' title='bbox 134 5169 242 5225; x_wconf 77' lang='grc' dir='ltr'>ταῖς</span> <span class='ocrx_word' id='word_1_697' title='bbox 276 5166 488 5233; x_wconf 65' lang='grc' dir='ltr'>ψυχαῖς</span> <span class='ocrx_word' id='word_1_698' title='bbox 519 5166 550 5235; x_wconf 72' lang='grc' dir='ltr'>ἡ</span> <span class='ocrx_word' id='word_1_699' title='bbox 562 5162 674 5234; x_wconf 87' lang='grc' dir='ltr'><strong>μῶν</strong></span> <span class='ocrx_word' id='word_1_700' title='bbox 703 5164 1019 5228; x_wconf 79' lang='grc' dir='ltr'>ὲνιζάνει....</span> <span class='ocrx_word' id='word_1_701' title='bbox 1050 5165 1121 5218; x_wconf 85' lang='grc' dir='ltr'><strong>Τὸ</strong></span> <span class='ocrx_word' id='word_1_702' title='bbox 1146 5166 1433 5237; x_wconf 77' lang='grc' dir='ltr'>ψαλτήριον</span> <span class='ocrx_word' id='word_1_703' title='bbox 1464 5166 1518 5219; x_wconf 78' lang='grc' dir='ltr'>δὲ</span> <span class='ocrx_word' id='word_1_704' title='bbox 1546 5168 1702 5221; x_wconf 70' lang='grc' dir='ltr'>τοῦτο</span> 
     </span>
    </p>
   </div>
   <div class='ocr_carea' id='block_1_97' title="bbox 133 5255 1697 5329">
    <p class='ocr_par' dir='ltr' id='par_1_97' title="bbox 133 5255 1697 5329">
     <span class='ocr_line' id='line_1_97' title="bbox 133 5255 1697 5329; baseline 0.006 -23"><span class='ocrx_word' id='word_1_705' title='bbox 133 5255 230 5307; x_wconf 81' lang='grc' dir='ltr'><strong>τῶν</strong></span> <span class='ocrx_word' id='word_1_706' title='bbox 254 5258 581 5324; x_wconf 74' lang='grc' dir='ltr'>ἁρμονικῶν</span> <span class='ocrx_word' id='word_1_707' title='bbox 606 5256 825 5327; x_wconf 76' lang='grc' dir='ltr'>ῥυθμῶν</span> <span class='ocrx_word' id='word_1_708' title='bbox 849 5258 1049 5311; x_wconf 86' lang='grc' dir='ltr'>ἄνωθεν</span> <span class='ocrx_word' id='word_1_709' title='bbox 1082 5257 1189 5329; x_wconf 79' lang='grc' dir='ltr'>ἔχει</span> <span class='ocrx_word' id='word_1_710' title='bbox 1212 5258 1307 5320; x_wconf 77' lang='grc' dir='ltr'>τὰς</span> <span class='ocrx_word' id='word_1_711' title='bbox 1337 5259 1697 5329; x_wconf 68' lang='grc' dir='ltr'><strong>ἁφορμάς.....</strong></span> 
     </span>
    </p>
   </div>
   <div class='ocr_carea' id='block_1_98' title="bbox 138 5347 1701 5420">
    <p class='ocr_par' dir='ltr' id='par_1_98' title="bbox 138 5347 1701 5420">
     <span class='ocr_line' id='line_1_98' title="bbox 138 5347 1701 5420; baseline 0.004 -20"><span class='ocrx_word' id='word_1_712' title='bbox 138 5348 370 5418; x_wconf 74' lang='grc' dir='ltr'>ἰδωμεν</span> <span class='ocrx_word' id='word_1_713' title='bbox 396 5348 454 5399; x_wconf 77' lang='grc' dir='ltr'><strong>δὲ</strong></span> <span class='ocrx_word' id='word_1_714' title='bbox 494 5349 677 5402; x_wconf 80' lang='grc' dir='ltr'>λοιπὸν</span> <span class='ocrx_word' id='word_1_715' title='bbox 712 5349 804 5402; x_wconf 76' lang='grc' dir='ltr'><strong>καὶ</strong></span> <span class='ocrx_word' id='word_1_716' title='bbox 832 5347 927 5418; x_wconf 81' lang='grc' dir='ltr'>τὴν</span> <span class='ocrx_word' id='word_1_717' title='bbox 955 5351 1127 5420; x_wconf 86' lang='grc' dir='ltr'>ἀρχὴν</span> <span class='ocrx_word' id='word_1_718' title='bbox 1152 5348 1259 5402; x_wconf 87' lang='grc' dir='ltr'><strong>τῶν</strong></span> <span class='ocrx_word' id='word_1_719' title='bbox 1297 5350 1555 5420; x_wconf 75' lang='grc' dir='ltr'>Ψαλμῶν.</span> <span class='ocrx_word' id='word_1_720' title='bbox 1593 5353 1701 5407; x_wconf 92' lang='lat' dir='ltr'><strong>lloc</strong></span> 
     </span>
    </p>
   </div>
   <div class='ocr_carea' id='block_1_99' title="bbox 134 5438 1697 5513">
    <p class='ocr_par' dir='ltr' id='par_1_99' title="bbox 134 5438 1697 5513">
     <span class='ocr_line' id='line_1_99' title="bbox 134 5438 1697 5513; baseline 0.004 -21"><span class='ocrx_word' id='word_1_721' title='bbox 134 5450 207 5492; x_wconf 85' lang='lat' dir='ltr'><strong>est</strong></span> <span class='ocrx_word' id='word_1_722' title='bbox 260 5462 274 5495; x_wconf 88' lang='lat'><strong>:</strong></span> <span class='ocrx_word' id='word_1_723' title='bbox 336 5456 359 5491; x_wconf 73' lang='grc' dir='ltr'><strong>ι</strong></span> <span class='ocrx_word' id='word_1_724' title='bbox 415 5438 605 5494; x_wconf 85' lang='lat' dir='ltr'><strong>Omnis</strong></span> <span class='ocrx_word' id='word_1_725' title='bbox 666 5440 943 5509; x_wconf 90' lang='lat' dir='ltr'><strong>Scriptura</strong></span> <span class='ocrx_word' id='word_1_726' title='bbox 990 5452 1073 5496; x_wconf 89' lang='lat' dir='ltr'><strong>est</strong></span> <span class='ocrx_word' id='word_1_727' title='bbox 1128 5440 1381 5495; x_wconf 87' lang='lat' dir='ltr'><strong>divinitus</strong></span> <span class='ocrx_word' id='word_1_728' title='bbox 1440 5444 1697 5513; x_wconf 85' lang='lat' dir='ltr'><strong>inspirata</strong></span> 
     </span>
    </p>
   </div>
   <div class='ocr_carea' id='block_1_100' title="bbox 136 5528 1699 5601">
    <p class='ocr_par' dir='ltr' id='par_1_100' title="bbox 136 5528 1699 5601">
     <span class='ocr_line' id='line_1_100' title="bbox 136 5528 1699 5601; baseline 0.004 -19"><span class='ocrx_word' id='word_1_729' title='bbox 136 5542 292 5599; x_wconf 81' lang='lat' dir='ltr'><strong>atque</strong></span> <span class='ocrx_word' id='word_1_730' title='bbox 349 5528 522 5593; x_wconf 86' lang='lat' dir='ltr'><strong>utilis,</strong></span> <span class='ocrx_word' id='word_1_731' title='bbox 554 5531 675 5585; x_wconf 88' lang='lat' dir='ltr'><strong>ideo</strong></span> <span class='ocrx_word' id='word_1_732' title='bbox 710 5546 739 5583; x_wconf 89' lang='lat' dir='ltr'><strong>a</strong></span> <span class='ocrx_word' id='word_1_733' title='bbox 781 5530 982 5600; x_wconf 91' lang='lat' dir='ltr'><strong>Spiritu</strong></span> <span class='ocrx_word' id='word_1_734' title='bbox 1028 5540 1217 5588; x_wconf 88' lang='lat' dir='ltr'><strong>sancto</strong></span> <span class='ocrx_word' id='word_1_735' title='bbox 1259 5532 1586 5601; x_wconf 85' lang='lat' dir='ltr'><strong>conscripta,</strong></span> <span class='ocrx_word' id='word_1_736' title='bbox 1642 5545 1699 5589; x_wconf 90' lang='lat' dir='ltr'><strong>ut</strong></span> 
     </span>
    </p>
   </div>
   <div class='ocr_carea' id='block_1_101' title="bbox 194 5667 603 5729">
    <p class='ocr_par' dir='ltr' id='par_1_101' title="bbox 194 5667 603 5729">
     <span class='ocr_line' id='line_1_101' title="bbox 194 5667 603 5729; baseline -0.007 -10"><span class='ocrx_word' id='word_1_737' title='bbox 194 5669 215 5699; x_wconf 78' lang='grc'><strong>⁷</strong></span> <span class='ocrx_word' id='word_1_738' title='bbox 241 5668 389 5720; x_wconf 82' lang='lat' dir='ltr'><strong>Psal.</strong></span> <span class='ocrx_word' id='word_1_739' title='bbox 416 5681 525 5729; x_wconf 71' lang='lat' dir='ltr'><strong>ut,</strong></span> <span class='ocrx_word' id='word_1_740' title='bbox 558 5667 603 5719; x_wconf 90' lang='lat'><strong>9.</strong></span> 
     </span>
    </p>
   </div>
   <div class='ocr_carea' id='block_1_102' title="bbox 198 5797 1143 5864">
    <p class='ocr_par' dir='ltr' id='par_1_102' title="bbox 198 5797 1143 5864">
     <span class='ocr_line' id='line_1_102' title="bbox 198 5797 1143 5864; baseline 0.001 -16"><span class='ocrx_word' id='word_1_741' title='bbox 198 5804 267 5860; x_wconf 64' lang='grc' dir='ltr'>ζα)</span> <span class='ocrx_word' id='word_1_742' title='bbox 302 5799 544 5854; x_wconf 72' lang='lat' dir='ltr'><strong>Ambros.</strong></span> <span class='ocrx_word' id='word_1_743' title='bbox 581 5800 636 5851; x_wconf 83' lang='lat' dir='ltr'><strong>in</strong></span> <span class='ocrx_word' id='word_1_744' title='bbox 676 5798 830 5864; x_wconf 57' lang='grc' dir='ltr'><strong>[ιι-κεῖ.</strong></span> <span class='ocrx_word' id='word_1_745' title='bbox 857 5801 909 5849; x_wconf 80' lang='lat' dir='ltr'><strong>in</strong></span> <span class='ocrx_word' id='word_1_746' title='bbox 939 5797 1065 5862; x_wconf 72' lang='lat' dir='ltr'><strong>psal.</strong></span> <span class='ocrx_word' id='word_1_747' title='bbox 1107 5814 1143 5849; x_wconf 89' lang='grc' dir='ltr'>ι.</span> 
     </span>
    </p>
   </div>
   <div class='ocr_carea' id='block_1_103' title="bbox 1812 4621 3373 4695">
    <p class='ocr_par' dir='ltr' id='par_1_103' title="bbox 1812 4621 3373 4695">
     <span class='ocr_line' id='line_1_103' title="bbox 1812 4621 3373 4695; baseline 0.001 -20"><span class='ocrx_word' id='word_1_748' title='bbox 1812 4623 1961 4695; x_wconf 75' lang='grc' dir='ltr'>παρὰ</span> <span class='ocrx_word' id='word_1_749' title='bbox 2021 4621 2112 4675; x_wconf 78' lang='grc' dir='ltr'>τοῦ</span> <span class='ocrx_word' id='word_1_750' title='bbox 2163 4621 2477 4693; x_wconf 83' lang='grc' dir='ltr'>Πνεύματος</span> <span class='ocrx_word' id='word_1_751' title='bbox 2536 4623 2967 4693; x_wconf 76' lang='grc' dir='ltr'>ἐνδεικνύμενος,</span> <span class='ocrx_word' id='word_1_752' title='bbox 3031 4622 3161 4678; x_wconf 86' lang='grc' dir='ltr'>διότι</span> <span class='ocrx_word' id='word_1_753' title='bbox 3218 4622 3373 4677; x_wconf 72' lang='grc' dir='ltr'><strong>τοῦτῦ</strong></span> 
     </span>
    </p>
   </div>
   <div class='ocr_carea' id='block_1_104' title="bbox 1815 4714 3373 4789">
    <p class='ocr_par' dir='ltr' id='par_1_104' title="bbox 1815 4714 3373 4789">
     <span class='ocr_line' id='line_1_104' title="bbox 1815 4714 3373 4789; baseline -0.001 -20"><span class='ocrx_word' id='word_1_754' title='bbox 1815 4717 1971 4786; x_wconf 82' lang='grc' dir='ltr'>μόνον</span> <span class='ocrx_word' id='word_1_755' title='bbox 2009 4714 2115 4767; x_wconf 82' lang='grc' dir='ltr'><strong>τῶν</strong></span> <span class='ocrx_word' id='word_1_756' title='bbox 2166 4717 2438 4787; x_wconf 85' lang='grc' dir='ltr'>μουσικῶν</span> <span class='ocrx_word' id='word_1_757' title='bbox 2458 4716 2701 4785; x_wconf 71' lang='grc' dir='ltr'>ὀργάνων</span> <span class='ocrx_word' id='word_1_758' title='bbox 2738 4715 2835 4787; x_wconf 80' lang='grc' dir='ltr'><strong>τὴν</strong></span> <span class='ocrx_word' id='word_1_759' title='bbox 2865 4716 3040 4769; x_wconf 82' lang='grc' dir='ltr'>αἰτίαν</span> <span class='ocrx_word' id='word_1_760' title='bbox 3066 4716 3174 4769; x_wconf 89' lang='grc' dir='ltr'><strong>τῶν</strong></span> <span class='ocrx_word' id='word_1_761' title='bbox 3211 4716 3373 4789; x_wconf 76' lang='grc' dir='ltr'>φθόγ-</span> 
     </span>
    </p>
   </div>
   <div class='ocr_carea' id='block_1_105' title="bbox 1810 4805 3369 4879">
    <p class='ocr_par' dir='ltr' id='par_1_105' title="bbox 1810 4805 3369 4879">
     <span class='ocr_line' id='line_1_105' title="bbox 1810 4805 3369 4879; baseline 0.001 -20"><span class='ocrx_word' id='word_1_762' title='bbox 1810 4825 1919 4874; x_wconf 93' lang='grc' dir='ltr'><strong>γων</strong></span> <span class='ocrx_word' id='word_1_763' title='bbox 1950 4809 2012 4860; x_wconf 86' lang='grc' dir='ltr'><strong>ἐκ</strong></span> <span class='ocrx_word' id='word_1_764' title='bbox 2037 4806 2142 4861; x_wconf 80' lang='grc' dir='ltr'><strong>τῶν</strong></span> <span class='ocrx_word' id='word_1_765' title='bbox 2173 4808 2374 4862; x_wconf 83' lang='grc' dir='ltr'>ἄνωθεν</span> <span class='ocrx_word' id='word_1_766' title='bbox 2406 4805 2539 4876; x_wconf 82' lang='grc' dir='ltr'>ἔχει.</span> <span class='ocrx_word' id='word_1_767' title='bbox 2572 4809 2650 4879; x_wconf 75' lang='grc' dir='ltr'><strong>Τῇ</strong></span> <span class='ocrx_word' id='word_1_768' title='bbox 2685 4808 2883 4879; x_wconf 71' lang='grc' dir='ltr'>κιθάρᾳ</span> <span class='ocrx_word' id='word_1_769' title='bbox 2926 4808 3021 4878; x_wconf 84' lang='grc' dir='ltr'><strong>μὲν</strong></span> <span class='ocrx_word' id='word_1_770' title='bbox 3048 4807 3155 4878; x_wconf 81' lang='grc' dir='ltr'>γὰρ</span> <span class='ocrx_word' id='word_1_771' title='bbox 3184 4808 3277 4861; x_wconf 78' lang='grc' dir='ltr'><strong>καὶ</strong></span> <span class='ocrx_word' id='word_1_772' title='bbox 3305 4810 3369 4877; x_wconf 81' lang='grc' dir='ltr'>τῇ</span> 
     </span>
    </p>
   </div>
   <div class='ocr_carea' id='block_1_106' title="bbox 1810 4897 3368 4972">
    <p class='ocr_par' dir='ltr' id='par_1_106' title="bbox 1810 4897 3368 4972">
     <span class='ocr_line' id='line_1_106' title="bbox 1810 4897 3368 4972; baseline 0.002 -22"><span class='ocrx_word' id='word_1_773' title='bbox 1810 4897 1947 4970; x_wconf 75' lang='grc' dir='ltr'>λύρᾳ</span> <span class='ocrx_word' id='word_1_774' title='bbox 1976 4900 2216 4954; x_wconf 78' lang='grc' dir='ltr'>κάτωθεν</span> <span class='ocrx_word' id='word_1_775' title='bbox 2258 4902 2285 4952; x_wconf 88' lang='grc' dir='ltr'>ὁ</span> <span class='ocrx_word' id='word_1_776' title='bbox 2332 4899 2528 4968; x_wconf 75' lang='grc' dir='ltr'>χαλκός</span> <span class='ocrx_word' id='word_1_777' title='bbox 2573 4902 2769 4971; x_wconf 75' lang='grc' dir='ltr'>ὑπηχεί</span> <span class='ocrx_word' id='word_1_778' title='bbox 2821 4901 2955 4972; x_wconf 80' lang='grc' dir='ltr'>πρὸς</span> <span class='ocrx_word' id='word_1_779' title='bbox 2990 4899 3047 4953; x_wconf 85' lang='grc' dir='ltr'><strong>τὸ</strong></span> <span class='ocrx_word' id='word_1_780' title='bbox 3077 4900 3368 4972; x_wconf 81' lang='grc' dir='ltr'>πλῆκτρον·</span> 
     </span>
    </p>
   </div>
   <div class='ocr_carea' id='block_1_107' title="bbox 1809 4989 3371 5065">
    <p class='ocr_par' dir='ltr' id='par_1_107' title="bbox 1809 4989 3371 5065">
     <span class='ocr_line' id='line_1_107' title="bbox 1809 4989 3371 5065; baseline 0.004 -23"><span class='ocrx_word' id='word_1_781' title='bbox 1809 4991 1867 5043; x_wconf 74' lang='grc' dir='ltr'>τὸ</span> <span class='ocrx_word' id='word_1_782' title='bbox 1897 4991 2187 5061; x_wconf 68' lang='grc' dir='ltr'>ψαλτήριον</span> <span class='ocrx_word' id='word_1_783' title='bbox 2211 4990 2266 5043; x_wconf 83' lang='grc' dir='ltr'><strong>δὲ</strong></span> <span class='ocrx_word' id='word_1_784' title='bbox 2301 4989 2458 5043; x_wconf 80' lang='grc' dir='ltr'>τοῦτο</span> <span class='ocrx_word' id='word_1_785' title='bbox 2506 4992 2609 5044; x_wconf 83' lang='grc' dir='ltr'><strong>τῶν</strong></span> <span class='ocrx_word' id='word_1_786' title='bbox 2662 4992 2965 5063; x_wconf 85' lang='grc' dir='ltr'>ἁρμονικῶν</span> <span class='ocrx_word' id='word_1_787' title='bbox 2992 4993 3210 5065; x_wconf 76' lang='grc' dir='ltr'>ῥυθμῶν</span> <span class='ocrx_word' id='word_1_788' title='bbox 3234 4994 3371 5047; x_wconf 80' lang='grc' dir='ltr'>ἄνω-</span> 
     </span>
    </p>
   </div>
   <div class='ocr_carea' id='block_1_108' title="bbox 1810 5080 3367 5152">
    <p class='ocr_par' dir='ltr' id='par_1_108' title="bbox 1810 5080 3367 5152">
     <span class='ocr_line' id='line_1_108' title="bbox 1810 5080 3367 5152; baseline 0.003 -19"><span class='ocrx_word' id='word_1_789' title='bbox 1810 5082 1899 5135; x_wconf 89' lang='grc' dir='ltr'><strong>θεν</strong></span> <span class='ocrx_word' id='word_1_790' title='bbox 1948 5083 2058 5151; x_wconf 77' lang='grc' dir='ltr'>ἔχει</span> <span class='ocrx_word' id='word_1_791' title='bbox 2088 5081 2183 5144; x_wconf 78' lang='grc' dir='ltr'>τὰς</span> <span class='ocrx_word' id='word_1_792' title='bbox 2217 5080 2486 5152; x_wconf 70' lang='grc' dir='ltr'>ἀφορμάς.</span> <span class='ocrx_word' id='word_1_793' title='bbox 2540 5102 2556 5132; x_wconf 76' lang='grc' dir='ltr'><strong>ι</strong></span> <span class='ocrx_word' id='word_1_794' title='bbox 2603 5083 2788 5135; x_wconf 84' lang='lat' dir='ltr'><strong>Omnia</strong></span> <span class='ocrx_word' id='word_1_795' title='bbox 2821 5082 2874 5137; x_wconf 88' lang='lat' dir='ltr'><strong>in</strong></span> <span class='ocrx_word' id='word_1_796' title='bbox 2924 5081 3253 5137; x_wconf 83' lang='lat' dir='ltr'><strong>Psalmorum</strong></span> <span class='ocrx_word' id='word_1_797' title='bbox 3302 5084 3367 5137; x_wconf 88' lang='lat' dir='ltr'><strong>Ii-</strong></span> 
     </span>
    </p>
   </div>
   <div class='ocr_carea' id='block_1_109' title="bbox 1808 5174 3355 5247">
    <p class='ocr_par' dir='ltr' id='par_1_109' title="bbox 1808 5174 3355 5247">
     <span class='ocr_line' id='line_1_109' title="bbox 1808 5174 3355 5247; baseline -0.001 -18"><span class='ocrx_word' id='word_1_798' title='bbox 1808 5176 1904 5229; x_wconf 93' lang='lat' dir='ltr'><strong>bro</strong></span> <span class='ocrx_word' id='word_1_799' title='bbox 1958 5175 2102 5229; x_wconf 86' lang='lat' dir='ltr'><strong>velut</strong></span> <span class='ocrx_word' id='word_1_800' title='bbox 2156 5176 2209 5230; x_wconf 88' lang='lat' dir='ltr'><strong>in</strong></span> <span class='ocrx_word' id='word_1_801' title='bbox 2266 5192 2453 5247; x_wconf 89' lang='lat' dir='ltr'><strong>magno</strong></span> <span class='ocrx_word' id='word_1_802' title='bbox 2483 5178 2713 5247; x_wconf 86' lang='lat' dir='ltr'><strong>quodam</strong></span> <span class='ocrx_word' id='word_1_803' title='bbox 2756 5187 2811 5232; x_wconf 90' lang='lat' dir='ltr'><strong>et</strong></span> <span class='ocrx_word' id='word_1_804' title='bbox 2859 5174 3130 5231; x_wconf 89' lang='lat' dir='ltr'><strong>communi</strong></span> <span class='ocrx_word' id='word_1_805' title='bbox 3178 5190 3355 5245; x_wconf 81' lang='lat' dir='ltr'><strong>prorn-</strong></span> 
     </span>
    </p>
   </div>
   <div class='ocr_carea' id='block_1_110' title="bbox 1806 5267 3364 5334">
    <p class='ocr_par' dir='ltr' id='par_1_110' title="bbox 1806 5267 3364 5334">
     <span class='ocr_line' id='line_1_110' title="bbox 1806 5267 3364 5334; baseline 0.004 -18"><span class='ocrx_word' id='word_1_806' title='bbox 1806 5267 2018 5334; x_wconf 85' lang='lat' dir='ltr'><strong>ptuario</strong></span> <span class='ocrx_word' id='word_1_807' title='bbox 2041 5269 2421 5323; x_wconf 89' lang='lat' dir='ltr'><strong>reconduntur.</strong></span> <span class='ocrx_word' id='word_1_808' title='bbox 2454 5268 2623 5334; x_wconf 87' lang='lat' dir='ltr'><strong>Quem</strong></span> <span class='ocrx_word' id='word_1_809' title='bbox 2647 5268 2863 5330; x_wconf 89' lang='lat' dir='ltr'><strong>librum,</strong></span> <span class='ocrx_word' id='word_1_810' title='bbox 2900 5268 3111 5323; x_wconf 91' lang='lat' dir='ltr'><strong>tametsi</strong></span> <span class='ocrx_word' id='word_1_811' title='bbox 3150 5269 3364 5323; x_wconf 89' lang='lat' dir='ltr'><strong>diversa</strong></span> 
     </span>
    </p>
   </div>
   <div class='ocr_carea' id='block_1_111' title="bbox 1806 5357 3366 5431">
    <p class='ocr_par' dir='ltr' id='par_1_111' title="bbox 1806 5357 3366 5431">
     <span class='ocr_line' id='line_1_111' title="bbox 1806 5357 3366 5431; baseline 0.004 -22"><span class='ocrx_word' id='word_1_812' title='bbox 1806 5366 1930 5410; x_wconf 92' lang='lat' dir='ltr'><strong>sunt</strong></span> <span class='ocrx_word' id='word_1_813' title='bbox 1961 5357 2315 5413; x_wconf 89' lang='lat' dir='ltr'><strong>instrumenta</strong></span> <span class='ocrx_word' id='word_1_814' title='bbox 2344 5361 2545 5413; x_wconf 89' lang='lat' dir='ltr'><strong>musica</strong></span> <span class='ocrx_word' id='word_1_815' title='bbox 2567 5404 2581 5427; x_wconf 90' lang='lat'><strong>,</strong></span> <span class='ocrx_word' id='word_1_816' title='bbox 2610 5363 2673 5415; x_wconf 90' lang='lat' dir='ltr'><strong>ad</strong></span> <span class='ocrx_word' id='word_1_817' title='bbox 2704 5361 3042 5430; x_wconf 89' lang='lat' dir='ltr'><strong>psalterium,</strong></span> <span class='ocrx_word' id='word_1_818' title='bbox 3078 5362 3217 5431; x_wconf 90' lang='lat' dir='ltr'><strong>quod</strong></span> <span class='ocrx_word' id='word_1_819' title='bbox 3268 5374 3366 5415; x_wconf 79' lang='lat' dir='ltr'><strong>vo-</strong></span> 
     </span>
    </p>
   </div>
   <div class='ocr_carea' id='block_1_112' title="bbox 1804 5449 3363 5525">
    <p class='ocr_par' dir='ltr' id='par_1_112' title="bbox 1804 5449 3363 5525">
     <span class='ocr_line' id='line_1_112' title="bbox 1804 5449 3363 5525; baseline 0.004 -24"><span class='ocrx_word' id='word_1_820' title='bbox 1804 5458 1968 5511; x_wconf 87' lang='lat' dir='ltr'><strong>cant,</strong></span> <span class='ocrx_word' id='word_1_821' title='bbox 2009 5449 2274 5519; x_wconf 86' lang='lat' dir='ltr'><strong>Propheta</strong></span> <span class='ocrx_word' id='word_1_822' title='bbox 2315 5454 2537 5519; x_wconf 87' lang='lat' dir='ltr'><strong>aptavit.</strong></span> <span class='ocrx_word' id='word_1_823' title='bbox 2574 5454 2778 5521; x_wconf 79' lang='lat' dir='ltr'><strong>Quippe</strong></span> <span class='ocrx_word' id='word_1_824' title='bbox 2805 5454 3031 5525; x_wconf 88' lang='lat' dir='ltr'><strong>gratiam</strong></span> <span class='ocrx_word' id='word_1_825' title='bbox 3056 5493 3072 5519; x_wconf 92' lang='lat'><strong>,</strong></span> <span class='ocrx_word' id='word_1_826' title='bbox 3125 5462 3182 5507; x_wconf 92' lang='lat' dir='ltr'><strong>ut</strong></span> <span class='ocrx_word' id='word_1_827' title='bbox 3228 5453 3363 5508; x_wconf 90' lang='lat' dir='ltr'><strong>mibi</strong></span> 
     </span>
    </p>
   </div>
   <div class='ocr_carea' id='block_1_113' title="bbox 1804 5539 3363 5615">
    <p class='ocr_par' dir='ltr' id='par_1_113' title="bbox 1804 5539 3363 5615">
     <span class='ocr_line' id='line_1_113' title="bbox 1804 5539 3363 5615; baseline 0.003 -22"><span class='ocrx_word' id='word_1_828' title='bbox 1804 5539 2039 5606; x_wconf 86' lang='lat' dir='ltr'><strong>videtur,</strong></span> <span class='ocrx_word' id='word_1_829' title='bbox 2069 5542 2121 5595; x_wconf 92' lang='lat' dir='ltr'><strong>in</strong></span> <span class='ocrx_word' id='word_1_830' title='bbox 2162 5557 2225 5596; x_wconf 87' lang='lat' dir='ltr'><strong>eo</strong></span> <span class='ocrx_word' id='word_1_831' title='bbox 2266 5542 2495 5614; x_wconf 87' lang='lat' dir='ltr'><strong>desuper</strong></span> <span class='ocrx_word' id='word_1_832' title='bbox 2538 5559 2567 5597; x_wconf 91' lang='lat' dir='ltr'><strong>a</strong></span> <span class='ocrx_word' id='word_1_833' title='bbox 2617 5555 2801 5601; x_wconf 89' lang='lat' dir='ltr'><strong>sancto</strong></span> <span class='ocrx_word' id='word_1_834' title='bbox 2854 5543 3055 5615; x_wconf 85' lang='lat' dir='ltr'><strong>Spiritu</strong></span> <span class='ocrx_word' id='word_1_835' title='bbox 3103 5554 3363 5600; x_wconf 81' lang='lat' dir='ltr'><strong>resonare</strong></span> 
     </span>
    </p>
   </div>
   <div class='ocr_carea' id='block_1_114' title="bbox 1872 5786 2704 5869">
    <p class='ocr_par' dir='ltr' id='par_1_114' title="bbox 1872 5786 2704 5869">
     <span class='ocr_line' id='line_1_114' title="bbox 1872 5786 2704 5869; baseline 0.006 -22"><span class='ocrx_word' id='word_1_836' title='bbox 1872 5786 2128 5866; x_wconf 58' lang='lat' dir='ltr'><strong>tollitis“.</strong></span> <span class='ocrx_word' id='word_1_837' title='bbox 2167 5801 2215 5852; x_wconf 91' lang='lat' dir='ltr'><strong>in</strong></span> <span class='ocrx_word' id='word_1_838' title='bbox 2246 5801 2391 5867; x_wconf 75' lang='lat' dir='ltr'><strong>przet&#39;.</strong></span> <span class='ocrx_word' id='word_1_839' title='bbox 2420 5802 2471 5852; x_wconf 81' lang='lat' dir='ltr'><strong>in</strong></span> <span class='ocrx_word' id='word_1_840' title='bbox 2500 5806 2616 5869; x_wconf 75' lang='lat' dir='ltr'><strong>psal</strong></span> <span class='ocrx_word' id='word_1_841' title='bbox 2665 5818 2704 5853; x_wconf 88' lang='grc' dir='ltr'>ι.</span> 
     </span>
    </p>
   </div>
  </div>
