4080 6314
1206 337 1268 385 D.
1306 336 1450 387 θυι..
1487 336 1813 388 GAIlNEIHl
1853 335 2240 388 I‘l\.-EFAT|O.

3230 344 3367 389 CXCV

149 457 224 501 aut
244 448 475 503 imitatus
493 455 602 509 est,
625 446 759 499 nihil
784 446 1054 513 supererit
1080 445 1249 511 dubii,
1274 448 1399 514 qttiu
1428 463 1525 515 pro
1550 448 1696 502 Basi-
1726 454 1773 508 Α
1802 464 1913 501 rem
1933 448 2182 514 appellet,
2212 463 2316 501 nou
2340 446 2481 516 quod
2528 460 2712 498 revera
2739 444 2825 498 lex
2868 444 2944 496 ira
2977 452 3029 496 ct
3048 441 3227 495 furore
3252 464 3373 494 coi-

150 538 267 592 liano
283 539 385 592 fetu
400 536 717 603 accipienda
736 536 823 589 sit.
846 536 976 590 Rem
1002 544 1178 586 autem
1199 536 1268 587 ita
1288 548 1431 596 esse,
1450 536 1491 587 si
1509 537 1701 590 utrius-

149 647 233 699 que
258 630 407 683 verba
448 625 632 681 Basilii
665 638 717 682 et
752 625 1025 681 Ambrosii
1063 626 1204 680 inter
1240 640 1299 680 se
1330 625 1697 690 conferantur,

148 719 301 790 negati
320 732 423 770 non
448 728 641 786 potest.
661 718 930 773 Ambrosii
953 716 1095 770 enim
1116 718 1228 773 hac
1246 726 1371 773 sunt
1386 734 1451 771 es
1475 734 1699 773 enarra-

149 816 267 864 tione
289 809 335 861 in
359 809 503 864 hunc
522 811 586 865 de
614 826 720 880 quo
736 812 911 879 agitur
937 808 1224 877 psalmum,
1254 824 1401 863 num.
1428 808 1491 862 i9
1513 810 1649 865 et20
1680 829 1693 864 :

153 924 167 953 ι
192 902 291 955 Non
318 902 461 956 enim
484 906 621 959 Deus
645 901 882 973 passioni
905 910 1072 969 patet,
1092 912 1150 956 ut
1178 904 1462 967 irascatur,
1486 918 1604 958 cum
1628 904 1697 959 sit

150 995 485 1063 inipassibilis.
514 1035 529 1049 .
554 1036 567 1049 .
598 1033 614 1049 .
643 993 880 1061 Denique
908 1010 1033 1049 usus
1066 994 1249 1057 habet,
1282 1002 1340 1046 ut
1365 995 1606 1051 dicamus
1630 998 1695 1051 de

148 1103 386 1157 quoquam
413 1090 622 1157 punito,
647 1086 771 1155 quia
804 1086 936 1140 iram
968 1087 1157 1141 incidit
1193 1086 1365 1154 legum
1398 1103 1409 1139 :
1437 1103 1540 1143 non
1567 1090 1691 1159 quia

146 1179 292 1250 legum
343 1184 503 1243 iram,
546 1180 637 1231 sed
691 1179 815 1247 quia
868 1178 1042 1249 legum
1100 1180 1441 1234 severitatem
1482 1180 1689 1235 incidit.

150 1272 222 1327 Sic
242 1285 289 1328 et
326 1272 456 1324 alibi
487 1270 553 1324 de
579 1270 761 1324 decem
799 1270 970 1340 plagis
998 1269 1373 1340 Egyptiorum
1403 1272 1511 1325 ait:
1546 1271 1691 1326 Misit

148 1366 190 1417 in
212 1364 445 1416 resimas
485 1376 575 1428 per
602 1359 813 1429 angelos
867 1362 1031 1414 malos
1079 1360 1122 1416 ⁸.
1156 1400 1169 1414 .
1208 1398 1223 1414 .
1256 1400 1270 1413 .
1306 1379 1324 1412 t
1369 1358 1469 1425 Qui
1510 1362 1691 1415 sanari

147 1456 257 1518 vult,
280 1454 424 1524 argui
484 1469 589 1507 non
629 1452 947 1508 reformidat
977 1474 992 1509 :
1048 1454 1141 1507 sed
1182 1468 1286 1507 nou
1320 1452 1602 1521 vultargui
1638 1454 1691 1507 in

150 1550 321 1607 furore,
378 1544 476 1601 sed
506 1545 557 1599 in
592 1545 761 1600 verbo
798 1546 913 1599 Dei.
944 1584 959 1599 .
988 1582 1003 1597 .
1033 1584 1047 1598 .
1110 1541 1223 1598 Non
1256 1542 1367 1596 vult
1400 1542 1600 1598 erudiri
1639 1544 1689 1595 in

150 1640 231 1701 ira.
255 1641 340 1695 sed
366 1639 417 1693 in
456 1640 731 1703 doctrina;
769 1648 824 1693 ut
855 1638 900 1693 si
937 1637 1203 1693 medicum
1242 1651 1419 1705 roges,
1447 1650 1513 1689 ne
1546 1645 1691 1691 secet

148 1732 311 1786 vulnus
359 1742 532 1790 tuum.
563 1731 654 1783 sed
690 1730 1135 1783 medicamentum
1172 1737 1425 1796 apponat.
1462 1767 1476 1780 .
1515 1768 1529 1783 .
1562 1768 1576 1783 .
1626 1727 1691 1781 Et

1811 536 1991 605 ripiat,
2053 536 2149 587 sed
2213 539 2356 601 quod
2426 534 2513 603 qui
2574 536 2837 601 punitur,
2875 532 3011 599 legis
3057 528 3375 597 supplicium

1809 630 1943 683 iram
1967 643 2087 681 esse
2117 635 2285 695 putet.
2324 665 2339 679 .
2375 666 2388 680 .
2420 668 2435 681 .
2488 626 2589 681 Ubi
2621 624 2804 680 itidem
2840 639 3019 677 sermo
3042 623 3270 674 habetur
3314 621 3381 673 de

1806 721 1991 774 decem
2018 717 2191 787 plagis
2214 726 2405 771 contra
2433 715 2716 786 Egyptios
2745 713 3022 777 immissis,
3061 709 3264 764 dictum
3298 717 3383 761 est

1805 810 2096 865 similiter:
2138 808 2282 860 Misit
2316 806 2369 859 in
2415 822 2500 859 eos
2547 809 2682 858 iram
2717 814 2764 858 et
2812 801 3063 870 furerent,
3091 798 3381 854 immissio—

1805 919 1916 956 nem
1936 920 2027 971 per
2046 899 2258 971 angelos
2284 900 2449 951 malos
2472 898 2605 954 “....
2630 898 2973 966 Quapropter
3001 893 3212 947 (licebat
3239 888 3375 944 Job:

1804 993 2026 1063 Sagitta:
2056 997 2192 1050 enim
2225 992 2431 1046 Domini
2469 992 2523 1043 in
2551 1006 2762 1056 corpore
2795 1005 2906 1042 meo
2955 994 3074 1038 sunt
3101 1024 3116 1049 ,
3156 999 3382 1054 quarunt

1801 1087 1880 1138 ira
1897 1103 2068 1139 meum
2083 1089 2237 1141 ebibit
2262 1084 2569 1153 sanguinem
2592 1080 2659 1133 ¹³.
2679 1079 2843 1133 David
2862 1090 3041 1133 autem
3058 1089 3163 1129 non
3184 1075 3236 1129 in
3261 1090 3381 1129 cor-

1800 1194 1929 1249 pore
1965 1178 2110 1232 velut
2133 1179 2233 1233 Job
2253 1175 2560 1249 perculsus,
2585 1174 2679 1227 sed
2714 1171 2765 1226 iu
2801 1171 2911 1239 ipsa
2956 1170 3135 1225 anima
3164 1167 3384 1220 vulnere

1799 1271 1982 1328 lethali
2013 1270 2317 1336 confossus,
2353 1284 2457 1324 non
2501 1266 2578 1319 ait
2630 1263 3081 1334 quemadmodum
3120 1259 3240 1325 Job,
3280 1257 3386 1312 Sa-

1798 1365 1939 1432 gitta:
1991 1363 2128 1417 enim
2161 1359 2366 1413 Domini
2411 1362 2465 1412 in
2498 1371 2716 1426 corpore
2760 1369 2874 1405 meo
2919 1359 3061 1417 sunt,
3094 1350 3213 1413 sed,
3240 1348 3385 1414 Quo-

1800 1454 1939 1507 niam
1985 1455 2192 1523 sagitta:
2223 1460 2326 1505 tute
2379 1451 2557 1518 inﬁxae
2604 1444 2922 1510 sunkmihi,
2967 1452 3013 1496 et
3056 1436 3383 1508 conﬁrmasti

1801 1562 1958 1613 super
1982 1564 2062 1600 me
2091 1561 2306 1599 manum
2342 1554 2487 1596 tuam
2516 1543 2578 1594 ".

1870 1635 1964 1691 llis
1990 1634 2261 1707 perlectis,
2297 1648 2326 1686 a
2366 1646 2493 1702 quo,
2542 1644 2745 1697 quteso,
2790 1626 2953 1680 stabit
2982 1625 3173 1686 lector,
3206 1633 3367 1689 quam

1798 1729 2125 1785 sententiam
2161 1728 2537 1795 amplectetur,
2574 1717 2974 1780 Combefisiiue,
3002 1717 3140 1768 hanc
3175 1709 3381 1767 oratio-

149 1823 357 1878 addidit:
396 1821 663 1885 Quoniam
726 1822 931 1888 sagitta:
995 1830 1099 1873 tua:
1161 1820 1341 1887 inﬁxa:
1392 1830 1510 1873 sunt
1542 1823 1689 1873 nti/ti.
1726 1825 1769 1879 Β
1795 1839 1917 1877 nem
1942 1839 2038 1891 pro
2064 1830 2308 1892 suspecta
2334 1814 2604 1877 habentis,
2642 1828 2709 1866 an
2744 1810 2882 1880 ejus,
2917 1808 3007 1879 qui
3044 1822 3161 1860 cam
3190 1804 3379 1859 Basilii

150 1916 319 1970 Eadem
354 1914 569 1969 videtur
607 1914 808 1977 dicere,
843 1928 963 1983 qua:
1013 1921 1234 1967 sanctus
1285 1910 1422 1978 Job;
1472 1915 1564 1968 sed
1613 1914 1697 1966 di-
1796 1926 1918 1965 csse
1944 1910 2277 1965 confidenter
2321 1903 2649 1964 allirmabit?
2684 1901 2843 1958 Certe
2877 1899 3093 1969 quidem
3147 1908 3245 1962 ego
3278 1908 3383 1947 nou

152 2020 279 2060 versa
311 2014 452 2059 sunt.
488 2004 624 2059 Nam
657 2015 712 2059 et
741 2003 830 2061 ille
890 2004 969 2059 ait
1001 2022 1013 2058 :
1059 2003 1279 2073 Sagitta:
1306 2005 1443 2057 enim
1479 2004 1695 2058 Domini

1797 2002 1987 2057 dubito
2034 2000 2162 2070 quin
2210 2001 2447 2068 prudens
2474 1998 2647 2051 lector
2682 2005 2842 2064 atque
2863 1991 3127 2055 eruditus,
3154 1988 3374 2041 deserto

150 2098 195 2149 in
223 2114 425 2166 corpore
449 2114 563 2152 meo
601 2106 743 2164 sunt,
797 2113 1021 2169 quarum
1052 2096 1202 2165 furor
1223 2095 1349 2150 bibit
1388 2098 1698 2167 sanguinem
1797 2091 2141 2154 Combefisio,
2168 2089 2326 2144 alteri
2360 2085 2600 2141 accedat.
2641 2083 2776 2137 Nam
2814 2091 3129 2152 argumenta
3174 2092 3292 2147 qua:
3316 2091 3384 2130 ex

154 2192 356 2246 mettm'.
396 2232 409 2245 .
439 2233 455 2247 .
491 2231 505 2245 .
546 2190 638 2246 llle
682 2191 748 2245 de
788 2190 1007 2243 vulnere
1050 2189 1131 2243 sui
1160 2190 1404 2258 corporis
1431 2190 1695 2257 queritur,

154 2284 224 2336 hic
259 2286 494 2354 deplorat
519 2284 715 2337 auimze
749 2296 859 2335 suae
888 2282 1137 2335 vulnera.
1166 2318 1181 2333 .
1213 2320 1226 2332 .
1257 2318 1272 2334 .
1325 2278 1420 2333 llle
1448 2281 1577 2335 dicit
1614 2295 1699 2334 sa-

153 2377 286 2443 gittas
341 2375 555 2431 Domini
604 2374 655 2427 in
702 2388 799 2428 suo
838 2387 958 2429 esse
1009 2386 1255 2443 corpore,
1312 2372 1416 2427 iste
1461 2372 1701 2443 deplorat

154 2466 339 2518 infixas.
375 2484 394 2516 ι
432 2464 521 2518 Illa
556 2478 684 2519 vero
714 2463 962 2533 leguntur
1008 2464 1147 2533 apud
1180 2461 1437 2516 Basilium
1469 2461 1522 2515 in
1557 2477 1701 2517 eum-

153 2554 249 2607 dem
275 2553 535 2624 psalmum
568 2572 581 2607 :
619 2553 805 2621 Λέγων
826 2554 902 2605 δέ·
939 2553 1133 2620 Κύριε,
1161 2551 1244 2619 μὴ
1276 2550 1356 2615 τῷ
1393 2548 1555 2619 θυμῷ
1586 2567 1702 2604 σου

152 2644 374 2713 ἐλέγξῃς
390 2661 487 2713 με,
524 2644 585 2695 οὐ
626 2643 717 2695 τὸν
766 2642 985 2712 ἔλεγχον
1030 2643 1397 2710 παραιτεῖται,
1443 2640 1577 2693 ἀλλὰ
1614 2641 1704 2693 τὸν

156 2736 266 2804 μετὰ
293 2735 483 2807 θυμοῦ.
510 2736 620 2789 Καὶ
642 2738 701 2788 τό
724 2746 739 2762 ⁶
759 2734 924 2803 Μηδὲ
952 2733 1025 2801 τῇ
1053 2731 1199 2803 ὀργῇ
1228 2748 1343 2786 σου
1374 2730 1705 2799 παιδεύσῃς

150 2845 224 2894 με,
247 2830 301 2881 οὗ
328 2829 519 2899 φεύγει
548 2830 608 2882 τὸ
635 2827 1013 2896 παιδευθῆναι,
1031 2826 1153 2896 δίχα
1179 2825 1235 2878 δὲ
1272 2824 1441 2896 ὀργῆς
1465 2824 1563 2895 τῆς
1588 2841 1707 2877 παι·

154 2918 287 2980 asia;
302 2925 483 2989 τυχεῖν
516 2920 677 2984 ἀξιοῖ,
718 2921 792 2984 ὡς
831 2923 879 2973 εί
904 2921 996 2973 καὶ
1035 2918 1201 2990 ἰατρῷ
1237 2936 1321 2981 τις
1352 2956 1365 2970 .
1400 2956 1414 2972 .
1446 2959 1461 2973 .
1490 2956 1504 2971 .
1535 2917 1700 2985 λέγοι·

154 3009 226 3081 Μὴ
248 3010 325 3062 διὰ
353 3010 525 3081 πυρός
558 3028 625 3081 με
658 3009 1020 3081 θεραπεύσῃς,
1073 3008 1206 3079 μηδὲ
1245 3007 1332 3060 διὰ
1364 3006 1579 3077 σιδήρου
1610 3006 1707 3059 καὶ

154 3101 327 3171 τομῶν,
357 3101 445 3155 διὰ
478 3102 537 3154 δὲ
563 3101 739 3171 ἠπίων
762 3102 854 3154 καὶ
875 3098 1189 3171 πραοτέρων
1223 3096 1552 3168 φαρμάκων.
1588 3134 1603 3149 .
1639 3138 1654 3151 .
1688 3134 1703 3149 .

156 3194 332 3258 Παντὸς
374 3195 485 3265 γὰρ
532 3194 737 3256 πάθους
762 3192 1039 3263 ἀλλότριον
1071 3190 1133 3244 τὸ
1162 3189 1302 3243 θεῖον
1335 3230 1347 3243 .
1379 3229 1391 3242 .
1424 3228 1438 3241 .
1471 3229 1486 3244 .

156 3300 220 3345 τις
247 3288 330 3337 καὶ
350 3288 449 3349 τὰς
479 3289 547 3339 ὲκ
576 3286 669 3339 τοῦ
697 3284 966 3356 νόμουντῷ
990 3284 1298 3355 ἀνδροφόνῳ
1321 3280 1706 3353 ὲπηρτημένας

157 3377 371 3441 κολάσεις
403 3378 575 3448 ὀργὴν
596 3379 690 3430 καὶ
729 3379 899 3448 θυμὸν
940 3376 1217 3447 ὀνομάζοι,
1244 3376 1344 3427 οὐκ
1375 3373 1587 3443 ἀληθῶς
1615 3372 1707 3425 τοῦ

155 3469 292 3538 νόμον
320 3470 661 3541 θυμουμένου
702 3471 795 3523 καὶ
819 3469 1192 3540 ὀργιζομένου.
1253 3466 1347 3520 τοῦ
1389 3466 1447 3520 δὲ
1484 3463 1710 3527 κολαζο-

160 3562 294 3630 μένου
318 3563 487 3633 ὀργὴν
504 3561 600 3615 τοῦ
624 3562 789 3633 νόμου
817 3560 913 3631 τὴν
933 3560 1201 3630 τιμωρίαν
1226 3557 1603 3626 ὑπειληφότος.
1625 3596 1640 3610 .
1663 3593 1676 3607 .
1692 3595 1706 3608 .

156 3652 285 3707 Οὕτω
329 3654 457 3724 γοῦν
490 3654 707 3726 εἴρηται
737 3656 794 3707 ὲν
824 3653 900 3724 τῷ
926 3655 1051 3724 περὶ
1082 3653 1178 3724 τῆς
1215 3650 1558 3722 δεκαπλήγου
1612 3649 1709 3718 τῆς

158 3749 257 3798 κατ’
280 3749 593 3817 Αἰγυπτίων
617 3746 949 3817 ἐπαχθείσης
969 3747 1110 3814 λόγῳ
1129 3744 1207 3796 τό·
1227 3742 1599 3797 Ἀπέστειλεν
1618 3740 1708 3793 ἐπ’

158 3837 349 3902 αὐτοὺς
377 3838 570 3907 ὀργὴν
598 3836 694 3888 καὶ
725 3835 931 3903 θυμὸν,
958 3830 1312 3897 ἀποστολὴν
1339 3829 1412 3881 δι’
1445 3826 1713 3897 ἀγγέλων

159 3925 421 3994 πονηρῶν.
442 3964 457 3979 .
480 3966 495 3979 .
521 3967 535 3980 .
558 3924 647 3977 Διὸ
669 3923 841 3992 ἔλεγε,
866 3921 1017 3989 Βέλη
1036 3921 1144 3991 γὰρ
1169 3919 1391 3987 Κυρίου
1414 3917 1484 3970 ἐν
1504 3915 1582 3981 τῷ
1606 3914 1715 3968 σώ-

156 4016 271 4081 ματί
291 4033 404 4084 μου
430 4015 630 4078 ἐστὶν,
650 4007 736 4067 ὧν
764 4016 796 4068 ό
816 4013 1001 4082 θυμὸς
1029 4010 1228 4064 αὐτῶν
1250 4009 1479 4063 ἐκπίνει
1500 4024 1618 4075 μου
1646 4004 1712 4057 τὸ

158 4100 293 4173 αἷμα.
344 4108 402 4159 'U
434 4106 494 4160 δὲ
532 4104 693 4158 suos
722 4103 782 4157 οὐ
833 4103 893 4156 τὸ
940 4100 1098 4172 σῶμα
1132 4099 1357 4169 πληγεὶς
1398 4095 1597 4167 ὁμοίως
1636 4092 1713 4165 τῷ

170 4195 301 4263 Ἰὼϐ,
347 4200 518 4269 αὐτὴν
572 4198 631 4250 δὲ
683 4198 779 4267 τὴν
822 4195 999 4266 ψυχὴν
1035 4194 1255 4265 καιρίαν
1308 4191 1536 4263 τρωθεὶς
1562 4229 1576 4253 ο
1617 4189 1713 4259 οὐχ

161 4289 330 4357 ὁμοίως
348 4288 563 4361 τῷΊὼϐ
592 4288 814 4356 φάσκει,
838 4286 994 4354 ,βέλη
1021 4286 1129 4355 γὰρ
1156 4285 1377 4353 Κυρίου
1406 4285 1476 4337 ἐν
1508 4282 1585 4348 τῷ
1602 4283 1715 4336 σώ-

158 4383 275 4447 ματί
297 4400 411 4450 μου
436 4381 621 4434 εἰσιν·
639 4378 753 4433 ἀλλ’
778 4380 903 4432 Ὅτι
929 4381 1000 4432 τὰ
1018 4379 1178 4447 ,ϐέλη
1196 4394 1309 4433 σου
1332 4376 1716 4446 ἐνεπάγησάν

158 4490 255 4540 μοι,
278 4474 367 4526 καὶ
392 4470 799 4539 ἐπεστήριξας
829 4471 921 4524 ἐπ’
954 4470 1058 4539 ἐμὲ
1088 4470 1202 4537 τὴν
1230 4468 1397 4537 χεῖρά
1425 4482 1564 4521 σου.
1599 4466 1710 4522 Hoc

162 4574 260 4617 est:
300 4584 317 4617 t
359 4565 495 4619 Cum
537 4578 670 4617 vero
718 4563 815 4626 ait,
870 4561 1124 4623 Domine,
1174 4576 1235 4613 ne
1295 4562 1352 4613 in
1398 4560 1576 4628 furore
1619 4567 1707 4611 tuo

163 4672 324 4723 arguas
350 4657 515 4720 me“,
553 4670 660 4709 non
695 4653 993 4724 quamlibet
1031 4652 1503 4721 reprehensionem
1535 4650 1711 4703 detre-

163 4751 380 4812 ctat,sed
424 4764 574 4814 eam,
613 4763 732 4817 quas
787 4761 906 4801 cum
940 4745 1122 4799 furore
1170 4743 1455 4813 conjuncta
1495 4742 1585 4795 sit.
1644 4740 1709 4793 Et

164 4854 263 4893 cum
290 4839 434 4905 dicit,
476 4838 661 4908 Neque
689 4839 742 4891 in
793 4838 873 4889 ira
923 4846 1013 4889 tua
1042 4834 1294 4901 corripias
1323 4849 1401 4885 me
1442 4831 1507 4894 “,
1536 4845 1712 4885 corre-

163 4930 366 4996 ptionem
385 4944 727 5000 nequaquam
753 4926 905 4996 fugit,
930 4927 1021 4980 sed
1042 4934 1191 4993 rogat
1216 4933 1273 4978 ut
1290 4924 1424 4978 citra
1444 4923 1577 4976 iram
1597 4937 1712 4976 cor-

166 5020 392 5087 ripiatur;
428 5036 494 5076 ac
540 5021 586 5074 si
648 5019 768 5088 quis
813 5020 1017 5072 medico
1069 5032 1166 5086 per
1222 5017 1583 5078 adustionem,
1618 5030 1710 5081 per

164 5110 355 5177 ferrum,
391 5128 489 5181 per
541 5110 737 5164 acerba
773 5109 1008 5162 remedia
1041 5106 1283 5163 levamen
1315 5107 1381 5160 ad
1405 5107 1708 5175 quempiam

164 5205 376 5259 morbum
414 5203 719 5259 curandum
759 5200 1003 5256 offerenti
1027 5200 1210 5253 dicat:
1246 5198 1323 5253 Ne
1350 5200 1477 5252 mihi
1510 5199 1707 5268 ignem,

162 5307 215 5347 ne
241 5294 455 5360 ferrum,
492 5310 563 5349 ne
592 5295 859 5349 sectioues
881 5292 950 5347 ad
984 5290 1245 5345 medelam
1280 5292 1590 5351 admoveas,
1610 5286 1704 5343 sed

164 5385 308 5441 dulcia
328 5388 653 5454 mitioraque
685 5385 938 5437 remedia.
965 5422 979 5437 .
1011 5415 1028 5435 .
1065 5422 1076 5435 .
1129 5379 1262 5435 Nam
1292 5382 1358 5436 ab
1393 5380 1537 5435 omni
1583 5393 1694 5449 per~

165 5481 433 5536 turbatione
460 5481 703 5533 alienum
748 5491 944 5531 numen
985 5484 1089 5531 est.
1118 5514 1133 5529 .
1162 5514 1175 5528 .
1204 5511 1219 5527 .
1255 5478 1331 5527 Ac
1358 5473 1402 5527 si
1431 5472 1551 5542 quis
1584 5484 1703 5539 poe-

164 5582 242 5623 nas
272 5586 383 5641 quae
403 5589 465 5629 ex
499 5574 620 5643 lege
648 5569 959 5640 impendent
983 5567 1282 5631 homicidae,
1316 5566 1450 5619 iram
1473 5578 1535 5618 ac
1557 5562 1703 5617 furo-

167 5684 632 5820 ul‘ly’lsaliuxvu,
668 5686 759 5742 49.
834 5686 855 5718 ’
878 5684 976 5744 Job
1015 5701 1087 5753 vr,
1114 5684 1165 5740 4.
1245 5684 1287 5717 ι’
1320 5682 1457 5740 Psal.
1497 5694 1665 5748 xxvu,
1687 5678 1743 5735 2.

1801 2182 1901 2235 hac
1924 2182 2161 2235 locorum
2189 2177 2481 2233 collatione
2509 2173 2617 2245 peti
2643 2180 2891 2242 possunt,
2932 2168 3266 2223 validissima
3302 2167 3383 2219 vi-

1800 2273 1994 2326 dentur
2047 2286 2166 2325 esse
2198 2280 2359 2339 atque
2404 2266 2761 2337 gravissima;
2821 2277 2941 2331 qua:
3000 2275 3130 2315 vero
3180 2256 3386 2329 profert

1800 2364 2174 2428 Combefisius,
2222 2364 2403 2417 minus
2442 2367 2570 2415 sunt
2599 2358 2787 2412 idonea
2826 2356 2891 2410 ad
2920 2352 3381 2424 persuadendum.

1803 2457 2039 2522 Etenim,
2076 2457 2119 2510 si
2147 2457 2449 2510 orationem
2484 2448 2793 2522 quampiam
2823 2445 3063 2514 spuriam
3088 2455 3207 2497 esse
3224 2448 3388 2508 atque

1802 2553 2157 2607 adulterinam
2185 2566 2250 2603 ex
2288 2563 2353 2603 eo
2379 2546 2556 2617 colligi
2590 2550 2786 2613 potest,
2827 2538 2972 2607 quod
3018 2537 3070 2590 in
3112 2532 3388 2601 aliquibus

1804 2658 1915 2697 mss
1960 2642 2121 2705 desit,
2151 2649 2328 2693 actum
2354 2647 2438 2692 est
2462 2638 2527 2690 de
2550 2633 2794 2704 plurimis
2825 2639 3139 2687 sanctorum
3162 2623 3388 2678 Patrum

1804 2732 2095 2803 opusculis,
2133 2746 2254 2800 quae
2293 2728 2540 2798 quamvis
2584 2724 2813 2795 genuina
2852 2730 2906 2776 et
2940 2733 3095 2783 vera,
3121 2724 3300 2770 tamen
3333 2713 3389 2765 in

1805 2824 2074 2895 aliquibus
2110 2824 2377 2877 duntaxat
2415 2817 2694 2874 codicibus
2734 2819 2970 2877 exstant,
3009 2811 3060 2863 in
3098 2808 3220 2861 aliis
3258 2819 3388 2858 vero

1805 2918 2203 2973 desiderantur.
2252 2910 2405 2979 Quod
2450 2909 2597 2964 addit
2633 2907 2715 2962 vir
2744 2905 2935 2960 doctus
2970 2901 3035 2955 ad
3063 2897 3391 2954 confirman-

1806 3011 1925 3064 dam
1977 3024 2127 3063 suam
2178 3005 2511 3077 opinionem,
2571 3020 2590 3053 ι
2646 2998 2842 3071 stylum
2897 2992 3056 3062 hujus
3121 2988 3389 3044 orationis

1808 3101 2194 3170 languidiorem
2235 3112 2374 3163 esse,
2433 3116 2451 3148 ›
2505 3095 2579 3158 id,
2608 3102 2759 3157 puto,
2815 3086 3087 3142 neminem
3132 3080 3387 3142 movebit,

1545 3187 1634 3249 Ὧς
1662 3186 1715 3239 sl’
1740 3180 1783 3242 C
1813 3208 1934 3248 cum
1960 3193 2026 3247 de
2051 3189 2178 3261 styli
2202 3198 2295 3243 aut
2327 3184 2676 3243 similitudine
2702 3190 2795 3236 aut
2828 3178 3093 3233 varietate
3128 3174 3202 3230 ita
3250 3172 3392 3226 inter

1809 3300 1867 3341 se
1898 3283 2198 3338 dissideant
2232 3286 2500 3343 auctores,
2530 3284 2589 3329 ut
2611 3273 2755 3343 quod
2796 3270 2935 3324 alter
2966 3264 3229 3322 dissimile
3267 3276 3392 3330 pro-

1811 3370 2043 3435 nuntiat,
2089 3369 2141 3422 id
2174 3366 2349 3422 simile
2386 3378 2509 3420 esse
2564 3362 2705 3417 alter
2755 3359 2981 3431 judicet.
3032 3354 3216 3423 Neque
3260 3364 3392 3406 sane

1810 3460 1978 3516 multo
2010 3460 2225 3532 gravius
2254 3468 2337 3515 est
2357 3456 2497 3528 quod
2520 3454 2785 3525 sequitur,
2822 3468 2840 3501 ι
2870 3450 2923 3505 in
2960 3448 3062 3503 hac
3088 3442 3392 3503 enarratio-

1810 3567 1880 3607 ne
1931 3543 2257 3608 mentionem
2308 3551 2422 3606 fieri
2480 3548 2618 3604 sexti
2669 3542 2885 3615 psalmi,
2924 3559 2944 3593 ι
2994 3553 3156 3609 quem
3209 3544 3391 3589 tamen

1811 3652 2024 3699 constat
2062 3644 2113 3697 in
2143 3642 2323 3697 Basilii
2353 3640 2607 3710 cperibus
2640 3653 2746 3691 non
2784 3631 3038 3689 inveniri.
3075 3628 3218 3696 Quot
3246 3624 3389 3679 enim

1811 3745 2053 3790 veterum
2082 3740 2431 3788 monumenta
2458 3728 2634 3785 omnis
2660 3724 2877 3797 generis
2902 3736 3095 3793 magno
3130 3719 3205 3775 rei
3244 3718 3391 3772 litte-

1813 3829 1972 3883 rarize
2019 3827 2214 3881 damno
2264 3834 2564 3893 temporum
2596 3820 2791 3892 injuria
2831 3817 3061 3889 periisse
3109 3807 3390 3869 dolemus?

1814 3920 1910 3976 His
1932 3921 1996 3976 de
2029 3920 2208 3977 causis
2236 3918 2351 3989 ejus
2373 3918 2463 3988 qui
2492 3931 2611 3971 eam
2642 3913 2945 3968 orationem
2984 3906 3244 3969 defendit,
3274 3902 3391 3974 opi-

1815 4014 1904 4069 nio
1946 4013 2115 4068 videri
2152 4012 2348 4082 poterit
2392 4008 2793 4065 Combefis‘iana
2836 4004 2995 4073 longe
3035 3996 3387 4070 probabilior,

1814 4102 2088 4172 multoque
2116 4101 2338 4171 pr0pior
2364 4114 2514 4153 vero.
2544 4096 2740 4151 Notum
2771 4100 2854 4149 est
2873 4092 3016 4148 enim
3043 4087 3389 4149 Ambrosium

1814 4207 2136 4263 quacunque
2167 4191 2454 4247 occasione
2484 4190 2605 4245 data
2626 4186 2807 4242 Basilii
2836 4184 3077 4253 vestigiis
3099 4181 3386 4243 inhaerere,

1815 4300 1884 4340 ex
1915 4298 2087 4354 eoque
2126 4282 2293 4337 multa
2322 4280 2555 4336 mutuari
2590 4280 2803 4335 solitum
2834 4291 2975 4332 esse.
3015 4275 3189 4342 Quam
3222 4269 3389 4325 multa

1817 4386 1994 4430 autem
2046 4391 2114 4430 ex
2170 4376 2271 4430 hac
2319 4373 2372 4428 in
2419 4373 2680 4443 psalmum
2728 4370 3059 4424 tricesimum
3101 4364 3389 4433 septimum

1817 4468 2162 4523 enarratione
2188 4466 2495 4538 sumpserit,
2527 4464 2803 4534 aliquanto
2837 4469 2961 4514 ante
2986 4467 3262 4513 ostensum
3281 4463 3387 4510 est.

1811 4561 1921 4617 Cur
1980 4559 2145 4627 igitur
2188 4559 2300 4613 haec
2344 4556 2515 4611 oratio
2541 4554 2739 4609 Basilio
2789 4567 2893 4605 non
2930 4551 3281 4614 tribueretur,
3320 4563 3389 4603 ex

1812 4666 1918 4723 qua
1948 4650 2292 4705 Ambrosium
2321 4648 2544 4719 perinde
2573 4652 2631 4701 ut
2659 4659 2729 4699 ex
2758 4643 2982 4712 reliquis
3011 4641 3190 4696 Basilii
3210 4640 3391 4710 Operi—

1813 4744 1913 4797 hus
1945 4742 2108 4796 multa
2141 4740 2478 4810 excerpsisse
2499 4735 2749 4792 constat?
2772 4732 2954 4804 Neque
2982 4748 3083 4786 non
3115 4747 3234 4787 eam
3264 4746 3388 4786 sen-

1813 4834 2033 4890 tentiam
2058 4833 2293 4903 adjuvat,
2318 4831 2459 4900 quod
2481 4828 2800 4883 Ambrosius
2818 4841 2849 4881 e
2872 4824 3049 4879 Basilii
3076 4824 3128 4878 in
3151 4822 3387 4893 primum

1812 4925 2074 4995 psalmum
2100 4923 2321 4994 prologo
2348 4924 2400 4976 in
2429 4935 2579 4975 suam
2612 4932 2717 4973 non
2754 4930 2923 4985 pauca
2963 4913 3259 4969 transtulit.
3308 4911 3387 4965 Ex

1810 5031 1916 5085 quo
1950 5018 2028 5079 lit,
2069 5025 2128 5069 ut
2161 5014 2282 5083 iure
2323 5013 2469 5068 credi
2512 5011 2680 5081 possit
2711 5008 2963 5065 nonnulla
3005 5022 3075 5061 ex
3115 5005 3214 5059 hoc
3248 5017 3386 5072 quo-

1810 5122 1914 5176 que
1941 5108 1994 5161 in
2023 5106 2289 5176 psalmum
2325 5103 2656 5159 tricesimum
2678 5102 2963 5170 septimum
2996 5094 3387 5153 commentario

1810 5200 2127 5267 sumpsisse.
2158 5196 2277 5252 Jam
2306 5195 2432 5267 quid
2461 5194 2688 5251 sentiam
2731 5195 2866 5262 ipse,
2899 5189 3084 5261 paucis
3123 5185 3381 5256 aperiam.

1811 5287 2329 5358 Beprehendendum
2359 5285 2737 5342 Combefisium
2763 5294 2913 5354 puto,
2945 5295 3052 5336 non
3094 5277 3237 5349 quod
3264 5292 3385 5332 eam

1811 5380 2110 5435 orationem
2140 5382 2193 5434 in
2226 5380 2491 5449 suspectis
2514 5377 2791 5440 habuerit,
2819 5374 2913 5429 sed
2946 5372 3087 5443 quod
3121 5369 3251 5426 nihil
3283 5383 3384 5423 au-

1812 5485 1905 5526 sus
1935 5471 2007 5526 sit
2033 5472 2402 5541 pronuntiare.
2428 5470 2567 5537 Quin
2600 5468 2744 5523 enim
2775 5468 2917 5519 inter
2939 5478 3097 5534 opera
3126 5462 3255 5516 falsa
3285 5474 3387 5514 nu-

1815 5568 2069 5621 meranda
2102 5565 2191 5633 sit,
2221 5564 2442 5619 dubium
2480 5577 2586 5617 non
2616 5569 2718 5625 est,
2739 5574 2884 5624 cum,
2908 5565 2965 5611 ut
2994 5569 3140 5611 num.
3164 5551 3234 5609 56
3259 5564 3385 5621 pro-

1825 5672 1864 5712 εἰ
1896 5680 2022 5736 ibid.
2102 5674 2683 5741 ίιΡεειι..ιιινιι,ιθ.·
2728 5668 3091 5734 οιιιοιινι.4.
3168 5660 3385 5722 "Pal
