4080 6314
710 364 862 405 CXCVI

2051 340 2550 398 l'liOLEGORlENA

704 464 935 526 babitur,
992 461 1199 514 Eusebii
1242 462 1379 514 fetus
1419 462 1508 525 sit,
1552 476 1653 513 non
1703 460 1903 514 Basilii.
1952 461 2270 514 Ambrosius
2297 466 2343 519 Α
2370 457 2577 508 censeri
2607 470 2710 507 non
2741 454 2887 516 sinit,
2915 452 3164 504 Basilium
3197 452 3247 501 in
3278 451 3453 515 priora
3476 448 3710 517 ejusdem
3744 452 3949 515 psalmi

699 552 863 620 igitur
891 553 1013 604 binc
1041 551 1161 603 inde
1194 565 1223 602 e
1253 550 1453 605 Grmcis
1480 552 1713 605 fontibus
1751 552 2003 619 quidquid
2038 551 2258 613 libebat,

696 644 985 697 corradere
1017 651 1285 705 assuetus,
1325 659 1384 699 ea
1428 659 1543 711 qua!
1590 646 1869 699 retulimus
1911 657 2015 695 non
2047 659 2077 699 e
2107 643 2257 696 Basi-

698 732 791 800 lio,
823 736 911 788 sed
941 748 1004 788 ex
1030 733 1241 790 Eusebii
1266 735 1664 791 Commentario
1696 744 1967 790 mutuatus
1996 747 2098 791 est.
2132 736 2257 796 Aut,

697 828 838 895 quod
874 824 1010 879 forte
1039 825 1219 881 verius
1247 838 1346 890 est,
1384 829 1494 897 jam
1534 830 1601 883 ab
1630 829 1717 883 illo
1748 839 1985 897 tempore
2017 829 2127 882 hare
2156 823 2259 877 Eu-

696 916 831 971 sebii
870 917 1043 971 oratio
1089 916 1229 972 inter
1255 917 1553 972 Basilianas
1594 921 1645 972 in
1669 918 1935 973 Ambrosii
1964 917 2145 972 codice
2174 930 2262 969 re-

698 1005 1025 1075 periebatur.
1066 1005 1267 1063 Vereor
1314 1024 1380 1064 ne
1427 1010 1478 1063 in
1512 1009 1593 1063 bis
1619 1008 1740 1079 plus
1765 1009 1909 1079 justo
1950 1010 2260 1061 immoratus

696 1110 814 1151 esse
837 1097 1039 1151 videar.
1074 1097 1178 1152 Sed
1218 1098 1334 1154 base
1372 1099 1707 1165 observasse,
1744 1102 1787 1155 si
1820 1108 2096 1167 propterea
2136 1096 2258 1151 dili-

697 1188 869 1255 gentia
935 1189 1104 1259 major
1165 1206 1195 1245 a
1256 1190 1611 1261 scriptoribus
1664 1194 1716 1247 in
1774 1190 1978 1245 criticis
2024 1189 2135 1244 suis
2196 1190 2261 1242 de

696 1275 911 1332 l‘atrum
935 1282 1187 1350 Operibus
1213 1280 1431 1349 judiciis
1462 1283 1799 1346 adhibeatur,
1837 1295 1920 1337 me
1946 1296 2051 1335 non
2083 1280 2255 1352 paeni-

701 1368 853 1423 tebit.

763 1459 851 1513 33.
876 1461 1047 1526 Quam
1080 1464 1302 1517 arduum
1337 1460 1404 1514 sit
1451 1460 1516 1515 de
1542 1472 1822 1515 auctorum
1858 1461 2075 1532 scriptis
2117 1473 2259 1516 recte

686 1549 949 1619 judicare,
986 1562 1127 1619 patet
1160 1561 1213 1605 et
1236 1567 1298 1606 ex
1327 1553 1503 1615 dictis,
1536 1563 1589 1607 et
1625 1568 1709 1607 res
1735 1554 1850 1622 ipsa
1892 1554 2108 1608 clamat.
2153 1553 2257 1607 Sed

692 1658 799 1710 quo
832 1641 1111 1697 dimcultas
1136 1642 1304 1709 major
1328 1653 1429 1703 est.
1460 1659 1522 1697 eo
1551 1654 1677 1714 puto
1705 1648 1779 1700 rei
1802 1656 1907 1698 tam
1942 1645 2258 1699 necessaria:

691 1732 1008 1788 obstinatius
1052 1734 1469 1788 incumbentium
1513 1751 1651 1790 esse.
1681 1735 2013 1805 Quapropter
2050 1752 2149 1791 nec
2178 1736 2254 1789 la-

2370 545 2527 597 verba
2578 544 2888 597 concionem
2932 541 2997 594 ad
3025 538 3271 610 pupulum
3306 539 3573 593 imbuisse.
3620 539 3693 593 Ex
3724 551 3833 604 quo
3886 540 3953 592 fit

2367 639 2423 685 ut
2477 632 2705 701 quisque
2762 632 2896 683 lianc
2952 632 3178 699 primam
3241 628 3292 679 in
3346 627 3605 697 psalmum
3665 625 3948 682 decimum

2366 731 2615 795 quartum
2640 722 3067 793 explanationem
3092 721 3159 776 ad
3188 719 3447 773 Basilium
3487 734 3737 790 magnum
3770 719 3953 788 perti-

2370 828 2497 868 nere
2520 813 2679 871 facile
2706 814 2804 870 sibi
2833 816 3172 883 persuadeat.
3205 811 3376 867 Aliter
3404 820 3600 876 tamen,
3626 830 3748 867 cum
3774 813 3952 868 Euse-

2366 905 2438 959 bii
2468 906 2520 959 in
2552 908 2697 962 hunc
2727 906 2988 977 psalmum
3020 905 3440 963 lucubrationem
3471 904 3742 973 legerem,’
3766 922 3830 961 ea
3878 904 3951 958 de

2366 998 2607 1053 oratione
2630 996 2885 1066 iudicavi.
2923 996 3166 1067 Scriptor
3198 1000 3363 1061 enim,
3418 996 3661 1065 quisquis
3690 1008 3796 1064 est,
3835 1013 3951 1051 non

2369 1099 2476 1143 tam
2527 1088 2767 1157 Davidis,
2832 1103 2990 1159 quam
3048 1086 3264 1145 Eusebii
3317 1088 3477 1143 verba
3525 1086 3814 1154 explanat;
3867 1100 3949 1151 et,

2365 1179 2506 1251 quod
2534 1181 2703 1251 magis
2735 1182 3022 1238 falsitatem
3053 1182 3280 1249 redolet,
3314 1181 3480 1235 multa
3506 1194 3570 1233 ex
3604 1177 3841 1231 Eusebio
3876 1181 3953 1234 ad

2365 1271 2588 1325 verbum
2646 1276 2831 1328 sumit.
2886 1270 3028 1325 Sane
3072 1272 3268 1342 quibus
3304 1278 3581 1340 perspecta
3620 1274 3702 1322 est
3754 1265 3951 1322 Basilii

2366 1362 2583 1416 ubertas
2629 1362 2681 1415 in
2723 1360 2950 1415 dicendo
2998 1371 3049 1416 et
3098 1363 3271 1429 copia,
3304 1360 3359 1424 ii,
3387 1370 3536 1427 puto,
3573 1371 3853 1423 nunquam
3892 1359 3949 1410 in

2367 1451 2746 1522 plagiariorum
2784 1465 3009 1504 numero
3040 1448 3449 1504 disertissinmm
3476 1447 3619 1499 hunc
3651 1444 3825 1495 virum
3859 1458 3953 1495 reo

2367 1553 2583 1613 ponent.
2606 1542 2722 1599 Jam
2749 1550 2957 1611 tempus
2981 1550 3063 1597 est
3098 1549 3156 1594 ut
3194 1536 3600 1608 pseudo-Basilii
3624 1534 3767 1586 furta
3812 1549 3951 1599 pro—

2366 1636 2573 1689 damus.
2637 1633 2848 1688 Eusebii
2885 1633 3047 1703 igitur
3075 1632 3236 1685 verba
3264 1642 3391 1685 sunt
3420 1632 3531 1683 lucc
3570 1648 3582 1682 :
3621 1627 3819 1693 Κύριε,
3853 1628 3954 1686 τίς

2364 1725 2713 1796 παροικήσει
2737 1725 2807 1778 ἐν
2832 1726 2910 1790 τῷ
2939 1722 3284 1792 σκηνώματι
3312 1738 3451 1781 σου.
3498 1720 3594 1773 καὶ
3637 1720 3728 1782 τίς
3755 1734 3917 1769 κατα
3935 1746 3951 1755 ο

690 1824 806 1879 bori
862 1840 1166 1895 parcemus,
1224 1841 1321 1881 nec
1375 1828 1622 1896 tempori,
1677 1835 1733 1880 ut
1783 1843 1968 1883 verum
2020 1844 2047 1882 a
2095 1826 2251 1891 falso,

2362 1817 2663 1885 σκηνώσει
2722 1819 2793 1870 ἐν
2847 1818 2925 1883 τῷ
2979 1817 3099 1885 ὄρει
3153 1814 3233 1880 τῷ
3282 1817 3427 1886 ἁγίῳ
3460 1827 3613 1874 σου;
3668 1810 3803 1862 Ἀπὸ
3830 1808 3953 1861 τῶν

688 1925 894 1970 certum
947 1919 1015 1970 ab
1068 1918 1271 1970 incerto
1316 1931 1679 1973 secernamus.
1728 1918 1838 1975 Nec
1874 1920 2012 1975 male
2052 1929 2259 1989 tempus

692 2004 984 2060 collocasse
1012 2007 1165 2061 nobis
1194 2007 1517 2074 videbimur,
1541 2012 1587 2066 si
1620 2012 1856 2081 quinque
1892 2020 1985 2065 aut
2010 2027 2107 2066 sex
2142 2014 2258 2068 die-

690 2112 808 2150 rum
859 2096 1039 2153 labore
1086 2099 1168 2154 vel
1212 2101 1369 2156 unius
1406 2102 1757 2157 oratiunculae
1810 2113 1900 2157 aut
1929 2102 2128 2170 νοθεία,
2170 2118 2262 2160 aut

688 2188 979 2260 ⁵γνηοιὸτης
1003 2200 1114 2243 ιυιο
1148 2191 1387 2261 dignosci
1407 2193 1593 2260 possit.
1628 2193 1859 2260 Etenim,
1896 2210 2019 2251 cum
2054 2198 2263 2252 contin-

688 2288 778 2349 gat
816 2293 920 2334 non
952 2294 1095 2345 raro,
1132 2290 1188 2333 ut
1231 2281 1281 2333 in
1312 2282 1650 2339 brevioribus
1692 2296 2001 2341 sanctorum
2037 2286 2256 2340 Patrum

689 2370 902 2441 scriptis
949 2371 1149 2441 aliquid
1197 2372 1323 2428 insit
1378 2376 1521 2443 quod
1564 2386 1656 2430 aut
1698 2377 1762 2430 ad
1804 2378 2017 2444 dogma,
2072 2387 2163 2429 aut
2194 2376 2259 2428 ad

690 2460 1053 2525 traditionem,
1114 2470 1205 2516 aut
1246 2463 1311 2517 ad
1345 2464 1621 2518 historiam
1652 2463 2069 2517 ecclesiasticam
2098 2465 2261 2535 perti-

690 2559 833 2613 neat,
868 2552 1054 2619 quanti
1082 2552 1295 2607 intersit
1322 2554 1580 2621 ejusmodi
1612 2555 1987 2625 opusculorum
2013 2569 2261 2613 anetores

688 2656 1034 2712 cognoscere.
1069 2657 1225 2698 nemo
1261 2656 1366 2697 non
1392 2645 1556 2698 videt.
1588 2643 1713 2707 Sed,
1740 2647 1990 2714 quoniam
2024 2663 2258 2717 prmsen-

689 2732 765 2784 tio
795 2748 898 2787 non
942 2734 1145 2801 defore,
1195 2735 1289 2805 qui
1326 2736 1457 2791 mihi
1503 2737 1837 2792 adversaturi
1872 2739 2003 2803 sint,
2042 2753 2258 2793 mouere

688 2824 818 2876 mihi
850 2826 1109 2894 optimum
1147 2828 1319 2881 visum
1347 2838 1425 2882 est
1467 2843 1572 2897 quo
1601 2830 1701 2884 sim
1733 2830 1915 2883 animo
1944 2830 2255 2899 scripturus.

686 2913 951 2972 Proﬁteor
978 2918 1142 2988 igitur
1185 2933 1269 2973 me
1299 2921 1632 2975 eruditorum
1682 2922 2262 2993 celeberrimorumque

686 3008 964 3064 hominum
1020 3010 1301 3082 opiniones
1349 3013 1629 3081 permagni
1672 3013 1874 3077 facere,
1922 3028 2113 3083 meque
2166 3030 2261 3070 eas

688 3118 792 3157 non
816 3102 919 3158 nisi
937 3104 1158 3157 invitum
1181 3116 1517 3174 oppugnare;
1542 3112 1723 3172 atque,
1747 3105 1835 3156 ubi
1862 3106 2092 3172 primum
2125 3121 2259 3160 nova

2361 1908 2803 1979 προσεχεστέρων
2860 1906 3164 1977 προϐαίνων
3214 1906 3497 1978 διαγράφει
3564 1904 3652 1956 τὸν
3710 1904 3951 1957 τέλειον.

2361 1998 2622 2070 Παροικία
2653 1998 2709 2051 δέ
2736 1999 2849 2051 ἐστι
2879 1997 3121 2067 διαγωγὴ
3149 1998 3497 2069 πρόσκαιρος,
3525 1997 3609 2048 ἐπ’
3632 1996 3808 2048 ἐλπίδι
3833 1997 3946 2064 τῆς

2361 2090 2679 2159 κρείττονος.
2724 2089 2812 2141 Διό
2841 2106 2973 2160 φησι
3013 2090 3105 2140 καὶ
3141 2087 3331 2139 Δαϐίδ·
3365 2087 3654 2154 Πάροικός
3682 2089 3799 2155 εἶμι
3844 2086 3953 2136 καὶ

2358 2181 2788 2250 παρεπίδημος,
2818 2180 3011 2246 καθὼς
3049 2178 3268 2243 πάντες
3290 2180 3342 2230 οἱ
3367 2175 3612 2245 πατέρες
3630 2196 3769 2247 μευ.
3803 2176 3955 2243 Παρ-

2359 2291 2507 2337 οικος
2552 2274 2659 2345 γὰρ
2707 2273 2974 2347 ’Λϐραὰμ,
3017 2273 3149 2344 μηδὲ
3196 2271 3347 2342 βῆμα
3382 2270 3710 2340 κεκτημένος
3757 2265 3948 2325 ποδὸς,

2362 2364 2514 2434 μὸλις
2541 2364 2596 2416 δὲ
2638 2367 2804 2435 τάφον
2832 2364 3149 2435 πριάμενος,
3191 2363 3218 2415 ὃ
3250 2362 3304 2414 δὲ
3338 2360 3600 2433 σύμϐολον
3632 2358 3724 2408 τοῦ
3764 2355 3957 2419 ζῶντα

2368 2458 2467 2527 μὲν
2500 2461 2557 2510 ἐν
2582 2460 2745 2530 σαρκὶ
2779 2460 3035 2532 πάροικον
3066 2453 3201 2509 εἶναι
3234 2456 3545 2527 προσήκειν,
3592 2447 3956 2520 μεταϐαίνειν⁴

2360 2568 2425 2603 τα
2468 2551 2524 2603 δὲ
2564 2550 2787 2623 ταύτης,
2813 2554 2922 2614 τοῖς
2949 2549 3167 2611 οἰκείοις
3194 2548 3377 2607 τόποις
3404 2541 3797 2596 ἀναπαύεσθαι.
3832 2542 3957 2593 Καὶ

2364 2645 2630 2714 μακάριόν
2670 2660 2851 2713 φησιν,
2892 2644 2951 2693 ἐν
2988 2638 3303 2707 ἀλλοφύλοις
3344 2634 3723 2705 παροικοῦντα,
3759 2633 3836 2704 μὴ
3871 2634 3955 2694 ὡς

2357 2736 2575 2797 οἰκείοις
2610 2734 3033 2805 προστετηκέναι
3079 2733 3189 2792 τοῖς
3241 2731 3297 2781 ἐν
3337 2732 3400 2798 τῇ
3446 2731 3537 2799 γῇ.
3584 2728 3858 2799 Σκήνωμα
3893 2726 3957 2778 δὲ

2358 2826 2511 2891 Θεοῦ,
2547 2828 2579 2896 ἡ
2622 2828 2750 2896 παρ’
2774 2824 2933 2878 αὐτοῦ
2960 2824 3214 2892 δεδομένη
3252 2822 3388 2893 σὰρξ
3421 2825 3484 2893 τῇ
3525 2822 3614 2875 τοῦ
3650 2819 3955 2891 ἀνθρώπου

2358 2919 2501 2989 ψυχῇ
2534 2916 2668 2989 πρὸς
2693 2916 2981 2989 ἐνοίκησιν.
3018 2917 3112 2980 Τίς
3145 2912 3236 2969 οὖν
3266 2915 3340 2979 ὼς
3376 2916 3629 2985 ἀλλοτρίᾳ
3665 2912 3957 2981 κεχρημέ-

2361 3030 2467 3077 νος,
2501 3010 2776 3082 ἔγκαρπον
2812 3010 2971 3063 αὑτὸν
3009 3009 3319 3081 παραδώσει
3349 3008 3425 3078 τῷ
3458 3006 3734 3063 δεδωκότι,
3770 3003 3847 3063 ὡς
3884 3001 3955 3052 ἂν

2361 3103 2581 3171 γένηται
2630 3104 2723 3155 καὶ
2749 3104 3009 3173 σκήνωμα
3038 3101 3130 3153 τοῦ
3159 3100 3290 3153 Θεοῦ
3332 3102 3439 3161 τοῖς
3476 3097 3646 3163 ἁγίοις
3672 3092 3957 3145 ἐνοικοῦν-

686 3194 776 3250 lu
800 3195 1077 3260 aﬂulserit,
1101 3197 1167 3250 ad
1190 3196 1496 3251 mutandam
1518 3196 1833 3251 sententiam
1862 3196 2257 3264 paratissimum

2362 3208 2480 3255 τοςς
2511 3188 2641 3243 Εἶτα
2671 3193 2803 3261 πρὸς
2847 3193 2903 3243 τὸ
2944 3192 3125 3260 μεῖζον
3181 3190 3505 3261 προκόπτει;
3530 3186 3636 3240 Kal
3666 3185 3756 3250 τίς
3773 3201 3956 3238 κατα-

687 3288 824 3342 fore.
855 3283 974 3341 Uno
1006 3286 1195 3350 verbo,
1228 3303 1314 3343 me
1348 3288 1478 3343 mihi
1506 3303 1612 3344 non
1642 3289 1712 3342 ita
1739 3288 1969 3357 placere,
2006 3296 2064 3339 ut
2087 3302 2258 3341 meam

686 3379 912 3435 aliorum
940 3380 1221 3435 sententiae
1250 3380 1569 3448 praeferam;
1611 3382 1705 3436 sed
1742 3382 1813 3435 ita
1846 3382 2109 3436 duntaxat
2137 3395 2260 3450 pro-

686 3473 815 3527 bare
854 3485 1185 3541 quaecunque
1232 3471 1430 3537 sentio,
1479 3485 1812 3541 quaecunque
1839 3472 1979 3538 dico,
2034 3474 2157 3526 dum
2195 3486 2260 3525 ne

689 3556 997 3612 hominibus
1050 3556 1379 3612 doctioribus
1416 3566 1470 3611 et
1505 3557 1555 3610 in
1586 3558 1687 3611 hoc
1730 3558 2028 3612 studiorum
2061 3572 2259 3625 genere

686 3648 1154 3704 cxercitatloribus
1204 3647 1550 3719 improbanda
1592 3650 1895 3703 videantur.
1948 3646 2079 3702 Rem
2122 3663 2261 3702 nunc

687 3738 1076 3808 awrcdiamur.
1102 3738 1354 3794 Omnium
1382 3742 1684 3796 orationum
1705 3755 1820 3809 qua:
1847 3742 2061 3796 nomine
2079 3740 2259 3797 Basilii

687 3832 1159 3898 circumferuntur,
1188 3842 1280 3887 aut
1308 3833 1421 3886 fere
1444 3836 1685 3889 omnium
1714 3838 1770 3889 fit
1796 3836 1997 3890 mentio
2026 3850 2131 3891 non
2172 3851 2261 3891 so-

687 3920 795 3976 lum
830 3923 969 3992 apud
992 3922 1315 3993 Symeonem
1344 3924 1661 3990 magistrum
1696 3938 1759 3979 ac
1787 3923 2138 3995 logotbetam,
2168 3925 2262 3981 sed

687 4012 885 4084 passim
915 4015 1075 4070 etiam
1104 4014 1306 4070 eaedem
1342 4013 1393 4067 in
1420 4020 1611 4067 catena
1650 4012 1850 4067 Nicetm
1897 4013 2261 4070 lleracliensis

686 4113 743 4161 et
768 4104 888 4162 aliis
917 4105 1186 4161 similibus
1209 4106 1461 4161 citantur.
1500 4104 1605 4159 Sed
1636 4114 1781 4158 tanta
1816 4119 1920 4158 non
1958 4114 2042 4159 est
2068 4112 2260 4158 aucto-

689 4196 823 4252 ritas
843 4209 1015 4266 neque
1044 4193 1349 4267 Symeom’s,
1373 4209 1548 4264 neque
1576 4193 1795 4259 Nicetaa,
1824 4208 1997 4262 neque
2027 4193 2258 4248 aliorum

689 4288 1005 4356 quorumvis
1055 4286 1145 4358 qui
1183 4296 1407 4341 catenas
1444 4286 1684 4350 edidere,
1739 4292 1798 4339 ut
1833 4285 1902 4339 ob
1930 4299 2049 4339 eam
2074 4299 2261 4339 omnes

689 4375 808 4432 illas
842 4386 1047 4445 septem
1083 4387 1138 4431 et
1167 4376 1354 4432 decem
1398 4376 1452 4430 in
1488 4375 1724 4446 psalmos
1755 4374 2030 4429 orationes
2076 4373 2257 4428 Basilii

689 4480 811 4523 esse
838 4466 1017 4520 statim
1051 4464 1341 4524 fateamur.
1370 4465 1565 4520 Putant
1611 4464 1807 4520 eruditi
1839 4464 1941 4519 viri
1972 4464 2062 4535 qui
2100 4479 2161 4519 ea
2191 4466 2255 4520 de

689 4568 749 4611 re
777 4555 1139 4626 disputarunt,
1173 4554 1549 4621 Combelisius,
1571 4555 1965 4622 Tillemontius,
1994 4555 2254 4624 Dupinus,

691 4650 915 4703 alteram
961 4645 1177 4718 quidem
1227 4645 1279 4700 in
1332 4645 1595 4714 psalmum
1646 4646 1957 4700 vicesimum
2008 4656 2256 4701 octavum

691 4739 1087 4793 enarrationem
1114 4736 1467 4791 adulterinam
1494 4750 1613 4791 esse
1637 4774 1653 4800 ,
1683 4736 2087 4791 enarrationem
2123 4753 2249 4791 vero

690 4829 744 4884 in
778 4829 1041 4899 psalmum
1068 4829 1401 4884 tricesimum
1438 4826 1722 4897 septinmm
1770 4826 1823 4880 in
1853 4826 2029 4882 dubiis
2068 4831 2255 4898 reponi

690 4930 973 4990 oportere;
1039 4921 1135 4975 sed
1188 4921 1315 4989 quin
1372 4920 1589 4990 reliqua:
1640 4918 1943 4987 quindecim
2010 4920 2254 4988 genuina:

693 5014 802 5069 sint
844 5024 900 5069 et
931 5027 1093 5078 verae,
1141 5026 1477 5081 nequaquam
1511 5011 1775 5065 dubitant.
1814 5009 1923 5065 Nos
1972 5020 2146 5065 autem
2190 5012 2258 5065 de

696 5106 815 5160 aliis
841 5105 1157 5174 quibusdam
1186 5102 1419 5157 dubitari
1446 5117 1603 5173 posse
1635 5103 1985 5169 arbitramur,
2010 5110 2065 5156 et
2102 5100 2168 5156 de
2194 5101 2258 5156 iis

695 5199 935 5267 quidem,
970 5212 1089 5268 quae
1124 5197 1323 5252 nullum
1364 5195 1681 5251 dubitationi
1731 5195 1906 5250 locum
1948 5194 2257 5264 relinquere

692 5286 1031 5342 videbantur.
1066 5285 1337 5356 Ejusmodi
1368 5293 1450 5339 est
1486 5286 1659 5355 prima
1700 5286 1877 5339 oratio
1915 5285 1967 5338 in
1995 5284 2256 5353 psalmum

694 5380 960 5435 decimum
990 5390 1262 5449 quartum.
1294 5379 1515 5433 Constat
1537 5378 1680 5433 enim
1721 5377 1803 5431 vel
1826 5391 1893 5432 ex
1920 5379 2108 5447 primis
2134 5392 2256 5431 ver-

694 5473 777 5527 bis
802 5473 1051 5528 secundae
1075 5471 1125 5526 in
1154 5473 1299 5526 hunc
1321 5470 1582 5540 psalmum
1613 5470 1894 5533 orationis,
1924 5485 2085 5539 quam
2110 5472 2257 5526 testi-

697 5566 930 5621 monium
959 5564 1200 5634 Gregorii
1228 5562 1449 5634 Nysseni
1478 5562 1553 5629 (α)
1601 5564 1737 5617 inter
1766 5561 1926 5616 dubia
1955 5577 2121 5631 opera
2163 5576 2253 5618 re-

770 5706 811 5737 "
842 5705 978 5758 Psal.
1016 5722 1125 5771 xw,
1156 5706 1207 5761 l.
1286 5707 1329 5737 "
1358 5705 1497 5763 Psal.
1535 5721 1762 5772 xxxvut,
1800 5705 1889 5761 13.

769 5802 842 5865 (τι)
884 5800 1035 5855 Tom.
1065 5800 1128 5866 ll,
1159 5817 1211 5867 p.
1237 5800 1362 5857 225.

2359 3283 2664 3351 σκηνώσει
2690 3283 2757 3336 ἐν
2784 3284 2903 3351 ὄρει
2930 3284 3074 3352 ἁγίῳ
3100 3300 3214 3337 σου
3238 3299 3254 3343 ;
3287 3282 3399 3335 Οὐκ
3423 3282 3480 3333 ὲν
3504 3282 3568 3350 τῇ
3589 3278 3753 3349 γηῖνῃ
3780 3276 3954 3337 Σιὼν,

2359 3373 2545 3447 ὥσπερ
2592 3374 2862 3439 Ἰουδαίοις
2891 3377 3054 3441 δοκεῖ,
3084 3375 3220 3428 ἀλλὰ
3256 3375 3382 3445 περὶ
3412 3369 3478 3446 ἦς
3523 3375 3551 3425 ὁ
3586 3370 3799 3431 Παῦλος
3838 3386 3953 3438 φη-

2364 3486 2445 3523 σιν
2470 3486 2483 3499 '
2520 3472 3018 3538 Προσεληλύθιιτε
3053 3471 3170 3538 ὄρει
3202 3469 3349 3523 Θεοῦ
3380 3468 3611 3533 Cibi-tog,
3656 3468 3958 3533 Ἰερουσα-

2358 3561 2482 3629 λὴμ
2508 3561 2861 3627 ἐποιιρανίῳ.
2905 3560 3196 3630 Παρελθὼν
3239 3557 3330 3612 οὖν
3357 3578 3438 3622 τις
3473 3560 3569 3629 τὴν
3604 3560 3781 3628 σάρκα
3814 3556 3957 3610 ταύ-

2357 3669 2477 3721 την,
2514 3654 2605 3704 καὶ
2643 3651 2921 3723 νεκρώσας
2949 3651 3113 3705 αὑτοῦ
3159 3652 3226 3704 τὰ
3270 3652 3405 3721 μέλη
3444 3651 3512 3702 τὰ
3556 3650 3646 3701 ἐπὶ
3680 3648 3782 3716 τῆς
3815 3650 3952 3717 γῆς.

2358 3743 2448 3797 τὸν
2476 3744 2747 3814 ἁγιασμὸν
2777 3742 3144 3815 κατορθώσας,
3174 3745 3233 3796 ἐν
3266 3746 3331 3813 τῇ
3366 3742 3495 3812 ἁγία
3526 3739 3956 3811 κατασκηνώσει

2364 3834 2538 3901 πόλει,
2562 3832 2629 3908 ἦς
2664 3836 2944 3908 ἐπιθυμῶν
2976 3838 3004 3889 ὁ
3034 3835 3197 3888 Δαυῖδ
3234 3834 3383 3901 ἔλεγε
3404 3850 3416 3862 ·
3448 3831 3839 3899 Διελεύσομαι
3876 3832 3953 3883 ἐν

2361 3928 2523 3993 τόπῳ
2578 3925 2817 3993 σκηνῆς
2873 3925 3249 3995 θαυμαστῆς,
3305 3925 3416 3991 ἕως
3463 3922 3567 3977 τοῦ
3617 3922 3787 3976 οἴκου
3836 3922 3955 3975 τοῦ

2363 4019 2511 4072 Θεοῦ
2537 4033 2552 4049 ο
2584 4019 2697 4080 καὶ,
2741 4018 2835 4082 Ὠς
2856 4016 3131 4085 ἀγαπητὰ
3165 4017 3234 4069 τὰ
3262 4012 3625 4083 σκηνώματά
3651 4027 3791 4077 σου,
3827 4014 3955 4067 Κύ-

2353 4125 2446 4177 ριε
2494 4107 2611 4160 τῶν
2639 4106 2969 4174 δυνάμεων.
3008 4106 3080 4158 Τὸ
3105 4106 3162 4158 δὲ
3190 4105 3380 4157 τούτου
3423 4105 3643 4157 σπάνιον
3686 4105 3955 4173 ἐμφαίνει

2358 4198 2437 4262 τὸ,
2470 4200 2584 4263 Τίς,
2622 4197 2697 4261 ὡς
2726 4197 2805 4260 τὸ,
2846 4197 2940 4262 Τίς
2968 4196 3120 4265 ἔγνω
3147 4195 3252 4249 τόν
3277 4194 3427 4247 νοῦν
3453 4194 3711 4261 Κυρίου;
3737 4198 3834 4245 καὶ
3858 4194 3951 4259 τὸ,

2365 4290 2459 4355 Τίς
2479 4289 2800 4359 ἀναγγελεῖ
2820 4288 2961 4359 ὑμῖν
2980 4289 3088 4342 τὸν
3109 4289 3296 4343 τόπον
3318 4284 3424 4339 τὸν
3440 4284 3714 4348 altor-tor;
3736 4285 3832 4337 καὶ
3861 4286 3950 4347 τὸ,

2366 4384 2458 4449 Τίς
2491 4383 2607 4450 ἄρα
2636 4384 2921 4451 φρόνιμος
2949 4381 3048 4436 καὶ
3085 4380 3300 4446 πιστὸς
3328 4378 3952 4447 οἰκονόμος-Μήποτε

2361 4474 2417 4527 δὲ
2448 4475 2542 4527 καὶ
2563 4475 2651 4528 τὸν
2672 4474 2802 4535 Θεὸν
2835 4476 3132 4547 ἐρωτήσας,
3161 4472 3317 4542 ἔτυχε
3343 4471 3681 4542 ἀποκρίσεως
3700 4509 3714 4522 .
3738 4508 3752 4523 .
3775 4507 3791 4521 .
3814 4506 3828 4521 .
3864 4469 3950 4520 UO

2359 4562 2468 4635 γὰρ
2504 4564 2602 4634 μία
2641 4564 2839 4635 πρᾶξις
2884 4563 3078 4616 τελειοὶ
3117 4562 3207 4614 τὸν
3251 4562 3553 4624 σπουδαῖον,
3604 4559 3737 4612 ἀλλὰ
3775 4562 3951 4610 παντὶ

2358 4653 2436 4724 τῷ
2496 4653 2597 4726 βίῳ
2650 4657 2766 4718 ταῖς
2825 4657 2945 4709 κατ’
2974 4651 3172 4724 ἀρετὴν
3212 4652 3509 4724 ἐνεργείαις
3562 4651 3948 4720 συμπαρατεί-

2362 4744 2567 4797 νεοθαι.
2606 4762 2625 4796 ι
2654 4744 2895 4808 Domine,
2918 4744 3031 4812 quis
3057 4743 3310 4795 habitabit
3341 4744 3395 4795 in
3437 4738 3769 4794 tabernaculo
3811 4746 3953 4797 tuo!

2359 4846 2447 4888 aut
2489 4836 2603 4903 quis
2648 4837 2922 4905 requiescet
2962 4834 3016 4887 in
3058 4845 3230 4887 monte
3267 4845 3445 4887 sancto
3484 4846 3572 4886 tuo
3599 4833 3681 4885 “7
3725 4832 3768 4886 Δ
3806 4834 3948 4887 vici-

2363 4927 2606 4980 nioribus
2635 4927 2949 4995 procedens,
2974 4924 3273 4993 perfectum
3304 4926 3476 4980 virum
3520 4923 3794 4979 describit.
3828 4925 3947 4979 Ha-

2368 5015 2557 5071 bitatio
2583 5026 2763 5071 autem
2802 5026 2883 5069 est
2921 5023 3267 5083 temporanea
3300 5014 3673 5078 commoratio,
3696 5027 3818 5068 cum
3845 5028 3948 5081 spe

2366 5107 2606 5163 melioris
2638 5108 2941 5178 conjuncta.
2976 5106 3333 5173 Quamobrem
3376 5106 3451 5160 ait
3484 5103 3647 5159 David
3677 5123 3691 5159 :
3722 5104 3948 5155 Adrena

2364 5214 2479 5251 sum
2509 5208 2559 5254 et
2589 5200 2910 5270 peregrinus,
2944 5199 3079 5253 sicut
3101 5215 3275 5253 omnes
3300 5208 3472 5269 patres
3497 5199 3594 5251 mei
3627 5196 3689 5248 “.
3716 5195 3945 5261 Advena

2364 5305 2579 5360 quoque
2609 5302 2723 5346 erat
2746 5292 3042 5356 Abraham,
3077 5300 3259 5360 utpote
3280 5291 3371 5360 qui
3404 5304 3473 5344 ne
3503 5285 3786 5355 vestigium
3818 5284 3948 5352 qui-

2365 5383 2484 5437 dem
2521 5383 2668 5452 pedis
2720 5384 3041 5451 possideret,
3078 5384 3275 5451 vixque
3309 5380 3595 5451 sepulturae
3632 5378 3811 5432 locum
3847 5390 3947 5429 co-

2365 5478 2577 5530 emerit.
2614 5474 2764 5542 Quod
2792 5490 2924 5531 sane
2948 5475 3245 5546 symbolice
3279 5473 3544 5544 signiﬁcat
3572 5469 3850 5524 hominem
3889 5469 3945 5521 iu

2365 5581 2527 5625 carne
2574 5568 2866 5635 viventem,
2921 5582 3021 5625 ceu
3080 5568 3339 5624 advenam
3403 5564 3639 5633 reputari
3701 5560 3947 5628 debere;
