4080 6314
1247 347 1308 401 D.
1350 343 1493 402 JUL.
1532 338 1859 398 GARNERII
1899 335 2286 394 PREFATIO.

3185 349 3361 391 CXCVII

142 488 349 544 cumque
391 471 465 526 ab
511 469 629 541 ipsa
664 482 827 524 carne
867 462 1348 533 transmigraverit,
1396 472 1522 515 tunc
1574 472 1734 527 pro-J

1837 454 1966 525 ὑτὴν
2001 454 2491 524 φιλοπονήσαντας,
2524 451 2798 523 ἔγκαρπον
2849 449 3134 504 ἀποδοῦναι
3172 451 3247 521 τῷ
3282 451 3371 506 δι’·

143 569 256 639 priis
290 567 345 619 in
388 564 612 619 sedibus
659 561 959 631 quiescere.
1008 556 1085 612 Ac
1125 556 1339 610 beatum
1388 551 1517 607 dicit
1551 566 1695 617 eum,

145 660 216 730 qui
278 671 405 711 cum
471 653 610 722 apud
668 650 993 719 alienigenas
1059 645 1403 706 habitaverit,
1475 642 1701 697 terrenis

145 748 283 817 quasi
353 744 590 815 propriis
654 742 755 797 sibi
824 742 985 795 rebus
1047 753 1150 791 non
1216 737 1459 791 addictus
1518 733 1698 788 fuerit.

146 839 570 895 Tabernaculum
637 844 815 889 autem
880 833 971 886 Dei
1035 839 1122 886 est
1186 844 1334 892 caro,
1396 828 1587 881 animae
1636 826 1703 879 ab

147 936 253 1003 ipso
313 932 382 986 ad
451 929 802 985 habitandum
859 939 1138 979 concessa.
1206 922 1338 989 Quis
1406 922 1582 990 itaque
1639 934 1704 975 ea

147 1036 195 1077 ut
230 1024 412 1077 aliena
462 1036 611 1084 usus,
666 1017 974 1089 frugiferam
1025 1017 1268 1071 eamdem
1322 1013 1562 1082 largitori
1623 1026 1708 1065 re-

147 1116 351 1177 stimet,
407 1122 467 1167 ut
516 1112 610 1166 ﬁat
644 1109 1043 1164 tabernaculum
1092 1107 1220 1171 Dei,
1283 1106 1373 1174 qui
1419 1106 1471 1158 in
1504 1103 1707 1159 sanctis

149 1205 387 1261 habitat?
448 1204 647 1258 Deinde
698 1218 824 1258 vero
876 1201 943 1256 ad
993 1200 1365 1270 praestantiora
1418 1197 1704 1266 procedit:

148 1298 243 1350 Aut
300 1297 421 1366 quis
460 1295 739 1362 requiescet
775 1293 827 1345 in
882 1302 1052 1345 monte
1098 1305 1280 1345 sancto
1323 1301 1410 1343 tuo
1451 1289 1532 1342 "‘l
1592 1286 1708 1341 Non

148 1391 194 1445 in
222 1388 477 1445 terrestri
510 1386 664 1449 Sion,
703 1394 760 1438 ut
791 1382 957 1438 Judari
1009 1382 1356 1442 arbitrantur,
1402 1381 1495 1435 sed
1546 1380 1598 1434 in
1647 1393 1711 1433 ea

148 1484 205 1537 de
262 1496 373 1549 qua
429 1478 625 1533 Paulus
674 1476 753 1529 ait
803 1493 816 1528 :
862 1473 1163 1527 Accessistis
1218 1472 1285 1525 ad
1332 1479 1555 1526 montem
1616 1468 1714 1523 Dei

148 1574 378 1631 virentis.
421 1569 719 1625 Jerusalem
758 1566 1093 1622 caslestem“.
1137 1564 1391 1634 Quisquis
1424 1564 1586 1633 igitur
1624 1578 1717 1616 ea-

149 1664 259 1718 dem
294 1679 465 1719 carne
492 1662 647 1730 quasi
694 1661 745 1713 in
788 1668 1100 1712 transcursu
1129 1672 1257 1711 usus
1281 1695 1297 1721 ,
1332 1655 1446 1723 ejus
1477 1654 1717 1708 membra

151 1772 308 1824 super
341 1765 543 1808 terram
595 1749 1023 1815 mortiﬁcaverit,
1075 1759 1361 1819 postquam
1410 1745 1715 1801 sanctifica-

154 1849 350 1900 tionem
398 1844 542 1898 illam
591 1843 1079 1906 consummaverit,
1118 1837 1383 1892 habitabit
1429 1837 1484 1891 in
1530 1844 1715 1890 sancta

150 1938 232 1991 illa
280 1938 527 1999 civitate,
584 1933 738 2005 cujus
786 1931 1056 1988 desiderio
1087 1939 1264 1985 motus
1285 1928 1452 1983 David
1501 1927 1715 1982 aiebat:

154 2026 410 2082 Transibo
437 2028 493 2080 in
531 2026 700 2079 locum
734 2022 1056 2078 tabernaculi
1092 2020 1420 2075 admirabilis
1458 2035 1618 2090 usque
1651 2021 1718 2073 ad

151 2121 362 2173 domum
392 2116 560 2181 Dei",
591 2128 665 2181 et,
699 2114 870 2180 Quam
899 2113 1091 2166 dilecta
1118 2109 1459 2165 tabernacula
1484 2120 1596 2173 tua,
1616 2108 1724 2164 Do-

156 2213 293 2266 mine
316 2212 574 2263 virtutum
593 2210 663 2260 “.
688 2206 819 2262 lllud
846 2215 1050 2270 autem,
1069 2202 1219 2269 Quis,
1242 2201 1426 2257 talium
1447 2200 1723 2257 hominum

156 2302 439 2357 raritatem
499 2298 839 2362 subindicat,
884 2294 1181 2365 cuiusmodi
1222 2303 1307 2351 est
1353 2294 1483 2349 illud
1533 2312 1548 2349 :
1596 2291 1725 2358 Quis

154 2395 290 2447 not-it
312 2411 524 2448 sensum
546 2391 843 2446 Domini“!
877 2388 1098 2454 etillud,
1123 2388 1251 2454 Quis
1284 2387 1616 2441 annuntiabit
1635 2403 1726 2439 vo-

155 2484 229 2536 bis
263 2484 443 2537 locum
473 2493 723 2536 reternum
736 2481 820 2534 "'2
850 2491 1009 2549 atque
1031 2480 1160 2533 illud
1191 2495 1207 2534 :
1240 2476 1372 2544 Quis
1401 2486 1477 2533 est
1502 2476 1727 2545 prudens

156 2591 213 2627 ac
256 2574 439 2645 ﬁdelis
475 2590 767 2628 aconomus
784 2572 867 2626 ’³2
918 2570 1170 2640 Nunquid
1217 2578 1503 2640 postquam
1562 2570 1726 2624 Deum

159 2662 537 2732 interrogavit,
563 2661 964 2731 responsionem
1001 2660 1268 2715 obtinuit?
1298 2698 1315 2717 .
1350 2696 1367 2714 .
1396 2700 1408 2711 .
1440 2658 1554 2714 Non
1588 2660 1729 2714 enim

159 2754 321 2807 unica
359 2767 449 2808 res
470 2763 618 2821 gesta
646 2762 924 2808 strenuum
952 2753 1225 2807 hominem
1255 2752 1321 2805 ad
1350 2750 1733 2820 perfectionem

159 2846 344 2914 ducit;
393 2845 491 2901 sed
540 2860 635 2915 per
670 2854 837 2901 totam
865 2845 1031 2900 vitam
1077 2844 1295 2899 virtutis
1326 2844 1581 2913 operibus
1614 2846 1735 2899 insi-

158 2937 435 2991 stendum.
481 2955 501 2989 ι
540 2935 828 2992 Videamus
876 2952 1021 2992 nunc
1056 2936 1323 3006 quomodo
1361 2934 1735 3005 pseudo-Basi-

161 3029 263 3083 tius
282 3026 484 3098 frigida
502 3028 733 3098 quadam
760 3027 1059 3096 periphrasi
1088 3041 1207 3079 mox
1227 3026 1527 3080 Eusebiana
1546 3027 1707 3095 ampli
1721 3054 1737 3066 -

1798 545 2012 598 δωκότι.
2055 543 2178 597 Ἐὰν
2204 544 2262 596 δὲ
2351 542 2486 597 Θεοῦ
2509 542 2633 607 ἀξία
2659 546 2692 615 ἡ
2724 542 2880 615 σὰρξ,
2912 544 3120 611 γίνεται
3155 544 3233 617 τῷ
3254 544 3367 598 ὄντι

1802 636 1937 690 Θεοῦ
1968 637 2249 707 σκήνωμα,
2282 636 2423 688 κατὰ
2463 636 2562 708 τὴν
2589 635 2856 708 ἐνοίκησιν
2905 635 3068 689 αὐτοῦ
3114 639 3193 699 είς
3242 639 3369 701 τοὺς

1805 724 2248 797 ἁγίους....εἷτα
2292 728 2539 799 προκοπὴ
2586 726 2680 779 καὶ
2724 728 2943 797 πρόοδος
2984 730 3016 799 ή
3064 729 3156 783 ἐπὶ
3194 730 3255 781 τὸ
3284 747 3371 783 τε·

1804 819 2088 891 λειότερον.
2130 819 2237 871 Καὶ
2289 820 2380 884 τίς
2444 818 2895 887 κατασκηνώσει
2937 822 3006 875 ἐν
3051 820 3168 888 ὄρει
3226 823 3373 891 ἁγίῳ

1805 928 1959 975 σου;
2005 911 2252 974 Ἰουδαῖος
2285 911 2382 981 μὲν
2411 912 2439 962 6
2468 912 2651 981 γήϊνος
2671 912 2795 965 ὅταν
2827 911 2949 984 ὄρος
2981 912 3204 985 ἀκούσῃ.
3236 914 3373 985 πρὸς

1805 1004 1903 1076 τὴν
1929 1002 2077 1055 -Σιὼν
2110 1002 2398 1074 ἀποτρέχει
2419 1043 2431 1056 .
2449 1041 2465 1056 .
2488 1044 2500 1056 .
2518 1043 2531 1055 .
2569 1004 2693 1075 ὄρος
2725 1006 2897 1057 ἐκεῖνο
2944 1006 3041 1075 τὴν
3067 1008 3374 1080 ύπερουρά-

1808 1112 1919 1147 νιον
1957 1094 2137 1165 χώραν
2158 1134 2171 1158 ,
2196 1094 2296 1165 τὴν
2322 1097 2600 1167 ,περιφανῆ
2646 1097 2737 1150 καὶ
2783 1096 3039 1168 λαμπράν
3059 1114 3071 1128 ·
3098 1102 3223 1171 περὶ
3260 1092 3320 1152 οὗ
3349 1102 3377 1154 ὁ

1821 1184 2139 1249 Ἀπόστολος
2180 1184 2345 1253 λέγει,
2384 1185 2473 1239 ὅτι
2516 1190 3004 1256 Προσενιηλύθατε
3046 1189 3195 1243 Σιὼν
3234 1192 3379 1261 ὄρει,

1812 1278 1908 1331 καί
1938 1279 2110 1331 πόλει
2138 1277 2283 1332 Θεοῦ
2312 1276 2523 1344 ζῶντος
2541 1320 2556 1344 ,
2604 1279 2989 1349 Ἰερουσαλὴμ
3022 1281 3150 1333 ἑποι
3174 1284 3379 1349 κανέῳ,

1812 1370 1869 1421 ἐν
1959 1370 2262 1441 πανήγυρις
2286 1370 2551 1439 ἀγγέλων,
2579 1371 2673 1424 καὶ
2710 1371 2999 1441 Ἐκκλησία
3026 1375 3382 1444 πρωτοτόκων

1813 1460 2321 1531 ἀπογεγραμμένων
2341 1462 2397 1513 ὲν
2420 1461 2686 1532 οὐρανοῖς.
2725 1460 2890 1514 Ἐπὰν
2917 1457 3010 1516 οὖν
3038 1479 3120 1525 τις
3140 1463 3382 1537 παρέλθῃ

1814 1550 1912 1622 τὴν
1947 1552 2123 1621 σάρκα
2152 1551 2353 1621 ταύτην
2375 1552 2761 1623 ἁπροσπαθῶς,
2788 1553 2863 1615 ὼς
2893 1553 3175 1626 ἀλλοτρίαν
3199 1573 3385 1627 παροι-

1817 1640 1947 1707 κῶν,
1978 1643 2073 1696 καὶ
2098 1643 2194 1713 οὐχ
2221 1642 2295 1706 ὡς
2327 1643 2459 1707 ἰδίας
2497 1643 2882 1716 ἐξηρτημένος,
2909 1640 3059 1711 οὗτος
3085 1646 3172 1701 διὰ
3206 1647 3269 1701 τὸ
3298 1665 3384 1700 νε-

1819 1733 2028 1806 κρῶσαι
2052 1734 2216 1788 αὑτοῦ
2239 1734 2305 1787 τὰ
2326 1734 2465 1805 μέλη
2495 1735 2564 1789 τὰ
2590 1737 2683 1788 ἐπὶ
2709 1737 2806 1808 τῆς
2831 1737 2935 1807 γῆς
2952 1778 2966 1802 ,
2994 1737 3085 1792 τὸν
3120 1740 3387 1810 ἁγιασμδν

1819 1825 2199 1896 κατορθώσας,
2223 1826 2371 1892 ἄξιός
2416 1828 2531 1880 ἐστι
2564 1828 2666 1898 τῆς
2698 1830 2755 1882 ἐν
2795 1828 2873 1900 τῷ
2902 1830 3042 1901 ἁγίῳ
3073 1831 3186 1901 ὄρει
3219 1849 3387 1884 κατα-

1820 1914 2175 1986 σκηνώσεωςο
2219 1912 2286 1989 ἦς
2332 1916 2610 1989 ἐπιθυμῶν
2658 1921 2688 1971 6
2718 1920 3019 1992 Ψαλμῳδὸς
3061 1921 3272 1991 ἔλεγεν,
3306 1923 3389 1976 ὅτι

1819 2010 2205 2080 Δεελεύσσμαι
2237 2011 2305 2064 ἐν
2332 2011 2489 2076 τόπῳ
2511 2011 2750 2081 σκηνῆς
2782 2014 3130 2085 θαυμαστῆς
3152 2033 3167 2046 ο
3190 2017 3283 2071 καὶ
3306 2018 3388 2081 τὸ,

1832 2104 1925 2169 Ὡς
1950 2104 2223 2173 ἀγαπητὰ
2246 2104 2319 2157 τὰ
2345 2101 2704 2174 σκηνώματά
2723 2119 2858 2169 σου,
2884 2105 3059 2175 Κύριε
3076 2106 3194 2161 ἰνῶν
3211 2106 3394 2162 δυνά·

1816 2212 1976 2264 μεων
1994 2234 2006 2248 .
2030 2234 2043 2247 .
2066 2234 2079 2249 .
2097 2234 2111 2249 .
2143 2195 2374 2258 Σπάνιος
2403 2194 2460 2247 δὲ
2490 2195 2584 2247 καὶ¹
2615 2196 2644 2245 ὁ
2662 2196 2937 2267 παροικῶν
2965 2198 3022 2252 ἐν
3049 2195 3128 2267 τῷ
3155 2196 3390 2270 σώματι.

1824 2289 1917 2341 καὶ¹
1960 2290 1989 2342 6
2018 2288 2374 2359 κατασκηνῶν
2404 2288 2464 2340 ἐν
2498 2287 2579 2358 τῷ
2607 2288 2743 2359 ὄρει.
2766 2289 2862 2343 Διὰ
2890 2288 3047 2343 τοῦτο
3077 2289 3151 2355 ὡς
3171 2291 3393 2363 ἀπορῶν

1825 2382 1854 2434 ὀ
1884 2380 2041 2449 λόγος
2070 2379 2201 2451 φησί
2220 2397 2235 2412 ο
2274 2381 2369 2446 Τίς
2402 2380 2790 2449 παροικήσει;
2824 2382 2939 2446 καὶ,
2970 2384 3064 2449 Τίς
3091 2399 3397 2453 κατασκηυ

1826 2472 2004 2525 νώσει
2024 2487 2042 2535 ;
2066 2470 2144 2534 ὡς
2170 2470 2252 2535 τὸ,
2292 2471 2387 2537 Τίς
2416 2470 2569 2541 ἔγνω
2594 2470 2747 2525 νοῦν
2771 2473 2992 2541 Κυρίου
3014 2489 3033 2538 ;
3066 2474 3159 2527 καὶ
3181 2475 3261 2541 τὸ,
3300 2477 3397 2543 Τίς

1828 2562 2148 2632 ἀναγγελεῖ
2166 2562 2309 2631 ὑμῖν
2327 2562 2416 2615 ὅτι
2443 2562 2562 2631 πῦρ
2589 2565 2812 2617 καίεται
2832 2580 2852 2629 ;
2875 2565 3067 2631 καὶτὸ,
3098 2568 3192 2633 Τίς
3216 2569 3399 2638 ἀνατ-

1830 2652 1995 2722 τελεῐ
2026 2652 2169 2723 ὑμῖν
2198 2651 2305 2706 τὸν
2340 2654 2525 2708 τόπον
2559 2653 2664 2708 τόν
2713 2656 2994 2721 αίὼνιον;
3037 2658 3131 2713 καὶ
3186 2658 3268 2727 τὸ,
3303 2661 3399 2726 Τίς

1831 2741 1945 2811 ἄρα
1980 2744 2014 2795 ὀ
2047 2742 2263 2808 πιστὸς
2306 2742 2406 2797 καί
2456 2743 2740 2814 φρόνιμος
2787 2747 3134 2817 οίκονόμος;
3166 2749 3319 2820 Τάχα
3342 2750 3399 2804 δὲ

1833 2834 1926 2887 καὶ
1956 2835 2368 2906 ἐρωτηματικόν
2394 2838 2507 2890 ἐστι
2537 2838 2618 2906 τὸ,
2651 2839 2766 2905 Τις,
2801 2838 2875 2902 ὡς
2906 2840 3190 2911 ἀπόκρισιν
3212 2842 3401 2913 ἐπιζη-

1833 2923 2051 2989 τοῦντος
2080 2965 2093 2979 .
2114 2963 2128 2978 .
2151 2966 2165 2980 .
2186 2965 2200 2980 .
2249 2927 2323 2980 Οὐ
2355 2927 2466 2999 γὰρ
2509 2929 2606 2998 μία
2646 2930 2845 3000 πρᾶξις
2876 2931 3071 2986 τελειοϊ
3105 2934 3196 2989 τὸν
3242 2951 3401 2988 σπου-

1834 3017 2001 3081 δαῖον,
2031 3017 2167 3069 ἀλλὰ
2198 3020 2359 3072 παντὶ
2388 3021 2629 3090 προσῆκε
2672 3021 2751 3092 τῷ
2793 3022 2891 3092 βίῳ
2920 3024 3019 3088 τὰς
3045 3028 3165 3079 κατ’
3203 3027 3402 3099 ἀρετὰς

164 3118 312 3186 licet,
339 3134 470 3174 mox
513 3118 699 3173 eadem
736 3120 801 3172 ad
848 3119 1069 3173 verbum
1117 3119 1406 3187 exprimat.
1454 3116 1621 3187 lgitur
1661 3118 1734 3172 sic

1838 3108 2108 3181 ἐνεργείας
2132 3111 2680 3183 συμπαρατείνεσθαι.
2708 3131 2727 3166 ι
2754 3114 3055 3186 Scriptura,
3078 3133 3199 3171 cum
3230 3120 3403 3173 virum

163 3210 405 3281 loquitur
432 3228 446 3263 :
498 3212 601 3266 Τὸν
633 3211 834 3263 τέλειον
867 3211 996 3281 ἡμῖν
1035 3213 1063 3263 6
1089 3210 1245 3278 λόγος
1274 3210 1586 3282 ὑπογράψαι
1627 3209 1747 3280 βου-

163 3301 412 3375 λόμενος,
436 3302 534 3373 τὴν
553 3302 660 3355 τῶν
686 3301 1044 3373 μακαρισμῶν
1068 3301 1443 3371 ἐπιτυγχάνειν
1467 3301 1745 3371 μέλλοντα,

164 3394 317 3457 τάξει
352 3395 464 3447 τινὶ
489 3392 581 3446 καὶ
609 3392 709 3463 όδῴ
732 3393 837 3445 τῶν
859 3394 986 3463 περὶ
1014 3393 1174 3446 αὑτὸν
1199 3393 1583 3464 θεωρουμένων
1618 3412 1750 3466 χρη-

168 3487 426 3556 σάμενος,
470 3484 577 3536 ἀπὸ
615 3483 724 3538 τῶν
763 3483 1337 3556 προσεχεστέρωνρκαὶ
1384 3484 1614 3554 πρώτων
1650 3485 1749 3556 τὴν

167 3579 345 3649 ἀρχὴν
385 3575 679 3645 πεποίηται
710 3592 725 3608 ο
764 3578 969 3643 Κύριε,
1018 3576 1110 3642 τίς
1160 3574 1514 3645 παροικήσει
1562 3576 1632 3629 ἐν
1672 3575 1751 3641 τῷ

168 3667 526 3737 σκηνώματί
553 3680 706 3731 σου;
759 3668 824 3720 Ἣ
858 3667 1117 3738 παροικία
1161 3669 1277 3722 ἐστὶ
1308 3667 1549 3740 διαγωγὴ
1580 3668 1749 3739 πρόσ-

170 3776 385 3830 καιρος,
434 3760 535 3829 οὐχ
583 3758 870 3831 ἱδρυμένην
917 3758 1088 3830 ζωὴν,
1123 3759 1257 3811 ἀλλὰ
1300 3760 1628 3830 παροδικὴν,
1663 3759 1751 3811 ἐπ’

169 3850 354 3904 ἐλπίδι
393 3849 496 3919 τῆς
532 3849 624 3901 ἐπὶ
648 3850 715 3903 τὰ
752 3849 1033 3922 κρείττονα
1067 3848 1477 3919 μεταστάσεως,
1523 3848 1751 3917 ὑποφαί-

169 3959 396 3998 νουσα..
419 3940 545 3995 .Διδ
583 3941 677 3994 καὶ
705 3943 733 3994 ὁ
763 3942 922 3994 Δαυῒδ
954 3942 1081 4011 περὶ
1122 3940 1313 3993 ἐαυτοῦ
1344 3958 1474 4011 φησι
1494 3956 1507 3969 ·
1542 3940 1752 4009 Πάροι-

169 4052 279 4099 xor;
316 4033 436 4102 ἐγώ
462 4034 579 4102 είμι
616 4033 776 4101 παρὰ
809 4032 908 4085 σοὶ
949 4033 1046 4085 καὶ
1083 4032 1487 4101 παρεπίδημος
1512 4072 1525 4094 ,
1564 4032 1754 4097 καθὼς

170 4123 405 4187 πάντες
452 4124 507 4175 ol
553 4122 800 4190 πατέρες
848 4138 988 4191 μου.
1025 4120 1289 4192 Πάροικος
1335 4120 1443 4190 γὰρ
1487 4119 1751 4189 Ἀϐραὰμ,

169 4215 294 4269 οὐδὲ
332 4214 490 4284 βῆμα
511 4212 667 4272 ποδὸς
703 4213 835 4275 ίδίας
864 4213 966 4283 γῆς
1007 4210 1339 4281 κεκτημένος
1358 4250 1370 4272 ,
1410 4210 1523 4262 ἀλλ’
1548 4210 1635 4261 ὅτε
1664 4198 1757 4262 τα-

171 4307 281 4377 φῆς
343 4302 501 4374 αὐτῴ
552 4302 789 4373 ἐδέησεν,
849 4302 1110 4373 ἀργυρίου
1167 4302 1503 4372 κτησάμενος
1554 4298 1755 4371 ταύτην

174 4397 464 4467 φαίνεται·
507 4394 809 4458 δεικνύντος
833 4394 926 4448 τοῦ
960 4394 1140 4462 λόγου,
1171 4394 1250 4445 ὃτι
1274 4393 1446 4457 ζῶντα
1475 4394 1571 4462 μὲν
1603 4395 1659 4445 ἐν
1688 4395 1753 4462 τῇ

1849 3199 2142 3270 perfectum
2169 3202 2325 3256 nobis
2351 3205 2659 3258 describere
2690 3205 2834 3271 vult,
2859 3222 2980 3261 eum
3011 3209 3287 3273 videlicet,
3312 3211 3405 3281 qui

1848 3293 2072 3362 adeptus
2110 3294 2181 3348 sit
2220 3292 2643 3361 beatitudinem,
2688 3298 2879 3354 ordine
2917 3301 3150 3377 quodam
3192 3302 3292 3358 hac
3319 3305 3405 3358 via

1850 3385 1902 3439 in
1928 3384 2015 3449 iis,
2064 3399 2184 3456 qua
2231 3386 2374 3441 circa
2421 3388 2593 3456 ipsum
2624 3390 3064 3458 considerantur,
3098 3408 3215 3459 usa,
3244 3396 3311 3451 ab
3340 3394 3406 3451 iis

1849 3494 1969 3548 quae
1996 3478 2166 3548 magis
2192 3480 2351 3534 obvia
2380 3490 2504 3534 sunt
2534 3490 2588 3535 et
2614 3483 2785 3548 prima
2804 3522 2820 3549 ,
2845 3483 3054 3539 initium
3085 3486 3253 3541 duxit.
3295 3487 3408 3541 Do-

1851 3570 2007 3634 mine,
2032 3571 2145 3638 quis
2165 3570 2583 3637 peregrinabitur
2606 3574 2660 3626 in
2692 3575 3024 3628 tabernaculo
3048 3586 3134 3630 tuo
3150 3576 3197 3608 “
3212 3577 3236 3631 ἳ
3250 3577 3407 3634 Pere-

1851 3662 2083 3731 grinatio
2108 3670 2192 3717 est
2211 3664 2566 3718 commoratio
2598 3666 2941 3737 temporaria,
2963 3684 3082 3739 qua:
3113 3673 3272 3725 vitam
3303 3688 3409 3727 non

1851 3753 2119 3818 stabilem,
2180 3756 2275 3808 sed
2326 3756 2694 3811 transitoriam
2736 3760 2806 3813 ob
2856 3774 3002 3827 spem
3067 3763 3132 3816 ad
3187 3764 3410 3820 meliora

1852 3844 2151 3915 emigrandi
2184 3843 2500 3899 indicat.....
2532 3845 2656 3901 Ideo
2684 3855 2739 3903 et
2774 3848 2940 3903 David
2972 3850 3038 3905 de
3066 3867 3125 3907 se
3157 3853 3271 3922 ipso
3298 3855 3408 3909 ait:

1857 3935 2038 3988 lncola
2069 3952 2160 4003 ego
2193 3952 2307 3989 sum
2358 3937 2494 3998 apud
2525 3946 2572 3991 te
2606 3946 2653 3992 et
2679 3942 2975 4010 peregrinus
2996 3981 3010 4004 ,
3063 3944 3195 3997 sicut
3234 3961 3411 4001 omnes

1854 4034 2025 4094 patres
2071 4027 2255 4083 mei".
2302 4026 2478 4080 lncola
2522 4030 2664 4082 enim
2711 4028 2812 4082 fuit
2862 4031 3166 4095 Abraham,
3213 4035 3305 4103 qui
3343 4049 3411 4089 ne

1855 4134 2066 4186 passum
2112 4118 2326 4188 quidem
2366 4121 2517 4188 pedis
2561 4130 2716 4177 terra;
2752 4126 2977 4194 pmpriaa
3005 4129 3282 4196 possedit;
3317 4132 3412 4183 sed

1858 4206 1944 4259 ubi
1975 4221 2110 4274 opus
2132 4206 2180 4261 ei
2212 4208 2459 4277 sepulcro
2480 4209 2599 4275 fuit,
2629 4212 2680 4265 id
2703 4223 2923 4283 argento
2950 4224 3216 4271 mercatus
3250 4216 3414 4275 fuisse

1857 4296 2254 4363 perhibetur“.
2306 4297 2557 4354 Ostendit
2603 4302 2810 4358 scilicet
2847 4304 3121 4374 Scriptura
3155 4308 3209 4362 in
3252 4324 3414 4367 carne

1858 4388 2146 4453 viventem,
2173 4389 2401 4443 incolam
2447 4405 2566 4446 esse
2618 4402 2897 4460 oportere,
2934 4396 3248 4466 migrantem
3285 4414 3415 4456 vero

175 4488 349 4561 σαρκὶ
371 4488 632 4558 πάροικον
657 4482 795 4541 εἶναι
822 4486 1119 4561 προσήκεις,
1150 4484 1537 4556 μεταϐαίνοντα
1563 4486 1620 4537 δὲ
1651 4486 1734 4537 ἀπὶ

1859 4494 1927 4534 ex
1952 4480 2052 4534 bac
2071 4481 2201 4541 vita.
2242 4482 2295 4535 in
2322 4481 2453 4537 locis
2476 4485 2713 4553 propriis
2736 4486 3095 4554 requiescere.
3123 4488 3414 4560 Propterea

171 4576 277 4644 τῆς
305 4573 461 4645 ζωῆς
501 4574 701 4645 ταύτης
748 4577 858 4636 τοῖς
907 4574 1125 4637 οἰκείοις
1160 4573 1607 4627 ἐναναπαύεσθαι.
1656 4573 1752 4626 Διὰ

171 4666 336 4720 τοῦτο
361 4669 421 4717 ἐν
448 4665 548 4736 μὲν
569 4668 631 4736 τῇ
656 4666 765 4736 ζωῇ
795 4665 965 4737 ταύτῃ
986 4668 1238 4735 παροικεῖ
1257 4667 1364 4727 τοῖς
1387 4662 1751 4732 ἀλλοφύλλοις,

173 4760 235 4812 ἐν
275 4759 335 4810 δὲ
367 4760 435 4826 τῇ
463 4758 608 4826 ταφῇ
628 4756 827 4807 οἰκείαν
855 4753 1029 4825 ἐαυτῷ
1060 4755 1159 4826 τὴν
1189 4753 1475 4823 δεξομένην
1508 4753 1668 4807 αὑτοῦ
1697 4754 1756 4806 τὸ

175 4851 343 4922 σῶμα
384 4850 490 4917 γῆν
538 4848 1042 4918 ἐπραγματεύσατο.
1096 4845 1379 4915 Μακάριον
1422 4843 1477 4897 δὲ
1518 4844 1594 4913 τῷ
1623 4844 1755 4908 ὄντι,

174 4941 257 5010 μὴ
309 4939 391 4999 ὡς
444 4937 662 4997 οἰκείοις
711 4935 1134 5006 προστετηκέναι
1178 4937 1286 5007 τοῖς
1330 4934 1387 4985 ἐν
1418 4935 1485 5002 τῇ
1514 4935 1582 5002 γῇ

173 5029 413 5087 σπάνιος
439 5025 497 5077 δὲ
529 5027 557 5077 6
576 5025 811 5089 τοιοῦτος
832 5065 847 5087 ,
893 5026 921 5077 6
952 5025 1026 5095 μὴ
1059 5024 1134 5087 ὡς
1159 5024 1304 5086 ἰδίοις
1346 5023 1625 5094 προσέχων
1648 5025 1757 5086 τοῖς

169 5120 455 5192 παροῦσιν
481 5157 495 5171 ι
515 5157 529 5169 -
551 5157 567 5170 ι
589 5156 605 5171 ο
649 5116 747 5183 Τίς
773 5113 887 5173 οὖν
914 5114 1265 5184 παροικήσει
1294 5116 1362 5168 ἐν
1403 5114 1483 5179 τῷ
1512 5114 1760 5182 σκηνώ-

163 5214 321 5283 ματι
350 5224 507 5273 dav;
537 5209 806 5279 Σκήνωμα
844 5207 938 5261 τοῦ
968 5206 1099 5261 Θεοῦ
1131 5208 1163 5277 ἠ
1203 5208 1329 5276 παρ’
1359 5205 1520 5258 αὑτοῦ
1548 5205 1762 5275 δεδομέ-

169 5324 241 5375 νη
273 5301 417 5375 σὰρξ
447 5302 515 5371 τῇ
544 5299 637 5353 τοῦ
669 5298 954 5370 ἀνθρώπου
990 5299 1135 5369 ψυχῇ
1165 5299 1241 5361 εἰς
1269 5296 1535 5365 ἐνοίκησιν
1563 5297 1760 5367 ὀνομά-

171 5396 337 5460 ζεται
364 5434 379 5447 .
406 5434 420 5447 .
444 5435 457 5448 .
482 5434 497 5447 .
529 5392 671 5445 οὕτω
720 5393 813 5445 καὶ
851 5393 980 5464 ἡμῖν
1038 5389 1177 5443 κατὰ
1236 5386 1553 5459 συγγραφὴν
1594 5388 1628 5457 ἡ
1665 5388 1761 5455 τῆς

173 5487 390 5559 σαρκὸς
446 5484 733 5555 ἐπιμέλεια
775 5484 1165 5556 παραδέδοται,
1201 5481 1341 5534 ὥστε
1382 5478 1762 5549 προσηκόντως

258 5690 299 5723 ⁸⁷
328 5690 466 5745 Psal.
498 5704 613 5747 xtv.
646 5689 700 5741 1.
781 5686 823 5718 ¹⁸
846 5685 1006 5741 Hebr.
1039 5704 1133 5749 χιι,
1163 5688 1251 5742 22.
1331 5687 1371 5719 ³⁸
1393 5687 1528 5741 Psal.
1559 5702 1665 5749 ιιι,
1690 5688 1740 5740 5.

172 5760 230 5794 ⁸³
263 5758 391 5817 Luc.
433 5777 535 5823 xu,
572 5760 664 5813 42.
743 5756 791 5787 ’⁸
817 5756 957 5810 Psal.
991 5774 1097 5819 xiv,
1130 5761 1180 5810 Δ.

494 5857 780 5917 Parnm.
813 5852 925 5910 Gn.
960 5853 1190 5916 ΧΧΞΚ.

1817 5688 1861 5718 ²⁹
1883 5687 2020 5742 Psal.
2050 5702 2273 5748 Lxxxm,
2301 5688 2353 5739 2.

1257 5759 1301 5789 ’⁸
1329 5758 1463 5811 Psal.
1504 5773 1733 5824 xxxvul,
1766 5758 1846 5812 15.

1859 4572 1912 4625 in
1953 4570 2055 4625 hac
2098 4572 2203 4625 vita
2242 4572 2414 4628 incola
2454 4583 2538 4629 est
2582 4590 2703 4629 cum
2746 4576 3059 4648 alienigenis
3106 4599 3119 4634 :
3154 4580 3205 4634 in
3241 4583 3416 4652 sepul-

1862 4671 1981 4716 tura
2030 4677 2158 4717 vero
2192 4665 2460 4733 propriam
2495 4676 2690 4719 terram
2739 4682 2937 4738 corpus
2978 4684 3131 4723 suum
3166 4684 3421 4740 exceptu-

1863 4770 1977 4810 ram
2004 4755 2104 4811 sibi
2141 4756 2257 4823 ipse
2299 4758 2652 4826 comparavit.
2682 4756 2849 4813 Porro
2876 4760 3087 4813 beatum
3120 4760 3276 4829 plane
3307 4763 3423 4818 fne-

1864 4846 1966 4909 rit,
1994 4846 2155 4898 rebus
2186 4845 2414 4899 terrenis
2442 4860 2546 4899 non
2579 4857 2637 4898 ut
2666 4848 2900 4916 propriis
2928 4848 3196 4905 addictum
3229 4866 3418 4908 esse...

1862 4934 2039 4989 Rarus
2071 4944 2249 4990 autem
2288 4936 2333 4990 is
2364 4945 2465 4999 est,
2515 4938 2603 5005 qui
2648 4941 2997 5007 prurscntibus
3052 4957 3156 4995 non
3205 4954 3261 4997 ut
3294 4961 3422 5010 pro-

1864 5026 1996 5097 priis
2023 5027 2348 5084 studeat.....
2379 5028 2510 5091 Quis
2536 5029 2696 5097 igitur
2727 5032 3136 5099 peregrinabitur
3162 5035 3216 5087 in
3247 5037 3420 5088 taber-

1866 5119 2053 5173 naculo
2084 5130 2171 5172 tuo
2191 5120 2215 5172 Ρ
2238 5119 2663 5174 Tabernaculum
2695 5121 2808 5187 Dei,
2837 5137 2964 5176 caro
2993 5123 3222 5187 dicitur,
3258 5141 3418 5194 quam

1870 5210 1983 5278 ipse
2026 5211 2216 5264 anima:
2273 5211 2503 5264 hominis
2549 5213 2693 5264 dedit
2742 5228 2838 5281 pro
2889 5213 3303 5269 babitatione....
3351 5218 3422 5268 ita

1869 5310 1925 5353 ct
1960 5300 2113 5355 nobis
2146 5316 2213 5353 ex
2260 5302 2560 5370 syngrapha
2610 5304 2892 5357 commissa
2942 5312 3022 5357 est
3057 5305 3237 5359 carnis
3271 5321 3421 5371 cura,

1871 5399 1927 5443 ut
1962 5406 2078 5444 eam
2110 5392 2362 5444 decenter
2410 5392 2745 5458 excolentcs,
2806 5394 3044 5463 largitori
3094 5396 3423 5450 fructiferam

1871 5483 2183 5535 reddamus.
2216 5481 2364 5548 Quod
2397 5485 2439 5537 si
2478 5484 2581 5538 Deo
2608 5486 2761 5555 digna
2799 5496 2881 5539 est
2920 5500 3076 5546 caro,
3114 5502 3294 5541 revera
3328 5487 3426 5543 Dei

2430 5690 2469 5718 “
2501 5689 2654 5743 lGor.
2685 5706 2741 5753 ιι,
2774 5690 2853 5743 ιῡ.
2929 5694 2972 5723 ¹¹
3002 5694 3101 5747 Isa.
3126 5705 3316 5753 χχχιιι,
3339 5689 3423 5745 M.

1924 5762 1967 5790 ἰ
1996 5758 2129 5812 Gen.
2164 5772 2315 5821 xxm,
2348 5756 2429 5810 lG.

3100 5872 3154 5914 ιη
