4080 6314
703 340 896 382 :xcvm
2049 333 2575 389 PROLEGOMENA.

698 443 1099 499 tabernaculum
1127 444 1370 509 elﬁcitur,
1402 447 1466 499 ad
1488 462 1618 501 eum
1656 455 1893 512 modum,
1919 466 2024 518 quo
2051 452 2254 505 habitat
2282 460 2326 515 Α
2358 454 2677 520 falsitatem;
2708 457 2966 512 addemus
2992 469 3169 513 tamen
3197 469 3251 513 et
3277 460 3402 525 alia,
3428 460 3621 531 quibus
3650 461 3753 515 hoc
3784 461 3921 515 idem

698 536 749 588 in
775 536 1088 589 sanctis.....
1110 534 1312 589 Deinde
1334 537 1604 604 profectus
1627 539 1841 606 quidam
1865 539 1919 592 lit
1939 550 1991 593 et
2014 557 2260 611 progres-
2363 550 2529 617 magis
2563 548 2889 603 ostendatur.
2918 550 3084 616 Quale
3115 561 3196 603 est
3225 553 3367 617 quod
3411 561 3595 606 auctor
3625 553 3695 607 ita
3737 556 3925 607 scribit

697 626 777 678 sio
802 626 865 678 ad
890 626 1139 694 quiddam
1161 626 1468 693 perfectius.
1492 626 1559 680 Et
1579 630 1695 698 quis
1721 630 1995 696 requiescet
2016 632 2070 683 in
2092 644 2259 685 monte

2362 656 2508 693 num.
2571 642 2593 693 1
2638 658 2651 694 :
2714 640 2837 693 Ἐὰν
2872 642 2927 694 δὲ
3030 641 3166 694 Θεοῦ
3195 643 3319 709 ἀξία
3350 642 3554 715 [capi],
3600 646 3811 712 γίνεται
3850 646 3924 714 τῷ

698 727 877 769 sancto
904 727 989 769 tuo
1008 718 1090 768 "?
1118 715 1331 772 Judzeus
1358 720 1569 787 quidem
1595 732 1848 774 terrester
1878 738 1995 775 cum
2026 732 2256 775 montem

2360 729 2468 781 ὃντι
2497 730 2628 782 Θεοῦ
2681 733 2938 801 σκήνωμα
2961 773 2974 795 ,
3029 732 3167 785 κατὰ
3203 736 3299 804 τὴν
3331 735 3596 807 ἐνοίκησιν
3634 736 3801 788 αὐτοῦ
3830 753 3923 807 την

693 809 862 873 audit,
901 810 965 861 ad
1014 810 1141 862 Sion
1192 814 1535 864 recurrit.....
1585 812 1733 867 Mons
1773 813 1859 867 ille
1894 816 2065 867 locqu
2099 816 2259 868 coele-

2360 823 2437 883 εξς
2480 823 2601 885 τοὺς
2632 823 2839 889 ἁγίους.
2886 823 3012 875 Nam
3045 825 3225 876 mirari
3261 826 3403 878 subit
3448 828 3793 895 scriptorem,
3834 830 3918 892 qui

694 901 1226 973 stcmhsplendidum
1260 913 1314 956 et
1343 905 1688 971 conspicuum
1738 904 1998 974 signiﬁcat
2023 946 2037 969 ,
2069 906 2131 959 de
2153 922 2257 974 quo
2359 912 2684 967 Eusebianus
2716 930 2835 969 esse
2864 917 3133 981 studeret,
3173 919 3492 970 sententiam
3548 926 3726 971 tamen
3760 919 3925 971 Eusc-

690 993 977 1059 Apostolus
1011 994 1085 1046 ait
1115 1011 1127 1045 :
1162 994 1467 1048 Accessistis
1504 996 1571 1047 ad
1600 994 1725 1050 Sion
1760 1009 2004 1059 montem,
2050 1008 2096 1051 et
2128 999 2254 1051 civi-

2358 1004 2568 1057 liianam
2606 1007 2831 1061 barbaro
2874 1006 3122 1074 loquendi
3148 1023 3345 1077 genere
3378 1010 3722 1075 expressisse.
3761 1009 3921 1061 Dixe-

691 1092 847 1135 tatem
878 1082 969 1136 Dei
996 1086 1231 1149 viventis,
1260 1084 1552 1137 Jerusalem
1579 1085 1878 1138 caelestem“
1908 1103 1917 1133 τ
1960 1087 2011 1139 in
2046 1102 2148 1156 qua
2176 1096 2258 1140 est

2358 1106 2439 1148 rat
2472 1096 2797 1150 Eusebianus
2824 1100 3044 1161 usitate,
3076 1099 3149 1162 ὡς
3176 1098 3239 1152 ἂν
3276 1099 3494 1168 γένηται
3523 1117 3618 1153 και
3659 1101 3920 1170 σκήνωμα

691 1176 975 1231 celebritas
1028 1178 1374 1245 angelorum,
1438 1177 1672 1232 Ecclesia
1726 1181 2105 1247 primitivorum
2164 1182 2253 1251 qui

2354 1186 2447 1239 τοῦ
2480 1186 2613 1240 Θεοῦ
2642 1192 2751 1252 τοῖς
2775 1190 2947 1257 ἁγίοις
2983 1192 3332 1255 ἐνοικοῦντος,
3369 1211 3385 1241 ι
3420 1192 3486 1245 Ut
3516 1192 3608 1244 fiat
3637 1203 3689 1245 et
3714 1192 3806 1245 Dei
3839 1204 3919 1243 ta-

691 1269 976 1334 conscripti
997 1280 1115 1322 sunt
1155 1272 1207 1321 in
1230 1272 1369 1324 caelis
1392 1272 1457 1325 ’9.
1491 1271 1778 1341 Postquam
1808 1274 1969 1343 igitur
1989 1276 2251 1344 quispiam
2355 1278 2727 1341 bernaculum,
2783 1281 2835 1333 in
2866 1283 3069 1335 sanctis
3110 1282 3400 1335 habitantis
3437 1299 3450 1335 :
3494 1302 3513 1333 ›
3558 1283 3645 1334 ille
3675 1297 3805 1335 vero
3841 1284 3922 1336 in-

690 1359 791 1413 hac
832 1374 995 1413 carne
1024 1360 1178 1429 quasi
1220 1361 1271 1414 in
1305 1370 1611 1416 transcursu
1644 1365 1779 1418 citra
1828 1365 2075 1419 allectum
2126 1382 2253 1420 usus

2355 1370 2566 1434 usitate,
2597 1372 2735 1425 κατὰ
2757 1373 2854 1443 τὴν
2878 1373 3146 1443 ἐνοίκησιν
3167 1372 3328 1425 αὐτοῦ
3351 1371 3449 1445 τὴν
3474 1373 3551 1436 εἰς
3571 1374 3691 1436 τοὺς
3710 1371 3920 1439 ἁγίους.

688 1460 794 1512 est,
823 1466 939 1502 eam
971 1460 1028 1503 ut
1058 1451 1285 1505 alienam
1319 1453 1575 1519 incolens,
1605 1470 1702 1509 nec
1728 1457 1775 1509 ei
1817 1464 1871 1508 ut
1897 1458 2125 1526 propria:
2151 1460 2247 1511 dc-
2353 1464 2417 1516 ad
2447 1463 2688 1526 verbum,
2738 1483 2755 1515 ι
2787 1467 3079 1517 secutidum
3129 1464 3511 1518 habitationem
3563 1464 3729 1530 ipsius
3753 1502 3769 1527 ,
3803 1478 3922 1533 quze

686 1541 850 1603 (ίίῑυει
882 1542 924 1594 ίε
975 1553 1253 1611 υτονῑετθει
1308 1544 1447 1611 quod
1499 1560 1594 1600 Sull
1647 1546 1905 1610 Inelllbl‘a.
1958 1562 2075 1613 qua
2127 1556 2253 1601 sunt
2352 1564 2433 1608 est
2459 1556 2512 1608 in
2538 1564 2773 1608 sanctus.
2809 1573 2826 1604 ι
2863 1555 3000 1621 Quid
3042 1565 3125 1608 est
3157 1557 3287 1618 hoc,
3323 1556 3423 1609 nisi
3455 1553 3839 1626 βαρϐαρίζειν,
3870 1567 3922 1607 et

687 1648 848 1701 supra
879 1643 1101 1695 terram,
1152 1634 1517 1700 mortificavit,
1566 1638 1914 1705 exercuitque
1961 1640 2252 1692 sanctimo-

2354 1648 2405 1700 iu
2437 1646 2637 1703 Grmcis
2668 1647 2970 1700 balbutire?
3002 1646 3248 1713 Ejusdem
3291 1649 3499 1716 generis
3533 1657 3615 1700 est
3656 1657 3707 1698 et
3744 1647 3871 1699 illud
3903 1664 3915 1697 :

684 1725 855 1787 niam,
880 1726 1074 1793 dignus
1113 1736 1195 1779 est
1230 1729 1321 1795 qui
1366 1729 1415 1781 in
1466 1739 1644 1782 monte
1682 1739 1867 1783 sancto
1926 1731 2248 1796 requiescat,
2289 1798 2295 1811 Ι

2308 1798 2325 1811 ἱ
2358 1742 2520 1811 Ὄρος
2566 1741 2738 1791 ἐκεῖνο
2778 1738 2875 1809 τὴν
2914 1740 3232 1809 ἐπουράνιον
3277 1738 3459 1810 χώραν
3504 1738 3601 1809 τὴν
3645 1740 3919 1810 περιφανῆ

686 1818 840 1885 cujus
873 1818 1074 1886 requiei
1117 1820 1341 1888 cupidus
1385 1818 1671 1873 Psalmista
1708 1820 1915 1873 dicebat
1950 1836 1963 1870 :
1997 1820 2251 1874 Transibo
2287 1798 2297 1851 ¹

2309 1798 2327 1850 3
2354 1798 2445 1884 mi
2475 1798 2750 1902 ίαμπρὰν,
2783 1798 2908 1901 πέρι
2940 1827 3005 1903 ἦς
3114 1798 3432 1894 Ἀπόσζοὶξος
3456 1798 3599 1899 λέγέι
3618 1871 3633 1897 ,
3672 1798 3822 1884 ρίε.ἐ
3854 1798 3920 1882 ad

683 1913 738 1964 in
767 1912 935 1963 locum
961 1910 1281 1964 tabernaculi
1308 1912 1631 1964 admirabilis
1649 1912 1726 1964 ³⁰ε
1754 1921 1825 1975 et,
1866 1910 2036 1976 Quam
2064 1912 2252 1965 dilecta

2353 1908 2603 1985 verbum,
2644 1940 2662 1972 ι
2703 1936 2855 1975 mons
2883 1922 2970 1976 ille
2999 1923 3170 1975 locum
3218 1922 3522 1988 cmlestem,
3557 1922 3918 1991 splendidum,

682 2004 1019 2056 tabernacula
1063 2011 1174 2067 tua,
1214 2002 1431 2056 Domine
1470 2003 1816 2055 virtutum"!
1857 2004 2030 2057 liarus
2069 2014 2248 2057 autem
2353 2015 2417 2068 de
2444 2028 2549 2083 quo
2586 2013 2870 2083 Apostolus
2896 2016 3004 2080 ait,
3040 2034 3058 2066 ι
3092 2026 3195 2071 εις,
3229 2015 3486 2084 scriptori
3525 2015 3743 2078 excidit,
3777 2016 3923 2084 quod

682 2109 764 2151 est
797 2106 851 2151 et
882 2097 971 2166 qui
1002 2097 1051 2150 in
1086 2111 1311 2164 corpore
1345 2108 1594 2167 tanquam
1629 2097 1801 2150 incola
1828 2096 2053 2161 habitat,
2080 2105 2135 2150 el
2158 2096 2248 2165 qui
2353 2105 2415 2157 ad
2447 2103 2823 2158 absolvendam
2864 2106 3140 2172 periddum
3170 2106 3365 2159 addere
3389 2105 3664 2161 debuerat.
3695 2103 3805 2157 Nec
3831 2106 3922 2156 ah-

681 2189 735 2242 in
775 2200 957 2243 monte
989 2189 1300 2257 requiescit.
1337 2187 1626 2256 Propterea
1659 2188 1971 2257 Scriptura,
2006 2198 2064 2242 ut
2092 2189 2249 2242 dubi-

2349 2195 2522 2250 simile
2566 2196 2693 2249 illud
2730 2210 2745 2248 :
2786 2196 2932 2247 Ἐκεῖ
2961 2198 3106 2267 ἡμᾶς
3156 2197 3306 2265 καὶὴ
3361 2194 3495 2266 πρὸς
3537 2197 3661 2257 τοὺς
3691 2193 3920 2264 πλησίον

683 2293 823 2348 tans,
853 2283 925 2334 ait
970 2300 982 2335 :
1027 2280 1157 2347 Quis
1190 2281 1642 2350 peregrinabitur?
1679 2290 1733 2335 et
1761 2282 1892 2345 Quis
1931 2281 2250 2351 requiescet?

2348 2287 2424 2357 τῷ
2444 2286 2587 2357 λόγῳ
2607 2287 2819 2356 ἐκείνης
2848 2288 2945 2357 τῆς
2978 2290 3035 2340 ὲν
3060 2286 3135 2356 τῷ
3157 2285 3755 2357 ὃρεικατασκηνώσεως
3774 2325 3791 2351 ,
3822 2287 3922 2339 καὶ

678 2373 1140 2441 Quemadmodum
1182 2373 1310 2427 illud
1360 2390 1373 2425 :
1426 2372 1555 2439 Quis
1599 2374 1833 2442 cognovit
1875 2384 2095 2427 mentem
2141 2371 2247 2425 Do-

2348 2378 2379 2447 ή
2411 2377 2473 2428 ὲκ
2500 2375 2593 2428 τοῦ
2628 2378 2859 2446 μαμωνᾶ
2895 2377 2993 2446 τῆς
3031 2376 3239 2441 ἀδικίας
3285 2377 3539 2447 γινομένη
3581 2375 3729 2444 φιλία.
3759 2391 3922 2429 κατα-

679 2463 909 2517 mini"?
960 2464 1089 2519 Item
1150 2464 1325 2519 illud:
1369 2463 1497 2530 Quis
1539 2464 1870 2519 annuntiabit
1916 2465 2057 2518 vobis
2107 2465 2247 2535 quod
2349 2469 2554 2537 σκηνοῖ,
2606 2485 2624 2519 ι
2682 2464 2793 2521 Illic
2853 2468 3007 2521 nobis
3051 2479 3105 2522 et
3148 2466 3374 2537 proximi
3418 2482 3583 2530 amor,
3629 2466 3718 2533 qui
3749 2481 3917 2519 causa

678 2555 1522 2626 ignisardet'3‘letillud:Quis
1554 2555 2245 2610 annuntiabitvobisfocum
2346 2560 2487 2615 illitis
2545 2560 2749 2628 requiei
2816 2560 2867 2614 in
2937 2570 3119 2613 monte
3196 2558 3433 2612 fruendae
3501 2558 3807 2623 exhibetur,
3866 2569 3923 2613 et

679 2647 1129 2712 mternum”?et,
1173 2646 1331 2713 Quis,
1367 2657 1553 2716 putas,
1602 2648 1770 2717 fidelis
1808 2659 1881 2702 est
1916 2660 1963 2703 et
2017 2651 2244 2718 prudens
2346 2666 2499 2707 amor
2547 2651 2638 2720 qui
2694 2667 2758 2704 ex
2793 2665 3095 2703 mammona
3149 2650 3447 2719 iniquitatis
3504 2649 3763 2712 nascitur,
3821 2648 3921 2702 ha-

678 2734 1007 2805 dispensator
1023 2734 1392 2791 "‘iFortasse
1420 2746 1597 2790 autem
1628 2747 1681 2791 et
1702 2736 1853 2801 illud,
1894 2736 2044 2803 Quis,
2078 2739 2245 2791 iuter-
2345 2744 2657 2798 bitationem
2716 2743 2935 2811 praebet.
2974 2761 2993 2793 ι
3021 2741 3179 2796 Certe
3216 2757 3322 2810 quo
3370 2742 3537 2810 magis
3568 2742 3680 2795 haec
3733 2741 3917 2794 consi-

678 2824 918 2895 rogative
985 2823 1180 2878 dicitur
1230 2824 1383 2893 quasi
1441 2826 1749 2893 exquireret
1811 2841 2238 2895 responsum.....
2344 2836 2494 2902 dero,
2534 2847 2597 2887 eo
2666 2833 2834 2901 magis
2878 2834 3005 2885 mihi
3048 2833 3363 2901 persuadeo,
3406 2832 3660 2885 Basilium
3708 2830 3920 2884 rectius

676 2915 795 2972 Non
828 2918 972 2973 enim
1002 2916 1143 2970 satio
1173 2931 1273 2969 una
1304 2916 1477 2969 virum
1504 2916 1725 2986 probum
1752 2915 1930 2981 eﬂlcit,
1960 2917 2051 2971 sed
2081 2931 2241 2986 opera
2344 2930 2398 2977 et
2431 2922 2731 2977 locuturum
2757 2921 2943 2986 fuisse,
2963 2930 3015 2976 et
3035 2923 3409 2991 cogitaturum.
3448 2919 3581 2974 Nam
3620 2922 3732 2988 illa,
3752 2938 3922 2977 κατα·

676 3009 895 3064 virtutis
947 3006 1159 3062 extendi
1206 3014 1418 3075 oportet
1462 3008 1529 3061 ad
1581 3010 1744 3063 vitam
1788 3022 2025 3063 omnem.
2065 3028 2083 3060 ι
2120 3008 2243 3063 llaec
2346 3018 2532 3085 cx'qvci'
2559 3015 2725 3084 ἡμᾶς.
2770 3028 2866 3082 pro
2912 3028 2975 3067 eo
3022 3015 3161 3085 quod
3194 3024 3298 3079 est,
3350 3013 3560 3067 t-faciet
3608 3022 3665 3066 ut
3703 3013 3920 3068 habite-

677 3103 777 3157 etsi
810 3101 1069 3171 longiora,
1110 3098 1419 3154 exscribere
1460 3098 1631 3153 visum
1659 3108 1763 3164 est,
1794 3115 1899 3170 quo
1938 3100 2078 3153 furta
2122 3116 2242 3170 qua:
2266 3145 2309 3204 ϐ
2344 3120 2483 3167 mus,
2513 3122 2530 3155 ι
2585 3104 2821 3158 invenire
2856 3118 2957 3157 non
2998 3114 3080 3158 est
3124 3120 3294 3174 neque
3327 3104 3462 3173 apud
3504 3103 3782 3167 Basilium,
3818 3117 3921 3156 ne-

677 3195 908 3264 scriptor
953 3200 1135 3247 noster
1174 3191 1329 3261 longa
1367 3190 1649 3245 verborum
1697 3192 2016 3246 circuitione
2060 3193 2241 3247 occul-
2268 3190 2309 3204 ν
2341 3207 2445 3262 que
2473 3191 2703 3246 fortasse
2728 3193 2865 3260 apud
2909 3192 3043 3246 alios
3075 3193 3296 3246 idoneos
3340 3192 3649 3260 scriptores.
3684 3190 3921 3245 Senten-

679 3297 791 3339 tare
846 3285 1111 3350 voluerat,
1186 3282 1394 3338 facilius
1451 3282 1756 3353 clariusque
1819 3284 2236 3339 innotescerent.
2342 3283 2469 3336 tiam
2503 3283 2789 3335 verborum
2826 3281 2935 3349 jam
2973 3282 3015 3335 si
3049 3283 3433 3351 expendamus,
3458 3299 3517 3336 ea
3543 3298 3647 3336 non
3670 3293 3799 3352 puto
3831 3297 3922 3336 re-

673 3375 793 3432 Jam
840 3377 997 3430 velim
1048 3386 1389 3445 comparetur
1436 3376 1608 3458 prima
1650 3376 1763 3429 haec
1799 3376 1974 3430 oratio
2011 3377 2060 3429 in
2096 3376 2239 3446 psal-
2338 3375 2500 3445 periri
2547 3376 2837 3443 quidquam
2881 3390 3037 3441 posse
3090 3384 3181 3429 aut
3232 3376 3460 3444 ineptius
3504 3375 3602 3445 (α),
3644 3383 3736 3429 aut
3769 3376 3918 3443 quod

679 3483 821 3522 mum
856 3469 1119 3522 decimum
1166 3477 1419 3534 quartum
1469 3482 1591 3522 cum
1634 3469 1867 3522 secunda
1906 3469 2149 3523 oratione
2188 3471 2238 3522 in
2339 3484 2369 3522 a
2395 3482 2526 3521 sana
2552 3478 2731 3521 mente
2754 3468 2922 3537 magis
2947 3469 3254 3522 abhorreat.
3276 3466 3409 3520 Nam
3431 3467 3478 3521 si
3504 3468 3730 3536 proximi
3756 3482 3920 3520 amor

676 3561 942 3630 psalmum
984 3559 1252 3613 eumdem.
1296 3558 1368 3612 Ea
1399 3568 1482 3614 est
1508 3559 1767 3614 orationis
1800 3561 2048 3614 secundae
2080 3562 2238 3614 uber-
2338 3559 2550 3613 deducit
2575 3574 2671 3613 nos
2701 3560 2766 3613 ad
2793 3563 3064 3613 caelestem
3092 3564 3405 3627 beatamque
3440 3560 3699 3628 requiem,
3757 3573 3920 3611 antur

677 3663 781 3717 tas,
809 3653 1060 3715 varietas,
1102 3651 1276 3719 capia,
1319 3667 1480 3720 quam
1517 3651 1824 3719 paucissimi
1857 3660 2099 3705 oratores
2134 3667 2237 3704 non
2338 3653 2428 3723 qui
2452 3669 2518 3705 ex
2552 3667 2851 3705 mammona
2887 3652 3187 3721 iniquitatis
3230 3652 3489 3716 nascitur,
3533 3652 3599 3705 ab
3626 3664 3687 3705 ea
3717 3651 3917 3719 utique

677 3746 800 3800 dico
826 3758 1101 3813 superare,
1153 3744 1245 3799 sed
1298 3744 1491 3797 imitari
1534 3744 1761 3813 possint.
1800 3744 2110 3799 Versiculus
2159 3743 2239 3796 vel
2340 3761 2434 3799 nos
2463 3745 2701 3800 abducit.
2742 3746 2891 3811 Quod
2922 3746 2972 3797 in
3023 3745 3127 3799 line
3174 3746 3430 3800 orationis
3463 3745 3673 3813 legitur,
3707 3743 3778 3797 Τὸ
3808 3744 3919 3812 ἀρ-

678 3838 867 3893 unicus
892 3837 1277 3907 amplissimam
1318 3836 1672 3891 concionandi
1723 3836 2000 3889 materiam
2044 3836 2239 3889 Basilio

2338 3838 2543 3906 γύριον
2562 3836 2748 3890 αὑτοῦ
2782 3838 2892 3889 οὐκ
2921 3836 3143 3890 ἔδωκεν
3172 3836 3271 3891 ἐπι
3298 3837 3467 3902 τόκῳ,
3504 3836 3605 3900 Qui
3632 3835 3917 3904 pecuniam

678 3928 1129 3985 subministravit.
1169 3928 1281 3983 Hoc
1337 3929 1475 3983 idem
1523 3931 1867 3983 observatum
1926 3928 2046 3982 volo
2092 3938 2147 3981 et
2186 3929 2236 3980 in
2337 3946 2485 3981 suam
2515 3945 2615 3981 non
2653 3928 2794 3980 dedit
2829 3928 2897 3979 ad
2937 3928 3242 3991 usurum",
3278 3939 3369 3979 aut
3399 3927 3625 3997 (variant
3666 3925 3811 3977 enim
3846 3924 3917 3977 li-

678 4021 1021 4076 enarratione
1078 4020 1130 4073 in
1191 4020 1423 4090 primum
1474 4018 1761 4088 psalmum,
1819 4020 1869 4073 in
1918 4035 2022 4088 qua
2068 4019 2237 4089 prima

2341 4020 2463 4087 bri),
2495 4018 2575 4084 Τῷ
2603 4018 2867 4073 αἰτοῦντί
2901 4035 2973 4071 σε
3002 4018 3128 4084 δὸς,
3171 4018 3267 4071 καὶ
3316 4018 3432 4073 ἀπὸ
3472 4017 3577 4071 τοῦ
3624 4015 3918 4079 θέλοντος

679 4112 869 4185 psalmi
897 4112 1059 4167 verba
1086 4113 1156 4167 ita
1185 4120 1339 4167 ornat
1382 4111 1780 4181 ampliticatque
1814 4111 2071 4175 Basilius,
2109 4119 2167 4164 ut
2194 4111 2236 4164 si

2338 4107 2733 4163 δανείσασθαι
2773 4107 2858 4177 μὴ
2907 4107 3317 4176 ἀποστραφῇς.
3375 4107 3477 4172 Qui
3513 4106 3634 4174 petit
3670 4122 3702 4158 a
3733 4116 3805 4167 te,
3844 4108 3920 4159 da

680 4203 1008 4273 explicasset
1033 4201 1201 4271 plura,
1226 4202 1499 4257 concionis
1520 4200 1695 4270 justos
1721 4201 1919 4255 limites
1945 4200 2236 4270 transgredi
2338 4201 2418 4264 ei;
2455 4210 2500 4253 et
2527 4200 2711 4253 uolenti
2749 4201 2977 4251 mutuari
3012 4217 3043 4252 a
3072 4211 3140 4265 te,
3168 4215 3228 4253 ne
3258 4198 3507 4253 averteris
3532 4197 3677 4267 ",jid
3708 4196 3796 4249 vel
3826 4211 3920 4249 so-

674 4304 894 4350 coactus
934 4302 1093 4351 esset.
1130 4293 1334 4348 Possim
1383 4301 1438 4348 et
1464 4293 1627 4346 multa
1661 4291 1762 4345 alia
1812 4291 2055 4360 exempla
2090 4291 2238 4345 miri-
2340 4289 2448 4343 lum
2478 4288 2757 4344 concionis
2783 4288 2938 4357 hujus
2963 4289 3247 4342 falsitatem
3277 4287 3494 4357 delegit.
3524 4285 3747 4359 Etenim
3767 4286 3814 4339 si
3847 4286 3923 4340 le-

668 4388 959 4443 scientius
1001 4387 1295 4447 ubertatis.
1336 4400 1497 4455 quam
1536 4386 1584 4440 ei
1624 4391 1811 4438 natura
1847 4384 1911 4437 ad
1954 4381 2234 4438 dicendum

2339 4382 2500 4452 geris,
2533 4379 2592 4433 τὸ
2624 4380 2885 4453 ἀργύριον
2919 4380 3109 4447 αὑτοῦ,
3144 4391 3272 4448 etc.,
3302 4379 3530 4433 Basilius
3557 4379 3668 4447 ipse
3704 4377 3920 4432 oratio—

675 4478 865 4549 largita
897 4489 1048 4545 erat,
1077 4478 1162 4533 hic
1210 4490 1505 4547 congerere
1546 4493 1559 4528 :
1599 4475 1688 4531 sed
1732 4490 1853 4529 cum
1897 4474 2069 4530 doctis
2114 4482 2235 4527 nota
2269 4488 2313 4541 ι)
2345 4476 2426 4529 nis
2454 4476 2702 4530 secunda:
2727 4475 2881 4529 initio
2912 4472 3070 4529 docet
3092 4490 3151 4530 se
3180 4475 3321 4528 hunc
3349 4470 3545 4527 Psalmi
3579 4468 3917 4525 versiculum

680 4570 812 4635 sint,
838 4586 900 4624 ea
929 4569 1129 4625 referre
1166 4584 1386 4626 necesse
1414 4584 1516 4623 non
1547 4578 1648 4623 est.
1674 4567 1773 4635 Qui
1810 4567 1972 4637 igitur
2002 4566 2117 4620 ﬁeri
2145 4580 2238 4633 po-
2348 4567 2399 4621 in
2427 4568 2686 4621 concione
2714 4566 2895 4635 priore
2923 4565 2993 4620 ob
3024 4566 3283 4632 temporis
3309 4563 3585 4634 angustias
3613 4562 3916 4618 omisisse:

681 4661 803 4725 tuit,
832 4672 888 4715 ut
912 4677 1152 4715 summus
1187 4672 1371 4716 orator
1397 4660 1623 4715 Basilius
1646 4656 1763 4714 suae
1790 4660 1956 4730 ipsius
1978 4656 2239 4713 facundia:
2344 4661 2390 4714 si
2415 4674 2541 4714 vero
2563 4659 2775 4730 legeris,
2801 4657 2877 4729 τῷ
2898 4657 3135 4712 αἰτοῦντι
3155 4673 3236 4723 σε,
3262 4666 3391 4722 etc.,
3425 4657 3525 4709 bnc
3548 4662 3763 4709 constat
3787 4669 3920 4708 cum

675 4753 825 4821 quasi
850 4752 1065 4818 oblitus,
1101 4770 1205 4809 non
1242 4753 1537 4809 sententias
1563 4751 1769 4817 solum,
1798 4751 1890 4805 sed
1922 4753 2035 4820 ipsa
2074 4750 2236 4804 etiam
2343 4751 2768 4822 praecedentibus
2820 4750 2965 4805 nullo
3023 4752 3181 4804 modo
3249 4750 3543 4804 cohaerere.
3610 4744 3922 4815 Postquam

676 4847 842 4900 verba
880 4845 947 4899 ab
977 4844 1207 4901 Eusebio
1237 4854 1510 4900 mutuatus
1537 4844 1638 4899 sit?
1663 4842 1730 4898 Et
1758 4843 1901 4912 quod
1929 4842 2096 4914 magis
2132 4842 2236 4896 mi-
2342 4844 2484 4896 enim
2512 4840 2725 4896 dixerat
2766 4842 2927 4896 multa
2971 4844 3200 4911 scriptor
3231 4841 3283 4895 in
3319 4840 3460 4895 hunc
3498 4852 3711 4893 versum
3754 4857 3770 4893 :
3810 4836 3923 4903 Qui

677 4939 885 5003 rabere,
932 4938 984 4992 id
1037 4936 1251 4993 fecisset
1279 4937 1507 4992 Basilius
1535 4953 1639 4990 non
1681 4950 1803 4991 cum
1849 4950 2011 4989 unum
2046 4934 2236 5004 psalmi
2333 4933 2483 5002 jurat
2515 4935 2753 5001 proximo
2794 4950 2908 4996 suo,
2951 4941 3000 4987 et
3037 4950 3139 4987 non
3178 4932 3365 5001 decipit
3381 4931 3447 4995 ³⁸,
3493 4928 3617 4999 quid
3644 4928 3924 4982 attinebat

678 5026 904 5095 alicujus
936 5027 1259 5081 versiculum
1292 5028 1392 5082 sibi
1428 5026 1799 5097 explicandum
1848 5025 2236 5094 proposuisset,
2339 5025 2519 5079 subito
2549 5034 2603 5078 et
2650 5035 2848 5093 praeter
2874 5026 3111 5081 omnium
3144 5026 3595 5096 exspectationem
3635 5022 3723 5076 illa
3776 5021 3924 5075 Mat-

677 5118 769 5171 scd
798 5118 990 5172 multos
1028 5136 1043 5171 :
1078 5120 1219 5187 quod
1262 5130 1317 5173 et
1358 5118 1702 5188 indigentiam
1738 5132 2003 5170 summam
2030 5117 2079 5169 in
2108 5117 2241 5170 scri-
2343 5120 2485 5181 thaai,
2514 5117 2749 5172 αἰτοῦντί
2772 5135 2853 5185 σε,
2884 5129 3016 5185 etc.,
3047 5119 3356 5189 explicare?
3380 5117 3640 5171 Praeterea
3685 5113 3733 5167 si
3762 5114 3924 5169 Basi-

677 5220 831 5276 ptore
868 5210 1061 5278 arguit,
1101 5225 1197 5264 nec
1230 5208 1335 5262 ullo
1368 5210 1523 5262 modo
1553 5224 1673 5262 cum
1702 5206 1967 5261 Basiliana
1996 5206 2239 5260 facundia
2341 5212 2411 5265 lio
2438 5225 2532 5279 per
2557 5219 2763 5279 tempus
2808 5226 2912 5265 non
2956 5210 3105 5265 licuit
3133 5211 3292 5266 verba
3342 5207 3555 5263 Davidis
3590 5204 3922 5274 explanare,

678 5309 855 5367 potest
881 5301 1173 5356 conciliari.
1219 5303 1282 5355 Et
1314 5303 1356 5356 si
1406 5311 1584 5355 autem
1618 5298 1858 5354 sufficere
1908 5299 2237 5353 arbitramur
2343 5302 2613 5372 quomodo
2633 5303 2680 5356 ei
2710 5302 2940 5358 facultas
2986 5302 3083 5356 fuit
3110 5300 3343 5356 Matthzei
3376 5300 3538 5355 verba
3563 5298 3926 5367 exponendi?

677 5404 795 5459 qua:
843 5392 1098 5460 diximus,
1152 5395 1217 5448 ad
1260 5393 1733 5448 demonstrandum
1784 5393 1941 5461 hujus
1974 5394 2234 5447 oratioais
2345 5395 2596 5449 Arbitror
2636 5394 2970 5451 Parisienses
3019 5394 3380 5465 typographos
3426 5393 3541 5446 haec
3565 5390 3922 5467 incommoda

755 5574 799 5607 "
826 5572 988 5626 Psal..
1042 5588 1151 5635 xw,
1180 5572 1251 5642 Il.
1328 5571 1701 5642 “illehr.xtt,
1728 5570 1816 5624 22.
1894 5570 2093 5642 "ibid.
2122 5572 2211 5642 ἓξ.
2291 5571 2334 5602 ³⁸

2314 5573 2334 5602 °
2370 5573 2508 5627 Psal.
2543 5590 2650 5638 xu,
2681 5575 2732 5629 5.
2811 5576 2852 5607 ³¹
2892 5574 3028 5629 Psal.
3057 5587 3280 5632 ιχχιιιι,
3312 5575 3361 5625 2.
3439 5574 3484 5602 "
3516 5571 3533 5625 Ι
3561 5570 3690 5642 βοΐ.
3730 5584 3799 5635 ιι,
3828 5566 3925 5630 {5.

681 5646 725 5677 ³³
757 5646 852 5699 lsa.
884 5658 1073 5709 xxxtu,
1119 5640 1204 5695 142
1283 5642 1327 5672 ³⁸⁵
1365 5641 1491 5695 ibid.
1569 5641 1613 5671 ³⁵
1649 5640 1775 5694 Luc.
1811 5656 1902 5702 xu,
1934 5641 2023 5694 42.
2102 5643 2143 5670 ⁸⁵
2176 5640 2292 5695 Psal

1987 5641 2023 5693 Β.
2102 5643 2143 5670 ⁸⁵
2176 5640 2313 5695 Psal.
2350 5659 2459 5705 xtv,
2500 5645 2551 5697 5.
2630 5647 2669 5675 ³⁷
2702 5645 2890 5700 Matth.
2927 5662 2977 5707 ν,
3008 5647 3096 5699 42.
3176 5646 3218 5677 ⁸⁸
3240 5645 3375 5697 Psal.
3406 5656 3514 5707 ιιν,
3547 5640 3598 5694 4.

749 5761 823 5835 (a)
851 5761 971 5817 llaec
1018 5760 1323 5817 retractavit
1374 5761 1431 5816 D.
1466 5758 1757 5816 Garnerius
1817 5759 1869 5814 in
1922 5758 2235 5816 Prmfationc
2267 5763 2390 5816 tomi
2422 5762 2461 5817 ll
2490 5761 2625 5834 [Ill],
2662 5763 2689 5833 ᾗ
2724 5762 2863 5819 XIV.
2905 5764 3061 5820 EDIT.
