4088 6310
1276 376 1335 428 D.
1377 373 1519 426 JUl..
1561 374 1884 426 GAIINEBH
1922 376 2307 428 PREFATIO.

3194 395 3345 435 CXCI!

161 495 466 561 persensisse
487 508 501 552 ;
526 492 597 543 ob
626 493 784 559 idque
809 508 912 545 non
943 491 1195 552 edidisse,
1220 490 1455 541 αἰτοῦντι
1480 503 1704 552 ss,etc.,
1738 496 1781 547 Α
1811 504 1913 555 qua
1939 489 2134 555 alioqui
2169 490 2418 543 dictionis
2456 490 2729 545 Basiliam:
2765 492 3007 558 veStigia,
3049 502 3104 544 ut
3130 494 3181 544 in
3215 498 3358 558 ejus-

161 584 248 645 scd,
288 583 349 636 τὸ
400 578 663 650 ἀργύριον
703 580 890 642 αὑτοῦ,
948 585 1053 629 etc.
1094 574 1196 628 Sed
1245 576 1610 643 imprudentes
1652 578 1706 626 in

160 676 307 741 majus
332 672 733 725 incommodum
768 670 1093 723 inciderunt.
1141 666 1301 728 Nam,
1347 667 1706 731 praetermissa

158 766 301 820 fuisse
327 762 379 814 in
413 761 580 831 prima
609 764 854 817 oratione
876 760 1033 814 verba
1066 760 1173 823 illa,
1193 760 1253 810 τὸ
1276 757 1555 828 ἀργύριον,
1576 771 1705 820 etc.,

159 863 317 910 monet
353 853 802 927 locupletissimus
841 854 996 907 testis
1042 853 1287 905 Basilius.
1336 850 1515 903 Basilii
1548 851 1709 920 igitur

158 962 244 1002 non
276 955 361 1004 est
407 951 521 1005 hzec
549 945 747 1009 oratio,
777 946 868 1000 sed
915 945 1136 998 alterius
1168 942 1421 1009 cujusvis,
1449 941 1540 1009 qui
1567 943 1706 1011 quod

157 1039 449 1095 concionem
496 1037 639 1090 illius
690 1052 948 1104 nusquam
992 1048 1303 1102 comparere
1337 1034 1558 1096 videret,
1607 1034 1707 1087 hoc

157 1134 393 1188 damnum
428 1145 526 1185 suo
564 1129 732 1199 ipsius
772 1128 954 1182 labore
996 1134 1050 1179 et
1086 1141 1249 1195 opera
1298 1135 1571 1194 utcunque
1617 1143 1703 1181 re-

158 1228 338 1279 sarcire
368 1221 558 1274 voluil.

213 1320 291 1373 54.
329 1317 473 1368 Duas
516 1315 771 1370 habemus
810 1313 859 1365 in
905 1311 1169 1382 psalmum
1202 1310 1515 1364 vicesimum
1548 1320 1696 1365 octa-

156 1425 261 1463 vum
294 1407 592 1469 orationes,
627 1421 849 1475 quarum
882 1406 1100 1474 quidem
1131 1403 1403 1474 posterior
1429 1402 1551 1471 jure
1577 1402 1703 1469 reji-

156 1503 275 1552 ritur
317 1500 387 1552 ab
418 1499 702 1562 omnibus;
735 1497 902 1551 altera
938 1513 1086 1561 vero,
1119 1496 1331 1551 netuine
1354 1496 1702 1556 reclamante,

157 1591 329 1645 Basilio
362 1593 636 1646 tribuitur.
664 1590 800 1646 Sunt
849 1599 1023 1641 tamen
1074 1605 1192 1655 quae
1230 1590 1530 1642 inolestiam
1559 1601 1699 1653 quo-

155 1698 244 1753 que
274 1686 569 1739 exhibeant
596 1683 649 1737 in
686 1684 857 1751 prima
892 1680 977 1732 illa
1005 1680 1272 1739 oratione,
1311 1680 1355 1731 si
1390 1694 1493 1731 non
1523 1677 1700 1742 alteri,

158 1776 269 1830 mihi
301 1786 449 1831 certe
479 1776 789 1828 maximam.
824 1770 956 1825 Nam
1002 1770 1129 1822 illud
1161 1769 1313 1837 quasi
1348 1778 1553 1822 certum
1593 1769 1702 1822 cri-

157 1868 271 1921 lices
296 1866 621 1932 principium
660 1864 955 1927 posuimus,
984 1862 1239 1917 Basiliam
1268 1878 1387 1917 cum
1430 1878 1536 1917 non
1571 1862 1705 1916 fuis—

156 1974 223 2020 se,
251 1958 337 2026 qui
385 1958 587 2025 scripta
627 1956 842 2010 Eusebii
890 1958 954 2010 ad
997 1957 1216 2010 verbum
1271 1956 1605 2025 compilaret.
1640 1956 1705 2007 Et

156 2059 315 2103 tamen
347 2049 399 2102 in
432 2049 534 2103 hac
555 2050 797 2101 oratione
828 2059 1123 2102 occurrunt
1157 2048 1433 2109 nonnulla,
1469 2062 1588 2115 qua
1621 2055 1705 2099 to-

157 2141 299 2196 tidem
325 2140 555 2213 syllabis
591 2140 642 2194 in
679 2140 907 2197 Eusebio
935 2142 1202 2210 leguntur.
1230 2137 1471 2192 Primum
1503 2140 1705 2194 exscri-

154 2234 261 2287 bam
297 2248 417 2303 qua:
452 2232 794 2301 reperiuntur
827 2235 963 2301 apud
994 2234 1275 2293 Basilium,
1324 2230 1541 2295 deinde,
1586 2245 1705 2298 qua

155 2325 199 2375 in
226 2325 472 2379 Eusebio.
523 2324 615 2379 Sic
666 2325 827 2392 igitur
853 2323 1081 2391 legimus
1123 2324 1176 2375 in
1226 2322 1407 2375 Basilii
1461 2322 1707 2374 oratione

156 2430 283 2466 num.
308 2415 341 2467 4
383 2435 397 2469 ;
436 2416 570 2468 Ὅτε
617 2413 833 2484 αἰθρίας
866 2412 1032 2482 οὔσης
1060 2414 1152 2466 ἐπὶ
1187 2413 1287 2484 τὴν
1331 2412 1575 2484 κορυφὴν
1612 2411 1706 2463 τοῦ

154 2506 435 2579 Καρμήλου
463 2507 662 2578 ἢκουσε
696 2506 876 2577 φωνῆς
911 2506 1115 2561 ὑδάτων
1141 2504 1349 2560 πολλῶν
1381 2547 1393 2559 .
1413 2544 1427 2558 .
1452 2546 1465 2560 .
1511 2505 1570 2558 '0
1598 2505 1707 2574 γὰρ

155 2600 316 2654 πάντα
342 2599 543 2671 ἰσχύων
575 2600 634 2652 ὲν
654 2599 729 2670 τῷ
752 2597 1133 2669 ἐνδυναμοῦντί
1161 2597 1322 2652 αὑτὸν
1350 2595 1591 2669 Χριστῷ,
1620 2590 1706 2650 οὗ·

152 2708 230 2753 τος
260 2692 447 2745 ἀκούει
471 2693 581 2743 τῶν
616 2692 840 2743 ἐντολῶν
862 2691 957 2744 τοῦ
983 2692 1212 2761 Κυρίου,
1243 2692 1338 2743 καὶ
1365 2690 1526 2741 ποιεῖ.
1552 2688 1706 2759 Φωνὴ

152 2777 232 2834 οὖν
255 2783 480 2852 Κυρίου,
509 2784 609 2835 οὐκ
640 2784 697 2836 ὲν
719 2786 784 2852 τῇ
808 2782 1022 2833 ἀσθενεῖ
1049 2783 1142 2834 καὶ
1167 2780 1499 2851 ὲκλελυμένῃ
1537 2781 1705 2849 ψυχῇ,

152 2876 337 2931 ἀλλ’ὲν
370 2881 439 2948 τῇ
483 2878 713 2941 εὐτόνως
756 2876 849 2930 καὶ
884 2875 1118 2946 ἰσχυρῶς
1156 2873 1599 2946 κατεργαζομένη
1646 2873 1709 2926 τὸ

154 2971 360 3037 ἀγαθόν.
388 2990 408 3023 α
435 2971 683 3038 Quando,
704 2978 997 3037 occupante
1018 2966 1249 3021 Carmeli
1276 2966 1530 3020 verticem
1548 2964 1706 3029 sudo,

154 3078 402 3132 aquarum
435 3062 720 3116 multarum
763 3075 948 3115 vocem
984 3058 1189 3112 audivit
1215 3097 1230 3111 .
1250 3099 1263 3113 .
1287 3096 1302 3112 .
1332 3098 1347 3111 .
1375 3094 1392 3112 .
1424 3057 1523 3123 Qui
1563 3057 1705 3111 enitn

154 3156 318 3208 omnia
359 3163 541 3225 potest
586 3153 639 3206 in
668 3167 732 3207 eo
766 3153 855 3221 qui
892 3151 1064 3222 ipsum
1101 3149 1437 3213 corroborat,
1463 3148 1703 3213 Christo,
1734 3174 1776 3232 ρ

155 3245 193 3296 ia
220 3246 366 3297 audit
415 3245 624 3299 Domini
664 3244 933 3311 mandata,
967 3252 1020 3297 et
1058 3243 1206 3298 facit.
1249 3241 1361 3297 Vox
1403 3242 1563 3312 igitur
1609 3243 1711 3296 Do-

154 3333 270 3387 mini
303 3351 414 3388 rion
469 3336 525 3388 in
556 3336 713 3388 debili
745 3344 800 3387 et
850 3335 1108 3389 dissoluta
1160 3334 1360 3395 anima,
1417 3335 1508 3387 sed
1542 3334 1594 3386 in
1625 3348 1709 3396 ea,

151 3438 256 3491 qua:
300 3433 527 3477 strenue
573 3439 637 3477 ac
665 3425 888 3477 viriliter
922 3423 1121 3475 bonmn
1176 3421 1405 3490 periit-it.
1434 3439 1451 3471 ι
1511 3421 1711 3473 Eadem

154 3514 292 3581 plane
322 3516 627 3584 reperimus
672 3516 724 3569 in
759 3514 1008 3568 Eusebio.
1050 3513 1176 3580 Ejus
1220 3512 1398 3580 itaque
1432 3512 1544 3565 lucc
1588 3520 1715 3565 sunt

154 3608 294 3663 verba
324 3626 339 3663 :
372 3609 498 3663 Ὅτι
524 3606 733 3680 αἰθρίας
758 3606 921 3677 οῠσης
954 3604 1046 3661 ἐπὶ
1065 3606 1165 3675 τὴν
1190 3603 1432 3676 κορυφὴν
1454 3603 1547 3655 τοῦ
1570 3604 1715 3673 Καρ-

156 3700 331 3769 μήλου,
368 3702 570 3771 ἤκουεν
594 3703 773 3771 φωνὴν
807 3700 1013 3754 ὑδάτων
1040 3697 1249 3750 πολλῶν
1279 3737 1293 3750 .
1312 3737 1327 3751 .
1346 3738 1360 3752 .
1387 3699 1415 3751 ὁ
1439 3696 1545 3768 γὰρ
1574 3695 1709 3748 πάν-

151 3808 207 3843 τα
238 3793 439 3862 ἰσχύων
464 3794 525 3846 ἓν
560 3792 638 3860 τῷ
672 3791 1055 3861 ἐνδυναμοῦντί.
1087 3790 1249 3842 αὐτὸν
1271 3788 1509 3858 Χριστῷ,
1557 3782 1713 3848 οὗτος

153 3884 321 3937 ἀκούει
356 3886 469 3938 τῶν
511 3882 737 3937 ἐντολῶν
770 3882 995 3953 Κυρίου,
1044 3882 1138 3936 καὶ
1188 3883 1357 3949 ποιεῖ,
1393 3879 1578 3949 Φωνὴν
1615 3874 1711 3930 οὖν

151 3974 340 4047 Κυρίου
375 3977 481 4031 οὐκ
525 3977 583 4030 ὲν
610 3978 677 4046 τῇ
710 3974 925 4028 ἀσθενεῖ
961 3974 1054 4027 καὶ
1096 3972 1363 4044 λελυμένῃ
1393 3971 1559 4041 ψυχῇ,
1596 3969 1712 4022 ἀλλ’

151 4067 199 4118 ἐν
246 4072 310 4139 τῇ
360 4069 570 4140 εὐτόνῳ
616 4066 848 4140 ἰσχυρῶς
888 4062 1335 4137 κατεργαζομένη
1380 4063 1439 4117 ἰδ
1487 4061 1708 4131 ἀγαθόν·

158 4157 320 4224 tQuia
373 4178 503 4215 cum
552 4163 606 4215 in
638 4161 838 4215 vertice
871 4159 1101 4215 Carmeli
1154 4174 1249 4212 aer
1279 4171 1506 4211 serenus
1543 4164 1707 4219 esset,

151 4250 394 4305 audiebat
444 4264 635 4305 vocem
667 4266 924 4317 aquarum
963 4248 1320 4311 multarum,”
1348 4285 1392 4301 ..
1414 4287 1429 4303 .
1462 4246 1594 4300 Nam
1620 4248 1711 4315 qui

151 4341 314 4395 omnia
346 4351 535 4410 potest
560 4342 613 4395 in
637 4339 874 4404 Christo,
903 4340 996 4411 qui
1023 4355 1083 4395 se
1107 4340 1462 4403 conlortat",
1498 4341 1543 4393 is
1577 4356 1714 4407 prte-

150 4442 288 4500 cepta
324 4432 547 4488 Domini
574 4433 745 4498 audit,
773 4442 908 4488 etea
941 4433 1273 4502 exsequitur.
1311 4433 1421 4487 Vox
1446 4448 1575 4503 ergo
1612 4432 1713 4488 Do-

1812 582 1951 631 modi
1998 584 2179 643 rebus,
2226 584 2355 636 satis
2408 582 2688 649 perspicua
2721 593 2960 638 exstant.
2998 583 3147 638 Hanc
3202 586 3361 652 igitur

1808 670 2104 722 oratioaem
2136 684 2166 721 e
2208 684 2433 721 numero
2471 668 2859 723 Basilianarum
2907 681 3226 738 expuuctam
3271 687 3368 723 no-

1811 760 1922 815 lim.
1959 758 2064 814 Sed
2108 774 2227 812 cum
2266 758 2320 812 in
2344 760 2528 813 eadem
2580 759 2845 815 sententia
2892 776 3104 829 semper
3155 775 3369 827 perma-

1810 868 1990 915 neam,
2029 849 2322 904 verisimile
2369 864 2475 903 non
2514 851 2703 911 videri.
2739 856 2943 903 tantum
2984 867 3046 905 ac
3094 850 3255 904 talem
3295 851 3374 902 vi-

1812 960 1927 996 rum
1953 939 2208 997 Basilium
2241 956 2305 994 ex
2338 939 2569 993 Eusebio
2614 942 2911 1010 fragmenta
2951 941 3077 993 satis
3108 943 3261 1011 longa
3305 941 3372 994 ad

1810 1036 2030 1088 verbum
2069 1033 2384 1103 sumpsisSe,
2435 1030 2672 1085 arbitror
2713 1028 2902 1086 fecisse
2938 1031 3187 1085 librarios
3226 1050 3373 1087 more

1809 1140 1926 1187 suo,
1973 1135 2029 1178 ut
2063 1126 2351 1194 aliquando
2399 1126 2638 1180 diversas
2678 1123 3009 1181 diversorum
3047 1125 3370 1195 scriptorum

1807 1216 2278 1285 interpretationes
2309 1219 2446 1270 inter
2472 1232 2529 1271 se
2552 1217 2877 1286 conjungere
2910 1234 3013 1271 non
3036 1230 3370 1275 vererentur.

1808 1312 1941 1365 Puto
1983 1308 2144 1379 igitur
2174 1308 2322 1369 illud,
2360 1309 2483 1361 ’Ότι
2530 1308 2745 1380 αἰθρίας
2771 1309 2936 1380 οὔσης
2972 1312 3063 1363 ἐπὶ
3089 1313 3183 1384 τὴν
3213 1329 3377 1384 κορυ.

1806 1402 1910 1472 φὴν
1935 1400 2030 1453 τοῦ
2079 1401 2401 1473 Καρμήλου,
2448 1403 2644 1473 ήκουεν
2693 1402 2875 1472 φωνὴν
2908 1402 3112 1458 ὑδάτων
3144 1403 3373 1473 πολλῶν,

1807 1508 1836 1545 e
1862 1492 2060 1547 Basilio
2099 1496 2149 1547 iu
2192 1494 2480 1549 Eusebium
2524 1513 2553 1548 a
2596 1496 2830 1551 librariis
2872 1498 3184 1552 translatum
3230 1518 3371 1557 esse.

1810 1584 2044 1649 Etenim,
2083 1586 2126 1637 si
2159 1587 2417 1640 Eusebius
2447 1588 2559 1654 ipse
2587 1589 2656 1641 ita
2688 1592 3012 1658 scripsisset,
3044 1592 3374 1648 mentiOnent

1807 1672 2024 1729 fecisset
2083 1674 2200 1743 ejus
2258 1676 2348 1744 qui
2400 1677 2512 1729 haac
2559 1676 2860 1739 audiverat,
2913 1680 3040 1734 Eliae
3089 1680 3372 1748 videlicet;

1806 1768 1947 1834 quod
1976 1782 2096 1821 cum
2123 1782 2229 1823 non
2257 1766 2469 1833 fecerit,
2524 1784 2628 1821 non
2680 1769 2793 1837 ipse
2830 1772 3097 1837 putandus
3148 1785 3230 1827 est
3263 1776 3377 1828 hmc

1806 1855 2114 1924 scripsisse,
2157 1859 2252 1912 sed
2293 1858 2521 1913 librarii.
2566 1858 2629 1912 Et
2670 1861 2734 1913 tle
2773 1858 2877 1913 illis
2908 1862 3112 1923 verbis.
3154 1862 3214 1915 '0
3264 1862 3375 1933 γὰρ

1806 1944 1981 1997 πάντα
2013 1949 2230 2017 ἰσχύων,
2259 1960 2388 2015 elc.,
2427 1952 2566 2004 idem
2592 1965 2805 2020 quoque
2834 1954 3028 2007 sentio.
3074 1952 3179 2009 Sed
3222 1965 3377 2010 ante-

1806 2052 1966 2105 quam
2022 2054 2195 2093 meam
2227 2053 2457 2097 mentem
2501 2043 2760 2111 aperiam,
2795 2060 3013 2100 mouere
3053 2047 3225 2117 juvat,
3275 2050 3375 2107 ali-

1804 2146 1942 2197 quos
1971 2130 2296 2199 psalmorum
2323 2137 2614 2191 versiculos
2647 2150 2738 2191 aut
2762 2137 2828 2191 ab
2850 2136 3080 2194 Eusebio
3113 2142 3373 2211 explana-

1805 2230 1890 2275 tos
1922 2235 2025 2275 non
2073 2219 2258 2293 fuisse,
2289 2232 2383 2276 aut
2418 2228 2593 2292 potius
2650 2243 2836 2283 eorum
2876 2230 3309 2301 explanationem
3342 2250 3373 2287 a

1808 2312 2199 2380 negligentibus
2251 2316 2581 2384 quibusdam
2625 2316 2859 2378 librariis
2900 2322 3068 2379 fuisse
3091 2324 3370 2379 omissam.

1806 2400 1965 2456 Certe
1994 2405 2207 2471 quidem
2243 2418 2300 2461 ut
2338 2410 2391 2463 in
2425 2409 2547 2465 aliis
2576 2412 2897 2481 quibusdam
2927 2399 3173 2483 psalmis,
3210 2423 3287 2472 ita
3318 2421 3373 2472 in

1809 2492 1909 2547 hoc
1943 2493 2437 2563 interpretationem
2470 2504 2826 2570 quorumdam
2849 2506 3235 2562 versiculorum
3272 2509 3372 2564 de-

1806 2600 1927 2641 esse
1952 2597 2183 2643 constat.
2222 2589 2350 2656 Ejus
2381 2596 2596 2661 generis
2628 2607 2709 2650 est
2754 2597 2902 2664 illud,
2950 2618 2969 2650 ι
3000 2599 3258 2658 Dominus
3287 2604 3372 2660 di-

1808 2679 2005 2734 luvium
2042 2682 2341 2739 inhabitare
2382 2684 2531 2749 facit,
2564 2697 2619 2740 et
2650 2691 2854 2743 sedebit
2899 2692 3157 2747 Dominus
3191 2711 3283 2750 rex
3318 2699 3373 2750 in

1807 2784 2067 2828 aeternum
2090 2777 2156 2830 δ’,
2189 2796 2207 2830 ›
2238 2778 2500 2848 Suspicor
2525 2780 2688 2850 igitur
2731 2781 2979 2838 librarios
3016 2785 3248 2854 aliquos,
3282 2790 3375 2855 qui

1808 2864 2051 2919 viderent
2086 2868 2276 2920 horum
2307 2872 2614 2938 verborum,
2667 2892 2684 2925 ι
2712 2873 2824 2928 Vox
2864 2877 3073 2931 Domini
3118 2878 3171 2933 in
3209 2879 3376 2934 virtu-

1808 2965 1861 3010 te
1888 2956 1954 3021 ",
1986 2976 2005 3009 ι
2056 2958 2466 3025 explicationem
2508 2965 2557 3017 iu
2601 2965 2830 3021 Eusebio
2872 2984 2973 3023 non
3010 2970 3239 3039 amplius
3276 2987 3375 3026 ex-

1809 3061 1976 3114 stare,
2024 3066 2055 3105 e
2094 3051 2272 3105 Basilii
2322 3056 2568 3109 oratione
2610 3058 2938 3125 supplevisse
2999 3062 3105 3124 illa,
3168 3065 3225 3117 Ὀ
3266 3064 3377 3137 γὰρ

1807 3144 1984 3198 πάντα
2025 3146 2222 3217 ἰσχύων
2266 3149 2323 3201 ὲν
2345 3147 2423 3218 τῷ
2454 3150 2855 3221 ὲνδυναμοῦντι,
2891 3144 3016 3218 cfc.,
3059 3174 3077 3206 ι
3102 3154 3200 3220 Qui
3231 3159 3375 3212 enim

1813 3236 1990 3289 omnia
2036 3246 2207 3305 potest
2238 3240 2287 3291 in
2320 3254 2384 3293 eo
2417 3241 2545 3308 qui,
2573 3260 2591 3291 ι
2644 3252 2748 3295 etc.
2797 3240 2915 3295 Jam
2973 3244 3039 3297 ad
3084 3248 3373 3301 secundam

1811 3327 2113 3380 orationem
2160 3330 2213 3380 in
2247 3330 2493 3384 eumdem
2518 3332 2778 3399 psalmum
2803 3338 2943 3400 quod
2980 3335 3187 3399 attinet,
3216 3338 3280 3390 de
3312 3352 3370 3391 et.

1814 3417 1958 3469 nulla
1998 3427 2103 3481 est,
2138 3420 2279 3487 quod
2309 3422 2496 3484 sciam,
2540 3424 2911 3477 controversia
2950 3426 3089 3480 inter
3113 3429 3375 3486 eruditos.

1813 3507 1947 3562 Nam
1977 3526 2084 3565 uno
2114 3513 2354 3566 omnium
2376 3528 2636 3568 consensu
2669 3516 2720 3567 in
2750 3518 2950 3585 spuriis
2977 3520 3218 3587 ponitur,
3248 3540 3377 3578 nec-

1812 3601 1937 3654 dum
1967 3602 2131 3657 ullum
2157 3604 2238 3658 sui
2268 3614 2553 3673 patronum
2577 3615 2733 3661 nacta
2767 3618 2870 3661 est.
2898 3610 2964 3664 Et
2996 3626 3123 3665 vero
3149 3614 3265 3682 ejus
3291 3632 3380 3669 vo-

1813 3692 1932 3747 θεία
1963 3696 2034 3748 ita
2087 3698 2377 3763 conSpicua
2422 3710 2524 3763 est,
2556 3710 2615 3753 ut
2646 3716 2826 3767 nemo,
2871 3703 2971 3758 nisi
3013 3704 3171 3772 plane
3200 3706 3377 3763 obesa:

1814 3785 1979 3848 naris,
2021 3799 2125 3837 non
2153 3787 2332 3839 statim
2372 3803 2489 3842 eam
2522 3794 2830 3861 perspiciat.
2866 3780 2985 3848 Jam
3026 3795 3222 3852 litteris
3252 3814 3379 3867 pro-

1815 3876 1981 3930 ditum
2012 3887 2097 3931 est
2137 3880 2278 3932 hanc
2318 3882 2622 3937 orationem
2674 3886 2727 3938 in
2763 3886 2947 3942 multis
2977 3889 3253 3945 codicibus
3283 3892 3379 3946 de-

1814 3970 2037 4024 siderari
2074 3988 2087 4024 :
2120 3974 2168 4025 in
2214 3972 2326 4041 ipsa
2360 3969 2529 4043 repeti
2562 3978 2771 4043 eadem,
2811 3994 2932 4048 quae
2964 3981 3017 4034 in
3053 3982 3231 4051 priore
3265 3981 3383 4037 fue-

1815 4070 1938 4115 rant
1959 4063 2227 4131 explicata
2261 4083 2277 4119 :
2306 4079 2424 4121 eam
2453 4067 2686 4138 denique
2728 4085 2758 4123 a
2800 4071 3087 4129 Basilianis
3116 4061 3381 4143 elegantia

1815 4151 2038 4205 multum
2068 4152 2293 4219 distare,
2338 4165 2393 4211 et
2420 4159 2597 4226 c0pia.
2648 4158 2892 4216 Hominis
2939 4161 3166 4231 alicujus
3194 4165 3287 4235 qui
3318 4178 3379 4218 se

1813 4256 2087 4309 exercere,
2119 4259 2283 4314 seque
2327 4248 2393 4302 ad
2433 4247 2615 4303 Basilii
2658 4250 3016 4309 imitationem
3061 4269 3382 4324 comparare

1815 4333 2088 4401 voluisset,
2119 4350 2254 4407 cpus
2284 4352 2404 4393 esse
2446 4339 2528 4393 vel
2574 4355 2717 4396 caaco
2769 4352 3013 4412 apparet.
3060 4343 3187 4401 Haec
3217 4346 3383 4417 igitur

1816 4424 2017 4481 dixisse
2041 4428 2172 4484 satis
2195 4428 2533 4495 habebimus,
2559 4434 2648 4502 qui
2672 4434 2722 4485 in
2746 4434 2907 4489 rebus
2931 4437 3227 4505 perspicuis
3254 4449 3384 4494 tem-

153 4523 264 4578 uiini
295 4540 405 4580 non
462 4526 520 4580 in
554 4526 715 4580 debili
773 4541 836 4579 ac
862 4527 1036 4581 soluta
1067 4524 1267 4593 anima,
1289 4526 1381 4579 sed
1412 4527 1463 4579 in
1493 4525 1710 4579 robusta
1744 4540 1787 4594 ι»
1817 4531 1945 4583 μοι-ο
1971 4520 2295 4575 abutendum
2320 4532 2375 4577 ot
2402 4524 2735 4591 argumentis
2758 4540 2865 4580 non
2891 4537 3158 4595 putemus.

150 4630 254 4683 qua
281 4618 506 4673 naviter
548 4618 743 4673 bonum
782 4628 1054 4685 operatur.
1082 4637 1100 4669 ι
1135 4616 1263 4673 Hrcc
1302 4634 1423 4673 cum
1453 4618 1707 4689 legerem,

151 4719 298 4774 prape
324 4707 539 4763 factum
562 4717 665 4773 est,
702 4718 761 4761 ut
787 4708 926 4763 hanc
948 4708 1247 4762 orationem
1289 4723 1319 4762 e
1364 4724 1587 4764 numero
1608 4708 1710 4762 Ba-

150 4797 455 4854 silianarum
500 4801 813 4865 deleverim,
853 4801 954 4855 hoc
992 4802 1290 4869 praesertim
1343 4802 1501 4855 nixus
1548 4816 1710 4869 argu-

152 4902 338 4954 mento,
365 4890 524 4962 quod
556 4892 609 4945 in
640 4893 706 4945 iis
728 4894 1089 4957 orationibus,
1127 4907 1245 4962 quae
1279 4902 1429 4946 certo
1457 4908 1708 4962 magnum

152 4978 279 5037 illum
302 4982 579 5037 Basiliam
619 4980 818 5035 habent
846 4992 1148 5047 auctorem,
1183 4981 1316 5034 nihil
1349 4981 1454 5035 tale
1489 4996 1709 5051 repere-

153 5086 269 5125 ram.
309 5074 490 5129 Erant
525 5082 581 5127 et
628 5072 752 5135 alia,
781 5073 974 5142 quibus
1017 5089 1122 5127 non
1166 5074 1376 5128 modice
1418 5075 1714 5143 augebatur

150 5166 395 5232 suspicio.
427 5166 513 5220 Ea
542 5164 685 5219 enim
718 5180 838 5234 qua
860 5164 1116 5218 dicuntur
1144 5165 1210 5219 de
1250 5165 1408 5220 bonis
1437 5167 1711 5235 operiLus,

154 5271 258 5320 qua
288 5256 406 5311 fieri
445 5256 650 5311 debent
672 5271 853 5309 coram
876 5253 1206 5317 horninibus,
1235 5257 1407 5326 deque
1432 5257 1711 5325 primitiis,

150 5361 253 5411 qua:
276 5347 475 5402 danda:
506 5355 635 5399 sunt
669 5361 733 5400 ex
769 5345 993 5415 justitize
1023 5343 1304 5411 fructibus,
1346 5354 1399 5399 et
1429 5348 1494 5400 de
1518 5348 1714 5400 adora-

153 5436 298 5499 tione,
337 5451 516 5508 quam
576 5436 691 5489 fieri
748 5446 958 5505 oportet
1008 5438 1149 5490 intra
1198 5437 1501 5502 ecclesiam,
1544 5438 1711 5492 videri

152 5538 378 5592 [merant
410 5545 483 5582 ex
528 5526 761 5581 Eusebio
788 5536 996 5595 sumpta
1024 5526 1208 5582 fuisse.
1241 5533 1515 5591 Attamen,
1547 5543 1604 5581 re
1630 5530 1714 5582 di-

152 5617 383 5686 l:gentius
406 5620 789 5683 considerata,
818 5621 1005 5674 melius
1024 5621 1257 5687 iudicavi
1284 5621 1349 5675 de
1370 5620 1633 5683 oratione,
1661 5620 1713 5672 in

209 5806 247 5840 "
278 5808 419 5866 Psal.
461 5821 659 5872 xxviii,
687 5805 740 5858 3.
817 5805 857 5835 ³⁸
896 5803 1120 5874 Philipp.
1154 5820 1226 5870 tv,
1262 5806 1341 5859 l3.

1419 5806 1459 5834 δ’
1497 5803 1635 5859 Psal.
1670 5820 1860 5871 ιιι-ιιι,
1897 5806 1980 5860 10.

1887 4610 1974 4665 55.
2003 4610 2205 4665 Praeter
2229 4629 2378 4683 spem
2408 4616 2702 4678 acciderat,
2735 4627 2791 4672 ut
2820 4618 2873 4672 in
2913 4619 3083 4688 prima
3114 4621 3295 4676 Basilii
3325 4624 3379 4676 in

1818 4704 2081 4773 psalmum
2117 4705 2428 4761 vicesimum
2464 4718 2711 4762 octavum
2749 4710 2999 4763 oratione
3033 4723 3383 4768 occurrerent

1821 4793 2094 4855 nonnulla,
2130 4810 2247 4863 qua:
2276 4797 2496 4851 totidem
2526 4797 2707 4853 verbis
2744 4797 2799 4851 in
2829 4798 3063 4852 Eusebio
3100 4802 3380 4869 reperiun-

1820 4894 1924 4937 tur.
1960 4883 2065 4939 Sed
2100 4884 2294 4954 legenti
2326 4886 2455 4941 mihi
2501 4888 2741 4954 ejusdem
2779 4889 2832 4941 in
2872 4888 3135 4959 psalmum
3170 4892 3382 4949 tricesi-

1821 4992 1963 5029 mum
1992 4978 2285 5032 secundum
2328 4980 2750 5041 enarrationem,
2778 4978 2976 5049 aliquid
3021 4983 3195 5054 magis
3225 4985 3345 5039 inex
3367 5014 3380 5026 ο

1819 5077 2116 5136 spectatum
2160 5070 2404 5137 contigit.
2447 5068 2580 5123 Nam
2611 5084 2730 5123 cum
2760 5085 2927 5139 pauca
2966 5084 3146 5128 essent
3190 5075 3245 5128 in
3288 5090 3385 5131 ex~

1820 5159 2125 5227 planatione
2153 5159 2343 5227 psalmi
2391 5160 2633 5215 vicesimi
2677 5165 2873 5229 octavi,
2903 5175 3007 5217 tam
3046 5165 3213 5219 multa
3260 5182 3384 5222 sunt

1821 5250 1873 5303 in
1904 5265 1966 5305 ea
1998 5266 2115 5318 quae
2138 5262 2312 5305 exstat
2344 5254 2395 5306 in
2416 5256 2674 5321 psalmum
2707 5256 3041 5310 tricesimum
3064 5262 3379 5324 secundum,

1821 5352 1876 5394 ut
1905 5345 1973 5397 ab
2014 5343 2079 5396 iis
2115 5345 2484 5398 exscribendis
2538 5344 2647 5400 fere
2680 5346 2981 5401 deterrear.
3013 5347 3149 5417 Quia
3202 5359 3382 5405 tamen

1821 5432 2036 5487 Eusebii
2092 5434 2145 5487 in
2179 5434 2408 5503 psalmos
2434 5436 2864 5492 Commentarios
2902 5440 3075 5493 rarior
3100 5449 3201 5505 est,
3244 5440 3388 5494 illius

1822 5524 1984 5577 verba
2008 5526 2313 5593 subjiciam,
2354 5543 2473 5597 qua:
2504 5545 2628 5583 cum
2662 5529 2844 5583 Basilii
2876 5533 3117 5585 oratione
3140 5547 3237 5586 suo
3268 5531 3387 5586 loco

1825 5616 2031 5671 edenda
2060 5633 2089 5671 a
2118 5620 2345 5674 curiosis
2384 5632 2635 5689 poterunt
2677 5626 2996 5692 comparari.
3030 5624 3247 5681 Eusebii
3280 5623 3383 5695 igi-

2060 5807 2101 5838 "’
2138 5807 2292 5867 ibid..
2326 5807 2382 5860 ι.
