4088 6310
726 368 787 407 cc
2088 361 2617 417 PROLEGOMENA.

729 485 813 527 tur
830 475 984 531 verba
1015 485 1137 530 sunt
1172 477 1280 529 haec
1317 493 1329 528 :
1374 476 1454 540 Τῷ
1476 479 1633 545 λόγῳ
1664 482 1766 532 τοῦ
1790 484 2007 549 Krptov
2039 488 2090 537 οι
2125 488 2283 553 οὐρα-

2396 503 2465 559 τῃ
2497 488 2774 547 συστάσει,
2810 494 2901 540 καὶ
2925 487 3001 557 τῷ
3029 488 3189 541 οἱονεὶ
3220 492 3496 558 φυράματι
3526 490 3622 559 τῆς
3654 486 3835 549 casia;
3857 494 3943 543 αὐ-

726 566 817 619 νοὶ
840 565 1308 633 ἐστερεώθησαν,
1334 567 1428 620 καὶ
1459 566 1536 631 τῷ
1558 571 1846 638 πνεύματι
1868 571 1972 625 τοῦ
1999 575 2292 643 στόματος

725 656 911 711 αὐτοῦ
941 658 1107 713 πᾶσα
1140 659 1176 724 ἡ
1200 658 1450 728 δύναμις
1476 662 1692 716 αὐτῶν.
1735 663 1823 733 Τῷ
1857 660 1948 718 οὖν
1977 665 2151 737 "arpi.
2190 667 2291 719 πᾶ-

728 769 795 805 σα
826 753 1099 823 ἡδύναμις
1140 755 1173 825 ἡ
1206 755 1593 827 ὑπερουράνιος
1627 759 1927 830 ὲστερεώθη
1956 776 1967 788 ·
2000 764 2291 822 τουτέστιν,

723 846 784 897 τὸ
814 845 1025 897 εὔτονον
1061 848 1153 898 καὶ
1195 846 1408 913 βέϐαιον
1438 848 1530 899 καὶ
1570 849 1763 915 πάγιον
1806 852 1862 904 ὲν
1888 852 2162 923 ἁγιασμῷ,
2202 852 2293 904 καὶ

726 938 871 1006 πάσῃ
939 938 1221 1011 πρεπούσῃ
1268 941 1385 1000 ταῖς
1437 940 1606 1009 ἱεραῖς
1652 940 1941 1014 δυνάμεσιν
1988 944 2177 1017 ἀρετῇ,
2232 946 2293 995 ἐκ

723 1029 825 1098 τῆς
859 1028 951 1082 τοῦ
976 1029 1287 1098 Πνεύματος
1312 1031 1630 1100 ἐπικουρίας
1673 1034 1900 1103 ἔχουσιν.
1942 1034 2155 1091 Ἐνθάδε
2199 1036 2293 1106 μὲν

724 1117 815 1174 οὖν
850 1122 1060 1190 πνεῦμα
1088 1120 1352 1190 στόματος
1383 1122 1544 1174 αὐτοῦ
1588 1126 2020 1193 ἀναγέγραπται.
2056 1129 2293 1197 Εὑρήσο-

727 1233 822 1284 μεν
844 1216 899 1267 δὲ
926 1212 1154 1282 ἀλλοιχοῦ
1187 1214 1279 1266 καὶ
1304 1214 1461 1281 λόγον
1492 1218 1753 1285 στόματος
1784 1216 1947 1270 αὐτοῦ
1972 1220 2255 1290 εἰρημένον
2276 1235 2287 1247 ·

721 1310 807 1360 ἵνα
831 1307 991 1376 νοηθῇ
1018 1311 1043 1358 ὁ
1075 1306 1263 1379 Σωτὴρ
1297 1310 1388 1361 καὶ
1420 1310 1477 1361 τὸ
1504 1312 1656 1376 ἆγιον
1680 1310 1844 1363 αὑτοῦ
1879 1312 2120 1381 Πνεῦμα.
2161 1314 2291 1380 Ἀμ-

721 1401 923 1469 φὸτερα
956 1399 1010 1451 δὲ
1038 1402 1371 1471 συνήργησεν
1398 1405 1453 1451 ἐν
1487 1404 1549 1471 τῇ
1578 1402 1750 1455 κτίσει
1774 1404 1881 1457 τῶν
1910 1403 2152 1475 οὐρανῶν
2196 1406 2291 1456 καὶ

718 1493 823 1545 τῶν
858 1496 914 1544 ἐν
940 1494 1123 1556 αὐτοῖς
1163 1496 1460 1564 δυνάμεων.
1492 1496 1589 1550 Διὰ
1615 1499 1771 1552 τοῦτο
1798 1500 2009 1569 εἴρηται
2027 1514 2043 1530 ο
2083 1498 2166 1564 Τῷ
2191 1502 2291 1554 λό-

718 1604 798 1652 γῳ
852 1586 1070 1653 Kvpt'ov
1129 1589 1183 1639 οἱ
1239 1589 1483 1655 οὐρανοὶ
1531 1590 2001 1658 ἐστερεώθησαν,
2055 1592 2149 1645 καὶ
2211 1592 2291 1657 τῷ

724 1679 1012 1746 πνεύματι
1060 1679 1166 1733 τοῦ
1208 1682 1504 1748 στόματος
1545 1681 1729 1733 αὑτοῦ
1770 1680 1940 1736 πᾶσα
1973 1686 2010 1750 ἡ
2042 1683 2290 1753 δύναμις

714 1769 929 1824 αὐτῶν.
961 1773 1126 1825 Οὐδὲν
1153 1775 1259 1843 γὰρ
1280 1774 1560 1839 ἁγιάζεται
1589 1775 1676 1841 (εἰ)
1700 1773 1773 1845 μὴ
1796 1777 1861 1845 τῇ
1898 1778 2165 1847 παρουσίᾳ
2193 1776 2287 1830 τοῦ

2394 580 2521 641 τῶν,
2556 576 3091 648 συγκαταϐληθεῖσαν
3130 580 3284 650 ἔσχον
3316 582 3412 649 τὴν
3449 583 3730 652 ἅγιός-ητα.
3756 579 3841 631 Διὸ
3861 586 3943 634 καὶ

2394 672 2776 741 δυσμετάθετοί
2806 673 2909 723 εἰσι
2945 672 3078 743 πρὸς
3113 673 3328 737 κακίαν,
3359 672 3537 735 εὐθὺς,
3571 674 3757 728 οξοινεὶ
3809 671 3942 742 βαφῇ

2394 780 2518 825 τινι,
2542 762 2623 833 τῷ
2659 762 2914 832 ἁγιασμῷ
2944 763 3342 832 στομωοέντες,
3398 764 3490 816 καὶ
3526 762 3588 814 τὸ
3630 767 3852 837 μόνιμον
3875 766 3945 825 εἰς

2399 855 2596 925 ἀρετὴν
2658 859 2722 926 τῇ
2768 856 2943 925 δωρεᾷ
2993 853 3086 907 τοῦ
3147 854 3301 921 ἁγίου
3360 853 3674 925 Πνεύματος
3725 859 3943 927 ἔχοντες.

2403 963 2421 996 ι
2465 944 2579 999 Non
2602 947 2742 999 cnim
2777 947 3008 1000 infantes
3040 948 3203 1000 creati
3230 956 3353 998 sunt
3384 947 3578 1017 angeli,
3608 945 3803 999 deinde
3830 962 3947 1017 pan-

2398 1036 2543 1089 latim
2575 1036 2835 1089 exercitio
2872 1036 3088 1104 perfecti
3121 1076 3135 1099 ,
3172 1036 3249 1089 sic
3294 1034 3466 1089 effecti
3508 1045 3631 1091 sunt
3654 1034 3797 1102 digni
3821 1076 3836 1098 ,
3863 1037 3948 1105 qni

2397 1128 2658 1198 Spirittnn
2694 1128 2994 1195 reciperent
3022 1148 3033 1181 :
3068 1128 3158 1182 sed
3190 1130 3241 1180 iu
3272 1128 3442 1195 prima
3465 1129 3869 1191 constitutione,
3900 1138 3951 1182 et

2394 1222 2543 1288 quasi
2576 1238 2674 1274 una
2732 1235 2851 1273 cum
2908 1222 3221 1274 substantia:
3276 1234 3385 1271 suae
3435 1220 3661 1273 tnislura
3726 1217 3949 1273 infusam

2398 1311 2632 1365 habuere
2692 1310 3053 1365 sanctitatem.
3106 1311 3440 1379 QuaprOpter
3494 1309 3657 1364 etiam
3710 1323 3850 1379 aegre
3887 1310 3949 1360 ad

2396 1401 2655 1453 malitiam
2694 1408 3007 1452 convertere
3042 1411 3100 1451 se
3141 1409 3382 1465 possunt,
3439 1398 3635 1466 quippe
3670 1402 3762 1467 qni
3816 1398 3952 1453 illico

2394 1491 2747 1545 sanctimonia
2807 1488 2973 1543 veluti
3028 1491 3257 1543 tinctura
3323 1491 3552 1559 quadam
3620 1491 3952 1545 corroborati

2392 1582 2520 1645 sint,
2574 1582 2985 1649 firn‘iitatemque
3039 1581 3091 1635 in
3133 1582 3331 1635 virtute
3380 1594 3541 1652 atque
3597 1587 3952 1637 constantiam

2394 1675 2535 1727 dono
2558 1673 2794 1744 Spiritus
2838 1673 3010 1727 sancti
3049 1673 3369 1742 acceperint.
3414 1690 3431 1723 ι
3470 1671 3601 1724 Nam
3637 1672 3683 1724 si
3714 1686 3778 1726 ex
3815 1672 3953 1726 nulla

2399 1766 2500 1820 alia
2532 1783 2612 1829 re,
2661 1775 2805 1818 certe
2837 1780 2901 1818 ex
2953 1780 3085 1820 voce
3118 1762 3235 1819 εἶτα
3273 1766 3427 1835 plane
3479 1772 3750 1818 constaret
3779 1768 3956 1818 omnia

716 1862 1051 1932 Πνεύματος.
1103 1865 1367 1930 Ἀγγέλων
1401 1864 1530 1931 γοῦν
1569 1866 1657 1917 τὸν
1678 1868 1774 1936 μὲν
1804 1870 1883 1930 εἰς
1907 1871 1967 1921 τὸ
1991 1866 2128 1921 εἶναι
2159 1870 2283 1943 πάρ-

2399 1859 2511 1912 hzec
2541 1858 2608 1911 ab
2637 1858 2821 1909 eadem
2855 1872 3012 1909 manu
3042 1856 3276 1926 profecta
3308 1857 3499 1924 fuisse,
3529 1871 3701 1926 eaque
3735 1856 3957 1925 conjun-

717 1954 835 2007 οδον
875 1958 902 2007 ὁ
934 1955 1263 2025 δημιουργὸς
1306 1956 1478 2025 Λόγος
1518 1960 1545 2011 ὁ
1578 1960 1805 2029 ποιητὴς
1837 1960 1943 2012 τῶν
1977 1961 2111 2013 ὅλων
2154 1982 2290 2036 τταρ⁴

714 2048 922 2116 είχετο·
968 2048 1058 2099 τὸν
1110 2048 1379 2118 ἁγιασμδν
1403 2049 1458 2101 δὲ
1490 2052 1673 2113 αὐτοῖς
1698 2050 1758 2101 τὸ
1793 2049 2012 2119 Πνεῦμα
2052 2054 2111 2105 τὸ
2138 2055 2289 2122 ἆγιον

713 2130 1042 2209 συνέφερεν·
1095 2141 1157 2191 οὑ
1211 2141 1319 2209 γὰρ
1378 2141 1557 2209 νήπιοι
1604 2140 1915 2206 κτισθέντες
1964 2144 2011 2196 οἱ
2043 2144 2285 2213 ἄγγελοι.

718 2249 735 2279 ι
782 2228 948 2284 Verbo
975 2230 1193 2283 Domini
1234 2232 1349 2283 cali
1398 2230 1598 2297 ﬁrmati
1644 2243 1798 2297 sunt,
1857 2244 1907 2287 et
1948 2237 2141 2303 spiritu
2182 2240 2286 2291 oris

712 2322 826 2388 ejus
852 2322 1020 2373 omnis
1046 2320 1210 2372 virtus
1239 2336 1421 2373 eorum
1453 2322 1597 2376 ‘3'“.
1647 2323 1691 2376 Α
1724 2321 1884 2377 Patre
1918 2325 2080 2391 igitur
2112 2327 2287 2380 omnis

713 2411 886 2464 virtus
927 2410 1164 2465 caelestis
1201 2409 1409 2465 firmata
1440 2420 1541 2473 est.
1593 2412 1644 2465 id
1673 2422 1775 2477 est,
1814 2413 2059 2478 firmitas,
2107 2415 2287 2468 solidi-

714 2512 818 2565 tas,
852 2503 1225 2571 stabilitasque
1267 2503 1318 2557 in
1367 2502 1796 2559 sanctificatione
1841 2519 1902 2558 ac
1935 2505 2081 2559 omni
2114 2508 2287 2561 sacris

711 2594 1073 2661 potestatibus
1119 2595 1458 2649 convenienti
1490 2596 1691 2650 virtute
1723 2611 1789 2652 ex
1820 2595 2054 2666 Spiritus
2082 2598 2283 2655 auxilio

709 2687 836 2740 data
870 2696 972 2741 est.
1017 2684 1112 2741 Hic
1141 2701 1303 2757 porro
1350 2688 1573 2757 Spiritus
1599 2689 1710 2743 oris
1738 2690 1855 2758 ejus
1889 2690 2147 2759 scriptum
2182 2702 2283 2745 est.

709 2777 849 2831 Alibi
894 2793 1106 2848 quoque
1141 2781 1378 2846 reperire
1404 2790 1488 2835 est
1520 2780 1749 2835 Verbum
1792 2783 1904 2835 oris
1932 2782 2068 2849 ejus,
2118 2792 2172 2834 ut
2204 2783 2286 2837 his

712 2868 1042 2939 intelligatur
1065 2868 1311 2924 Salvator
1336 2878 1385 2923 et
1422 2880 1642 2925 sanctus
1683 2870 1799 2937 ejus
1835 2869 2091 2939 Spiritus.
2130 2870 2287 2926 Uter-

708 2975 815 3030 que
844 2975 1006 3030 porro
1042 2960 1096 3014 in
1127 2961 1400 3015 creatione
1438 2960 1697 3016 ctelorum
1737 2971 1792 3016 et
1828 2972 2152 3033 potestatum
2196 2979 2287 3019 eo-

710 3066 828 3104 rum
877 3060 1198 3120 c00peratus
1244 3061 1346 3106 est.
1401 3052 1524 3107 ldeo
1571 3053 1773 3107 dictum
1820 3063 1946 3109 est:
1984 3053 2152 3109 Verbo
2182 3054 2288 3108 Do-

709 3142 836 3197 mini
871 3141 986 3195 caeli
1042 3142 1240 3209 ﬁrmati
1270 3153 1430 3207 sunt,
1474 3153 1523 3196 et
1575 3144 1762 3209 spiritu
1804 3146 1910 3198 oris
1957 3146 2071 3215 ejus
2116 3147 2286 3199 omnis

2390 1948 2559 2019 genda
2590 1961 2728 2000 esse.
2768 1945 2833 1997 Et
2859 1947 3104 2013 quidem,
3133 1947 3176 1998 si
3220 1945 3635 2017 conjnngantur,
3671 1961 3830 2002 nemo
3856 1962 3957 2000 non

2388 2040 2532 2094 videt
2578 2039 2693 2107 ipsa
2737 2038 2960 2093 mirifice
3006 2039 3144 2091 inter
3187 2051 3244 2093 se
3287 2040 3580 2094 cohaerere.
3617 2041 3750 2107 Quis
3783 2050 3958 2093 autem

2388 2130 2544 2185 facile
2566 2130 2859 2185 crediderit
2884 2133 3153 2187 hominem
3178 2129 3678 2198 eloquentissimum
3703 2131 3958 2185 Basilium

2390 2231 2499 2275 tam
2551 2221 2717 2276 multa
2748 2225 2813 2277 ad
2845 2224 3063 2277 verbum
3096 2223 3163 2277 ab
3210 2223 3438 2277 Eusebio
3482 2222 3824 2290 sumpsisse?
3865 2220 3961 2277 Cui

2388 2314 2678 2369 verisimile
2706 2314 2796 2370 fiet
2820 2328 3085 2368 summum
3132 2313 3272 2367 hunc
3305 2314 3477 2366 virum
3508 2311 3814 2367 Eusebiana
3853 2327 3962 2366 me-

2390 2405 2614 2457 moriter
2649 2405 2933 2466 didicisse,
2998 2420 3117 2457 cum
3170 2405 3244 2466 ei,
3278 2412 3460 2472 utpote
3498 2404 3553 2457 in
3602 2413 3718 2459 arte
3752 2404 3961 2459 dicendi

2385 2494 2841 2549 exercitatissimo
2866 2534 2880 2558 ,
2936 2496 3093 2566 longe
3130 2494 3340 2550 facilius
3379 2495 3568 2552 fuisset
3607 2511 3673 2551 ex
3723 2508 3963 2565 tempore

2390 2586 2731 2643 familiariter
2783 2590 2998 2653 dicere,
3049 2604 3212 2659 qnam
3264 2590 3435 2644 aliena
3482 2590 3800 2644 memoriter
3842 2601 3965 2654 pro-

2393 2680 2682 2736 nuntiare?
2709 2682 2839 2746 Quis
2872 2683 3038 2747 enim,
3071 2697 3273 2752 quaso,
3301 2698 3363 2737 ea
3398 2697 3517 2749 qna:
3548 2682 3687 2749 apud
3715 2689 3965 2732 auctores

2389 2773 2675 2825 mediocris
2722 2773 2881 2826 sortis
2913 2773 3133 2843 legerit,
3178 2772 3485 2825 memoriter
3527 2770 3717 2835 discet,
3749 2770 3797 2823 si
3832 2770 3961 2839 ipse,

2386 2876 2506 2915 cum
2542 2862 2611 2914 sit
2649 2863 3040 2917 disertissimus
3066 2902 3081 2927 ,
3118 2864 3286 2932 possit
3323 2878 3388 2916 ex
3416 2874 3660 2931 tempore
3692 2864 3923 2917 meliora
3948 2903 3961 2922 ,

2388 2952 2753 3023 elegantiora,
2801 2955 3158 3025 uberioraque
3216 2956 3281 3010 de
3334 2970 3433 3010 suo
3472 2954 3763 3026 proferre?
3809 2957 3960 3023 Quod

2389 3056 2538 3101 certe
2561 3060 2719 3101 nemo
2758 3057 3036 3102 oratorum
3083 3063 3322 3117 unquam
3360 3048 3517 3110 fecit,
3549 3063 3647 3102 nec
3680 3048 3885 3111 faciet,
3916 3048 3967 3101 id

2392 3149 2668 3192 oratorum
2720 3140 2982 3206 optimum
3031 3140 3285 3194 Basilium
3320 3140 3510 3195 fecisse
3539 3139 3662 3206 quis
3702 3140 3813 3192 sibi
3845 3154 3968 3207 per-

710 3234 873 3288 virtus
911 3249 1109 3289 eorum.
1162 3232 1301 3286 Nihil
1349 3233 1493 3287 enim
1549 3234 1666 3287 sine
1703 3234 1936 3301 Spiritus
1999 3238 2280 3303 prmsentia
2312 3218 2352 3273 Ο
2388 3228 2673 3282 suadebit?
2706 3230 2847 3281 Sane
2888 3230 3191 3282 Eusebiana
3220 3230 3329 3294 illa,
3367 3229 3563 3295 πάγιον
3588 3230 3647 3281 ὲν
3671 3229 3967 3301 ἁγιασμῷ.

709 3325 1107 3380 sanctiﬁcatur.
1153 3322 1372 3392 Angelis
1409 3322 1569 3391 igitur
1605 3324 1887 3377 transitum
1921 3324 1986 3377 ad
2016 3326 2281 3378 exsisten-

710 3416 840 3469 tiam
878 3425 1091 3469 creator
1136 3414 1371 3469 Verbum
1429 3415 1678 3484 praebuit,
1728 3415 2105 3471 universorum
2169 3417 2285 3485 opi-

708 3506 797 3564 fex
856 3523 871 3559 :
919 3504 1401 3560 sanctiﬁcationcm
1446 3521 1573 3559 vero
1628 3507 1816 3560 eodem
1873 3518 2111 3576 tempore
2164 3508 2283 3578 Spi-

709 3599 846 3653 ritus
919 3605 1141 3653 sanctus
1191 3595 1430 3661 indidit;
1462 3610 1566 3649 non
1633 3595 1774 3648 enim
1831 3596 2062 3651 infantes
2115 3600 2283 3651 creati

709 3687 881 3758 angeli
907 3696 1084 3741 sunt.»
1106 3686 1365 3756 Reperias
1388 3690 1574 3741 eadem
1594 3688 1732 3756 apud
1750 3685 2007 3741 Basilium
2027 3703 2127 3743 suo
2146 3689 2280 3742 loco.

710 3780 977 3849 Quantam
1004 3790 1184 3833 autem
1220 3781 1270 3833 in
1298 3780 1608 3851 ἀμηχανίαν
1633 3796 1716 3834 me
1743 3782 2036 3853 conjecerit
2057 3768 2145 3836 res
2175 3794 2280 3835 tam

712 3872 1014 3942 inopinata,
1046 3870 1228 3927 dicere
1266 3887 1373 3925 non
1402 3887 1562 3940 queo.
1589 3870 1827 3926 Necdum
1868 3873 2025 3927 video
2050 3875 2139 3941 qui
2168 3873 2281 3927 fieri

709 3964 975 4033 potuerit,
1023 3971 1081 4016 ut
1110 3962 1337 4016 Basilius
1378 3962 1469 4030 qui
1512 3972 1566 4016 et
1613 3963 1801 4031 longos
1833 3974 1889 4016 et
1928 3966 2175 4033 egregios
2208 3966 2283 4018 De

711 4054 916 4124 Spiritu
951 4063 1130 4109 sancto
1164 4052 1331 4108 libros
1362 4053 1717 4121 conscripsit,
1757 4054 1823 4106 ad
1861 4054 2074 4107 Eusebii
2117 4056 2282 4109 libros

711 4158 989 4199 recurrere
1020 4158 1241 4201 necesse
1267 4143 1537 4207 habuerit,
1568 4142 1803 4213 Spiritus
1839 4145 2009 4198 sancti
2042 4145 2276 4219 dignita-

712 4244 819 4293 tem
836 4237 1176 4309 gloriamque
1208 4237 1703 4292 commendaturus.
1732 4236 1896 4301 Nihil,
1925 4236 2137 4307 opinor,
2168 4253 2283 4290 ma-

709 4332 790 4401 gis
821 4345 851 4385 a
886 4345 1037 4392 vero,
1070 4339 1164 4383 aut
1202 4345 1231 4383 a
1269 4328 1406 4393 fide,
1432 4329 1540 4385 imo
1564 4329 1696 4383 nihil
1729 4330 1901 4400 magis
1940 4346 1967 4383 a
2004 4331 2280 4386 verisimili

708 4410 980 4475 abhorret.
1015 4418 1238 4485 Quidvis
1288 4418 1453 4486 igitur
1491 4419 1674 4472 malim
1704 4458 1720 4482 ,
1748 4433 1910 4487 quam
1938 4420 2047 4475 tale
2075 4421 2280 4490 aliquid

707 4508 774 4563 de
810 4517 961 4561 tanto
997 4508 1115 4561 viro
1161 4507 1494 4561 existimare.
1538 4506 1641 4561 Sed
1675 4520 1964 4577 antequam
2006 4526 2117 4564 rem
2162 4512 2283 4566 dili-

706 4600 918 4670 gentius
940 4598 1324 4669 expendamus,
1348 4603 1577 4653 monebo
1605 4600 1771 4653 videri
1801 4601 1931 4656 mihi
1964 4602 2015 4655 in
2046 4603 2277 4657 Eusebio

706 4690 988 4758 legendum
1017 4703 1159 4752 esse,
1186 4686 1264 4753 τῷ
1294 4683 1407 4742 οὖν
1438 4690 1737 4758 Πνεύματι
1767 4689 1955 4755 πᾶσα,
2007 4704 2113 4747 etc.
2137 4734 2152 4759 ,
2182 4694 2275 4749 ubi

705 4781 920 4851 legitur,
950 4778 1029 4850 τῷ
1060 4775 1152 4832 οὖν
1172 4779 1345 4851 “arpi.
1389 4781 1535 4832 πᾶσα
1557 4821 1571 4844 ,
1608 4789 1715 4835 etc.
1738 4820 1752 4843 ,
1783 4793 1892 4835 tum
1926 4783 2068 4851 quod
2107 4784 2179 4837 ita
2219 4784 2270 4837 iu

705 4869 889 4925 Basilii
920 4869 1185 4924 cencione
1221 4870 1441 4939 legitur,
1479 4881 1590 4924 tum
1638 4870 1781 4939 quod
1814 4872 1973 4925 aliter
2015 4870 2277 4925 orationis

702 4960 991 5015 ἀκολουθία
1019 4968 1273 5014 constare
1324 4962 1410 5014 vix
1456 4970 1651 5031 potest.
1685 4962 1828 5016 Sane
1879 4964 2129 5030 exiguum
2167 4978 2273 5017 non

702 5067 785 5110 est
808 5056 1166 5126 fragmentum
1192 5042 1343 5117 illud,
1368 5056 1508 5122 quod
1553 5070 1617 5110 ex
1644 5055 1858 5110 Eusebii
1887 5056 2273 5109 commentario

704 5148 756 5204 in
796 5145 981 5200 Basilii
1025 5144 1331 5198 orationem
1367 5146 1683 5199 translatum
1733 5161 1852 5201 esse
1900 5146 2169 5204 diximus:
2220 5156 2275 5199 et

702 5245 882 5290 tamen
914 5233 1149 5289 dubitari
1172 5235 1255 5287 vix
1290 5243 1501 5301 potest,
1536 5237 1666 5303 quin
1694 5236 1745 5289 id
1784 5251 1813 5289 a
1853 5236 2088 5290 librariis
2121 5246 2275 5288 trun-

701 5336 879 5389 catum
907 5328 997 5381 sit.
1029 5324 1163 5379 Puto
1192 5326 1354 5395 igitur
1384 5340 1501 5393 post
1521 5341 1707 5380 vocem
1732 5328 1952 5397 ἄγγελοι
1984 5327 2273 5396 supplenda

701 5432 824 5472 esse
886 5416 997 5479 illa,
1048 5431 1167 5486 quae
1209 5417 1260 5470 in
1285 5419 1553 5488 {oratione
1594 5419 1776 5473 Basilii
1814 5422 2063 5490 leguntur
2097 5438 2111 5475 :
2142 5414 2275 5471 Εἶτα

698 5508 1073 5571 τελειωθέντες
1108 5512 1173 5579 τῇ
1212 5510 1332 5561 κατ’
1356 5510 1534 5576 ὀλίγον
1570 5510 1785 5581 μελέτῃ,
1809 5511 1980 5573 οὕτως
2016 5509 2151 5573 ἄξιοι
2174 5509 2275 5575 τῆς

699 5601 789 5655 τοῦ
816 5600 1134 5670 Πνεύματος
1169 5602 1437 5671 ὑποδοχῆς
1461 5605 1743 5671 γεγόνασιν
1764 5621 1775 5634 ·
1804 5604 1919 5656 ἁλλ’
1952 5606 2007 5655 ἐν
2040 5604 2103 5671 τῇ
2128 5600 2276 5669 πρώ-

790 5798 834 5828 ⁴⁵³
864 5800 905 5827 ⁸⁸
937 5798 1075 5851 Psal.
1118 5813 1290 5860 usu,
1318 5798 1369 5853 6.

2386 3316 2479 3367 καὶ
2513 3316 2659 3386 πάσῃ
2691 3316 2975 3389 πρεπούσῃ
2998 3319 3116 3380 ταῖς
3149 3318 3321 3389 ἱεραῖς
3346 3318 3637 3390 δυνάμεσιν
3662 3321 3842 3393 ἁρετῇ
3864 3364 3879 3387 ,
3910 3326 3971 3375 ὲκ

2383 3406 2481 3474 τῆς
2534 3405 2628 3458 τοῦ
2662 3405 2975 3476 Πνεύματος
3021 3410 3339 3481 ἐπικουρίας
3389 3410 3631 3481 ἔχουσιν,
3682 3418 3832 3483 apud
3889 3431 3971 3469 me

2386 3500 2513 3552 dum
2571 3509 2795 3568 reputo,
2833 3502 3113 3569 probabile
3162 3504 3292 3557 mihi
3332 3519 3435 3558 non
3467 3505 3682 3560 videtur
3704 3505 3970 3561 Basilium

2388 3594 2699 3646 memoriam
2749 3608 2900 3648 suam
2948 3594 3227 3659 ejusmodi
3257 3594 3622 3663 suppellectile
3684 3611 3969 3651 onerasse.

2385 3681 2511 3745 Sed,
2537 3684 2635 3736 etsi
2673 3698 2903 3737 onerare
2953 3683 3251 3737 induxisset
3285 3686 3560 3748 animum,
3584 3700 3691 3739 non
3740 3702 3973 3755 parvum

2391 3772 2689 3843 periculum
2735 3784 2851 3827 erat
2872 3812 2888 3839 ,
2918 3789 2986 3828 ne
3019 3775 3160 3829 inter
3193 3775 3529 3831 recitandum
3572 3776 3643 3831 ob
3677 3779 3973 3832 verborum

2388 3864 2583 3918 malam
2604 3868 3062 3921 constructionem
3080 3867 3481 3936 novitatemque
3499 3867 3819 3923 titubasset.
3842 3868 3974 3923 Nam

2388 3956 2461 4008 ita
2495 3958 2755 4010 indiserte
2783 3957 2930 4027 loqui
2966 3972 3069 4010 non
3103 3968 3486 4013 consueverat.
3517 3958 3706 4029 Neque
3736 3976 3871 4016 vero
3900 3963 3974 4021 ei.

2386 4062 2507 4099 cum
2533 4048 2601 4101 de
2639 4047 2879 4113 Spiritus
2925 4052 3096 4105 sancti
3143 4051 3395 4120 priesidio
3417 4061 3513 4107 aut
3537 4052 3603 4107 de
3652 4054 3975 4110 coelestibus

2385 4139 2744 4205 potestatibus
2796 4154 3102 4195 sermonem
3158 4144 3417 4223 haberet,
3466 4144 3771 4203 familiares
3823 4160 3975 4203 erant

2385 4243 2543 4283 voces
2589 4229 2731 4299 ἱερός
2758 4238 2813 4282 ει
2848 4232 3158 4304 ἐπικουρία.
3185 4236 3295 4289 lmo
3318 4237 3638 4293 vocabulum
3674 4239 3975 4307 ἐπικουρία

2384 4335 2619 4389 unquam
2636 4322 2702 4374 ab
2724 4322 3103 4377 eoatlhibitum
3137 4326 3305 4382 fuisse
3340 4344 3447 4381 non
3486 4327 3737 4381 memini.
3771 4328 3976 4383 Occur-

2386 4424 2510 4466 runt
2538 4422 2589 4466 et
2617 4411 2719 4466 alia
2744 4413 2797 4465 in
2828 4414 2930 4468 hoc
2959 4414 3283 4487 fragmento,
3322 4417 3639 4487 quantulum
3673 4419 3726 4472 id
3762 4434 3975 4485 cunque

2388 4516 2491 4573 est,
2510 4522 2629 4575 qua:
2652 4506 2939 4562 familiaria
2960 4524 3066 4563 non
3087 4520 3246 4563 erant
3266 4509 3486 4564 Basilio.
3502 4509 3612 4565 Cur
3629 4491 3802 4578 igitur
3819 4510 3977 4566 Pater

2388 4599 2757 4667 gravissimus,
2789 4600 3005 4667 proprio
3026 4600 3209 4653 habitu
3243 4610 3473 4662 mutato,
3494 4602 3856 4670 peregrinum
3888 4601 3973 4655 in-

2382 4690 2539 4744 duit?
2560 4690 2889 4758 Sperabatne
2906 4692 3135 4760 gratiam
3153 4708 3347 4747 novam
3362 4708 3427 4747 ex
3450 4695 3745 4748 verborum
3774 4697 3977 4751 novita-

2388 4791 2463 4847 te,
2484 4792 2573 4834 aut
2594 4795 2658 4834 ex
2691 4794 2878 4834 eorum
2899 4782 3118 4835 insolita
3149 4786 3557 4840 constructione
3587 4789 3834 4842 orationi
3868 4803 3975 4843 sua:

2387 4872 2767 4927 accessuram?
2791 4872 2922 4939 Quis
2951 4874 3051 4927 hoc
3075 4876 3296 4929 credat?
3330 4876 3439 4945 Ego
3462 4876 3683 4946 quidem
3717 4878 3765 4933 si
3790 4880 3976 4934 crede—

2386 4979 2520 5028 rem,
2545 4963 2670 5015 illud
2690 4964 2753 5016 de
2780 4977 2884 5030 quo
2914 4964 3285 5032 disceptamus
3312 4965 3676 5035 fragmentum
3696 4983 3769 5023 ex
3804 4969 3973 5024 Euse—

2388 5055 2563 5109 bianis
2583 5053 2817 5105 fontibus
2844 5068 2872 5105 a
2895 5051 3097 5108 Basilio
3132 5057 3387 5112 haustum
3411 5072 3532 5111 esse
3551 5098 3567 5123 ,
3593 5057 3712 5126 jam
3750 5059 3976 5128 insignis

2384 5145 2471 5199 ille
2496 5144 2570 5197 De
2597 5143 2799 5209 Spiritu
2837 5156 3019 5198 sancto
3053 5146 3211 5210 liber,
3254 5149 3363 5217 jam
3384 5148 3629 5217 praeclari
3657 5150 3739 5203 illi
3777 5152 3833 5203 in
3858 5148 3971 5202 Eu-

2382 5236 2609 5289 nomium
2630 5234 2751 5288 libri
2778 5234 2907 5287 mihi
2932 5236 2985 5287 in
3006 5239 3375 5305 suspicionem
3394 5244 3636 5295 venirent
3651 5282 3669 5296 .
3694 5244 3813 5297 Non
3833 5244 3972 5295 enim

2382 5325 2662 5394 probabile
2696 5326 2825 5378 mihi
2851 5326 3151 5393 videretur,
3176 5331 3478 5398 hominem,
3504 5334 3593 5387 cui
3622 5349 3767 5403 opus
3790 5333 3974 5387 fuisset

2382 5416 2601 5471 Eusebii
2668 5416 3057 5471 commentario
3115 5421 3185 5472 ad
3248 5437 3421 5490 pauca
3488 5426 3661 5479 verba
3744 5423 3975 5481 alicuius

2381 5506 2574 5576 psalmi
2627 5504 2993 5573 explananda,
3032 5516 3143 5562 tam
3172 5516 3391 5583 egregia
3438 5528 3604 5582 opera
3639 5529 3974 5584 componere

2383 5598 2643 5667 patuisse.
2678 5596 2782 5651 Sed
2829 5597 2985 5666 longe
3033 5603 3210 5656 satius
3254 5605 3396 5659 duco
3440 5605 3816 5674 fragmentum
3851 5607 3974 5661 illud
