4080 6314
745 385 852 437 αωι

2112 372 2637 431 PROLEGOMENA.

744 490 1017 556 omisisse,
1050 502 1144 547 aut
1166 496 1382 549 brevius
1410 494 1731 565 explanasse
1760 513 1772 548 :
1798 498 1941 558 quod
1980 509 2102 548 cum
2132 502 2294 548 anim-

2408 488 2579 556 εῖπεν,
2624 492 2706 542 ὃτι
2751 490 2817 542 Ἠ
2861 487 3110 558 γλῶσσά
3138 506 3255 556 μου
3294 487 3557 556 κάλαμος
3600 483 3981 554 γραμματέως

740 580 1079 640 adverterent
1108 585 1331 649 librarii,
1362 587 1462 641 rati
1498 587 1631 648 fore,
1658 595 1719 640 ut
1750 602 1883 640 suus
1914 587 2067 639 labor
2092 602 2155 640 ex
2188 591 2302 640 Ion-

739 673 981 742 gitudine
1018 678 1282 733 orationis
1319 679 1707 743 aestimaretur,
1756 688 1849 730 aut
1895 677 2037 745 quod
2082 677 2296 741 deerat,

750 772 1020 842 supplere.
1045 771 1308 838 autquod
1358 770 1573 824 brevius
1625 769 1945 837 explicatum
1990 768 2202 833 fuerat,
2240 783 2304 820 ex

751 866 978 921 aliorum
1006 866 1354 932 interpretum
1384 864 1600 933 scriptis
1623 878 1817 933 augere
1842 878 1945 915 non
1973 862 2304 915 dubitarunt.

820 958 911 1012 36.
946 958 1131 1011 Exstat
1157 957 1296 1010 inter
1334 956 1515 1010 Basilii
1562 971 1725 1024 opera
1758 955 2033 1009 enarratio
2061 954 2303 1027 quaedam

749 1051 805 1110 in
838 1048 1111 1118 psalmum
1146 1049 1465 1101 tricesimum
1491 1048 1781 1113 septimum,
1810 1062 1972 1116 quam
2010 1046 2060 1099 in
2086 1045 2303 1101 dubium

750 1140 821 1197 ab
842 1142 1067 1194 eruditis
1092 1141 1333 1195 revocari
1370 1141 1670 1193 monuimus
1713 1154 1863 1190 num.
1888 1137 1975 1189 52.
2008 1136 2305 1190 Tillemon-

752 1234 856 1289 tius
887 1233 957 1286 ita
988 1236 1053 1288 de
1076 1248 1135 1288 ea
1162 1232 1373 1285 dubitat
1398 1243 1451 1284 ut
1475 1232 1540 1284 ad
1568 1247 1684 1285 eam
1718 1228 2103 1283 defendendam
2134 1227 2306 1295 magis

748 1323 1087 1393 pr0pendere
1122 1323 1386 1377 videatur.
1433 1320 1538 1375 Sed
1588 1336 1705 1375 eam
1733 1320 1966 1392 spuriam
1995 1332 2117 1373 esse
2147 1328 2306 1385 atque

748 1412 1102 1466 adulterinam
1130 1422 1357 1466 constat.
1386 1411 1451 1465 Et
1480 1421 1625 1465 certe
1668 1411 1911 1479 repetitio
1936 1423 2126 1471 vocum
2168 1422 2305 1477 qua—

757 1503 1000 1557 rumdam
1028 1519 1149 1576 quae
1172 1504 1311 1572 apud
1346 1502 1603 1559 Basilinm
1630 1512 1723 1556 aut
1754 1501 2023 1555 inusitata:
2043 1508 2186 1564 sunt,
2214 1506 2307 1552 aut

750 1589 999 1657 insolitae,
1044 1592 1130 1647 vel
1188 1592 1299 1646 sola
1347 1590 1591 1660 opusculi
1645 1588 1801 1656 hujus
1856 1588 2142 1644 falsitatem
2200 1602 2302 1641 non

744 1680 977 1736 obscure
997 1664 1228 1737 indicat.
1262 1681 1391 1748 Ejus
1424 1680 1637 1748 generis
1662 1691 1787 1734 sunt
1822 1694 2003 1745 voces,
2045 1678 2301 1747 ἔφασκεν,

747 1771 897 1839 γοῦν,
932 1772 1275 1843 συναρπαγή.
1308 1769 1418 1824 lmo
1452 1779 1575 1824 sunt
1616 1779 1671 1824 et
1718 1769 1821 1823 alia
1866 1770 2125 1823 vocabula
2170 1771 2241 1823 ita
2274 1787 2302 1823 a

2414 581 2771 650 όξυπράεσου.
2815 579 3039 648 Ὠραῖος
3073 578 3280 631 κάλλει
3307 577 3464 645 παρὰ
3502 577 3643 641 τοὺς
3663 576 3842 641 υἱοὺς
3870 572 3983 628 τῶν

2412 670 2753 739 ἀνθρώπων.
2807 672 2883 723 Οὐ
2914 671 3020 740 γὰρ
3071 672 3135 722 ἐκ
3167 670 3264 740 τῆς
3315 669 3449 739 πρὸς
3490 669 3611 730 τοὺς
3658 664 3981 735 ἀνθρώπους

2417 765 2752 835 συγκρίσεως
2781 763 2879 833 τὴν
2915 762 3184 834 ὑπεροχὴν
3232 760 3323 814 τοῦ
3375 760 3600 821 κάλλους
3645 759 3828 827 Ἔχει.
3876 757 3981 808 Καὶ

2414 858 2617 929 προῖὼν
2644 857 2701 909 δέ
2726 873 2891 926 φησι·
2912 855 3195 909 Διὰτοῦτο
3218 854 3419 921 ἐχρισέ
3438 867 3509 905 σε
3526 854 3557 904 ὁ
3582 851 3747 916 Θεὸς,
3774 852 3810 901 ὀ
3840 849 3980 913 Θεός

2415 968 2530 1004 σου
2561 950 2771 1003 ἔλαιον
2801 948 3231 1016 ἀγαλλιάσεως.
3268 947 3343 997 Οὐ
3362 946 3469 1014 γὰρ
3484 942 3662 997 εἶπενο
3691 942 3894 1014 ἔχρισά
3924 958 3980 993 σε

2413 1039 2522 1108 ἐγὼ
2547 1043 2574 1093 6
2602 1040 2752 1105 Θεὸς,
2778 1039 2911 1103 ἀλλ’,
2944 1036 3186 1107 Ἐχρισέ
3211 1052 3284 1091 σε
3307 1053 3322 1067 ·
3345 1034 3483 1088 ὥστε
3520 1038 3583 1087 ἐκ
3613 1035 3809 1087 τούτου
3839 1047 3980 1101 παρ⁴

2415 1131 2664 1183 ίστασθαι
2695 1131 2877 1201 ἕτερον
2921 1125 3058 1183 εἶναι
3112 1130 3171 1182 τὸ
3220 1127 3597 1198 διαλεγόμενον
3658 1128 3976 1197 πρόσωπον.

2414 1223 2571 1275 Ποῖον
2602 1218 2693 1275 οὖν
2728 1222 2841 1273 ἐστι
2873 1219 3049 1283 τοῦτο,
3080 1219 3111 1289 ἢ
3158 1220 3186 1271 6
3211 1219 3493 1289 προφήτης
3532 1218 3560 1268 6
3586 1218 3853 1286 χωρήσας
3882 1214 3976 1284 τὴν

2410 1314 2503 1367 τοῦ
2558 1314 2712 1382 ἁγίου
2764 1311 3079 1382 Πνεύματος
3128 1312 3204 1373 εἰς
3260 1310 3419 1362 αὑτὸν
3474 1307 3775 1378 γενομένην
3830 1306 3979 1377 ἐνέρ-

2416 1425 2569 1476 γειαν
2594 1425 2607 1472 ;
2636 1406 2747 1459 Hoc
2774 1416 2858 1460 est
2883 1425 2893 1459 :
2925 1423 2942 1457 t
2980 1403 3204 1470 Quidam
3232 1403 3477 1456 arbitrati
3498 1411 3621 1455 sunt
3645 1416 3711 1455 ex
3740 1413 3973 1469 persona

2413 1497 2590 1552 Patris
2618 1495 2881 1566 psalmum
2911 1494 3025 1549 sive
3040 1494 3308 1548 canticum
3328 1492 3662 1561 pronuntiari
3680 1492 3747 1544 de
3768 1488 3974 1554 Verbo,

2415 1589 2558 1660 quod
2585 1588 2639 1641 iu
2674 1586 2933 1655 principio
2960 1594 3073 1642 erat
3103 1586 3245 1655 apud
3280 1583 3446 1637 Deum
3464 1582 3531 1650 ⁸³,
3559 1582 3816 1653 quodque
3864 1582 3977 1650 ipse

2411 1696 2507 1736 ceu
2538 1694 2605 1734 ex
2632 1680 2815 1743 corde,
2844 1678 2957 1733 sive
2983 1691 3049 1731 ex
3097 1677 3226 1745 ipsis
3267 1676 3563 1731 visceribus
3594 1676 3854 1745 produxit
3879 1692 3893 1727 :
3925 1686 3976 1728 et

2415 1787 2481 1825 ex
2504 1772 2644 1826 bono
2675 1770 2839 1824 corde
2878 1770 3074 1822 bonum
3102 1769 3329 1822 verbum
3357 1765 3577 1837 prodiit.
3637 1764 3767 1819 Mihi
3812 1780 3978 1833 porro

744 1861 927 1918 Basilii
952 1866 1108 1934 genio
1139 1862 1509 1926 abhorrentia,
1544 1871 1601 1914 ut
1633 1871 1892 1930 praestare
1921 1862 2091 1915 ausim
2115 1862 2159 1916 si
2198 1878 2302 1917 non
2337 1854 2377 1908 Β
2407 1864 2523 1918 [HEC
2554 1862 2617 1915 ad
2641 1860 3007 1930 propheticam
3039 1874 3325 1929 personam
3367 1856 3649 1911 referenda
3670 1856 3927 1910 videntur
3956 1872 3972 1908 :

747 1954 953 2018 omnia,
995 1963 1142 2008 certe
1178 1967 1363 2006 eorum
1391 1952 1569 2020 aliqua
1596 1951 1645 2004 in
1680 1950 1821 2005 illius
1852 1951 2001 2006 libris
2037 1966 2303 2022 nusquam

746 2047 991 2115 reperiri.
1036 2046 1223 2111 Qualia
1254 2052 1394 2110 sunt,
1424 2042 1749 2112 συγκατιὼν,
1781 2044 2065 2108 ἀντιὸολεί,
2097 2047 2125 2098 6
2167 2046 2307 2117 ἱερὸς

744 2136 1059 2201 ἀπόστολος,
1088 2136 1187 2207 τῆς
1216 2134 1392 2206 ψυχῆς
1417 2135 1786 2205 αἰσθητήριον,
1834 2135 2302 2204 ἁναπεμπάζεται.

744 2226 851 2279 Sed
882 2226 1007 2294 quid
1038 2225 1187 2296 plura
1215 2226 1237 2277 ?
1266 2208 1392 2278 Haec
1432 2226 1495 2276 de
1543 2239 1645 2293 qua
1678 2223 1886 2293 agimus
1908 2224 2180 2279 enarratio
2203 2224 2307 2277 Eu-

741 2316 879 2371 sebii
908 2314 1255 2370 Ctesariensis
1306 2313 1447 2367 fetus
1494 2325 1597 2382 est,
1632 2331 1735 2368 non
1790 2314 1995 2369 Basilii.
2034 2314 2166 2369 Nam
2200 2331 2305 2384 quo

746 2408 900 2479 plura
944 2405 1371 2475 reperiunturin
1404 2406 1775 2460 lucubratione
1824 2422 1885 2461 ea
1911 2422 2029 2476 qua!
2058 2407 2193 2460 male
2224 2408 2304 2460 iu-

745 2511 829 2555 ter
874 2499 1057 2554 Basilii
1107 2514 1270 2567 opera
1322 2499 1579 2554 collocata
1612 2508 1691 2553 est
1720 2540 1734 2563 ,
1783 2514 1941 2568 quam
1983 2500 2035 2553 in
2075 2500 2303 2569 vulgatis

744 2585 964 2641 Eusebii
1015 2586 1439 2651 commentariis,
1493 2602 1559 2639 ex
1601 2601 1665 2641 eo
1716 2602 1819 2641 non
1867 2586 2095 2642 elIicitur
2137 2598 2300 2643 totam

741 2694 862 2733 eam
890 2679 1122 2733 Eusebio
1153 2678 1313 2731 tribui
1357 2693 1461 2732 non
1493 2689 1739 2749 oportere
1769 2695 1781 2730 :
1812 2681 1904 2734 sed
1939 2682 2183 2749 sequitur
2216 2698 2303 2738 so-

741 2772 851 2826 lum
882 2770 1059 2843 aliqua
1090 2771 1140 2824 in
1166 2770 1379 2824 Eusebii
1412 2772 1817 2825 commentariis
1847 2772 2049 2825 omissa
2111 2772 2296 2827 fuisse.

742 2864 815 2917 Ita
868 2874 1046 2918 autem
1100 2880 1221 2918 csse
1278 2865 1458 2919 multis
1515 2868 1849 2933 argumentis
1902 2869 2119 2938 probari
2177 2885 2296 2922 cum

742 2957 933 3026 possit,
986 2956 1089 3010 duo
1124 2956 1295 3012 solum
1350 2957 1705 3024 proferemus.
1752 2958 1992 3014 Primum
2022 2972 2123 3025 εει,
2157 2963 2297 3030 quod

744 3050 885 3102 hanc
931 3047 1356 3101 lucubrationem
1390 3063 1507 3116 qua:
1536 3049 1586 3101 in
1628 3048 1811 3103 Basilii
1853 3052 2176 3107 editionibus
2228 3054 2298 3107 le-

740 3137 906 3208 gitur,
939 3138 1005 3192 ab
1044 3138 1231 3191 eadem
1272 3137 1431 3207 plane
1468 3154 1629 3192 tnanu
1660 3139 1955 3207 profectam
1990 3158 2109 3197 esse
2133 3153 2294 3197 totam

740 3229 966 3297 quilibet
992 3228 1150 3297 paulo
1189 3230 1434 3297 sagacior
1462 3226 1619 3283 facile
1652 3231 1935 3301 intelligat,
1984 3248 2105 3288 cum
2151 3235 2289 3288 idem

742 3326 935 3388 stylus,
970 3322 1109 3377 idem
1132 3322 1425 3393 ingenium,
1458 3329 1643 3381 eadem
1674 3330 2014 3384 citandorum
2041 3332 2299 3401 interpre-

741 3419 852 3465 tum
903 3412 1039 3468 ratio
1087 3414 1139 3467 in
1173 3423 1284 3469 toto
1313 3432 1563 3472 sermone
1593 3421 1949 3489 perspiciatur
1984 3439 1997 3474 :
2037 3423 2294 3489 alterum,

736 3499 880 3573 quod
911 3500 1115 3569 aliquot
1146 3507 1534 3562 versiculorum
1567 3510 2059 3580 interpretationem
2096 3515 2148 3568 in
2179 3516 2297 3567 vul-

733 3591 873 3660 gatis
897 3590 1112 3649 Eusebii
1142 3596 1295 3653 libris
1326 3599 1513 3654 deesse
1543 3612 1767 3657 constet.
1800 3603 1937 3657 Puto
1972 3606 2133 3673 igitur
2164 3622 2295 3659 cau-

733 3697 848 3736 sam
877 3698 975 3737 cur
1001 3686 1193 3753 psalmi
1229 3688 1489 3745 tricesimi
1516 3692 1728 3759 septimi
1752 3693 2059 3762 explanatio
2083 3695 2294 3749 brevior

735 3775 809 3829 sit
836 3776 976 3846 apud
1008 3776 1298 3834 Eusebium
1328 3797 1490 3851 quam
1515 3785 1655 3854 apud
1683 3784 1961 3850 Basilinm,
1998 3788 2157 3842 aliam
2185 3804 2291 3842 non

731 3888 869 3931 esse.
906 3874 1015 3926 nisi
1052 3875 1197 3943 quod
1230 3875 1431 3929 librarii
1467 3886 1563 3930 aut
1598 3883 1740 3934 nacti
1761 3882 1875 3936 sint
1902 3884 2149 3941 codicem
2179 3900 2303 3945 mu-

732 3960 905 4022 tilum,
942 3964 1400 4029 autpopercerint
1432 3965 1623 4019 labori.

805 4040 894 4094 37.
928 4040 1179 4107 Quaedam
1212 4042 1393 4097 Basilii
1425 4060 1478 4097 in
1507 4043 1746 4100 Psalmos
1765 4050 2054 4115 orationes,
2088 4053 2139 4105 in
2168 4054 2289 4122 qui-

735 4132 837 4184 bus
867 4133 1162 4201 fragmenta
1189 4133 1401 4187 Eusebii
1436 4133 1501 4187 ad
1531 4134 1750 4192 verbum
1776 4141 2097 4208 transcripta
2131 4157 2289 4209 repe-

735 4222 1025 4283 riebamus,
1049 4239 1152 4275 non
1176 4240 1361 4291 parum
1388 4226 1561 4291 nobis,
1598 4238 1655 4280 ut
1692 4244 1788 4283 suo
1816 4230 1934 4284 loco
1967 4234 2286 4301 notavimus,

732 4312 1029 4369 exhibuere
1055 4312 1275 4381 negotii.
1304 4312 1368 4365 Et
1399 4316 1511 4369 haec
1545 4331 1756 4385 quoque
1795 4321 1851 4372 in
1882 4322 2137 4387 psalmum
2160 4340 2289 4392 qua-

734 4405 1082 4471 dragesimum
1138 4414 1381 4474 quartum
1433 4410 1725 4474 enarratio,
1774 4415 1913 4477 quod
1941 4415 2064 4468 huic
2113 4416 2285 4469 eidem

733 4494 1072 4547 incommodo
1106 4494 1338 4548 obnoxia
1370 4496 1461 4560 sit,
1488 4512 1593 4550 non
1617 4502 1790 4555 minus
1824 4519 1920 4558 nos
1947 4504 2083 4559 male
2106 4506 2263 4561 habet

730 4598 892 4651 quam
951 4584 1178 4652 priores.
1225 4586 1399 4642 Verba
1447 4587 1661 4643 Eusebii
1696 4592 2029 4656 subjicimus.
2073 4605 2130 4649 ut
2164 4612 2282 4651 cum

728 4675 1032 4739 Basilianis,
1062 4692 1179 4746 qua:
1208 4693 1305 4732 suo
1335 4681 1520 4735 ordine
1547 4681 1856 4736 excudenda
1886 4696 2028 4749 sunt,
2083 4690 2287 4755 possint

728 4766 985 4820 conferri.
1021 4766 1143 4821 llaac
1200 4769 1365 4840 igitur
1394 4770 1642 4837 leguntur
1674 4772 1811 4840 apud
1862 4771 2149 4828 Eusebium
2180 4792 2283 4832 non

727 4858 883 4929 longe
922 4861 988 4914 ab
1016 4861 1168 4915 initio
1205 4881 1216 4915 :
1259 4862 1415 4923 Τινὲς
1454 4861 1709 4933 ᾠήθησαν
1756 4866 1830 4929 ὡς
1878 4867 1943 4919 ἐκ
1994 4867 2282 4940 προσώπου

724 4950 817 5003 τοῦ
843 4952 1055 5023 Πατρὸς
1086 4954 1339 5018 λέγεσθαι
1360 4956 1450 5007 τὸν
1483 4955 1692 5024 ψαλμὸν
1722 4960 1839 5029 ήτοι
1866 4961 1963 5031 τὴν
1991 4960 2133 5032 ᾠδὴν
2158 4964 2284 5033 περὶ

721 5043 817 5096 τοῦ
849 5045 918 5098 ἐν
948 5045 1105 5113 ἀρχῇ
1133 5046 1305 5111 ὄντος
1350 5049 1497 5116 πρὸς
1547 5051 1727 5103 αὐτὸν
1764 5055 1976 5119 Λόγου,
2005 5055 2063 5105 ὃν
2092 5057 2155 5107 ἐκ
2186 5057 2285 5125 τῆς

721 5137 883 5189 οἱονεὶ
906 5138 1129 5206 καρδίας
1157 5138 1187 5208 ἢ
1216 5139 1389 5190 αὐτῶν
1423 5142 1527 5193 τῶν
1566 5142 1904 5213 σπλάγχνων,
1953 5148 2105 5216 φησὶ,
2160 5166 2287 5217 προ-

724 5232 954 5298 ήγαγεν,
982 5231 1075 5283 καὶ
1100 5232 1205 5283 ἀπὸ
1228 5230 1437 5299 ἀγαθῆς
1455 5233 1680 5304 καρδίας
1701 5236 1897 5301 ἀγαθὸς
1918 5237 2069 5303 λόγος
2093 5238 2285 5307 προῆλ-

720 5321 832 5375 Θεν.
874 5322 1024 5391 Ἐμοὶ
1048 5321 1103 5373 δὲ
1133 5321 1277 5375 δοκεῖ
1298 5320 1468 5374 ταῦτα
1497 5324 1585 5374 ἐπὶ
1616 5323 1675 5375 τὸ
1720 5326 2047 5394 προφητικὸν
2086 5327 2284 5395 ἀναφέ-

725 5410 907 5478 ρεσθαι
940 5413 1247 5481 πρόσωπον.
1285 5415 1363 5465 Τὰ
1391 5415 1498 5481 γὰρ
1543 5415 1737 5485 ἐφεξῆς
1764 5414 1855 5465 τοῦ
1888 5418 2048 5485 ῥητοῦ
2102 5420 2281 5471 οὐκέτι

718 5501 917 5570 ὁμοίως
949 5504 1252 5573 ὲξομαλίζει
1285 5508 1411 5573 ἡμῖν
1440 5505 1537 5575 τὴν
1566 5508 1691 5573 περὶ
1723 5506 1815 5558 τοῦ
1852 5508 2060 5575 Πατρὸς
2090 5509 2283 5578 ἐξήγη-

722 5613 825 5667 ᾳιν.
852 5595 986 5647 Οῦτε
1017 5596 1123 5663 γὰρ
1153 5595 1216 5649 ἂν
1240 5597 1364 5665 περὶ
1401 5598 1497 5664 τῆς
1545 5597 1734 5648 ἑαυτοῦ
1766 5596 2014 5666 γλώσσης
2049 5601 2075 5650 6
2098 5599 2282 5669 Πατὴρ

1242 5787 1283 5813 ⁵⁸
1320 5783 1455 5837 Pal.
1495 5800 1632 5846 νων,
1674 5784 1726 5849 2,
1762 5786 1810 5836 3.

788 5780 1005 5838 ".‘oan.
1044 5800 1082 5845 ι,
1117 5786 1161 5837 ι.
1242 5787 1283 5813 ⁵⁸
1320 5783 1455 5837 Pal.
1495 5800 1632 5845 \Ltt',
1674 5784 1726 5845 2,
1762 5786 1810 5836 5.
1896 5788 1925 5811 λ’
1966 5786 2087 5838 ibid.
2122 5785 2173 5840 8.

2270 4547 2284 4571 ’
2318 4546 2363 4600 D

2406 1968 2525 2023 quae
2575 1953 2718 2006 enim
2768 1961 2885 2020 post
2936 1952 3136 2005 dictum
3194 1949 3495 2018 bujusmodi
3542 1948 3971 2016 subsequuntur,

2406 2061 2510 2099 non
2542 2043 2613 2097 ita
2646 2043 2860 2111 planam
2905 2043 3161 2097 exhibent
3209 2041 3362 2097 nobis
3398 2042 3462 2095 de
3499 2040 3657 2094 Patre
3694 2041 3973 2094 narratio-

2409 2151 2551 2189 nem.
2607 2131 2790 2203 Neque
2837 2134 2980 2187 enim
3025 2134 3091 2188 de
3136 2132 3315 2203 lingua
3364 2148 3459 2187 sua
3512 2132 3670 2186 Pater
3714 2133 3969 2187 dixerit:

2408 2228 2610 2296 Lingua
2640 2244 2755 2280 mea
2788 2228 3019 2280 calamus
3050 2226 3233 2279 scribta
3262 2227 3501 2279 velociter
3524 2225 3818 2280 scribentis.
3841 2226 3974 2293 Spe-

2404 2322 2577 2374 ciosus
2609 2320 2778 2387 forma
2828 2335 2935 2385 pra:
2978 2318 3105 2385 ﬁliis
3136 2318 3400 2371 hominum
3425 2316 3488 2371 “.
3538 2316 3819 2386 Siquidem
3850 2317 3969 2385 pul-

2405 2413 2725 2469 chritndinis
2751 2412 3117 2481 prtestantiam
3156 2427 3223 2465 ex
3255 2411 3651 2478 comparatione
3682 2425 3812 2463 cum
3868 2410 3967 2462 ho-

2410 2500 2645 2553 minibus
2678 2515 2782 2552 non
2844 2509 3138 2552 mutuatur.
3180 2499 3235 2551 In
3290 2498 3636 2566 sequentibus
3681 2512 3819 2551 vero
3872 2499 3968 2562 ait,

2404 2588 2688 2660 Propterea
2738 2591 2883 2642 unxit
2920 2601 2968 2641 te
3000 2589 3159 2652 Deus,
3206 2586 3340 2641 Deus
3363 2596 3482 2640 tuus
3508 2588 3617 2640 oleo
3644 2586 3851 2641 latitia!
3882 2588 3925 2618 "
3951 2606 3964 2652 ;

2402 2698 2576 2750 neque
2609 2682 2750 2735 enim
2780 2682 2876 2744 ait,
2927 2679 3060 2735 Unxi
3094 2689 3146 2734 te
3183 2693 3280 2749 ego
3304 2678 3460 2743 Deus,
3500 2680 3613 2742 sed,
3659 2677 3833 2732 Unzit
3880 2689 3969 2732 te:

2404 2777 2474 2829 ita
2538 2786 2596 2828 ut
2644 2775 2767 2828 hinc
2802 2774 3059 2842 liquidum
3099 2774 3165 2825 sit
3197 2772 3352 2825 aliam
3394 2786 3674 2840 personam
3701 2785 3828 2824 esse
3851 2786 3971 2838 quae

2403 2866 2660 2935 loquitur.
2703 2866 2964 2931 Quaenam
3018 2864 3181 2933 igitur
3230 2862 3341 2924 illa,
3393 2862 3494 2914 nisi
3550 2861 3835 2927 prOphela,
3878 2863 3965 2925 qui

2403 2958 2641 3025 illapsam
2672 2956 2901 3024 Spiritus
2922 2956 3094 3009 sancti
3122 2955 3223 3006 vim
3252 2955 3304 3006 in
3341 2967 3397 3005 se
3426 2952 3668 3019 recepit?
3703 2970 3724 3002 ι
3774 2951 3966 3007 Basilii

2402 3048 2456 3099 iu
2492 3048 2629 3099 hunc
2652 3047 2909 3113 psalmum
2938 3046 3235 3099 orationem
3280 3042 3323 3097 si
3356 3044 3473 3112 quis
3506 3042 3679 3111 legere
3710 3044 3956 3110 voluerit,

2408 3138 2459 3191 in
2494 3151 2555 3191 ea
2619 3137 2719 3190 hoc
2773 3136 2985 3191 Eusebii
3036 3136 3398 3205 fragmentum
3464 3136 3685 3207 syllabis
3738 3138 3967 3190 totidem

2402 3227 2655 3296 reperiet.
2682 3228 2799 3281 Dixi
2834 3226 3048 3296 sacpius,
3078 3242 3177 3283 nec
3207 3230 3385 3281 dicere
3411 3228 3673 3292 desinam,
3705 3243 3796 3281 me
3831 3230 3965 3281 mibi

2402 3321 2730 3389 persuadere
2758 3338 2863 3375 non
2893 3336 3052 3389 posse
3077 3322 3344 3375 hominem
3373 3322 3786 3376 disertissimum
3818 3336 3969 3375 eum-

2401 3415 2631 3484 demque
2679 3415 3104 3482 copiosissimum
3163 3414 3418 3470 Basilinm
3484 3414 3700 3483 graeculi
3762 3416 3963 3471 malam

2399 3514 2569 3559 artem
2594 3504 2856 3557 imitatum
2886 3518 3027 3558 esse.
3066 3504 3201 3571 Quid
3242 3505 3383 3558 enim
3414 3504 3676 3559 attinebat
3702 3503 3964 3561 Basilinm

2400 3598 2621 3653 induere
2636 3613 2693 3651 se
2712 3597 2899 3666 pennis
2926 3596 3131 3660 alienis,
3154 3597 3245 3665 qui
3271 3597 3381 3650 suis
3403 3595 3569 3666 magis
3587 3612 3746 3665 quam
3770 3600 3965 3651 ascitis

2398 3685 2751 3741 decorabatur
2768 3687 2790 3737 ?
2806 3685 3048 3740 Potuisse
3065 3685 3316 3739 Basilinm
3336 3686 3401 3740 ab
3418 3686 3641 3740 Eusebio
3659 3688 3966 3741 sententias

2397 3776 2654 3846 quasdam
2710 3776 2979 3838 mutuari,
3035 3791 3166 3845 quas
3205 3776 3437 3844 politiori
3489 3776 3701 3831 dicendi
3758 3792 3963 3847 genere

2396 3882 2520 3922 suas
2544 3866 2778 3933 fecisset,
2808 3882 2914 3921 non
2950 3868 3102 3922 ierim
3134 3868 3370 3924 inficias:
3391 3870 3481 3923 sed
3514 3882 3635 3920 eum
3662 3867 3729 3921 ab
3762 3871 3960 3926 eodem

2398 3956 2606 4028 longam
2642 3960 2927 4013 verborum
2962 3961 3155 4015 seriem
3188 3962 3500 4030 sumpsisse,
3535 3968 3594 4012 ut
3625 3962 3842 4015 credam
3871 3962 3961 4013 vix

2397 4050 2655 4114 adducar;
2683 4052 2977 4119 prmsertim
2996 4066 3115 4104 cum
3137 4052 3253 4105 sine
3271 4051 3435 4103 multo
3455 4050 3635 4106 labore
3652 4052 3961 4119 elegantio-

2398 4155 2453 4193 ra
2494 4142 2739 4195 dixisset.
2798 4140 3070 4195 Librarios
3100 4142 3263 4210 igitur
3284 4155 3346 4194 ea
3380 4141 3431 4194 in
3464 4157 3520 4196 re
3538 4140 3960 4198 maleolIiciosos

2396 4231 2507 4284 haec
2530 4231 2808 4283 Basilianis
2836 4233 3154 4285 annexuisse
3183 4232 3436 4287 arbitror.
3452 4231 3621 4302 Legas
3655 4232 3813 4287 velim
3848 4252 3956 4289 nu-

2396 4336 2600 4375 merum
2629 4321 2714 4384 35,
2738 4322 2788 4375 in
2811 4336 2916 4391 quo
2941 4337 3056 4375 eam
3083 4321 3133 4375 in
3166 4326 3484 4377 sententiam
3510 4322 3670 4377 multa
3690 4340 3789 4394 pro
3809 4328 3957 4382 virili

2393 4412 2799 4482 disputavimus.

2464 4500 2553 4555 58.
2579 4503 2849 4557 Orationis
2883 4503 2999 4571 ejus
3028 4517 3130 4570 qua
3168 4502 3405 4570 psalmus
3454 4505 3778 4562 centesimus
3802 4508 3959 4563 deci-

2395 4609 2514 4647 mus
2551 4605 2775 4662 quartus
2810 4595 2860 4646 iu
2918 4593 3203 4647 Basilianis
3236 4594 3558 4651 editionibus
3602 4599 3955 4667 explanatur,

2393 4684 2741 4753 reperiuntur
2789 4684 3001 4752 quidem
3059 4683 3353 4754 fragmenta
3388 4688 3439 4741 in
3482 4688 3807 4743 Corderiana
3860 4704 3957 4741 ca-

2388 4786 2532 4842 lena,
2560 4777 2653 4832 sed
2678 4776 2893 4830 nomine
2913 4776 3263 4840 diversorum,
3291 4793 3395 4831 non
3428 4776 3631 4830 Basilii.
3655 4779 3771 4831 Alia
3799 4777 3953 4831 enim

2390 4868 2704 4922 tribuuntur
2763 4869 3006 4941 Didymo,
3059 4870 3162 4922 alia
3220 4868 3623 4936 Cbrysostomo,
3659 4867 3955 4923 Theodoro

2389 4957 2513 5021 alia,
2550 4958 2653 5011 alia
2676 4960 2973 5029 Anonymo.
3007 4959 3111 5011 Sed
3147 4958 3293 5010 locus
3324 4956 3411 5011 ille
3440 4958 3531 5027 qui
3564 4972 3625 5010 ea
3658 4957 3707 5007 in
3748 4963 3952 5012 catena

2388 5049 2599 5102 cuidam
2625 5050 2776 5103 alteri
2808 5050 3082 5109 tribuitur,
3113 5064 3216 5101 non
3236 5049 3285 5101 in
3322 5065 3426 5103 uno
3449 5049 3662 5107 Basilio,
3687 5048 3779 5100 sed
3810 5054 3948 5105 etin

2386 5139 2614 5194 Eusebio
2645 5154 2855 5209 quoque
2887 5117 3170 5208 reperititr.
3202 5141 3312 5196 Utri
3350 5150 3525 5193 autem
3556 5135 3949 5204 adjudicandus

2386 5233 2477 5295 sit,
2539 5248 2601 5285 ex
2633 5231 2773 5300 stylo
2809 5230 2962 5286 facile
2993 5235 3237 5303 cognosci
3289 5240 3481 5301 potest.
3513 5228 3641 5284 Nam
3674 5232 3953 5300 fragmen-

2395 5334 2505 5375 tnm
2543 5323 2670 5375 illud
2704 5323 2987 5377 dictionem
3020 5324 3370 5379 Eusebianam
3423 5336 3584 5389 usque
3619 5326 3754 5377 adeo
3789 5324 3949 5375 redo-

2387 5414 2478 5479 let,
2522 5422 2601 5474 ut,
2652 5414 2739 5481 qui
2785 5417 3100 5486 decipiatur,
3154 5427 3331 5483 putem
3357 5413 3470 5469 fore
3500 5418 3790 5472 neminem.
3826 5415 3940 5481 Qua

2388 5513 2450 5559 de
2482 5520 2535 5558 rc
2566 5516 2619 5559 ut
2647 5524 2739 5577 per
2762 5525 2817 5563 se
2851 5513 3077 5578 quisque
3119 5510 3287 5578 possit
3316 5508 3575 5577 judicare,
3612 5510 3776 5563 verba
3826 5509 3935 5579 ipsa

2388 5600 2671 5656 ascribatn.
2718 5606 2773 5659 St
2795 5615 2849 5656 nt
2881 5614 3056 5657 autem
3094 5602 3204 5659 hanc
3232 5622 3246 5658 :
3284 5607 3340 5657 Ὀ
3367 5605 3564 5672 κόσμος
3590 5598 3746 5666 οὗτος
3782 5604 3939 5667 αὐτὸς
