4088 6310
1299 379 1359 433 D.
1402 376 1547 432 JUL.
1587 363 1908 428 GARNERII
1951 355 2337 416 PlizEFATIO.

3283 362 3408 403 CCIII

166 513 216 557 cl
265 503 381 554 ἐστι
419 499 639 569 θνητὸς,
696 497 787 550 καὶ
844 495 1042 566 χωρίον
1090 493 1538 561 ἀποθνησκόντων
1572 487 1734 542 ἐστίν.

1847 480 2011 534 Dat-id
2048 497 2059 531 :
2099 497 2115 527 ι
2150 487 2390 544 ereptam
2414 486 2534 527 esse
2563 471 2798 524 animam
2829 482 2977 522 suam
3003 481 3032 519 a
3058 471 3250 529 morte,
3279 481 3406 516 ocu—

179 588 393 660 ’ἰ-ἶπειδὴ
427 589 538 659 γὰρ
588 585 837 648 σύνθετός
873 584 987 637 ἐστι
1033 583 1138 635 τῶν
1171 583 1463 652 ὁρωμένων
1493 582 1525 650 ὴ
1551 579 1734 632 σύστα-

170 697 266 744 σς,
292 681 356 733 τὺ
389 681 446 733 δὲ
472 678 724 732 σύνθετον
767 676 910 730 ἅπαν
934 673 1236 728 διαλύεσθαι
1282 671 1540 740 πέφυκεν,
1575 673 1631 724 ἐν
1659 668 1736 738 τῷ

170 774 354 844 κόσμῳ
399 771 574 836 ὄντες,
622 770 787 840 μέρος
833 769 984 828 ὄντες
1027 763 1120 817 τοῦ
1170 763 1395 833 κόσμου,
1428 759 1736 830 ἀναγκαίως

167 864 262 932 τῆς
313 861 411 915 τοῦ
462 860 663 923 παντὸς
697 860 910 928 φύσεως
943 853 1306 924 ἀπολαύομεν.
1354 854 1501 906 Ἐκεῖ
1550 851 1604 904 δὲ
1637 851 1736 903 οὐκ

195 970 308 1005 στιν
350 951 665 1016 ἀλλοίωσις,
707 950 826 1004 οὔτε
874 948 1140 1017 σώματος,
1197 945 1318 999 οὔτε
1361 945 1538 1015 ψυχῆς
1601 943 1734 995 Οὐδὲ

168 1046 268 1113 γάρ
293 1044 415 1095 ἐστι
447 1041 708 1112 λογισμοῦ
753 1039 1097 1110 παρατροπὴ,
1127 1038 1247 1091 οὐδὲ
1285 1036 1568 1109 μετάθεσις
1597 1033 1736 1102 γνώ-

173 1151 296 1203 μης,
327 1133 592 1203 οὐδεμιᾶς
618 1131 987 1203 περιστάσεως
1012 1131 1073 1183 τὸ
1101 1131 1360 1193 εὐσταθὲς
1409 1128 1502 1181 καὶ
1539 1127 1737 1197 ἀτάρα-

167 1241 256 1295 xw
285 1224 395 1277 τῶν
423 1224 696 1295 λογισμῶν
723 1223 1147 1294 ἀφαιρουμένης.
1181 1222 1345 1293 Χὼρα
1373 1221 1516 1274 ἐστὶν
1551 1219 1733 1290 ἐκείνη

167 1313 268 1368 τῶν
295 1314 377 1368 ἔτι
411 1314 647 1380 ζώντων,
683 1315 739 1366 ἐν
836 1313 1066 1384 μάλιστα
1092 1314 1472 1384 εὐαρεστήσειν
1508 1310 1586 1381 τῷ
1617 1310 1736 1381 Θεῷ

170 1409 197 1460 ὁ
225 1409 515 1478 προφήτης
543 1403 1060 1472 κατεπαγγέλλεται,
1084 1403 1159 1468 ὡς
1182 1403 1271 1456 ὑπ’
1288 1403 1500 1465 οὐδενὸς
1528 1399 1735 1471 μέλλων

168 1499 269 1551 τῶν
302 1498 504 1562 ἔξωθεν
551 1495 935 1549 διακόπτεσθαι
972 1495 1204 1562 ζώντων.
1257 1493 1468 1563 Ἐκείνη
1498 1491 1650 1564 χώρα
1678 1493 1736 1544 ἐν

167 1585 196 1665 ᾖ
225 1592 324 1645 οὐκ
346 1590 428 1642 ἔνι
457 1587 574 1655 νὺξ,
605 1591 704 1642 οὐκ
728 1590 806 1643 ἔνι
838 1588 1003 1652 ὕπνος
1021 1589 1080 1640 τὸ
1104 1586 1193 1640 τοῦ
1224 1586 1451 1640 θανάτου
1487 1586 1733 1656 μίμημα,

166 1681 258 1733 οὐκ
286 1679 366 1732 ἔνι
399 1678 622 1750 βρῶσις,
651 1680 749 1733 οὐκ
775 1680 851 1734 ἔνι
878 1679 1032 1741 πόσις
1049 1676 1116 1729 τὰ
1147 1680 1244 1747 τῆς
1267 1676 1547 1739 ἀσθενείας
1578 1674 1734 1746 ἡμῶν

169 1772 566 1841 ὑπερείσματα,
592 1773 652 1825 οὐ
697 1772 804 1825 τῶν
831 1769 1023 1837 ἔξωθέν
1055 1785 1107 1821 τι
1138 1769 1562 1842 περιστατικῶν·
1600 1766 1735 1819 ἀλλὰ

167 1861 312 1933 χώρα
362 1861 619 1927 ζώντων,
673 1865 772 1917 οὐκ
813 1861 1263 1929 ἀποθνησκόντων
1291 1858 1376 1912 διὰ
1421 1858 1520 1928 τῆς
1561 1859 1731 1929 ὁιμοιρ⁸

165 1951 299 2017 τῐας,
339 1952 477 2005 ἀλλὰ
505 1951 718 2017 ζώντων
742 1952 837 2021 τὴν
867 1948 1117 2019 ἀληθινὴν
1147 1949 1289 2019 ζωὴν
1312 1948 1408 2018 τὴν
1435 1950 1491 2000 ὲν
1514 1948 1729 2018 Χριστῷ

180 2043 375 2114 Ἰησοῦ.
405 2064 424 2095 ι
462 2044 559 2099 llic
591 2045 818 2098 mundus
844 2057 968 2095 vere
1009 2050 1064 2094 et
1094 2041 1204 2109 ipse
1233 2039 1496 2104 mortalis,
1535 2049 1589 2094 et
1620 2055 1731 2092 nio-

168 2140 416 2194 rientium
448 2139 594 2194 locus
617 2147 716 2192 est.
761 2137 892 2202 Quia
917 2136 1057 2190 enim
1085 2152 1262 2190 rerum
1295 2136 1582 2190 visibilium
1607 2151 1732 2190 con-

170 2231 376 2284 stitutio
402 2230 696 2297 composita
724 2237 828 2293 est,
860 2243 1019 2282 omne
1049 2243 1176 2284 vero
1203 2229 1565 2299 compositum
1621 2228 1731 2282 sol-

174 2323 348 2385 vilut';
381 2337 506 2375 cum
558 2322 613 2373 in
653 2319 852 2374 mundo
884 2329 938 2374 et
967 2335 1094 2390 pars
1147 2321 1327 2374 mundi
1382 2321 1574 2383 simus,
1639 2334 1730 2372 ne-

171 2413 415 2466 cessario
458 2420 665 2466 natura;
699 2413 930 2466 universi
961 2422 1239 2466 consortes
1284 2427 1505 2476 sumus;
1539 2420 1592 2463 at
1623 2410 1731 2465 illic

172 2520 270 2556 non
327 2513 412 2557 est
459 2503 762 2558 immutatio
799 2503 878 2556 vel
914 2503 1158 2572 corporis
1188 2502 1271 2557 vel
1303 2504 1516 2557 animm.
1546 2501 1730 2572 Neque

168 2594 305 2646 enim
355 2601 443 2648 est
487 2595 832 2663 cogitationis
879 2594 1171 2659 aberratio,
1221 2609 1395 2664 neque
1448 2594 1732 2650 sententiae

176 2686 421 2747 variatio.
459 2701 579 2740 cum
613 2685 752 2739 nulla
780 2685 1059 2741 calamitas
1088 2696 1331 2752 pacatum
1360 2687 1732 2754 tranquillum-

176 2786 274 2838 que
312 2772 702 2840 cogitationum
751 2773 994 2826 ordiuem
1042 2773 1270 2826 auferat.
1310 2773 1405 2827 Illa
1463 2775 1588 2827 item
1647 2786 1731 2828 est

171 2861 313 2929 regio
364 2863 684 2926 viventium,
731 2863 817 2917 ubi
853 2878 910 2918 se
960 2864 1196 2918 maxime
1233 2863 1357 2934 ~Deo
1410 2865 1729 2934 placiturum

174 2950 439 3022 Propheta
477 2953 835 3023 praenuntiat;
883 2965 941 3009 ut
989 2955 1136 3024 quia
1189 2956 1335 3010 nullo
1373 2967 1632 3011 extraneo
1665 2973 1730 3013 ex

174 3059 398 3100 auaiero
429 3045 725 3101 viventium
760 3047 1152 3103 abseindendus
1189 3050 1276 3105 sit.
1327 3048 1416 3102 Illa
1450 3050 1598 3120 regio
1628 3060 1730 3114 est,

174 3137 221 3189 iu
253 3151 356 3207 qua
399 3154 576 3207 neque
611 3155 738 3204 nox,
780 3155 955 3208 neque
998 3156 1242 3204 somnus,
1293 3142 1481 3195 mortis
1534 3143 1730 3209 imago,

1838 573 1916 626 los
1949 587 2076 625 suos
2096 587 2122 622 a
2156 567 2431 637 lacrymis,
2461 565 2622 632 pedes
2652 562 2882 629 denique
2911 574 3082 613 suosa
3112 558 3262 626 lapsu
3300 554 3400 621 ιθςι

1837 680 1955 732 qua:
1989 661 2195 728 singula
2225 658 2458 712 breviter
2486 654 2699 724 quidem
2730 663 2786 706 ut
2815 652 3047 720 reliquos
3065 649 3253 718 pSahni
3281 663 3408 702 ver-

1844 757 2066 818 siculos,
2113 752 2209 806 sed
2259 760 2382 819 apte
2442 746 2731 816 expliearat
2787 742 3040 796 Basilius.
3078 741 3212 807 Quid
3243 743 3408 810 igitur

1834 860 1968 914 opus
1997 845 2097 896 fuit
2139 841 2304 893 multa
2335 835 2549 892 efiutire
2577 837 2642 888 ad
2675 832 3052 902 explicandum
3085 844 3298 884 versum
3352 829 3407 881 il-

1836 939 1968 1002 lum,
2007 934 2232 987 l'lucebo
2273 932 2497 985 Domino
2540 929 2594 983 in
2622 927 2826 997 regione
2872 924 3107 977 vivorum
3139 923 3204 987 δ’,
3240 937 3401 990 quem

1836 1040 2024 1098 utpote
2048 1025 2472 1080 valetudinarius
2495 1032 2546 1075 et
2575 1019 2775 1090 alioqui
2815 1015 3136 1086 defatigatus
3161 1013 3402 1069 consulto

1835 1121 2136 1177 omiserat?
2187 1118 2320 1174 Nam
2383 1113 2800 1188 prmtermissam
2849 1124 2967 1164 esse
3017 1109 3083 1163 de
3142 1106 3404 1161 industria

1836 1215 2269 1286 evplanationem
2294 1213 2585 1266 verborum
2628 1206 2862 1268 illorum,
2894 1199 3123 1255 Placebo
3155 1198 3400 1258 Domino.

1837 1320 1969 1371 etc,
2003 1306 2146 1361 haud
2182 1303 2344 1358 dubio
2389 1300 2590 1355 indicio
2627 1306 2710 1353 est
2736 1296 2866 1351 illud
2889 1335 2903 1360 ,
2937 1292 3075 1364 quod
3106 1306 3192 1354 ea,
3228 1301 3287 1343 ut
3315 1305 3402 1344 so-

1839 1401 1992 1464 lerel,
2023 1399 2165 1453 inter
2195 1394 2620 1450 concionandutn
2653 1405 2757 1444 non
2789 1387 3050 1444 recitarit.
3079 1383 3279 1451 Quarta
3310 1383 3404 1436 de-

1839 1497 2001 1565 nique
2030 1491 2350 1562 suspicionis
2379 1502 2539 1543 causa
2567 1493 2671 1552 est,
2697 1483 2841 1554 quod
2863 1479 3159 1536 verisimile
3183 1494 3286 1533 non
3310 1475 3406 1531 fiat

1838 1587 2110 1641 hominem
2169 1584 2286 1654 puri
2342 1581 2607 1637 sermonis
2641 1574 3094 1633 studiosissimum
3128 1569 3406 1626 vocabulis

1839 1677 2147 1748 impropriis
2207 1687 2262 1729 et
2314 1678 2380 1728 ab
2438 1689 2534 1727 usu
2583 1668 2834 1739 loquendi
2904 1667 3151 1736 politiore
3206 1663 3406 1717 abhor-

1841 1771 2081 1826 rentibus
2111 1783 2267 1822 usum
2292 1781 2436 1821 esse.
2463 1765 2596 1832 Quis
2618 1762 2760 1818 enim
2813 1760 2971 1814 facile
3009 1758 3192 1813 credat
3239 1768 3401 1809 voea-

1767 1842 1806 1900 B
1840 1866 2043 1927 Indum,
2071 1861 2337 1931 ἀποϐολή,
2369 1875 2397 1913 a
2425 1857 2626 1912 Basilio
2653 1853 2953 1909 adhibitum
2998 1867 3116 1905 esse
3149 1851 3214 1903 ad
3237 1845 3428 1916 sigtti--

1843 1955 2109 2012 ficandum
2145 1953 2388 2008 dentium
2414 1961 2615 2010 ortum,
2654 1962 2774 2002 cum
2816 1955 2993 2000 tamen
3025 1958 3119 2011 per
3141 1956 3200 1995 se
3234 1938 3425 2010 signi-

1839 2049 1962 2103 fleet
1992 2046 2166 2116 potius
2199 2058 2384 2098 eorum
2425 2041 2604 2109 lapsus
2632 2049 2792 2105 atque
2826 2036 3092 2104 jacturam
3113 2033 3136 2086 ?
3158 2032 3431 2085 Arbitror.

1837 2140 2095 2193 Basilium
2119 2138 2221 2190 hoc
2246 2136 2297 2188 in
2327 2135 2441 2188 loco
2459 2129 2693 2204 προϐολή
2711 2144 2813 2181 non
2832 2125 3067 2194 ἀποϐολή
3082 2123 3402 2191 scripturum

1839 2233 2025 2286 fuisse.
2082 2230 2217 2295 Quid
2275 2227 2416 2297 quod
2471 2225 2691 2280 verbum
2746 2222 2822 2272 ἔνι
2864 2219 3064 2286 saepius
3116 2217 3167 2269 in
3218 2214 3402 2268 eadem

1835 2323 2058 2394 periodo
2092 2321 2381 2388 repetitum
2420 2318 2668 2388 legimus,
2703 2313 2846 2384 quod
2887 2322 3063 2365 tamen
3098 2307 3316 2363 difficile
3339 2306 3407 2360 sit

1841 2418 1892 2469 in
1923 2413 2104 2467 Basilii
2139 2413 2394 2480 operibus
2425 2427 2529 2464 non
2570 2408 2934 2463 controversis
2982 2403 3148 2460 semel
3193 2410 3284 2454 aut
3324 2401 3408 2454 bis

1840 2505 2117 2576 reperire?
2148 2503 2382 2555 Tantine
2412 2500 2644 2555 faciebat
2679 2499 2970 2552 Eusebium
3029 2494 3258 2548 Basilius
3282 2531 3298 2556 ,
3350 2501 3409 2544 ut

1839 2611 1960 2649 eum
1999 2602 2180 2664 posset
2218 2593 2333 2661 ipse
2363 2591 2430 2646 de
2477 2604 2575 2643 suo
2611 2590 2830 2643 meliora
2862 2586 3125 2657 proferre,
3157 2582 3408 2638 maluerit

1842 2698 2018 2740 tamen
2052 2685 2371 2739 Eusebianis
2391 2681 2503 2736 uti?
2532 2679 2646 2734 Non
2670 2679 2855 2733 dubito
2882 2677 3044 2748 igitur
3077 2675 3203 2741 quin
3233 2681 3402 2727 totum

1841 2777 1989 2840 illud,
2023 2779 2050 2829 ὁ
2076 2777 2279 2844 κόσμος
2307 2770 2458 2836 οὗτος
2487 2774 2647 2835 αὐτός
2681 2771 2738 2824 τὲ
2774 2772 2892 2822 ἐστι
2927 2767 3139 2840 θνητός,
3168 2778 3300 2831 εις..
3339 2765 3406 2820 ad

1840 2868 1998 2920 finem
2029 2880 2218 2935 usque,
2251 2865 2491 2919 additmn
2518 2863 2589 2917 sit
2620 2877 2650 2914 a
2680 2861 2918 2914 librariis
2948 2858 3044 2929 (ὁ),
3077 2859 3169 2929 qui
3206 2867 3263 2911 ut
3286 2873 3407 2911 ora-

1841 2959 2042 3013 tionem
2084 2957 2268 3010 Basilii
2323 2955 2494 3026 pluris
2540 2954 2852 3017 venderent,
2880 2966 3000 3006 eam
3042 2949 3404 3018 ampliandam

1841 3062 1962 3101 esse
1988 3053 2335 3101 censuerunt.
2371 3042 2661 3098 Timebant
2693 3043 2836 3095 enim
2868 3056 2957 3108 ne,
3005 3041 3048 3095 si
3093 3038 3405 3109 imperfecta

1841 3141 2112 3193 videretur
2134 3146 2186 3192 et
2209 3151 2417 3198 manca,
2452 3134 2676 3189 minoris
2702 3133 3064 3188 aestimaretur
3093 3131 3162 3185 ab
3193 3141 3402 3199 empto-

175 3202 341 3296 neque
371 3202 549 3292 cibus,
578 3202 751 3298 neque
774 3202 955 3298 potus,
987 3202 1315 3286 infirmitatis
1356 3239 1552 3285 nostra:
1580 3202 1732 3285 falci?
1763 3202 1804 3258 c
1841 3227 2010 3281 ribus.
2040 3226 2186 3280 Sane
2217 3242 2320 3280 non
2346 3240 2566 3294 parvam
2595 3224 2819 3294 gratiam
2838 3219 3076 3276 librariis
3103 3219 3402 3274 habendam

172 3329 372 3381 menta,
405 3333 505 3374 nec
535 3320 805 3392 quidpiam
862 3336 1046 3376 eorum
1078 3337 1197 3390 qua:
1230 3324 1567 3379 extrinsecus
1618 3340 1733 3378 mo-

179 3408 390 3465 lestiam
421 3423 647 3479 creant;
683 3414 773 3468 sed
811 3413 955 3483 regio
987 3413 1303 3479 viventium,
1335 3430 1435 3469 nec
1488 3431 1582 3483 per
1607 3432 1725 3483 pec-

174 3510 348 3554 catum
381 3502 750 3566 morientium,
777 3513 970 3557 atvera
992 3504 1098 3557 vita
1124 3505 1412 3559 viventium
1442 3505 1492 3557 in
1524 3505 1735 3559 Christo

173 3587 312 3645 Iesu.
355 3609 375 3642 ι
418 3591 576 3643 Plura
619 3593 834 3660 quidem
880 3595 1226 3662 reperiuntur
1260 3597 1312 3648 in
1357 3595 1592 3658 Basilio;
1638 3597 1734 3650 sed

176 3683 297 3750 quin
322 3683 659 3738 restituenda
687 3683 794 3738 sint
831 3685 942 3740 hmc
971 3686 1085 3756 ipsa
1116 3686 1321 3741 auctori
1356 3702 1451 3742 suo
1481 3687 1735 3753 Eusebio,

179 3775 455 3830 dubitandi
499 3775 649 3832 locus
679 3792 799 3834 esse
837 3779 920 3833 vix
956 3787 1148 3850 potest.
1183 3779 1316 3834 Nam
1346 3782 1533 3838 deesse
1571 3783 1735 3837 multa

178 3867 225 3918 iu
267 3869 663 3924 commentario
703 3885 768 3926 eo
815 3886 973 3940 quem
1018 3873 1070 3924 in
1125 3873 1260 3925 hunc
1301 3873 1562 3941 psalmum
1605 3890 1734 3928 con-

177 3958 390 4028 scripsit
429 3959 714 4023 Eusebius,
759 3961 841 4012 vel
886 3977 951 4014 ex
994 3962 1104 4014 sola
1157 3963 1526 4015 commentarii
1561 3965 1738 4017 brevi-

183 4058 287 4104 tate
332 4063 499 4122 patet.
550 4051 669 4106 Jam
714 4053 839 4120 quid
865 4054 931 4105 de
980 4054 1083 4107 hoc
1131 4054 1431 4124 fragmento
1483 4055 1734 4120 sentiam,

177 4148 358 4212 paucis
420 4147 726 4199 dicendum.
806 4145 1057 4200 Arbitror
1131 4150 1357 4203 ascitum
1432 4150 1484 4204 id
1569 4165 1734 4216 esse,

177 4244 226 4288 et
256 4235 359 4290 huc
393 4249 457 4288 ex
487 4235 804 4291 Eusebianis
839 4239 1019 4308 iniqua
1040 4253 1196 4292 manu
1218 4253 1577 4310 exportatum.
1604 4243 1736 4298 Cum

182 4335 352 4382 autem
383 4328 485 4382 hoc
514 4329 818 4398 suspicandi
849 4331 981 4387 mihi
1011 4331 1121 4385 sint
1152 4345 1328 4387 causa:
1362 4334 1545 4388 multae
1566 4375 1580 4398 ,
1629 4345 1740 4390 tres

184 4427 383 4473 tantum
410 4429 503 4472 aut
532 4429 766 4491 quatuor
788 4421 1076 4490 proferam.
1122 4423 1299 4480 Prima
1338 4434 1442 4483 est.
1470 4429 1611 4492 quod
1637 4425 1738 4479 Ba-

181 4510 322 4560 silius
364 4511 560 4564 itinere
590 4519 642 4564 et
687 4511 870 4567 labore
897 4511 1243 4581 defatigatus,
1279 4515 1553 4581 brevitati,
1581 4524 1639 4567 ut
1671 4532 1736 4569 ex

181 4594 284 4662 ipsa
309 4595 500 4662 psalmi
527 4598 902 4663 explanatione
925 4610 1154 4664 constat,
1185 4604 1422 4658 studeret
1444 4619 1599 4672 quam
1627 4621 1738 4659 ma-

180 4686 350 4753 xime;
383 4701 482 4741 nec
512 4689 736 4756 proinde
775 4692 968 4744 mirum
997 4693 1162 4748 videri
1196 4695 1407 4761 debeat,
1436 4697 1481 4750 si
1509 4695 1738 4753 Basilius

181 4787 231 4826 ut
259 4777 396 4831 alias
435 4778 552 4846 (α),
590 4787 643 4833 et
684 4780 768 4833 hic
813 4796 1024 4850 quoque
1064 4785 1328 4852 psalmum
1375 4802 1478 4840 non
1518 4787 1738 4846 omnino

181 4870 511 4934 exposuerit.
541 4871 745 4934 Altera,
771 4872 912 4942 quod
947 4885 1232 4943 postquam
1269 4876 1500 4946 scriptor
1522 4893 1735 4932 omnem

181 4955 454 5011 hominum
486 4957 647 5011 vitam
683 4962 852 5016 tribus
895 4975 1155 5016 annorum
1199 4965 1618 5021 hebdomadibus
1644 4968 1736 5020 de-

183 5047 370 5112 fmivit,
411 5048 781 5114 nihilominus,
835 5068 1017 5108 secmn
1057 5053 1169 5121 ipse
1218 5070 1322 5109 non
1371 5056 1736 5123 consentiens,

185 5139 365 5191 eadem
399 5140 452 5192 in
493 5139 611 5194 loco
640 5141 879 5211 quinque
911 5154 1208 5210 recenseat,
1240 5157 1447 5217 tempus
1476 5148 1739 5203 detentio-

183 5229 282 5289 nis.
299 5233 752 5286 accommodatam
771 5234 836 5286 ad
852 5234 1158 5305 disciplinas
1178 5239 1492 5293 ediscendas
1505 5249 1739 5305 aetatem,

182 5334 347 5373 annos
381 5323 664 5391 ephebios,
694 5335 888 5381 statum
913 5331 1143 5393 virilem,
1164 5342 1512 5385 senectutem.
1538 5331 1738 5397 Tertia,

183 5412 322 5480 quod
354 5420 560 5467 tantum
610 5417 762 5471 abest
795 5427 852 5473 ut
884 5418 998 5473 hzec
1047 5421 1186 5475 inter
1214 5436 1270 5475 se
1306 5423 1607 5476 coluereant
1635 5461 1650 5486 ,
1685 5433 1743 5476 ut

183 5503 360 5572 potius
407 5505 715 5563 redundare
749 5520 934 5578 aperte
979 5511 1279 5567 videantur.
1326 5510 1449 5566 Tria
1484 5514 1624 5568 enim
1667 5512 1740 5566 ait

799 5697 839 5727 "
873 5695 997 5750 ibid.
1028 5697 1078 5748 9.

251 5814 321 5882 (ti)
351 5813 473 5870 Vide
505 5813 758 5871 homilias
789 5813 838 5865 in
873 5811 1012 5869 I‘mI.
1042 5832 1052 5868 ι
1078 5829 1121 5869 ε(
1152 5832 1258 5873 ιιι.

252 5695 295 5727 ⁸³
319 5698 456 5753 Psal.
479 5711 628 5762 cxn‘,
665 5696 719 5750 8.

1840 3334 1962 3373 esse
1995 3324 2148 3388 puto,
2179 3317 2269 3386 qui
2300 3317 2573 3370 orationes
2589 3315 2796 3369 aliasin
2826 3314 2958 3368 alios
2987 3312 3243 3381 psalmos,
3273 3325 3406 3380 quo-

1842 3429 1958 3466 rum
1998 3426 2211 3480 quoque
2261 3424 2365 3465 non
2415 3405 2610 3477 singuli
2639 3421 2828 3461 versus
2858 3405 3214 3474 explicantur,
3247 3403 3402 3456 nobis

1838 3504 2066 3558 intactas
2091 3502 2426 3573 reliquerint.

1913 3595 2002 3651 '59.
2038 3595 2178 3649 Inter
2201 3595 2436 3665 psalmos
2464 3608 2598 3665 quos
2641 3599 2734 3644 aut
2779 3589 3087 3661 explanavit
3132 3589 3360 3646 Basilius
3387 3631 3402 3656 ,

1840 3701 1932 3744 aut
1958 3689 2277 3758 explanasse
2307 3698 2542 3758 putatur,
2580 3687 2770 3741 ultimo
2797 3687 2916 3741 loco
2951 3686 3214 3755 reperitur
3238 3699 3403 3737 enar-

1840 3781 1979 3834 ratio
2012 3779 2253 3847 qumdam
2311 3779 2363 3829 in
2412 3776 2676 3845 psalmum
2729 3776 3081 3830 centesimum
3133 3774 3399 3827 decimum

1841 3872 2110 3938 quintum.
2147 3869 2252 3922 Sed
2285 3866 2589 3938 fragmenta
2618 3867 2797 3921 omnia
2833 3882 2950 3934 quae
2991 3880 3054 3919 ex
3094 3865 3197 3920 hac
3231 3866 3399 3919 inter—

1839 3962 2135 4030 pretatione
2172 3962 2222 4015 in
2256 3960 2498 4015 Corderii
2547 3971 2737 4015 catena
2780 3961 3034 4025 citantur,
3066 3974 3218 4028 atque
3248 3974 3310 4013 ac
3350 3960 3401 4012 in

1841 4052 2107 4120 superiori
2136 4051 2363 4120 psalmo,
2391 4053 2621 4106 diversis
2646 4052 3023 4121 scriptoribus,
3064 4067 3168 4104 non
3202 4049 3403 4105 Basilio

1842 4145 2176 4197 tribuuntur.
2211 4144 2297 4207 lit,
2349 4153 2408 4196 ut
2448 4159 2631 4196 verum
2681 4144 2872 4207 fatear,
2927 4142 3150 4195 inclinat
3189 4141 3404 4196 animus

1842 4245 1901 4288 ut
1941 4237 2078 4289 hanc
2109 4234 2510 4288 enarrationem
2557 4235 2607 4286 in
2640 4234 2840 4302 spuriis
2881 4243 3044 4304 atque
3087 4235 3406 4290 adulterinis

1839 4339 2056 4393 ponam.
2094 4323 2250 4388 Nam,
2301 4335 2358 4378 ut
2409 4324 2624 4378 interim
2656 4325 2723 4378 de
2755 4326 2967 4380 caeteris
3009 4335 3238 4390 taceam,
3277 4327 3405 4393 quid

1840 4415 1941 4467 sibi
1985 4414 2098 4466 vult
2130 4415 2295 4468 illud:
2335 4415 2473 4467 Ἀλλ’
2504 4413 2610 4467 εἴθε
2655 4417 2822 4487 κάμοὶ
2875 4419 3080 4485 γένοιτο
3120 4416 3406 4471 πιστεῦσαι

1842 4505 2028 4568 ἀξίως.
2060 4507 2146 4558 ἵνα
2161 4506 2376 4576 λαλήσω
2412 4505 2504 4559 νῦν
2541 4511 2605 4580 τῇ
2651 4508 3049 4578 Ἐκκλησίᾳτοῦ
3069 4508 3201 4561 Θεοῦ
3226 4511 3291 4581 τῇ
3322 4526 3409 4579 με·

1842 4597 1982 4670 γάλῃ
2017 4596 2188 4669 ταύτῃ
2215 4596 2372 4648 πέντε
2406 4597 2598 4666 λόγους
2632 4601 2688 4651 ὲν
2729 4600 2803 4669 τῷ
2834 4600 2914 4650 νοΐ
2944 4616 3068 4669 μου,
3099 4627 3115 4650 ι
3154 4600 3257 4653 Sed
3300 4600 3406 4652 titi-

1847 4707 1970 4744 nam
2011 4701 2064 4744 et
2095 4691 2226 4742 mihi
2264 4691 2544 4762 contingat
2577 4695 2736 4764 digne
2764 4693 3010 4758 credere,
3046 4703 3103 4746 ut
3132 4706 3271 4746 nunc
3295 4707 3410 4743 ina-

1846 4795 1964 4850 gna:
1994 4778 2118 4832 huic
2148 4777 2245 4833 Dei
2271 4779 2530 4837 Ecclesia:
2557 4785 2720 4836 verba
2762 4783 3002 4852 quinque
3038 4785 3088 4836 in
3108 4798 3266 4836 sensu
3289 4797 3410 4837 meo

1845 4873 2038 4927 dicam.
2067 4889 2084 4920 δ
2103 4870 2263 4926 Certe
2282 4889 2385 4926 non
2407 4875 2676 4927 immerito
2705 4875 2944 4929 additum
2963 4883 3045 4926 est
3071 4889 3098 4925 a
3126 4874 3408 4942 scriptore,

1849 4966 1939 5017 xuii
1968 4962 2154 5032 μηδεὶς
2178 4965 2626 5035 καταχλευαςέτω
2641 4967 2730 5019 τὸν
2747 4967 2920 5034 λόγον,
2953 4985 2971 5016 ‹
2998 4963 3106 5021 Nec
3128 4969 3409 5034 quisquam

1849 5058 1991 5111 hunc
2020 5057 2240 5111 irrideat
2276 5074 2600 5112 sermonem.
2653 5078 2670 5110 ι
2703 5059 2839 5124 Quid
2863 5058 3006 5112 enim
3053 5068 3179 5111 tunc
3207 5057 3410 5112 factum

1848 5149 1938 5210 sit,
1975 5150 2158 5202 nescio
2189 5150 2430 5219 quidem,
2457 5151 2551 5204 sed
2579 5149 2744 5218 probe
2785 5150 2899 5203 scio
2934 5151 3208 5203 hominum
3242 5163 3412 5217 genus

1847 5253 1990 5293 nunc
2021 5238 2094 5292 ita
2121 5251 2492 5308 comparatum
2527 5254 2672 5304 esse,
2705 5249 2762 5293 ut
2785 5281 2799 5304 ,
2835 5243 2878 5295 si
2933 5240 3056 5309 quis
3099 5240 3260 5294 hodie
3307 5241 3411 5292 hoc

1848 5332 1986 5385 idem
2020 5334 2158 5386 inter
2183 5335 2613 5386 eoneionandum
2655 5334 2882 5397 diceret,
2916 5336 3057 5389 risus
3099 5349 3202 5387 non
3228 5333 3414 5400 paucis

1844 5425 2259 5491 exprimeretur.
2299 5427 2454 5481 Dicas
2486 5436 2786 5492 auctorem,
2830 5427 3139 5495 quicunque
3173 5426 3259 5479 ille
3287 5424 3412 5489 fuit,

1848 5515 2080 5569 vaticino
2102 5518 2329 5584 quodam
2359 5517 2539 5571 furore
2561 5520 3264 5581 concitatumexclamasse,
3299 5516 3413 5569 ἀλλ’

1900 5813 1971 5886 (b)
1997 5813 2136 5884 Lege
2165 5813 2307 5868 hom.
2339 5815 2391 5868 in
2417 5815 2674 5884 psalmum
2706 5827 2816 5882 ι,οι
2837 5817 2890 5872 in
2918 5833 2971 5887 p.
3005 5832 3151 5886 u-ps.
3185 5831 3290 5870 nr.
