4088 6310
713 367 829 405 (ἴων

2063 365 2592 424 PBOLEGOMENA.

710 468 823 522 εἴθε
852 471 1039 540 κάμοί,
1070 485 1173 529 ειε.
1206 477 1308 530 Sed
1349 494 1512 547 quam
1541 483 1775 538 alienum
1812 486 1885 541 sit
1916 487 2183 557 turgidum
2214 488 2274 541 il-
2300 491 2347 545 Α
2373 498 2457 544 est
2480 488 2734 545 Basiliam
2775 494 2884 547 duo
2913 494 3027 549 hazc
3065 496 3358 567 fragmenta
3395 500 3463 554 ab
3488 501 3720 558 Eusebio
3766 516 3931 563 muta-

714 560 803 615 lud
829 562 1079 631 loquendi
1113 582 1281 635 genus
1310 585 1338 623 a
1367 572 1549 627 Basilii
1570 576 1834 639 moribus,
1860 592 2039 643 nemo,
2071 580 2161 647 qui
2192 582 2271 634 vel

711 651 1035 719 primoribus
1062 655 1223 712 labris
1264 662 1559 717 naturalem
1597 665 1739 719 illam
1772 665 2051 722 Basiliam:
2083 669 2270 724 facun-

714 742 815 795 diae
836 743 1282 812 pulchritudinem
1319 758 1637 822 gustaverit,
1674 760 1902 827 ignorat.
1936 759 2047 816 Nec
2075 764 2269 817 desunt

713 834 816 887 alia
849 837 899 889 in
928 838 1028 894 hac
1065 844 1328 910 oratione,
1355 862 1473 915 quae
1497 848 1733 915 phrasim
1762 849 1944 905 Basilii
1991 863 2046 907 et
2070 855 2267 924 stylum

711 926 887 979 minus
922 932 1154 1000 sapiant.
1190 933 1500 1004 Cujusmodi
1538 949 1660 994 sunt
1690 941 1815 998 illa:
1851 943 1914 996 Τί
1942 945 2270 1013 ἀναγκαστι-

708 1013 1036 1090 κώτερον....
1069 1025 1187 1077 οὐδὲ
1219 1025 1595 1101 ζυγομαχῆσαι
1623 1033 1683 1086 τὸ
1704 1034 1757 1085 τί
1792 1036 1928 1092 ἐστι.
1954 1036 2131 1092 Videri
2150 1041 2270 1107 qui-

708 1110 827 1164 dem
856 1124 1080 1179 possunt
1118 1118 1229 1169 hare
1272 1118 1468 1172 leviora
1508 1140 1520 1174 :
1568 1124 1658 1175 sed
1690 1125 1877 1191 multo,
1903 1127 2116 1194 opinor,
2147 1144 2270 1197 gra—

707 1203 823 1255 vius
852 1214 935 1257 est
958 1205 1082 1259 illud
1119 1225 1131 1260 :
1171 1210 1447 1273 Τουτὲστι,
1474 1212 1640 1281 διψῶν
1657 1215 1747 1267 ἐπὶ
1772 1216 1869 1286 τὴν
1897 1216 1983 1269 διὰ
2005 1216 2100 1269 τοῦ
2126 1236 2266 1290 μαρ-

705 1294 891 1365 τυρίου
920 1297 1193 1351 τελείωσιν
1223 1300 1471 1372 ἔρχομαι,
1508 1322 1525 1354 ι
1571 1306 1671 1359 hoc
1698 1316 1799 1371 est,
1824 1308 2011 1363 sitiens
2038 1312 2101 1363 ad
2128 1325 2267 1363 Inar-

708 1389 830 1455 tyrii
854 1395 1373 1448 consummationem
1402 1398 1690 1452 contendo.
1722 1418 1740 1451 ι
1765 1399 1895 1453 Cum
1924 1401 2066 1454 enim
2088 1401 2268 1457 multis

709 1482 840 1535 locis
873 1483 1081 1539 loculus
1128 1486 1197 1539 sit
1228 1485 1453 1543 Basilius
1488 1489 1554 1544 de
1596 1491 1795 1547 Christi
1834 1494 2042 1548 Domini
2075 1504 2264 1561 morte,

709 1588 829 1625 eum
861 1582 1037 1628 tamen
1090 1591 1321 1645 unquam
1359 1593 1491 1632 voce
1529 1584 1773 1656 martyrii
1823 1598 1974 1636 usum
2006 1598 2126 1638 esse
2157 1600 2263 1639 non

708 1662 958 1717 arbitror.
986 1662 1169 1733 Neque
1193 1682 1320 1721 vero
1358 1668 1824 1735 dissimulandum,
1850 1672 1997 1726 illum
2015 1673 2264 1742 loquendi

706 1754 946 1816 modum,
977 1755 1033 1806 ἐν
1071 1754 1147 1824 τῷ
1176 1757 1401 1812 κατόπιν
1433 1758 1651 1829 ψαλμῷ,
1686 1762 1771 1828 qui
1818 1762 1870 1816 iu
1900 1763 2002 1817 hac
2024 1765 2265 1820 oratione

2381 589 2491 634 tum
2519 596 2681 637 esse:
2719 586 2810 637 sed
2845 600 2950 639 non
3007 587 3081 641 ita
3132 590 3443 645 incredibile
3492 603 3573 647 est
3620 596 3788 665 ipsum
3835 600 3928 653 alia

2378 674 2622 741 qumdam
2661 676 2771 729 loca
2795 675 3096 732 Ensebiana
3130 681 3243 735 suis
3273 686 3619 741 annexuisse.
3658 686 3761 742 Sed
3788 689 3831 742 si
3861 691 3928 746 ita

2377 777 2475 831 est,
2516 766 2639 822 inde
2682 770 2986 823 necessario
3025 774 3289 841 sequitur,
3350 786 3403 830 ut
3451 777 3755 834 Eusebiana
3788 781 3929 837 Basi-

2377 860 2536 915 lianis
2562 876 2666 917 non
2701 877 2972 931 nunquam
3006 866 3335 921 attexuerint
3384 868 3611 924 librarii.
3658 871 3853 927 Verum
3888 876 3931 929 si

2376 953 2541 1008 semel
2570 955 2771 1009 librarii
2815 957 3287 1025 deprehendantur
3319 962 3371 1015 in
3406 964 3588 1034 culpa,
3617 982 3801 1035 quaero
3830 970 3928 1034 jam

2376 1061 2472 1099 cur
2497 1048 2737 1101 omnium
2777 1050 2851 1103 rei
2879 1047 2998 1115 jure
3035 1065 3063 1104 a
3102 1052 3253 1106 nobis
3298 1053 3401 1108 dici
3432 1071 3534 1110 non
3566 1058 3797 1125 possint.
3826 1059 3930 1114 llac

2374 1150 2474 1205 ego
2506 1139 2712 1193 ratione
2735 1140 2997 1194 adductus
3026 1144 3277 1211 superius
3310 1144 3443 1210 dixi,
3466 1146 3666 1203 habere
3715 1166 3799 1205 me
3839 1167 3929 1221 pro

2375 1228 2742 1284 additamento
2773 1232 3114 1286 librariorum
3148 1236 3404 1305 quidquid
3441 1253 3504 1292 ex
3539 1240 3754 1296 Eusebii
3787 1258 3929 1297 com-

2375 1320 2655 1375 mentariis
2683 1320 2734 1373 in
2760 1319 2937 1376 Basilii
2972 1326 3242 1379 orationes
3274 1329 3338 1381 ad
3366 1328 3583 1383 verbum
3613 1334 3926 1387 translatum

2374 1419 2476 1465 est.
2512 1409 2638 1477 Sed,
2667 1420 2725 1465 ut
2747 1413 2977 1484 quisque
3011 1416 3198 1471 melius
3229 1431 3292 1473 ea
3321 1418 3385 1475 de
3418 1436 3473 1476 re
3499 1421 3726 1491 judicet,
3772 1426 3925 1479 velim

2372 1502 2514 1571 legat
2548 1504 2760 1557 assidue
2812 1506 3044 1575 genuina
3093 1523 3254 1577 opera
3285 1509 3499 1578 Basilii;
3530 1514 3671 1583 legat
3704 1531 3928 1584 prmser-

2374 1597 2466 1651 tim
2516 1598 2803 1665 prmclaras
2834 1598 2951 1654 illas
2988 1602 3285 1670 orationes,
3311 1605 3365 1658 in
3418 1608 3612 1675 quibus
3653 1610 3925 1678 quodlibet

2372 1700 2743 1758 argumentum
2771 1699 2874 1744 tam
2899 1691 3114 1760 copiose
3144 1702 3359 1764 tamque
3388 1696 3540 1752 facile
3559 1707 3774 1767 tractat,
3807 1714 3925 1759 eum

2372 1788 2431 1832 ut
2465 1788 2671 1849 tempus
2706 1779 2963 1836 defecisse
2985 1781 3251 1847 videatur,
3270 1800 3374 1839 non
3401 1784 3647 1855 loquendi
3680 1791 3924 1844 materia.

706 1844 980 1900 adhibitus
1013 1861 1116 1912 est,
1147 1848 1342 1904 Basilio
1361 1866 1618 1921 perquam
1638 1854 1956 1909 familiarem
1985 1872 2138 1925 esse;
2169 1864 2265 1914 sed
2294 1845 2340 1905 Β
2368 1867 2536 1938 Legat
2560 1844 2611 1923 in
2640 1869 2829 1938 primis
2863 1870 3159 1924 orationem
3191 1887 3333 1937 eam,
3370 1889 3487 1943 quae
3521 1875 3663 1930 inter
3688 1878 3928 1934 diversas

704 1936 829 1990 inde
857 1953 960 1991 non
997 1942 1261 2009 sequitur,
1312 1951 1369 1994 ut
1410 1942 1639 1999 Basilius
1670 1946 1827 2014 hujus
1870 1948 2267 2017 explanationis

702 2043 901 2096 parens
929 2031 1029 2096 sit;
1071 2034 1163 2087 sed
1208 2035 1346 2087 alter
1391 2037 1592 2104 quivis,
1635 2040 1725 2108 qui
1759 2054 1881 2093 eum
1928 2042 2123 2096 imitari
2152 2055 2265 2099 stu-

701 2121 896 2174 duerit.
929 2123 1192 2177 Caeterum
1226 2140 1345 2179 cum
1388 2140 1657 2196 quoquam
1692 2131 2018 2200 pertinacius
2046 2145 2267 2191 conten-

703 2213 829 2265 dere
853 2212 994 2266 nolo.
1047 2214 1222 2280 Quare
1270 2218 1313 2270 si
1349 2219 1469 2287 quis
1521 2220 1659 2274 hanc
1703 2224 2003 2278 orationem
2064 2224 2265 2283 Basilio

706 2302 941 2357 tribuere
971 2304 1229 2369 voluerit,
1267 2321 1362 2375 per
1394 2322 1478 2360 me
1511 2307 1656 2363 licet.
1694 2308 1867 2365 Unum
1895 2312 1947 2367 id
1981 2313 2141 2366 etiam
2183 2325 2260 2369 at-

702 2407 807 2461 que
836 2395 1001 2448 etiam
1027 2412 1174 2465 rogo,
1207 2409 1263 2451 ut
1300 2399 1429 2452 mihi
1473 2416 1704 2469 quoque,
1748 2403 1877 2472 quid
1916 2406 2144 2460 sentiam
2180 2409 2263 2461 di-

704 2498 829 2537 cere
858 2483 1037 2540 liceat.
1073 2485 1137 2538 Et
1160 2488 1414 2554 quoniam
1448 2490 1625 2558 magni
1661 2490 1889 2546 interest
1928 2508 2091 2548 nosse
2132 2496 2263 2565 quid

702 2572 1045 2628 tribuendum
1078 2575 1148 2629 sit
1193 2578 1399 2632 sanctis
1436 2577 1705 2642 Patribus,
1742 2593 1836 2636 aut
1882 2598 1987 2636 non
2022 2584 2263 2639 tribuen-

702 2664 825 2716 dum
847 2703 863 2727 ,
893 2666 1198 2718 summatim
1245 2669 1600 2738 perstringam
1626 2685 1745 2739 qua:
1773 2672 1905 2726 dixi.
1938 2670 2108 2727 Velim
2155 2674 2259 2742 igi-

703 2761 793 2805 tur
816 2769 883 2807 εχ
910 2769 1007 2808 suo
1053 2756 1286 2825 quisque
1314 2760 1496 2813 animo
1529 2762 1765 2816 animum
1808 2763 1997 2819 Basilii
2031 2775 2256 2833 spectet.

699 2844 893 2912 Nemo,
918 2847 1129 2915 opinor,
1153 2848 1363 2904 futurus
1384 2860 1487 2916 est,
1518 2854 1607 2922 qui
1636 2854 1867 2909 libenter
1896 2857 2026 2912 velit
2055 2858 2261 2927 plagia-

698 2937 812 2993 rius
856 2940 1073 3005 audire,
1106 2942 1340 2996 maxime
1386 2945 1430 2997 si
1467 2944 1540 2998 ita
1576 2947 1646 3001 sit
1688 2945 1985 3015 facundus,
2017 2960 2076 3004 ut
2114 2952 2258 3005 nullo

704 3032 915 3099 negotio
945 3032 995 3084 id
1028 3032 1308 3087 dedecoris
1346 3035 1518 3091 vitare
1543 3039 1732 3106 possit.
1762 3038 1931 3105 Quam
1964 3053 2142 3096 autem
2172 3041 2255 3096 fn-

695 3122 798 3175 cile
814 3122 977 3177 fuerit
996 3124 1194 3179 homini
1214 3127 1587 3196 cepiosissimo
1606 3129 1803 3185 Basilio
1820 3132 2046 3201 alicujus
2067 3137 2254 3203 psalmi

696 3212 992 3268 versiculos
1019 3214 1137 3269 sine
1165 3231 1266 3284 ope
1293 3218 1465 3272 aliena
1503 3220 1794 3289 explicare,
1841 3224 1964 3280 inde
1989 3238 2138 3281 certo
2166 3243 2257 3282 co-

699 3304 977 3370 gnoscitur
997 3308 1137 3375 quod
1168 3310 1248 3362 vel
1281 3310 1469 3365 unicus
1489 3313 1676 3381 psalmi
1710 3314 1900 3371 decimi
1925 3321 2103 3387 quarti
2138 3336 2256 3374 ver-

699 3396 903 3451 siculus
941 3401 1294 3454 concionandi
1335 3403 1721 3471 amplissimam
1764 3411 2044 3464 materiam
2093 3414 2140 3467 ei
2169 3414 2255 3467 dc-

699 3487 860 3541 derit.
886 3485 998 3542 Mos
1021 3498 1103 3543 est
1140 3491 1521 3547 indisertorum
1551 3495 1782 3553 disertos
1810 3500 2134 3569 compilare;
2160 3505 2253 3557 sed

699 3578 890 3633 diserti
944 3582 1233 3637 indisertos
1264 3586 1455 3653 opibus
1499 3589 1733 3653 spoliare
1787 3606 1890 3643 non
1941 3604 2157 3648 norunt.
2190 3596 2255 3648 Et

699 3671 916 3738 quidem
948 3685 1126 3727 nostra
1157 3685 1315 3732 artate
1359 3677 1602 3732 videmus
1648 3680 1881 3748 optimos
1906 3684 2254 3739 concionalo-

700 3777 789 3815 res
820 3764 886 3817 ab
914 3763 1216 3818 infacundis
1266 3770 1585 3834 quibusdam
1636 3773 1873 3839 quotidie
1931 3776 2250 3844 compilari;

698 3857 791 3906 sed
826 3855 1057 3906 nondum
1088 3855 1329 3923 contigit,
1359 3859 1497 3925 quod
1527 3858 1717 3926 sciam,
1745 3870 1800 3913 ut
1827 3862 2012 3929 Optimi
2040 3865 2253 3919 concio-

699 3955 915 3999 natores
967 3948 1309 4015 compilarint
1371 3948 1707 4005 infacundos.
1772 3952 1961 4007 Fateor
2008 3956 2124 4010 fieri
2154 3974 2250 4025 po-

700 4037 885 4099 tuisse.
912 4052 969 4092 ut
996 4037 1249 4105 Basilius,
1294 4042 1616 4109 Optimorum
1652 4056 1925 4100 oratorum
1967 4051 2248 4119 exemplo,

696 4138 789 4181 aut
815 4128 1099 4185 Eusebium
1141 4143 1233 4185 aut
1273 4133 1436 4187 alium
1477 4138 1721 4204 quemvis
1764 4140 2082 4207 scriptorem
2112 4144 2251 4197 anti-

694 4220 936 4288 quiorem
986 4222 1228 4278 imitatus
1272 4225 1363 4289 sit,
1410 4226 1476 4279 ab
1507 4227 1691 4295 eisque
1715 4229 1921 4296 aliquas
1956 4235 2251 4287 sententias

696 4310 957 4376 hauserit,
988 4326 1122 4380 quas
1153 4316 1361 4367 ornarit
1395 4330 1492 4369 suo
1528 4320 1711 4372 modo:
1742 4321 1833 4373 sed
1862 4318 2112 4376 Basilium
2140 4332 2247 4377 tam

696 4402 859 4454 multa
903 4404 969 4456 ad
1013 4404 1231 4458 verbum
1279 4407 1343 4459 ab
1387 4405 1617 4462 Eusebio
1662 4414 1952 4480 sumpsisse
1977 4428 2248 4482 nunquam

699 4491 827 4543 mihi
863 4494 1221 4559 persuadebo.
1248 4496 1377 4561 Quis
1415 4499 1556 4552 enim
1591 4497 1745 4553 facile
1774 4502 2067 4557 crediderit
2095 4503 2248 4559 Basi-

696 4582 847 4645 linm,
882 4584 1150 4638 hominem
1184 4588 1434 4643 videlicet
1481 4591 1570 4658 qui
1610 4599 1715 4643 tam
1742 4593 1975 4661 copiose,
2010 4604 2117 4649 tam
2153 4598 2248 4650 do-

693 4681 798 4734 cte,
823 4679 929 4724 tam
955 4672 1235 4741 eleganter
1262 4676 1325 4729 de
1356 4675 1558 4746 Spiritu
1590 4690 1777 4734 sancto
1809 4682 1861 4736 in
1886 4684 2010 4738 totis
2040 4684 2248 4740 duobus

694 4763 848 4816 libris
881 4762 1132 4818 disseruit
1158 4767 1252 4835 (α),
1286 4769 1456 4834 ipsum
1493 4778 1671 4823 tamen
1694 4810 1709 4835 ,
1746 4788 1865 4826 cum
1912 4774 2243 4832 divinitatem

693 4855 929 4922 Spiritus
960 4858 1129 4909 sancti
1172 4859 1273 4911 sibi
1328 4859 1700 4914 declarandam
1762 4878 2116 4933 proponeret,
2178 4871 2243 4924 ad

691 4944 907 4999 Eusebii
962 4952 1376 5005 commentarios
1410 4953 1735 5023 confugisse,
1786 4970 1850 5007 ex
1910 4957 2092 5025 eisque
2122 4974 2244 5027 per-

686 5039 859 5091 multa
884 5040 953 5093 ad
984 5040 1202 5094 verbum
1233 5044 1595 5113 surripuisse;
1627 5046 1784 5111 idque
1824 5048 1875 5101 in
1910 5063 1966 5102 re
1988 5064 2242 5121 perquam

688 5125 855 5192 facili,
892 5129 993 5184 hoc
1021 5140 1127 5195 est,
1164 5132 1214 5185 in
1249 5134 1564 5201 explicando
1597 5137 1861 5191 versiculo
1876 5148 2028 5193 sexto
2052 5141 2244 5210 psalmi

686 5221 909 5273 secundi
940 5232 990 5274 et
1024 5223 1303 5279 tricesimi.
1330 5224 1393 5277 Et
1416 5226 1526 5281 haec
1546 5242 1756 5298 quoque
1775 5231 1958 5296 verba,
1990 5234 2019 5284 ὁ
2043 5232 2244 5303 κόσμος

689 5300 864 5372 οὗτος.
901 5322 1030 5375 etc.,
1059 5328 1176 5380 qua:
1206 5314 1456 5383 leguntur
1499 5319 1548 5371 in
1579 5320 2019 5391 interpretatione
2048 5300 2240 5393 psalmi

693 5400 971 5453 centesimi
1005 5403 1191 5455 decimi
1219 5406 1417 5472 quarti,
1452 5416 1556 5461 tam
1585 5422 1765 5477 aperte
1790 5412 2125 5467 librariorum
2150 5415 2243 5467 ad-

687 5488 1044 5545 ditamentum
1074 5495 1240 5557 olent,
1278 5505 1334 5549 ut
1366 5512 1427 5551 ea
1455 5499 1505 5551 iu
1540 5515 1595 5554 re
1644 5503 1909 5559 neminem
1942 5504 2051 5558 falli
2085 5519 2239 5574 posse

688 5579 1036 5640 arbitremur.
1064 5586 1131 5638 At
1157 5585 1294 5639 dicet
1321 5589 1511 5656 aliquis
1541 5611 1551 5642 :
1591 5590 1855 5650 Credibile
1894 5595 2108 5663 quidem
2133 5610 2236 5652 non

756 5781 829 5852 (ίί)
853 5784 987 5856 Lrgc
1019 5803 1159 5841 nunt.
1193 5788 1277 5841 ὃ).

2367 1959 2575 2014 decima
2612 1968 2804 2028 quarta
2833 1969 2938 2027 est,
2974 1975 3134 2029 quam
3166 1962 3210 2017 si
3250 1977 3354 2018 non
3383 1966 3704 2034 imparatus,
3736 1977 3791 2022 at
3824 1987 3926 2024 non

2366 2048 2439 2102 ita
2475 2048 2699 2101 multum
2725 2056 2943 2118 paratus
2970 2053 3035 2105 ad
3063 2053 3314 2120 populum
3349 2055 3533 2109 habuit
3558 2074 3572 2111 :
3598 2072 3719 2125 quae
3748 2067 3925 2113 tamen

2364 2137 2669 2205 Libanium,
2708 2140 2885 2210 quiet
2929 2141 3045 2213 ipse
3072 2153 3191 2199 erat
3228 2145 3437 2201 dicendi
3483 2151 3715 2218 optimus
3756 2154 3928 2219 magi-

2364 2241 2499 2298 ster,
2527 2239 2733 2286 tantum
2763 2234 2818 2287 in
2845 2233 3253 2290 admirationem
3280 2238 3474 2305 rapuit,
3514 2249 3572 2292 ut
3602 2254 3721 2295 eam
3759 2257 3787 2294 a
3824 2241 3926 2296 Ba-

2364 2321 2483 2377 silio
2506 2324 2746 2378 muneris
2777 2325 2962 2380 eximii
3004 2326 3125 2383 loco
3147 2330 3471 2398 poposcerit.
3524 2329 3693 2400 Legat
3723 2334 3926 2387 oratio-

2362 2427 2483 2468 nem
2516 2415 2824 2470 vicesimam
2874 2418 3111 2483 tertiam,
3158 2420 3243 2475 cui
3294 2420 3451 2475 ﬁnem
3499 2422 3772 2491 imponere
3802 2439 3923 2479 cum

2362 2502 2646 2573 cogitaret,
2687 2506 2863 2561 subito
2892 2518 2948 2562 et
2983 2518 3178 2578 praeter
3207 2513 3664 2580 exspectationem
3691 2515 3759 2570 de
3790 2530 3927 2584 quo-

2363 2598 2482 2648 dam
2508 2596 2759 2652 incendio
2786 2598 3108 2664 admonitus,
3153 2610 3260 2655 tam
3296 2605 3536 2672 apposite
3562 2613 3783 2676 tamque
3809 2606 3922 2662 elc-

2361 2694 2551 2753 ganter
2574 2702 2636 2741 ea
2663 2689 2728 2743 de
2750 2689 3059 2745 calamitate
3088 2692 3301 2749 locutus
3339 2703 3442 2763 est,
3473 2704 3533 2750 ut
3561 2696 3700 2750 alter
3742 2697 3924 2767 quivis

2360 2775 2444 2829 vel
2480 2778 2859 2845 paratissimus
2885 2782 3107 2835 meliora
3151 2783 3331 2839 dicere
3367 2800 3472 2840 non
3508 2789 3788 2856 potuisset.
3830 2788 3922 2847 Et.

2360 2870 2503 2938 quod
2550 2871 2721 2939 magis
2754 2872 2820 2926 ad
2870 2886 2983 2926 rem
3040 2874 3292 2942 pertinet,
3346 2875 3486 2945 legat
3528 2878 3830 2933 orationem
3870 2880 3922 2931 in

2359 2957 2621 3027 psalmum
2665 2961 2928 3014 decimum
2957 2973 3231 3029 quartum,
3277 2965 3732 3033 elegantissimam
3772 2968 3919 3021 illam

2359 3048 2572 3115 quidem
2597 3056 2651 3103 et
2681 3050 2840 3104 rebus
2862 3065 2926 3105 ac
2952 3052 3130 3105 verbis
3172 3051 3608 3120 refertissimam;
3642 3065 3697 3109 et
3736 3066 3918 3110 tamen

2358 3136 2475 3204 ejus
2503 3137 2693 3205 psalmi
2729 3139 2833 3192 duo
2874 3148 2965 3193 aut
2995 3141 3095 3193 tria
3144 3143 3303 3196 verba
3352 3152 3550 3198 tantam
3577 3145 3791 3199 dicendi
3824 3160 3917 3199 co-

2359 3229 2501 3298 piam
2543 3227 2741 3283 Basilio
2790 3229 3284 3289 subininistravere.
3340 3234 3464 3289 Haec
3500 3235 3593 3304 qui
3646 3236 3810 3306 paulo
3838 3246 3921 3291 at-

2361 3321 2561 3375 tentius
2608 3319 3055 3387 consideraverit,
3109 3322 3301 3378 melius
3323 3361 3340 3388 ,
3385 3325 3598 3393 opinor,
3625 3326 3691 3381 de
3720 3324 3923 3381 Basilio

2358 3410 2712 3475 existimabit,
2747 3425 2907 3476 quam
2938 3420 2997 3465 ut
3024 3420 3174 3480 putet
3204 3424 3408 3469 tantum
3435 3432 3498 3472 ac
3526 3418 3684 3474 talem
3719 3419 3919 3481 virum,

2359 3498 2462 3553 nisi
2514 3498 2800 3553 Eusebium
2833 3501 3191 3571 compilasset,
3234 3518 3429 3571 paucos
3473 3508 3732 3572 quosdam
3778 3507 3923 3576 psal-

2361 3605 2570 3645 morum
2598 3591 2889 3646 versiculos
2918 3592 3205 3660 explanare
3226 3608 3330 3647 non
3356 3596 3608 3664 potuisse.

2359 3704 2386 3777 ᾗ
2420 3702 2527 3759 Vil.
2563 3704 2743 3759 Pauca
2774 3706 3036 3773 quadam,
3062 3721 3175 3773 quw
3208 3706 3378 3761 notari
3404 3708 3584 3763 debent
3612 3711 3669 3763 in
3699 3710 3921 3764 malui:

2916 3789 2953 3837 ι,
2983 3790 3054 3828 vn
3089 3786 3135 3828 et
3166 3790 3353 3830 varn.

2429 3867 2518 3922 40.
2549 3868 2849 3935 Antequam
2895 3867 2961 3919 ad
2995 3865 3097 3918 alia
3135 3874 3491 3933 transeamus,
3529 3867 3671 3922 haud
3721 3868 3918 3921 inutile

2359 3973 2479 4013 esse
2528 3958 2889 4027 jndicavimus
2944 3957 3197 4011 nonnulla
3251 3957 3338 4011 bic
3391 3960 3666 4013 adnotare.
3718 3958 3914 4021 Nemo.

2358 4050 2499 4120 quod
2545 4050 2734 4112 sciam,
2776 4047 3001 4113 dubitat,
3050 4062 3147 4101 nec
3192 4048 3421 4101 dubitari
3456 4061 3613 4118 posse
3641 4048 3917 4112 arbitror,

2359 4142 2485 4210 quin
2524 4140 2696 4194 oratio
2739 4153 2801 4191 ea
2830 4153 2949 4206 qua:
2981 4139 3119 4191 inter
3154 4136 3335 4191 Basilii
3370 4153 3530 4207 opera
3561 4142 3833 4209 reperitur
3864 4142 3915 4193 in

2360 4232 2621 4300 psalmum
2658 4230 2910 4299 primum,
2948 4227 3124 4282 Basilii
3156 4242 3282 4281 vere
3320 4230 3408 4284 sit.
3442 4228 3509 4281 Et
3538 4239 3715 4284 tamen
3746 4230 3914 4285 verba

2356 4320 2670 4386 ιιιδνπάντα
2695 4320 2880 4389 ὥσπερ
2912 4322 2969 4372 ὲν
3006 4319 3222 4389 μεγάλῳ
3252 4320 3359 4373 τινὶ
3392 4321 3481 4373 καὶ
3512 4319 3675 4390 κοινῷ
3703 4322 3916 4393 ταμείῳ

2353 4415 2418 4483 τῇ
2450 4412 2613 4482 βίϐλῳ
2634 4411 2740 4463 τῶν
2766 4410 3009 4481 Ψαλμῶν
3045 4410 3481 4481 τεθησαύρισται,
3508 4428 3625 4481 quae
3649 4415 3702 4467 in
3728 4415 3913 4469 Basilii

2282 4502 2618 4590 Dprommio
2684 4499 2964 4569 leguntur,
3014 4500 3152 4554 edita
3211 4516 3422 4571 quoque
3476 4504 3529 4557 in
3589 4503 3807 4559 Eusebii
3860 4508 3914 4557 ίιι

2356 4592 2599 4646 Psalmos
2643 4592 2864 4660 prologo
2912 4592 3231 4647 invenimus.
3282 4593 3631 4649 Fluxerintne
3683 4595 3805 4653 inec
3845 4614 3912 4652 ex

2353 4684 2667 4739 Eusebianis
2714 4683 2766 4736 in
2806 4681 3095 4749 Basiliana,
3130 4700 3195 4738 an
3243 4699 3272 4738 e
3313 4685 3594 4741 Basilianis
3634 4688 3686 4742 in
3734 4689 3913 4745 Euse-

2356 4775 2536 4837 biana,
2569 4773 2734 4842 quarri
2772 4780 2966 4842 potest.
2999 4771 3127 4838 Sed,
3158 4782 3412 4841 quantum
3466 4775 3776 4843 conjectura
3810 4793 3914 4833 au.

2348 4882 2546 4937 gurur,
2602 4880 2633 4920 e
2688 4863 2869 4918 Basilii
2936 4866 3179 4919 oratione
3238 4865 3287 4919 in
3344 4862 3560 4921 Eusebii
3618 4868 3909 4940 prologum

2353 4960 2633 5015 transiere.
2669 4959 2878 5012 Etenim
2931 4960 3092 5012 verba
3146 4958 3234 5012 illa
3281 4960 3332 5013 in
3385 4958 3614 5014 Eusebio
3655 4977 3908 5019 connexa

2353 5066 2471 5105 esse
2525 5067 2625 5103 non
2664 5050 2929 5113 videntur,
2966 5065 3138 5118 neque
3169 5064 3287 5104 cum
3327 5051 3775 5119 praecedentibus,
3811 5073 3910 5109 ne-

2351 5157 2453 5212 que
2483 5157 2599 5196 cum
2631 5141 3113 5210 subsequentibus;
3149 5151 3353 5208 contra,
3386 5141 3500 5197 haec
3528 5142 3641 5212 ipsa
3672 5145 3909 5200 mirifice

2351 5232 2490 5299 apud
2526 5229 2780 5283 Basiliam
2808 5244 2929 5283 cum
2964 5239 3069 5283 tota
3117 5230 3312 5299 reliqua
3351 5231 3594 5287 oratione
3625 5233 3909 5291 cohazrere

2343 5323 2683 5391 perspicuum
2714 5330 2816 5374 est.
2844 5320 2994 5388 Quod
3034 5323 3223 5375 attinet
3248 5321 3313 5376 ad
3341 5323 3636 5378 orationem
3668 5325 3725 5378 in
3754 5327 3908 5413 psal-

2344 5430 2483 5466 mum
2521 5415 2830 5477 septimum,
2876 5428 2995 5481 quae
3042 5413 3093 5466 in
3127 5412 3307 5468 Basilii
3350 5413 3673 5470 editionibus
3718 5412 3906 5484 sequi-

2348 5516 2457 5569 tur,
2506 5520 2649 5576 :egre
2679 5506 2831 5560 nobis
2867 5506 2985 5568 fuit,
3014 5504 3154 5573 quod
3184 5505 3236 5558 in
3267 5519 3329 5560 ea
3363 5505 3562 5559 nullum
3598 5506 3908 5577 deprehen-

2351 5596 2587 5654 derimus
2635 5596 2914 5668 vestigium
2964 5595 3227 5661 homiliae,
3277 5596 3331 5652 id
3363 5606 3444 5653 est
3489 5596 3607 5668 ejus
3639 5602 3911 5658 orationis
