4080 6314
685 394 803 435 (ξονι

686 585 821 640 tario
866 585 924 636 in
966 584 1191 649 primunt
1238 582 1541 649 psalmum:
1574 580 1688 631 Οὐκ
1741 577 2028 629 ἀπέκλεισε
2066 575 2120 627 δὲ
2163 574 2256 626 τοῦ

686 673 1143 748 μαωρισμοῦτάς
1156 675 1437 739 γυναῖκας,
1454 670 1565 723 ἀλλ’
1591 672 1654 722 ἐκ
1674 669 1767 722 τοῦ
1796 667 2256 738 ἡγεμονικωτέρου

682 769 745 822 τὸ
778 768 898 821 ὅλον
935 765 1250 831 ἐνεδείξατο.
1280 765 1425 826 Mai;
1459 762 1563 833 γὰρ
1598 762 1811 830 φύσεως
1860 760 1954 811 καὶ
2002 759 2137 828 ἀνὴρ
2169 758 2258 811 καλ

684 858 841 927 γυνή.
869 856 983 910 Οὐκ
1026 853 1143 908 εἷπε
1184 856 1272 908 δέ’
1305 855 1366 917 ὃς
1390 856 1448 906 οὐ
1480 853 1786 924 πορεύεται.
1831 852 1886 903 '0
1926 852 2021 920 μὲν
2049 850 2155 921 γὰρ
2202 851 2260 901 ὲν

682 946 761 1016 τῷ
796 945 895 1016 βίῳ
935 945 1234 1015 τυγχάνων,
1265 943 1415 996 οὔπω
1471 942 1823 1013 μακαριστὸς,
1855 940 1941 993 διὰ
1983 940 2042 991 τὸ
2068 939 2260 1008 ἄδηλον

683 1037 782 1108 τῆς
837 1035 1144 1098 ἐκϐάσεως·
1183 1036 1211 1086 ὁ
1250 1035 1306 1088 δὲ
1352 1035 1727 1104 ἀναντιρρήτῳ
1774 1033 1916 1085 τέλει
1970 1031 2067 1101 τὴν
2117 1030 2260 1099 ζωὴν

685 1128 1070 1190 κατακλείσας,
1102 1120 1255 1189 οὗτος
1306 1127 1403 1196 ἤδη
1454 1124 1711 1194 ἀσφαλῶς
1762 1123 2127 1194 μακαρίζεται
2160 1124 2257 1191 (α).

688 1238 708 1273 ι
737 1220 984 1275 Mulieres
1034 1230 1210 1274 tamen
1246 1235 1273 1272 a
1314 1219 1640 1271 beatitudine
1692 1232 1795 1269 non
1853 1216 2119 1274 exclusit,
2166 1215 2257 1267 sed

683 1328 751 1366 ex
800 1312 1169 1381 principaliori
1211 1321 1380 1364 totum
1416 1308 1755 1363 declaravit:
1789 1306 2052 1375 siquidem
2104 1306 2261 1357 unius

686 1412 892 1457 natura:
936 1410 1061 1455 sunt
1101 1402 1181 1455 vir
1220 1410 1273 1455 et
1311 1403 1521 1456 mulier.
1575 1400 1689 1453 Non
1741 1398 1877 1451 dixit
1910 1410 2110 1461 autem,
2158 1396 2257 1463 Qui

684 1509 789 1549 non
839 1494 971 1547 abit.
1020 1493 1120 1559 Qui
1170 1493 1313 1547 enim
1346 1492 1557 1546 exsistit
1604 1492 1654 1544 in
1703 1491 1805 1544 hac
1848 1489 1982 1552 vita,
2030 1489 2258 1543 necdum

684 1587 871 1640 beatus
903 1583 1005 1638 dici
1033 1584 1213 1649 debet,
1246 1593 1468 1653 propter
1498 1582 1934 1636 incertitudinem
1986 1590 2211 1634 eventus
2240 1596 2253 1632 :

683 1685 737 1730 at
766 1676 855 1745 qui
901 1674 1257 1744 irrel'ragabili
1323 1674 1429 1728 line
1482 1673 1643 1726 vitam
1688 1671 1974 1733 conclusit,
2026 1672 2111 1725 hic
2147 1670 2258 1738 jam

685 1779 801 1823 tuto
829 1771 1017 1824 beatus
1048 1768 1398 1837 praedicatur.
1427 1787 1445 1820 ι
1482 1768 1678 1823 Eadem
1712 1767 1949 1834 reperias
1980 1775 2034 1819 et
2076 1766 2125 1817 in
2158 1764 2259 1816 Ba-

682 1861 789 1916 Iilii
838 1860 1081 1915 oratione
1107 1861 1160 1913 in
1192 1861 1418 1927 primum
1442 1858 1719 1926 psalmum.
1746 1856 2175 1911 Commentarius
2200 1857 2257 1910 in

681 1950 939 2020 psalmum
953 1951 1204 2004 decimum
1219 1960 1459 2017 quartum
1479 1948 1693 2002 exhibet
1710 1960 1919 2015 quoque
1939 1961 2040 2000 non
2062 1961 2251 2015 pauca,

687 2057 807 2111 qua:
834 2042 1054 2096 totidem
1075 2040 1297 2111 syllabis
1325 2040 1559 2108 reperire
1590 2038 1659 2093 sit
1692 2040 1742 2092 in
1768 2039 2009 2093 oratione
2026 2053 2111 2102 ea,
2137 2053 2255 2106 qua:

684 2133 825 2188 inter
852 2126 993 2187 Basil
1019 2148 1147 2186 anas
1172 2132 1315 2187 edita
1344 2142 1425 2187 est
1465 2132 1518 2184 in
1565 2133 1798 2185 eumdem
1843 2130 2119 2197 psalmum.
2151 2130 2256 2184 Sed

684 2238 806 2278 cum
856 2222 1097 2290 opusculi
1160 2223 1318 2290 hujus
1361 2224 1648 2291 γνησιότης
1702 2221 1870 2288 possit
1928 2220 1980 2272 in
2042 2219 2255 2272 dubium

684 2317 947 2379 revocari,
980 2330 1045 2369 ex
1073 2330 1137 2369 eo
1170 2317 1465 2383 quidquam
1510 2313 1929 2366 exscribendum
1982 2327 2085 2365 non
2134 2327 2257 2366 cen-

688 2407 915 2463 suitnus.
985 2407 1240 2475 Sequitur
1309 2408 1360 2459 iu
1437 2404 1616 2458 Basilii
1685 2403 1922 2458 editione
1984 2406 2256 2457 enarratio

681 2500 852 2570 prima
877 2500 930 2552 in
953 2499 1211 2568 psalmum
1243 2498 1539 2551 uicesimum
1568 2507 1826 2559 octavum,
1855 2510 2017 2564 quam
2053 2497 2096 2548 si
2130 2510 2251 2547 eum

679 2592 1071 2648 commentario
1146 2589 1582 2660 comparaveris,
1642 2588 1837 2641 eadem
1902 2585 1955 2638 in
2028 2595 2255 2651 utroque

679 2683 939 2751 opusculo
985 2683 1367 2751 reprehendes.
1417 2680 1505 2731 Sic
1542 2678 1683 2730 enim
1730 2676 1959 2743 legimus
2006 2675 2061 2726 in
2110 2689 2256 2727 eom-

685 2776 947 2832 Iucnlario
970 2791 1086 2844 pag.
1113 2773 1212 2826 491
1245 2789 1259 2825 :
1304 2772 1388 2827 Ὠς
1439 2769 1536 2839 μὲν
1566 2768 1699 2838 πρὸς
1737 2767 1796 2818 τὸ
1829 2764 2102 2835 αἰσθητὸν,
2135 2764 2256 2816 ἐπεὶ

679 2870 738 2925 al
772 2868 989 2939 νεφέλαι
1020 2867 1242 2938 πλήρεις
1272 2864 1555 2934 γενόμεναι
1596 2861 1804 2923 ὓδατος,
1852 2858 2022 2927 ψόφον
2054 2860 2220 2912 ἀποτε
2240 2886 2252 2892 -

683 2960 853 3025 λοῦσι,
885 2961 977 3014 καὶ
1005 2962 1037 3030 ή
1077 2958 1311 3010 θάλαττα
1342 2955 1607 3024 πνεύματι
1642 2951 2011 3023 ταραττομένη
2033 2990 2046 3011 ,
2083 2950 2253 3019 βίαιον

682 3049 814 3124 ἦχον
846 3052 1149 3121 ἐκπέμπει,
1190 3046 1491 3107 δεικνύντος
1543 3044 1632 3095 τοῦ
1670 3045 1851 3109 λόγου,
1899 3044 1978 3093 ὅτι
2029 3044 2178 3093 πᾶσα
2217 3044 2250 3107 ἡ

2049 369 2573 425 FROLEGOMENA.

683 507 833 551 ctura
869 493 981 547 ﬁeri
1031 492 1220 562 possit.
1255 491 1379 545 lltcc
1414 491 1592 557 itaque
1622 490 1866 557 leguntur
1898 490 1947 539 in
1976 503 2250 541 Commen-

2364 486 2684 555 ἐπαχθείσης
2746 488 3049 557 ἰατρείας...
3081 489 3152 541 Οὐ
3190 490 3401 542 πάντων
3449 490 3503 543 δὲ
3535 488 3665 555 Θεὸς
3704 495 3731 546 ὀ
3768 495 3899 561 est;

3846 532 3922 561 νὴ.

2364 578 2496 629 ἀλλὰ
2546 578 2653 630 τῶν
2704 580 3086 634 οξκειωθέντων
3141 582 3288 652 αὐτῷ
3332 586 3397 638 δι’
3433 587 3699 656 ἀρετῆς...
3748 591 3924 655 οὐδὲν,

2364 672 2515 738 φησὶ,
2564 671 2749 739 γέγονε
2802 674 2963 742 μέσον
3000 676 3098 744 τῆς
3129 678 3265 746 ἐμῆς
3301 679 3499 748 φωνῆς,
3552 682 3645 732 καὶ
3688 684 3787 751 τῆς
3824 685 3927 752 σῆς

2363 760 2602 830 χάριτος,
2663 762 2771 814 ἀλλ’
2815 762 2951 833 ὁμοῦ
2997 766 3291 836 ἀνέκραξα,
3352 769 3443 821 καὶ
3490 772 3793 842 προσῆλθεν
3844 776 3926 827 ἰα-

2364 869 2466 916 σις.
2511 873 2527 903 ι
2559 853 2755 909 Beatus
2778 868 2954 911 autem
2988 857 3094 921 ille,
3122 861 3210 927 qui
3249 861 3300 912 in
3332 859 3493 917 fundo
3517 880 3665 917 suam
3705 867 3920 933 plagam

2364 948 2624 1013 agnoscit,
2682 959 2739 1000 ut
2768 949 2934 1017 possit
2968 951 3034 1003 ad
3068 952 3328 1005 medicum
3372 958 3653 1020 accedens,
3681 959 3861 1013 dicere
3903 978 3917 1013 :

2365 1033 2510 1087 Sana
2534 1052 2633 1098 me,
2666 1035 2886 1090 Domine
2914 1038 3005 1094 “‘.
3040 1038 3134 1094 Hic
3165 1041 3343 1111 itaque
3361 1046 3560 1113 gratias
3581 1050 3798 1116 agitpro
3828 1066 3923 1105 cn-

2365 1128 2572 1180 ratioue
2598 1143 2759 1195 quam
2796 1128 2980 1183 fuerat
3016 1145 3408 1188 consecutus...
3445 1135 3581 1190 Deus
3607 1148 3785 1193 autem
3816 1158 3919 1195 non

2362 1218 2599 1271 omnimn
2640 1217 2801 1282 Deus,
2834 1222 2929 1273 sed
2960 1236 3140 1275 eorum
3172 1224 3260 1291 qui
3297 1224 3366 1279 ob
3402 1228 3650 1281 virtutem
3683 1229 3781 1297 ipsi
3846 1233 3924 1285 fa-

2365 1306 2603 1361 miliares
2631 1318 2776 1363 sunt.
2808 1306 2969 1372 Nihil,
2996 1308 3188 1376 inquit,
3222 1311 3520 1369 intercessit
3552 1317 3691 1369 inter
3734 1331 3919 1370 vocem

2365 1409 2631 1461 meam,et
2654 1400 2880 1468 gratiam
2918 1410 3093 1466 tuam;
3130 1402 3221 1455 sed
3268 1405 3425 1458 simul
3457 1417 3512 1460 ut
3551 1408 3798 1470 clamavi,
3827 1425 3922 1462 cu-

2364 1489 2499 1541 ratio
2534 1492 2769 1545 advenit.
2806 1510 2824 1544 ι
2852 1491 2977 1547 Haec
3005 1494 3096 1561 qui
3126 1494 3350 1549 voluerit
3382 1498 3625 1554 conferre
3653 1516 3773 1554 cum
3815 1501 3920 1555 Ba-

2362 1580 2591 1644 silianis,
2620 1592 2849 1654 utraque
2884 1586 3025 1641 haud
3046 1587 3327 1641 dissimilia
3360 1590 3603 1657 reperiet.
3634 1591 3792 1647 Plura
3829 1596 3919 1663 qui

2362 1673 2530 1740 cupit,
2571 1673 2711 1742 legat
2743 1677 3177 1745 explanationem
3211 1678 3397 1733 horum
3424 1694 3694 1746 versuum,
3728 1703 3746 1735 ι
3774 1684 3924 1739 Psal-

2363 1764 2458 1819 lite
2483 1766 2729 1832 Domino,
2771 1786 2790 1820 ι
2816 1778 2888 1835 et,
2927 1789 2945 1821 ι
2983 1770 3327 1826 Conﬁtemini
3360 1774 3629 1828 memoria:
3662 1780 3923 1831 sanctita-

2366 1858 2433 1912 tis
2465 1858 2620 1925 eins:
2664 1877 2681 1909 s
2720 1860 2911 1928 quibus
2965 1862 3019 1915 in
3051 1860 3201 1927 locis,
3249 1873 3307 1917 ut
3359 1879 3496 1934 strpe
3540 1865 3691 1928 alias,
3740 1870 3925 1938 inepte

2363 1947 2678 2016 plagiarium
2714 1950 2821 2018 agit
2846 1959 3035 2005 auctor
3063 1952 3456 2006 commentarii.
3494 1951 3635 2006 Idem
3684 1956 3923 2009 sentien-

2364 2038 2487 2091 dmn
2521 2041 2587 2093 de
2631 2041 2974 2096 enarratione
3005 2044 3059 2095 in
3097 2042 3356 2111 psalmum
3388 2044 3706 2096 tricesimum
3737 2061 3923 2098 secun-

2362 2127 2506 2191 dum,
2536 2129 2588 2182 in
2614 2145 2714 2197 qua
2745 2140 2851 2183 tam
2888 2132 3050 2184 multa
3082 2142 3223 2195 sunt,
3261 2149 3377 2200 qua!
3412 2148 3441 2188 e
3484 2134 3666 2187 Basilii
3698 2136 3751 2186 in
3774 2152 3923 2189 eum-

2363 2221 2477 2272 dem
2504 2222 2763 2287 psalmum
2787 2226 3029 2279 oratione
3067 2226 3129 2278 ad
3156 2228 3377 2281 verbum
3410 2241 3617 2297 sumpta
3644 2244 3762 2283 esse
3790 2244 3925 2282 con-

2364 2320 2487 2375 stat,
2533 2328 2594 2366 ea
2627 2323 2682 2365 ut
2705 2314 2883 2367 malim
2906 2317 3163 2379 indicare,
3187 2332 3345 2384 quam
3369 2322 3692 2374 exscribere.
3723 2320 3927 2389 Legam

2365 2412 2450 2457 tur
2507 2404 2669 2474 igitur
2713 2422 2833 2475 quae
2881 2408 2930 2460 in
2988 2411 3373 2463 commentario
3422 2410 3684 2465 habentur
3732 2412 3784 2463 in
3829 2413 3925 2465 lus

2362 2508 2569 2557 versus,
2602 2493 2934 2563 Conﬁtemini
2974 2500 3195 2553 Domino
3220 2500 3270 2553 in
3295 2500 3495 2552 cithara
3514 2502 3557 2531 "
3597 2518 3611 2566 ;
3644 2512 3697 2554 et
3723 2522 3735 2553 :
3762 2506 3924 2555 Mise—

2362 2586 2592 2636 ricordia
2621 2586 2828 2639 Domini
2850 2590 2999 2655 plena
3033 2600 3105 2641 est
3138 2592 3375 2656 terra”;
3399 2603 3450 2645 et
3479 2611 3491 2644 :
3525 2590 3687 2645 Verbo
3712 2592 3927 2646 Domini

2363 2675 2475 2727 εοειί
2512 2675 2709 2740 ﬁrmati
2760 2687 2903 2743 sunt,
2936 2686 2984 2729 et
3034 2681 3224 2746 spiritu
3263 2682 3369 2731 oris
3420 2681 3531 2739 eius
3563 2684 3727 2733 omnis
3761 2684 3927 2735 virtus

2360 2787 2538 2823 eorum
2563 2770 2609 2801 ⁸³
2637 2787 2648 2823 :
2684 2786 2801 2839 qua:
2835 2773 2948 2825 loca
2981 2772 3023 2825 si
3062 2787 3180 2825 cum
3215 2773 3493 2825 Basilianis
3523 2784 3923 2841 comparentur,

2362 2863 2494 2916 nihil
2545 2874 2772 2931 utraque
2810 2863 2949 2918 inter
2990 2878 3048 2917 se
3080 2863 3292 2919 diﬂ'erre
3333 2866 3447 2920 suis
3488 2866 3715 2935 quisque
3752 2865 3925 2919 oculis

2361 2963 2567 3006 cernet.
2600 2952 2860 3008 Nolumus
2893 2965 3068 3009 tamen
3110 2958 3288 3011 omnia
3322 2971 3651 3025 quacunque
3683 2956 3733 3009 in
3771 2969 3922 3010 com-

2362 3044 2624 3096 mentario
2683 3054 2899 3098 exstant
2952 3047 3004 3099 in
3049 3046 3209 3110 illud,
3266 3046 3434 3102 Verbo
3498 3048 3734 3115 Domini,
3791 3060 3924 3113 etc.,

685 3145 860 3209 κτίσις
899 3141 1179 3215 μονονουχὶ
1210 3141 1328 3210 βοᾷ,
1355 3140 1443 3190 τὸν
1477 3136 1673 3205 ἑαυτῆς
1704 3132 2032 3204 δημιουργὸν
2056 3147 2252 3197 καταγ-

2365 3129 2523 3184 tribui
2554 3130 2774 3199 Basilio,
2799 3147 2919 3187 cum
2949 3147 3132 3187 eorum
3180 3148 3382 3205 partem
3416 3140 3702 3193 maximam
3736 3154 3805 3194 ex
3827 3138 3927 3193 Eu-

685 3238 966 3306 γέλλουσα.
992 3235 1107 3287 Κᾶν
1136 3233 1330 3304 βροντὴ
1357 3230 1411 3283 δὲ
1433 3232 1498 3283 ἐκ
1522 3229 1717 3296 νέφους
1745 3229 1976 3299 ἐκραγῇ,
2006 3225 2105 3277 οὐκ
2132 3223 2259 3277 ἄλλο

685 3346 739 3383 «ι.
776 3328 880 3400 χρὴ
911 3326 1170 3398 νομίζειν,
1215 3323 1246 3395 ἢ
1281 3325 1363 3377 ὅτι
1395 3325 1423 3375 ὁ
1458 3322 1587 3383 Θεὸς
1618 3320 1716 3389 τῆς
1744 3320 1901 3389 δόξης
1946 3319 2255 3389 ἐϐρόντησε,

687 3422 781 3476 καὶ
810 3421 895 3473 ὅτι
928 3422 956 3473 ὸ
983 3418 1187 3489 Κύριος
1214 3416 1311 3486 τὴν
1352 3413 1524 3482 ὑγρὰν
1550 3412 1734 3463 οὐσίαν
1780 3410 1991 3480 συνέχει
2026 3410 2092 3461 δι’
2132 3412 2259 3462 ἐαυ-

683 3512 801 3578 τοῦ,
831 3521 886 3567 et
913 3518 1109 3565 caetera
1148 3522 1255 3562 non
1288 3520 1485 3576 pauca,
1518 3517 1636 3573 qua:
1677 3503 1938 3572 quisque,
1979 3502 2022 3555 si
2069 3501 2215 3555 lubet
2244 3541 2259 3567 ,

689 3606 867 3674 legere
920 3610 1121 3670 potest.
1177 3599 1374 3653 Eadem
1448 3606 1625 3651 autem
1691 3604 1903 3648 exstant
1969 3597 2019 3647 in
2077 3593 2257 3647 Basilii

688 3696 952 3757 oratione,
994 3706 1098 3747 non
1132 3691 1349 3762 quidem
1401 3690 1760 3752 continenter,
1799 3690 1891 3739 sed
1930 3687 2259 3754 interpositis

688 3785 980 3843 nonnullis.
1014 3782 1122 3837 Nec
1160 3777 1444 3835 dissimilia
1476 3792 1689 3847 quoque
1729 3776 1996 3831 habentur
2035 3777 2087 3829 in
2118 3775 2259 3831 hunc

687 3876 878 3949 psalmi
943 3890 1213 3929 versum:
1265 3869 1373 3924 Vox
1440 3869 1647 3922 Domini
1710 3870 2059 3922 intercidentis
2110 3869 2260 3937 ﬂam-

688 3985 830 4024 mam
870 3968 1003 4035 ignis
1028 3966 1097 4017 ".
1155 3964 1259 4016 Sed
1289 3962 1375 4014 ubi
1411 3960 1637 4027 legimus
1665 3961 1861 4012 usitate
1898 3969 1950 4011 et
1987 3958 2261 4027 eleganter

691 4065 748 4118 in
784 4059 1000 4125 Basilio,
1030 4057 1117 4109 ἵνα
1275 4054 1336 4106 τὸ
1368 4054 1464 4124 μὲν
1490 4051 1654 4122 δριμὺ
1693 4053 1786 4104 καὶ
1825 4051 2137 4104 κολαστικὸν
2165 4050 2259 4103 τοῦ

690 4154 859 4227 πυρὸς
885 4153 1000 4215 τοῖς
1037 4149 1207 4216 ἀξίοις
1250 4147 1347 4217 τῆς
1388 4144 1633 4206 καύσεως
1682 4142 2093 4214 προσαπομένῃ,
2130 4153 2258 4205 etc.,

697 4268 714 4298 σ
762 4244 1052 4314 Ut...ignis
1077 4242 1290 4311 quidem
1325 4240 1587 4307 asperitas
1620 4252 1683 4290 ac
1713 4235 1994 4304 torquendi
2019 4236 2258 4303 proprie-

693 4350 776 4393 tas
808 4338 874 4391 iis
926 4335 1017 4404 qui
1067 4332 1349 4386 adustione
1393 4328 1535 4396 digni
1590 4336 1714 4380 sunt
1766 4338 2033 4389 servetur,
2074 4346 2092 4377 ι
2128 4336 2257 4389 etc.,

694 4432 944 4487 inusitate
988 4436 1042 4480 et
1071 4426 1303 4479 barbare
1333 4422 1536 4478 editum
1576 4421 1629 4474 in
1669 4417 2071 4473 Commentario
2111 4418 2261 4471 inve-

2365 3224 2511 3277 sebio
2542 3235 2807 3295 sumptam
2839 3240 2960 3280 esse
2985 3226 3263 3280 credamus
3287 3229 3380 3297 (b).

2437 3317 2525 3371 43.
2556 3317 2706 3385 Quod
2734 3318 2778 3370 si
2803 3333 2920 3385 quae
2954 3318 3320 3381 indicavimus,
3362 3334 3693 3388 nequaquam
3716 3323 3931 3381 senice-

2366 3425 2423 3464 re
2448 3410 2754 3477 videantur,
2800 3409 2904 3479 legi
2939 3411 3157 3477 insuper
3194 3418 3368 3478 potest
3405 3411 3666 3479 expositio
3696 3412 3927 3469 aliorum

2362 3517 2636 3569 versuum,
2686 3502 2913 3573 exempli
2965 3517 3122 3556 causa
3166 3501 3306 3556 illius
3352 3520 3366 3555 :
3417 3502 3746 3573 Congregans
3792 3507 3930 3558 sicut

2364 3604 2533 3646 utrem
2571 3610 2735 3663 aquas
2786 3594 2947 3647 maris
2979 3594 3084 3661 ⁸³’;
3118 3596 3246 3648 item
3299 3594 3441 3648 illius
3473 3611 3487 3649 :
3520 3594 3783 3660 Quoniam
3821 3598 3933 3665 ipse

2363 3684 2496 3734 dixit
2538 3695 2584 3736 et
2618 3687 2762 3751 [acta
2810 3696 2929 3738 sunt
2968 3686 3034 3737 “.
3070 3684 3311 3753 Denique
3350 3698 3605 3755 praestare
3636 3691 3828 3754 audeo,
3884 3690 3930 3743 si

2366 3781 2473 3827 tota
2500 3775 2691 3843 psalmi
2737 3777 3043 3842 explanatio
3080 3776 3305 3842 legatur,
3339 3780 3522 3832 eadem
3554 3784 3749 3849 passim
3785 3791 3838 3835 et
3878 3785 3928 3836 in

2368 3867 2738 3920 commentarii
2764 3876 2985 3921 auctore
3016 3877 3069 3921 et
3103 3868 3153 3920 in
3194 3866 3386 3922 Basilio
3423 3874 3795 3935 repertumiri.
3820 3874 3928 3928 Pa-

2364 3956 2498 4010 riter
2540 3956 2583 4011 si
2637 3955 2690 4011 in
2722 3961 3109 4014 commentario
3143 3958 3349 4029 legatur
3379 3960 3611 4029 psalmus
3639 3968 3934 4034 quadrage-

2364 4052 2532 4105 simus
2587 4061 2831 4121 quartus,
2871 4052 2983 4121 ipse
3016 4066 3227 4121 quoque
3277 4053 3326 4106 id
3372 4054 3511 4121 quod
3555 4068 3583 4103 a
3638 4052 3834 4105 Basilio
3879 4058 3930 4109 in

2364 4144 2610 4195 emndem
2656 4140 2916 4210 psalmum
2950 4143 3149 4196 dictum
3196 4152 3297 4205 est,
3327 4142 3615 4196 exhibebit.
3656 4142 3821 4209 Cujus
3855 4147 3931 4197 rei

2367 4234 2727 4288 testiinonium
2754 4250 2914 4289 unum
2935 4237 3039 4304 peti
3073 4242 3247 4302 potest
3287 4250 3352 4289 ex
3382 4235 3464 4290 his
3494 4236 3679 4306 psalmi
3716 4238 3930 4291 verbis:

2365 4326 2567 4397 Lingua
2616 4345 2730 4382 mea
2784 4328 3017 4381 calamus
3054 4327 3239 4381 scriba:
3283 4328 3520 4382 velociter
3552 4324 3932 4384 'cribentis“.

2366 4421 2495 4476 Nam
2522 4421 2771 4477 versiculi
2802 4420 2956 4489 hujus
2990 4422 3297 4491 explicatio,
3322 4437 3481 4491 quam
3511 4421 3561 4474 in
3601 4429 3936 4475 commenta-

694 4528 891 4588 nimus,
927 4522 1016 4574 ἵνα
1041 4518 1102 4571 τὸ
1139 4518 1235 4588 μὲν
1260 4516 1423 4587 δριμὺ
1469 4514 1564 4567 καὶ
1608 4511 1899 4564 καυστικὴν
1938 4513 2049 4572 τοῖς
2091 4508 2256 4575 ἀξίοις

2370 4515 2446 4567 rio
2478 4516 2721 4583 legimus,
2745 4513 2789 4566 si
2823 4529 2925 4568 non
2956 4523 3084 4578 tota,
3121 4527 3169 4568 at
3205 4514 3319 4583 ejus
3352 4529 3475 4582 pars
3511 4528 3698 4583 magna
3726 4528 3791 4566 ex
3828 4512 3932 4566 Ba-

693 4615 939 4678 καύσεως
972 4608 1405 4684 προσαποδείσοι,
1459 4624 1477 4656 ι
1518 4606 1590 4656 ita
1636 4612 1695 4656 ut
1742 4602 2009 4656 acerbitas
2041 4603 2255 4669 quidem

692 4720 749 4763 et
791 4705 977 4761 urendi
1018 4704 1101 4757 vis
1134 4703 1346 4755 ustione
1371 4700 1548 4768 dignis
1580 4700 1885 4767 deputetur.
1922 4716 1940 4749 ι
1971 4698 2076 4752 Sed
2105 4697 2258 4753 facile

691 4798 1015 4855 crediderim
1038 4796 1287 4849 mendum
1310 4792 1808 4855 esselibrariorum,
1853 4791 2079 4860 qui,pro
2099 4810 2258 4864 προσ-

691 4892 967 4962 απομένῃ.
997 4885 1416 4959 προσαποδείσοι
1454 4885 1748 4938 oscitanter
1779 4884 2062 4951 scripsere.
2092 4884 2255 4939 Comc

694 4982 940 5039 mentarii
973 4989 1179 5041 auctor,
1213 4974 1461 5046 quisquis
1501 4974 1590 5026 ille
1622 4973 1739 5039 fuit,
1783 4972 1910 5027 fecit
1945 4990 2096 5029 more
2138 4990 2257 5040 suo,

693 5089 774 5141 et,
796 5090 915 5129 cum
936 5071 1197 5143 psalmum
1221 5070 1536 5123 vicesimum
1564 5078 1759 5119 nonum
1782 5066 2255 5135 interpretaretur,

694 5164 876 5219 Basilii
918 5163 973 5214 in
1004 5158 1241 5212 eumdem
1275 5160 1538 5220 psalmum
1570 5154 1875 5209 orationem
1930 5157 2255 5224 compilarit.

694 5258 849 5309 Libet
884 5252 1133 5307 nonnulla
1164 5250 1458 5303 ascribere.
1498 5248 1569 5301 Ita
1599 5248 1761 5317 igitur
1802 5247 1994 5311 legitur
2026 5263 2037 5297 :
2064 5249 2258 5301 Μακὰ-

694 5364 806 5417 ριος
836 5346 891 5399 δὲ
916 5347 943 5398 ὁ
991 5345 1087 5415 τὴν
1113 5347 1169 5397 ἐν
1206 5343 1282 5411 τῷ
1334 5341 1485 5412 βάθει
1513 5341 1674 5392 αὑτοῦ
1714 5340 1924 5411 πληγὴν
1958 5342 2258 5411 γνωρίζων,

691 5444 764 5503 ὡς
812 5438 1070 5492 δύνασθαι
1113 5437 1350 5507 προσιὼν
1376 5436 1453 5505 τῷ
1482 5434 1647 5505 ἱατρῷ
1674 5435 1868 5503 λέγειν.
1934 5436 2137 5489 "Iaca!
2163 5453 2257 5504 με,

692 5536 891 5601 Κύριε.
938 5531 1198 5586 Ἐνταῦθα
1241 5529 1420 5600 μέντοι
1452 5530 1770 5599 εὐχαριστία
1805 5530 1951 5581 ἐστὶν
1987 5530 2125 5601 ὑπὲρ
2169 5530 2262 5598 τῆς

767 5649 809 5679 ⁵³
852 5645 993 5699 Psal.
1028 5660 1219 5707 xxvtu,
1252 5644 1303 5697 7.
1386 5641 1577 5696 "‘Jer.
1608 5657 1738 5705 ινιτ,
1770 5643 1855 5695 Η.

701 5715 765 5751 ¹⁸⁹
785 5716 927 5774 Plat.
957 5731 1101 5779 xuv,
1126 5716 1179 5768 ‘2.

710 5794 746 5827 '
767 5831 840 5903 (a)
884 5827 970 5886 Uti
1002 5828 1147 5885 soleo
1177 5828 1407 5898 vulgatis
1433 5829 1979 5896 interpretationibus.

1935 5644 1977 5671 δ’
2007 5640 2141 5695 Psal.
2182 5654 2348 5699 xvxn,
2382 5642 2431 5695 τὶ.

2366 4608 2467 4660 silii
2492 4608 2734 4661 oratione
2756 4618 2965 4677 sumpta
2989 4616 3089 4664 est.
3120 4605 3321 4660 Deinde
3357 4620 3469 4659 rem
3500 4608 3740 4659 eamdem
3780 4608 3931 4659 miri-

2366 4699 2464 4754 ﬁce
2491 4704 2776 4754 eoutirmat
2815 4699 2940 4752 illiti]
2978 4699 3344 4753 commentarii
3379 4714 3500 4766 pag.
3540 4697 3640 4750 834
3674 4716 3685 4749 :
3722 4698 3929 4767 Τροπι-

2368 4794 2475 4857 κῶς
2505 4792 2785 4863 ἡγούμεθα
2813 4793 2986 4847 ταῦτα
3009 4791 3253 4862 λελέχθαι
3284 4790 3371 4843 διὰ
3394 4792 3490 4861 τὴν
3528 4790 3801 4861 σάρκωσιν
3836 4788 3930 4842 τοῦ

2367 4882 2497 4935 Θεοῦ
2530 4881 2721 4948 Λόγου,
2765 4884 2823 4939 ὃς
2861 4885 2974 4936 ἐστι
3005 4881 3309 4951 τομώτερος
3350 4880 3489 4949 ὑπὲρ
3528 4881 3703 4931 πᾶσαν
3732 4878 3933 4948 μάχαι-

2369 4990 2484 5042 ραν.
2516 4974 2655 5025 Διότι
2682 4978 2709 5026 ὀ
2744 4975 2914 5045 μηρὸς
2943 4972 3205 5042 συμὸολόν
3246 4972 3358 5022 ἐστι
3396 4972 3491 5040 τῆς
3520 4971 3661 5022 ,κατὰ
3717 4969 3932 5034 γένεσιν

2367 5068 2661 5139 ἐνεργείας.
2711 5067 2926 5138 Ἐπειδὴ
2977 5068 3031 5119 δὲ
3071 5067 3252 5137 μέλλει
3281 5061 3641 5119 συνάπτεσθαι
3667 5064 3730 5131 τῇ
3769 5062 3931 5115 ἀσθε-

2361 5166 2476 5234 νείᾳ.
2505 5163 2603 5231 τῆς
2641 5164 2839 5233 σαρκὸς
2889 5166 2916 5215 ὁ
2961 5161 3212 5232 Χριστὸς,
3255 5158 3430 5221 καλῶς
3481 5158 3795 5229 πρόσκειται
3846 5157 3929 5215 τὸ,

2364 5255 2604 5309 Δυνατέ.
2640 5255 2919 5325 Μεγίστης
2955 5255 3059 5324 γὰρ
3090 5251 3463 5322 δυνάμεως,τδ
3483 5248 3774 5319 δυνηθῆναι
3799 5247 3930 5300 Θεὸν

2364 5351 2419 5400 ἐν
2448 5346 2732 5418 ἀνθρώπου
2757 5346 2914 5415 φύσει
2940 5344 3208 5413 γενέσθαι.
3241 5363 3256 5393 ι
3294 5342 3542 5412 Figuratc
3562 5342 3930 5393 existimamus

2366 5440 2476 5495 haec
2523 5441 2664 5494 dicta
2714 5456 2836 5493 esse
2872 5449 3089 5507 propter
3142 5437 3567 5491 incarnationem
3607 5432 3769 5485 Verbi
3817 5432 3927 5491 Dei,

2364 5532 2504 5598 q-md
2528 5531 2672 5583 omni
2708 5529 2889 5599 gladio
2914 5527 3121 5581 acutius
3150 5537 3251 5581 est.
3290 5523 3551 5589 Quoniam
3585 5520 3759 5574 femur
3790 5534 3932 5590 sym-

2514 5643 2577 5671 εν
2616 5640 2741 5691 una.
2777 5638 2828 5691 5.
2908 5636 3175 5691 "stulto.
3253 5633 3465 5691 "‘ibid.
3498 5633 3549 5686 7.
3628 5632 3674 5663 ιδ
3707 5629 3839 5687 ibid.
3875 5627 3929 5691 9.

2432 5824 2501 5891 (ὁ)
2537 5821 2657 5890 Leg.
2693 5836 2837 5875 num.
2869 5818 2955 5872 35.
