4088 6310
1285 388 1343 443 ο.
1387 388 1533 445 IUL.
1573 388 1899 445 CARNEBII
1935 387 2319 446 ΡΒᾸΞΕΛΤΙΟ.

3264 406 3401 448 CCVII

175 510 363 565 bulum
405 519 489 563 est
504 507 855 595 ‘operationis
894 506 1235 577 generatim.
1264 508 1398 563 Cum
1430 525 1557 564 vero
1583 510 1731 565 Cbri-
1772 517 1813 573 Α
1849 526 1971 565 raro
2005 513 2085 564 bis
2107 522 2199 563 aut
2228 520 2309 564 ter
2345 511 2396 564 in
2430 511 2612 564 eadem
2653 511 3016 565 commentarii
3050 513 3242 580 pagina
3272 513 3403 583 legi-

174 611 295 655 stus
348 599 650 654 inﬁrmitati
700 599 877 653 carnis
931 598 1262 668 copulandus
1313 610 1475 666 esset,
1525 601 1744 671 pulchre

175 692 419 757 additur,
466 690 849 746 Potentissime.
880 690 1124 747 Maxima:
1150 692 1292 747 enim
1333 693 1582 763 potentia:
1602 703 1741 759 erat,

175 797 340 849 posse
386 784 551 836 Deum
599 783 743 837 nasci
793 783 843 836 in
888 792 1078 836 natura
1122 783 1372 838 hominis.
1413 803 1432 837 ›
1471 784 1742 854 Siquidem

176 871 419 927 Basilius
452 872 726 941 explicans
764 872 914 940 illud,
942 874 1221 943 Accingere
1254 873 1431 942 gladio
1470 886 1559 928 tuo
1595 892 1746 943 super

181 964 356 1031 femur
399 972 568 1026 tuum,
598 964 944 1032 potentissime
977 964 1087 1030 “",
1106 964 1283 1019 verbis
1323 965 1506 1020 iisdem
1555 966 1743 1033 utitur,

183 1058 263 1109 sic
299 1066 508 1118 tamen,
549 1065 608 1108 ut
652 1053 818 1107 fusior
860 1053 931 1108 sit
970 1054 1110 1109 illius
1156 1054 1543 1124 interpretatio.
1602 1059 1744 1113 Idem

183 1148 412 1202 omnino
445 1146 777 1201 sentiendum
810 1146 876 1200 de
904 1146 1023 1200 aliis
1066 1146 1381 1214 quihusdam
1412 1150 1600 1214 psalmi
1627 1166 1748 1206 ver-

185 1238 396 1303 siculis,
429 1252 657 1307 quorum
692 1236 1104 1306 explicationem
1136 1237 1217 1290 bis
1242 1238 1439 1291 editam
1480 1241 1743 1307 videmus,

186 1330 351 1385 semel
402 1331 459 1384 in
492 1331 903 1393 commentario,
936 1329 1128 1382 iterum
1178 1329 1231 1382 in
1275 1327 1451 1383 Basilii
1484 1332 1744 1388 oratione.

184 1422 314 1490 Ejus
342 1420 565 1493 generis
595 1421 843 1475 versiculi
884 1428 1004 1474 sunt
1031 1436 1045 1474 :
1088 1418 1310 1490 ngrha
1342 1432 1389 1473 et
1418 1432 1561 1490 gutta
1579 1433 1626 1477 et
1658 1440 1748 1477 ca-

184 1514 263 1568 sia
286 1530 319 1567 rt
352 1513 789 1568 uestimentistuis
813 1529 845 1564 α
876 1510 1115 1566 domibus
1136 1512 1373 1567 eburneis
1388 1514 1435 1546 "
1456 1531 1471 1579 ;
1495 1526 1549 1570 et
1582 1536 1593 1572 :
1624 1516 1750 1571 0m-

186 1606 263 1658 tn's
286 1604 460 1675 gloria
485 1602 614 1671 [ilic
633 1603 766 1672 regis
798 1603 861 1656 ab
885 1603 1023 1656 intus
1045 1604 1135 1667 "';
1154 1610 1206 1655 et
1236 1620 1249 1655 :
1285 1604 1621 1659 Adducenlur
1643 1607 1747 1676 regi

187 1696 415 1765 virgines
469 1705 585 1764 post
631 1712 744 1749 eam
793 1695 861 1749 ".
910 1694 975 1749 Et
1018 1710 1145 1749 vero
1189 1697 1433 1766 quisquis
1466 1708 1750 1767 utrumque

186 1801 321 1854 opus
358 1786 641 1849 evolverit,
679 1786 844 1841 multa
882 1786 945 1840 ad
978 1786 1196 1841 verbum
1229 1798 1321 1841 ant
1357 1803 1387 1842 e
1419 1787 1597 1843 Basilii
1628 1806 1750 1844 ora-

1848 615 1952 666 tur,
1985 602 2065 655 vel
2088 603 2198 656 sola
2232 606 2367 657 satis
2405 602 2641 657 ostendit
2665 617 2787 656 eum
2822 601 3288 665 commentarium,
3309 606 3404 672 qni

1845 694 2059 748 nomine
2105 691 2368 746 Theodori
2425 692 2754 746 lleracleotae
2809 690 3227 757 circumfertur,
3287 692 3405 763 ejus

1843 785 2001 837 unius
2043 783 2206 838 fetum
2262 798 2364 838 non
2419 796 2560 846 esse,
2626 781 2719 836 sed
2772 783 3096 847 multorum;
3137 781 3205 835 ob
3243 782 3405 852 i'dqne

1845 890 1948 929 non
1979 883 2301 935 erraturum,
2327 874 2416 942 qui
2446 874 2548 928 hoc
2574 872 2755 943 operis
2788 873 2839 927 in
2878 883 3187 927 catenarum
3216 887 3405 927 nume—

1844 981 1905 1021 ro
1948 973 2188 1034 reponet.
2236 964 2302 1017 Et
2329 978 2458 1018 vero
2499 963 2543 1018 si
2576 978 2662 1018 res
2709 963 3016 1033 diligentius
3046 965 3403 1032 expendatur,

1845 1058 1943 1113 hac
1968 1072 2121 1123 voce,
2168 1075 2186 1107 ι
2209 1056 2367 1119 alios,
2402 1074 2420 1107 ι
2453 1055 2607 1111 modo
2624 1056 2891 1125 designari
2921 1054 3227 1124 Origenem,
3246 1055 3404 1110 modo

1845 1148 2133 1203 Eusebium
2180 1147 2584 1207 Cmsariensem,
2641 1147 2798 1200 modo
2836 1147 3209 1212 Athanasium,
3247 1148 3405 1203 modo

1849 1240 2151 1310 Didymum,
2222 1240 2382 1293 modo
2440 1237 2853 1305 Apollinarium,
2912 1238 3067 1292 modo
3124 1236 3401 1306 Basilium,

1847 1332 2004 1383 modo
2036 1328 2499 1398 Chrysostumum,
2530 1327 2690 1380 modo
2720 1326 3115 1380 Theodoretum
3147 1336 3238 1380 aut
3267 1326 3404 1382 alios

1847 1421 2082 1489 quosvis,
2118 1421 2297 1489 negari
2353 1435 2455 1473 non
2494 1418 2711 1487 poterit.
2750 1417 2854 1472 Sed
2893 1417 3136 1485 exempla
3176 1432 3343 1486 pauca
3373 1434 3405 1473 e

1849 1511 2028 1567 multis
2072 1510 2336 1577 subjicere
2383 1518 2618 1579 prmstat,
2652 1509 2845 1576 quibus
2880 1524 2964 1562 res
3012 1510 3083 1564 ita
3124 1509 3405 1565 manifesta

1848 1602 1962 1666 ﬂat,
1994 1601 2247 1656 utnullus
2282 1600 2596 1656 dubitationi
2625 1601 2771 1656 locus
2810 1600 3161 1667 relinquatur.

1916 1692 2009 1746 44.
2065 1691 2279 1745 Initium
2314 1692 2381 1745 ab
2434 1691 2665 1746 Eusebio
2710 1690 2903 1745 ducere
2928 1691 3098 1743 visum
3129 1700 3231 1755 est,
3263 1691 3407 1758 quod

1849 1781 2160 1839 Corderiani
2221 1782 2591 1836 commentarii
2642 1796 2767 1849 pars
2812 1796 2916 1834 non
2962 1782 3180 1835 minima
3227 1796 3291 1835 ex
3338 1798 3407 1836 eo

188 1878 334 1934 tione
363 1878 418 1931 in
453 1881 926 1942 commentarium,
958 1889 1050 1933 aut
1085 1895 1114 1935 e
1143 1882 1529 1937 commentario
1560 1882 1610 1935 in
1647 1882 1747 1936 Ba.
1780 1891 1823 1945 Β
1851 1884 2060 1944 sumpta
2100 1887 2219 1927 esse
2244 1872 2505 1926 videatur.
2525 1872 2738 1926 Eusebii
2767 1872 2927 1938 igitur
2956 1874 3115 1927 verba
3145 1884 3265 1929 sunt
3293 1876 3407 1928 hzec

187 1970 289 2023 eilii
337 1969 645 2024 orationem
711 1969 963 2023 translata
1008 1984 1128 2025 esse
1183 1970 1337 2026 facile
1386 1988 1451 2025 ex
1511 1972 1745 2027 locorum

186 2062 476 2116 collatione
496 2070 807 2130 cognoscet.
826 2060 1000 2117 Pauca
1027 2063 1238 2131 quidem
1266 2074 1389 2118 sunt
1418 2066 1470 2116 in
1492 2066 1745 2131 psalmum

187 2154 573 2223 sexagesimum
619 2154 866 2220 primum,
921 2170 1037 2224 qua:
1079 2154 1445 2209 commentarii
1502 2155 1746 2223 scriptori

188 2260 304 2298 cum
344 2243 554 2298 Basilio
593 2247 895 2298 communia
921 2248 1027 2299 sint
1052 2261 1065 2308 ;
1092 2246 1183 2299 sed
1227 2256 1405 2299 tamen
1436 2248 1747 2312 quantulum

190 2334 238 2382 id
288 2348 505 2401 cunque
544 2345 648 2399 est,
708 2350 818 2388 rem
866 2350 924 2389 se
978 2335 1046 2388 ita
1102 2336 1336 2401 habere,
1392 2347 1449 2389 ut
1497 2337 1747 2400 diximus,

189 2426 443 2480 ostendit.
482 2424 698 2480 Lectatn
725 2427 887 2497 igitur
912 2428 1030 2481 volo
1054 2428 1105 2479 in
1139 2436 1364 2494 utroque
1391 2442 1551 2495 opere
1584 2442 1748 2495 expo-

189 2517 436 2570 sitionem
489 2518 645 2586 hujus
684 2519 949 2582 versiculi,
976 2516 1096 2570 Non
1129 2520 1369 2571 movebar
1386 2517 1609 2587 amplius
1631 2520 1699 2550 ³⁸⁸
1732 2538 1745 2574 :

192 2623 345 2674 quam
399 2610 490 2674 qui
525 2608 729 2676 legerit,
766 2609 884 2664 falsi
939 2624 1271 2679 nequaquam
1324 2627 1419 2666 nos
1456 2612 1746 2667 accusabit.

189 2696 338 2762 Quod
369 2697 418 2751 si
452 2698 685 2767 cuipiam
719 2698 818 2753 hoc
856 2698 1097 2753 sufﬁcere
1150 2715 1252 2752 non
1286 2700 1511 2760 videtur,
1576 2700 1752 2754 videat

189 2789 624 2855 explanationem
656 2792 935 2843 verborum
976 2790 1210 2851 illorum,
1240 2788 1342 2842 Ore
1370 2806 1462 2840 suo
1488 2790 1750 2842 benedice-

193 2880 309 2929 baut
344 2878 417 2928 ⁵⁷.
456 2878 693 2944 Denique
717 2880 1081 2932 commentarii
1121 2888 1305 2931 auctor
1341 2888 1393 2931 et
1429 2879 1651 2934 Basilius
1681 2881 1750 2932 ita

194 2970 623 3036 interpretantur
654 2970 817 3023 verba
860 2969 945 3022 illa
985 2969 1172 3037 psalmi
1223 2971 1495 3023 centesimi
1526 2972 1701 3039 quarti
1735 2990 1747 3024 :

194 3057 328 3112 Deus
372 3070 552 3112 noster
592 3060 858 3112 miseretur
881 3060 974 3122 '7';
1024 3068 1077 3113 et
1111 3077 1124 3113 :
1168 3059 1475 3114 Custodiens
1513 3061 1751 3129 parvulos

195 3149 450 3203 Dominus
482 3150 550 3214 ⁸⁸,
587 3159 643 3201 ut
686 3150 967 3218 aliquando
1011 3150 1170 3205 unius
1214 3151 1582 3220 interpretatio
1631 3167 1749 3206 cum

1849 1984 1911 2022 ex
1949 1968 2292 2022 enarratione
2326 1967 2380 2020 in
2407 1966 2658 2033 psalmum
2680 1965 2903 2033 primum
2931 1979 2949 2017 :
2989 1964 3140 2017 Ἐπεὶ
3167 1964 3408 2033 φυσικῶς

1846 2058 2153 2129 ὀρεγόμεθα
2186 2059 2385 2121 πάντες
2421 2058 2514 2109 τοῦ
2542 2057 2799 2127 μακάριοι
2827 2052 2983 2120 εἶναι,
3022 2056 3171 2118 τέλος
3200 2056 3405 2124 ἀγαθοῦ

1846 2152 1906 2204 τὺ
1967 2150 2230 2221 μακάριον
2288 2147 2607 2219 ὁριζόμενοι,
2687 2146 3111 2217 πεπλανημένως
3174 2163 3237 2215 γε
3300 2146 3405 2216 μὴν

1849 2242 2029 2295 πολλοὶ
2057 2241 2212 2294 τοῦτο
2244 2240 2590 2310 μεταδιώκειν
2617 2241 2672 2292 ὲν
2696 2239 2958 2309 σωμάτων
2985 2239 3195 2308 ἡδοναῖς
3224 2237 3409 2308 ἡγοῦν-

1847 2354 2003 2388 ται...
2035 2334 2297 2395 εἰκότωςό
2319 2333 2473 2401 λόγος
2502 2334 2559 2384 ὲν
2586 2331 2793 2395 τούτοις
2822 2331 2941 2384 ὅθεν
2967 2332 3133 2401 ἐχρῆν
3157 2329 3252 2400 τὴν
3274 2348 3407 2383 κατ-

1844 2427 2014 2499 αρχὴν
2046 2428 2334 2495 ἐποιήσατο
2377 2429 2477 2494 τῆς
2517 2426 2655 2477 κατά
2678 2425 2807 2478 Θεὸν
2836 2424 3121 2493 ὑμνῳδίας,
3154 2424 3244 2475 τὸν
3277 2423 3409 2494 ἀλη-

1849 2520 1955 2583 θῶς
1993 2520 2255 2589 μακάριον
2272 2518 2363 2570 καὶ
2383 2516 2569 2579 τέλους
2591 2515 2789 2585 ἀγαθοῦ
2818 2517 2905 2569 τὸν
2945 2514 3092 2585 παρά
3111 2514 3228 2585 Θεῷ
3252 2514 3409 2583 ἠξιω-

1853 2613 2013 2682 μένον
2042 2610 2391 2682 ὑπογράφων.
2424 2627 2443 2660 t
2480 2610 2918 2679 Quandoquidem
2942 2610 3024 2663 vel
3063 2610 3175 2679 ipso
3206 2619 3411 2662 natura:

1851 2704 2105 2757 instinctu
2136 2718 2325 2756 omnes
2345 2702 2730 2756 beatitudinem
2750 2702 3070 2770 appetimus,
3105 2701 3227 2753 boni
3250 2700 3407 2754 finem

1851 2805 2149 2849 statuentes
2176 2794 2508 2858 felicitatem,
2541 2808 2829 2863 erroreque
2866 2794 3058 2847 mentis
3086 2794 3226 2847 ducti
3257 2808 3408 2847 com-

1850 2888 2031 2956 plures
2059 2886 2201 2939 illam
2249 2888 2302 2939 in
2348 2886 2714 2953 voluptatibus
2753 2886 3025 2952 corporeis
3068 2885 3406 2951 qttmrendam

1851 2986 2101 3048 putant...
2136 2978 2260 3031 hinc
2290 2976 2411 3045 jure
2455 2978 2772 3047 hymnorum
2801 2976 2867 3029 ad
2895 2975 3060 3028 Deum
3089 2976 3413 3029 lamlandum

1853 3071 2127 3125 exordium
2160 3072 2378 3123 ductum
2410 3079 2511 3132 est,
2554 3068 2981 3135 describiturque
3013 3070 3255 3137 quisnam
3281 3082 3411 3122 vere

1855 3164 2040 3217 beatus
2069 3165 2159 3226 sit,
2194 3174 2354 3232 atque
2385 3163 2576 3217 bonum
2614 3161 2769 3214 linem
2801 3177 2829 3213 a
2858 3163 2965 3215 Deo
2992 3170 3403 3228 consequatur.»

193 3244 418 3298 alterius
479 3244 918 3312 interpretatione
991 3244 1119 3311 ipsis
1184 3244 1365 3297 verbis
1423 3244 1749 3313 syllabisque
1779 3227 1819 3283 (ἶ
1855 3252 1944 3305 Sic
1982 3263 2157 3306 autem
2190 3227 2561 3305 commentarii
2596 3260 2783 3302 auctor
2819 3249 3051 3316 loquitur
3091 3227 3411 3319 εΜακαριό-

192 3335 500 3391 conveniat.
538 3334 839 3405 Intelligere
875 3336 1000 3388 licet
1049 3350 1169 3389 cum
1201 3349 1263 3387 ex
1308 3335 1372 3388 iis
1405 3350 1523 3404 qua:
1552 3337 1753 3388 exscri-

190 3427 418 3495 psimus,
452 3435 568 3480 tum
625 3426 857 3480 maxime
888 3441 953 3479 ex
1005 3425 1070 3480 iis
1122 3442 1240 3496 qua:
1278 3426 1501 3496 quisque
1543 3426 1594 3480 in
1626 3426 1753 3494 ipsis

195 3517 343 3572 libris
378 3518 563 3586 legere
593 3526 788 3585 potest,
829 3527 919 3570 aut
946 3515 1203 3571 Basilium
1234 3516 1397 3572 fuisse
1418 3516 1748 3587 plagiarium,

194 3624 296 3663 non
319 3623 489 3662 unum
522 3608 753 3676 aliquem
772 3621 802 3659 e
830 3606 1031 3670 multis,
1058 3608 1149 3659 sed
1182 3621 1431 3674 perquam
1454 3606 1711 3673 insignem
1733 3645 1750 3669 ,

199 3712 288 3753 aut
328 3700 524 3754 isthmc
575 3698 913 3753 librariorum
972 3712 1135 3765 opera
1186 3697 1239 3751 in
1272 3696 1452 3750 Basilii
1485 3697 1753 3752 orationes

198 3793 507 3861 irrepsisse,
567 3799 658 3843 aut
710 3792 996 3845 maximam
1041 3801 1245 3861 partem
1285 3790 1587 3844 orationum
1636 3804 1754 3857 qua:

199 3882 375 3937 Basilii
412 3880 630 3935 nomine
670 3879 1136 3945 circumferuntur,
1181 3882 1247 3933 ad
1292 3895 1412 3933 eum
1454 3896 1559 3932 nou
1591 3880 1754 3949 pertic

198 3987 347 4038 acre,
394 3982 489 4027 aut
544 3970 767 4041 denique
815 3969 1149 4026 Theodorum
1187 3970 1552 4026 Heracleotem
1607 3986 1753 4025 com-

197 4065 451 4121 mentarii
501 4071 772 4117 auctorem
829 4077 934 4117 non
987 4077 1131 4116 esse.
1182 4062 1287 4117 Sed
1325 4062 1577 4117 Basilium
1619 4062 1755 4118 inter

196 4160 438 4227 insignes
473 4156 763 4225 plagiarios
809 4157 1095 4220 recenseri,
1128 4156 1247 4224 quis
1292 4157 1469 4208 animo
1504 4170 1655 4225 aequo
1681 4154 1754 4208 fe-

197 4250 312 4302 rat?
342 4249 420 4303 Ex
454 4249 559 4301 alia
593 4256 761 4317 parte,
792 4248 875 4301 cui
920 4248 1209 4303 verisimile
1241 4247 1325 4302 flet
1370 4255 1476 4299 tam
1517 4246 1684 4299 multa
1722 4260 1753 4299 a

199 4337 440 4391 librariis
485 4336 656 4391 fuisse
693 4336 888 4388 inserta
932 4336 1116 4389 Basilii
1150 4334 1517 4390 orationibus?
1543 4333 1752 4389 Nccvi-

198 4432 298 4484 deo
325 4443 569 4501 quoque,
597 4426 866 4496 quomodo
905 4427 1171 4481 orationes
1211 4426 1403 4480 Basilio
1433 4436 1507 4480 tot
1538 4426 1754 4481 saeculo-

203 4538 319 4576 rum
376 4522 552 4592 spatio
598 4521 868 4591 ascripta,
919 4520 972 4574 in
1021 4520 1213 4589 quibus
1266 4520 1457 4588 alioqui
1510 4519 1755 4573 dictionis

197 4613 485 4667 Basiliam;
521 4612 715 4666 indicia
748 4628 850 4666 non
892 4616 1117 4667 obscura
1152 4620 1382 4676 exstant,
1418 4625 1515 4679 pro
1560 4610 1755 4680 spuriis

200 4706 389 4760 haberi
443 4704 681 4773 possint?
722 4702 1003 4771 Reliquum
1058 4703 1220 4771 igitur
1271 4711 1354 4757 est
1401 4713 1458 4755 ut
1511 4713 1755 4770 putemus

197 4799 339 4851 hunc
400 4795 844 4850 commentarium
895 4792 1161 4847 Theodori
1232 4793 1555 4847 lleracleotze
1623 4808 1757 4860 opus

201 4901 305 4939 non
344 4900 492 4948 esse,
520 4883 611 4939 sed
634 4883 913 4950 scriptoris
946 4880 1191 4947 alicujus,
1230 4882 1321 4951 qui
1346 4898 1465 4934 cum
1503 4896 1533 4935 e
1561 4880 1755 4934 Basilio

201 4974 471 5044 permulta
521 4973 829 5042 sumpserit,
868 4973 1061 5028 Basilio
1084 4972 1237 5026 simul
1264 4982 1317 5026 et
1353 4971 1631 5025 Theodoro
1661 4985 1755 5036 po-

199 5068 397 5120 sterior
434 5066 523 5120 sit.
556 5063 660 5118 Sed
686 5063 860 5116 adhuc
888 5065 1053 5131 quaeri
1098 5072 1272 5130 potest
1304 5073 1479 5113 utrum
1526 5060 1752 5126 scriptor

200 5154 287 5209 ille
315 5156 585 5225 posterior
606 5152 847 5222 quisquis
871 5160 973 5213 est,
1010 5151 1071 5202 de
1098 5166 1194 5204 suo
1223 5149 1579 5217 composuerit
1610 5164 1753 5201 com-

200 5246 551 5309 mentarium,
588 5261 657 5296 an
682 5240 856 5311 potius
881 5239 1123 5293 eumdem
1148 5255 1177 5291 e
1204 5238 1491 5291 multorum
1508 5239 1755 5309 operibus

203 5336 565 5391 uincinnarit.
596 5335 677 5387 Ad
704 5347 859 5402 quam
892 5332 1237 5397 quaestionem
1263 5330 1567 5386 solvendam
1588 5348 1758 5401 neque

205 5429 422 5497 longum
456 5434 688 5489 tempus,
720 5437 887 5487 neque
906 5418 1127 5474 multum
1154 5423 1387 5478 laborem
1421 5428 1756 5480 autstudinm

207 5516 407 5584 requiri
438 5514 783 5569 arbitramur.
814 5510 942 5567 Nam
975 5527 1074 5567 vox
1111 5515 1217 5581 illa,
1243 5535 1259 5568 ι
1284 5517 1442 5585 alius,
1473 5538 1489 5571 ι
1510 5534 1625 5588 quae
1660 5536 1759 5573 non

269 5726 505 5783 ““P~al.
543 5730 701 5785 'xuv.
744 5728 795 5783 ι.

206 5798 244 5830 ⁸⁸
272 5802 396 5857 :bi.i.
425 5800 473 5856 6.

870 5732 913 5763 "
935 5734 1056 5789 ibid.
1092 5737 1141 5791 9.
1215 5738 1279 5767 ιδ’
1308 5735 1429 5789 ibid.
1467 5736 1547 5790 Η..

554 5802 621 5834 ⁵⁸⁸
657 5804 798 5862 ΡιειΙ.
835 5819 868 5868 t,
896 5802 945 5855 5.

1623 5736 1665 5767 ⁵⁸
1700 5735 1821 5789 ibid.
1858 5736 1935 5789 15.

1853 3360 2008 3413 τητος
2050 3342 2147 3412 μὲν
2187 3342 2341 3410 φύσει
2387 3340 2622 3402 ἅπαντες
2661 3339 2981 3410 ὀρεγόμεθα,
3029 3339 3177 3402 τέλος
3207 3339 3406 3409 ἀγαθοῦ

1852 3435 1910 3486 τὸ
1944 3433 2209 3503 μακάριον
2248 3429 2571 3502 ὁριζόμενοι.
2625 3430 2758 3484 Ἀλλ’
2802 3430 2987 3503 ἐπειδή
3032 3447 3176 3494 τινες
3210 3433 3266 3483 ὲν
3300 3447 3408 3483 σω-

1855 3526 2101 3596 ματικοῖς
2128 3523 2349 3592 ἀγαθοῖς
2376 3524 2531 3577 τοῦτο
2570 3519 2707 3577 εἶναι
2738 3524 3016 3593 νομίζουσι
3049 3521 3408 3593 πλανώμενοι,

1853 3617 2073 3679 εἰκότως
2113 3616 2235 3669 ὅθεν
2266 3616 2450 3685 ἐχρῆν,
2500 3616 2596 3686 τὴν
2644 3615 2905 3686 ἁρμονίαν
2936 3614 2965 3667 ὁ
3002 3613 3154 3681 λόγος
3190 3614 3411 3684 ἐποίησε

1852 3710 1948 3779 τῆς
1985 3707 2124 3761 κατά
2155 3707 2285 3761 Θεὸν
2320 3707 2611 3778 ὑμνῳδίας,
2655 3707 2744 3758 τὸν
2783 3705 2996 3774 ἀληθῶς
3026 3704 3291 3776 μακάριον
3315 3704 3412 3758 καὶ

1853 3799 2001 3863 τέλος
2019 3798 2220 3867 ἀγαθοῦ
2248 3799 2395 3868 παρὰ
2418 3797 2534 3867 Θεῷ
2550 3796 2847 3867 ἠξιωμένον
2869 3796 3216 3867 ὑπογράφων.
3245 3816 3262 3847 ι
3287 3795 3414 3849 Bea-

1856 3890 2135 3944 titudinem
2169 3887 2384 3957 quidem
2419 3899 2607 3942 natura
2652 3902 2842 3943 omnes
2880 3889 3209 3957 appetituros,
3251 3886 3411 3941 finem

1855 3980 1977 4033 boni
2023 3979 2407 4033 beatitudinem
2457 3987 2772 4032 statuentes.
2805 3975 2996 4030 Verum
3035 3990 3154 4029 cum
3184 3989 3414 4029 erronee

1855 4069 2093 4123 nonnulli
2122 4072 2173 4122 in
2210 4069 2484 4137 corporeis
2520 4067 2673 4121 bonis
2707 4068 2846 4121 hanc
2870 4069 3030 4121 sitam
3062 4066 3415 4129 arbitrentur,

1855 4161 2063 4224 merito,
2097 4161 2235 4214 unde
2265 4158 2841 4223 conveniebat,divinte
2876 4158 3045 4211 laudis
3077 4156 3413 4211 harmoniam

1856 4254 1944 4307 hic
1970 4267 2148 4307 sermo
2180 4250 2537 4314 concinnavit,
2570 4251 2695 4303 dum
2732 4263 2856 4304 vere
2902 4249 3114 4302 beatum
3146 4254 3202 4299 et
3240 4247 3333 4313 qui
3380 4260 3412 4299 a

1855 4343 1965 4398 Deo
1996 4342 2151 4396 finem
2204 4341 2328 4395 boni
2376 4343 2601 4409 adeptus
2656 4348 2759 4403 est,
2812 4338 3085 4392 describit.
3115 4356 3134 4388 ι
3168 4336 3411 4401 Accedit,

1855 4437 1998 4505 quod
2019 4435 2252 4502 scriptor
2284 4441 2526 4501 uterque,
2556 4431 2815 4484 Eusebius
2840 4439 2891 4483 et
2924 4428 3297 4481 commentarii
3322 4442 3412 4480 an-

1856 4537 1992 4592 ctor,
2052 4524 2477 4593 explanationem
2535 4522 2819 4574 verborum
2871 4519 3135 4573 illorum:
3193 4517 3263 4571 Et
3312 4522 3410 4573 erit

1853 4629 2097 4687 tanquam
2121 4617 2313 4682 lignum
2354 4612 2488 4679 quod
2512 4612 2799 4681 plantatuut
2834 4610 3019 4675 estw,
3057 4618 3188 4675 etc.,
3236 4610 3415 4664 verbis

1855 4710 2041 4765 iisdem
2070 4717 2121 4757 et
2154 4704 2373 4774 syllabis
2397 4703 2652 4755 ordiatur.
2683 4702 2892 4755 Etenim
2927 4702 2978 4754 in
3012 4701 3223 4755 Eusebii
3252 4716 3425 4771 opere.

1857 4804 1933 4852 sic
1958 4798 2155 4850 editum
2189 4796 2527 4848 invenimus:
2579 4794 2705 4849 '0...
2739 4792 2817 4864 τῷ
2856 4792 2987 4865 θείῳ
3023 4791 3294 4864 σχολάζων
3326 4793 3415 4847 νό-

1860 4904 1965 4955 μῳ,
1997 4884 2226 4946 καὶτοῖς
2265 4881 2322 4945 ἐξ
2354 4882 2518 4937 αὑτοῦ
2561 4884 2792 4951 λογικοῖς
2830 4884 3061 4955 νάμασιν
3104 4884 3425 4958 ἀρδόμενος,¹

1859 4974 2063 5045 σφόδρα
2099 4974 2310 5037 οἰκείως
2329 4975 2478 5047 φυτῷ
2506 4975 2633 5047 παρ’
2660 4976 2846 5031 ὕδασιν
2874 4976 3221 5048 ἐρριζωμένῳ
3244 4993 3418 5047 παρα-

1858 5066 2133 5139 ϐέϐληται.
2165 5086 2183 5118 ι
2230 5067 2609 5134 Qui...divinte
2639 5070 2737 5139 legi
2773 5082 2948 5134 vacat,
2983 5083 3035 5125 et
3055 5069 3422 5138 spiritualibus

1860 5161 1989 5216 rivis
2027 5174 2090 5213 cx
2126 5172 2187 5211 ea
2220 5157 2505 5215 fluentibus
2553 5162 2825 5228 irrigatur,
2867 5162 3150 5215 admodum
3178 5164 3423 5229 apposite

1862 5252 2036 5321 ligno,
2080 5250 2231 5319 cuius
2281 5253 2486 5306 radices
2522 5252 2764 5321 proxime
2807 5267 2970 5320 aquas
3016 5251 3201 5320 posita:
3262 5263 3423 5314 sunt,

1865 5351 2222 5407 comparatur.
2264 5360 2281 5391 ι
2332 5338 2387 5391 In
2442 5342 2829 5395 commentario
2869 5356 2995 5396 vero
3032 5360 3045 5395 :
3099 5343 3159 5396 '0
3206 5341 3316 5413 γὰρ
3346 5345 3425 5412 τῴ

1865 5431 1991 5498 θείῳ
2021 5431 2289 5501 σχολάζων
2319 5432 2486 5502 νόμῳ,
2516 5431 2608 5482 καὶ
2642 5435 2751 5494 τοῖς
2783 5429 2841 5494 ἐξ
2878 5432 3039 5485 αὐτοῦ
3070 5433 3297 5503 νάμασιν
3330 5433 3414 5504 dp»

1864 5520 2164 5591 δευόμενος,
2194 5519 2268 5590 τῷ
2293 5524 2419 5592 παρ’
2437 5521 2617 5576 ὕδασιν
2640 5521 2831 5576 ἑστῶτι
2852 5523 3048 5591 δένδρῳ
3076 5523 3421 5577 ἀπείκασται.

2016 5739 2078 5767 ν’
2114 5737 2250 5793 I‘Sal.
2281 5753 2387 5803 ιιι,
2416 5736 2466 5790 3.
2548 5738 2584 5763 ‘7
2636 5735 2757 5789 ibi-l.
2807 5732 2856 5787 5.
2935 5733 2997 5763 ³⁷⁸
3028 5732 3164 5783 Psal.
3195 5746 3334 5789 cm,
3367 5729 3413 5783 5.
