4088 6310
667 397 827 439 CCVIII

2012 378 2541 437 PROLEGOMENA.

675 520 692 550 ι
741 501 842 568 Qui
903 500 1046 554 enim
1105 501 1299 556 divinae
1362 501 1462 571 legi
1524 513 1707 570 vacat,
1769 513 1820 559 et
1890 505 2073 560 rivulis
2121 500 2573 575 ejusAquidem,
2623 501 2678 554 in
2705 499 2891 554 decore
2924 501 3270 567 sanctiﬁcata,
3301 502 3506 568 edidit;
3553 499 3894 571 Symmachu:

673 593 949 662 irrigatur,
991 592 1318 649 assimilatus
1347 604 1427 649 est
1462 597 1637 650 arbori
1663 597 1812 667 juxta
1841 615 2008 671 aquas
2033 601 2238 654 consti-

675 691 824 738 tutte.
855 702 875 736 ι
915 683 980 736 Ει
1013 685 1263 751 quoniam
1311 699 1416 738 non
1472 686 1695 741 multum
1733 689 1895 744 refert
1942 699 2122 744 utrum
2175 706 2237 745 ea

674 792 794 845 qua!
845 777 1282 840 transcribimus,
1332 776 1638 834 cohaereant
1683 781 1821 836 inter
1880 798 1971 846 se,
2045 797 2235 848 necne,

676 866 913 934 psalmos
939 867 1179 937 singulos
1202 867 1413 923 animus
1436 886 1538 924 non
1562 880 1643 925 est
1669 874 1858 928 ordine
1887 888 2235 940 percurrere:

674 955 768 1008 sed
798 955 1051 1024 quidque,
1085 965 1140 1010 ut
1166 971 1439 1026 occurret,
1464 965 1725 1018 adnotare
1744 965 2235 1021 satisdtahebimus.

674 1044 800 1100 Otio
826 1046 918 1116 qui
955 1046 1191 1104 abundat
1221 1055 1509 1120 quominus
1549 1068 1659 1110 suae
1691 1055 1989 1109 curiositati
2019 1057 2238 1112 satisfa-

676 1151 802 1192 cere
826 1139 1019 1208 possit,
1059 1141 1193 1195 nihil
1234 1151 1395 1195 vetat.
1434 1144 1613 1210 Quare
1659 1146 1725 1197 ad
1769 1146 2028 1214 psalmum
2058 1147 2241 1203 vicesi-

677 1247 824 1286 mum
847 1243 1094 1290 octavum
1123 1238 1494 1302 transibimus,
1522 1253 1552 1292 e
1585 1254 1692 1308 quo
1723 1243 1973 1294 nonnulla
2010 1246 2240 1315 exempli

675 1322 798 1379 loco
823 1329 1188 1393 proferentur,
1221 1329 1264 1383 si
1296 1339 1474 1384 tamen
1505 1332 1655 1399 prius
1684 1334 2051 1388 monuerimus
2077 1335 2242 1391 Euse-

677 1411 886 1468 biumet
910 1421 1282 1473 commentarii
1306 1422 1648 1491 scriptorem,
1669 1425 1792 1478 dum
1818 1425 2031 1481 initittm
2053 1431 2240 1498 psalmi

679 1504 874 1562 decimi
902 1512 1081 1578 quarti
1110 1514 1532 1580 interpretantur
1555 1556 1568 1580 ,
1604 1532 1711 1573 non
1759 1532 1880 1573 raro
1916 1534 2126 1590 quoque
2153 1537 2243 1575 ea-

679 1597 801 1651 dem
832 1600 1018 1654 iisdem
1059 1603 1241 1657 verbis
1289 1605 1491 1661 dicere.
1546 1607 1670 1663 llacc
1711 1610 1872 1677 igitur
1908 1611 2158 1681 leguntur
2187 1614 2241 1668 in

679 1687 1022 1745 enarratione
1047 1691 1265 1747 Eusebii
1289 1695 1342 1748 in
1365 1696 1623 1764 psalmum
1648 1699 1943 1752 vicesimum
1970 1710 2202 1754 octavum
2223 1717 2242 1756 :

693 1775 781 1828 Ἐν
809 1771 889 1842 οἷς
913 1781 940 1833 6
966 1780 1120 1848 λόγος
1145 1782 1242 1853 τὴν
1265 1785 1622 1857 εύαγγελικὴν
1655 1788 1811 1858 χάριν
1841 1789 1938 1860 τὴν
1965 1790 2044 1853 εἰς
2069 1792 2244 1847 πάντα

2335 605 2484 655 vero,
2518 592 2572 644 in
2619 593 2803 647 decore
2842 606 3041 648 sancto.
3078 591 3199 646 Vult
3243 593 3385 645 enim
3420 611 3515 648 nos
3549 607 3671 648 cum
3700 591 3894 646 decenti

2333 696 2527 738 ornatu
2559 694 2611 738 et
2644 687 2812 740 amica
2845 684 2954 739 Deo
3001 686 3208 756 justitia
3240 685 3419 738 facere
3458 687 3846 742 adorationem.
3876 709 3892 738 ι

2338 776 2506 830 Velim
2534 776 2736 846 legatur
2762 779 2814 832 in
2844 777 2970 847 ipsis
3000 778 3147 832 libris
3177 786 3282 833 tota
3310 776 3468 845 hujus
3499 778 3602 834 loci
3632 778 3886 849 explana-

2336 870 2436 936 tio,
2474 879 2693 939 tutnque
2733 887 2835 925 una
2880 886 2998 925 cum
3036 872 3199 925 altera
3235 880 3617 938 comparetur;
3664 888 3772 943 quo
3797 870 3898 926 cla-

2336 963 2449 1016 rius
2493 974 2748 1031 appareat
2794 964 3166 1016 commentarii
3221 971 3495 1017 auctorem
3549 964 3686 1018 nihil
3742 963 3900 1030 magis

2337 1052 2533 1119 lacere,
2548 1069 2712 1123 quam
2731 1054 3018 1108 Eusebium
3043 1054 3215 1121 palam
3241 1054 3551 1124 compilare.
3588 1055 3748 1122 Quod
3769 1057 3898 1112 dixi-

2337 1159 2456 1197 mus
2483 1183 2497 1206 ,
2537 1144 2830 1208 vocabulo,
2882 1161 2901 1194 ι
2932 1144 3088 1206 alios,
3113 1161 3131 1194 ι
3175 1148 3331 1199 modo
3389 1160 3556 1198 unum
3609 1159 3900 1214 auctorem,

2339 1237 2498 1291 modo
2525 1237 2749 1291 alterum
2781 1235 3092 1304 signiﬁcari,
3135 1235 3251 1302 ejus
3283 1236 3585 1304 exemplqu
3630 1237 3687 1291 in
3736 1242 3896 1295 inter-

2337 1327 2637 1396 pretatione
2664 1326 2856 1397 psalmi
2900 1326 3138 1382 vicesimi
3173 1330 3299 1383 noni
3334 1330 3580 1383 habetttr.
3633 1327 3768 1384 Nam
3807 1349 3900 1386 vox

2338 1433 2439 1484 ea,
2499 1439 2516 1473 ι
2549 1420 2707 1482 alius,
2736 1436 2755 1469 ι
2813 1430 2872 1474 ut
2920 1435 2986 1474 ex
3039 1417 3254 1472 Eusebii
3297 1420 3701 1475 commentariis
3748 1432 3902 1490 patet,

2341 1512 2624 1568 Eusebium
2678 1511 2849 1580 ipsum
2898 1512 3120 1565 indicat.
3165 1506 3489 1565 Omittemus
3521 1524 3641 1580 qua:
3693 1513 3905 1581 utrique

2342 1606 2611 1674 scriptori,
2660 1603 3174 1673 pseudo-Theodoro
3223 1611 3278 1656 et
3307 1601 3562 1664 Eusebio.
3608 1605 3906 1656 communia

2344 1708 2468 1753 sunt
2515 1695 2597 1749 vel
2634 1696 2748 1764 ipso
2793 1693 2943 1747 initio
2973 1693 3332 1749 enarrationis
3364 1693 3418 1747 in
3467 1694 3730 1760 psalmum
3761 1695 3908 1747 trice-

2344 1791 2530 1842 simum
2575 1787 2902 1851 secundum;
2940 1785 3030 1840 sed
3075 1800 3191 1852 qua:
3239 1787 3486 1841 dicuntur
3520 1785 3574 1838 in
3623 1784 3739 1838 haec
3774 1783 3910 1852 ejus-

680 1867 933 1937 χυθεῖσαν
961 1871 1028 1923 τὰ
1062 1872 1182 1924 καθ’
1201 1875 1328 1945 ὅλης
1360 1879 1458 1945 τῆς
1487 1879 1811 1949 οἰκουμένης
1835 1880 1958 1952 ἔθνη
1984 1898 2245 1954 προευαγ-

2347 1879 2465 1933 dem
2516 1876 2708 1945 psalmi
2744 1876 2907 1931 verba
2958 1893 2971 1928 :
3013 1872 3117 1938 Qui
3149 1875 3303 1941 ﬁnxit
3329 1874 3602 1944 sigillatim
3635 1874 3794 1926 corda
3821 1889 3909 1927 eo-

681 1959 1032 2031 γελισάμενος
1074 2004 1088 2018 .
1126 2008 1136 2019 .
1174 2007 1186 2020 .
1223 2007 1238 2022 .
1279 1968 1449 2023 ταῦτά
1490 1987 1549 2023 τε
1599 1972 1840 2040 κομίζειν
1877 1977 2245 2047 παρακελεύε-

681 2070 804 2119 ται,
839 2057 938 2110 οὐκ
981 2059 1253 2124 Ἰουδαίοις
1274 2103 1286 2123 ,
1319 2064 1451 2116 ἀλλά
1486 2067 1603 2128 ταῖς
1638 2071 1892 2139 πατριαῖς
1922 2071 2026 2123 τῶν
2053 2073 2243 2140 ἐθνῶν,

679 2147 712 2214 ἢ
747 2149 886 2201 κατά
920 2152 1046 2214 τοὺς
1076 2151 1292 2218 λοιποὺς
1317 2157 1674 2228 ἐρμηνευτάς,
1721 2162 1847 2227 ταῖς
1872 2167 2248 2232 συγγενείαις

681 2236 985 2294 τῶν-λαῶν
1018 2280 1032 2295 .
1071 2281 1085 2296 .
1126 2284 1139 2298 .
1180 2284 1194 2299 .
1230 2245 1321 2299 Διὸ
1351 2251 1445 2302 καὶ
1479 2251 1771 2306 ὠϐέλισται
1798 2254 1947 2326 παρά
1972 2258 2095 2320 τοὺς
2131 2257 2246 2310 Ἐϐ-

681 2327 985 2398 δομήκοντα
1008 2373 1020 2396 ,
1051 2334 1126 2398 ὡς
1162 2337 1235 2407 μὴ
1277 2340 1528 2409 κείμενον
1566 2345 1698 2412 μήτε
1736 2345 1792 2397 ἐν
1835 2346 1909 2412 τῷ
1956 2346 2243 2417 Ἐϐραῐκῷ,

2020 2437 2245 2491 ’Λντὶδὲ

682 2510 796 2572 τοῦ,
845 2513 915 2565 ἐν
962 2515 1123 2584 αὐ.ἰῇ
1173 2518 1309 2586 ἁγίᾳ
1377 2524 1583 2587 αὐτοῦ,
1633 2526 1660 2577 ὁ
1708 2526 1805 2596 μὲν
1859 2527 2108 2594 Ἀκύλας,
2179 2530 2248 2583 ἐν

682 2602 1032 2676 διαπρεπείᾳ
1058 2609 1390 2683 ἡγιασμένη
1413 2655 1426 2677 ,
1473 2615 1758 2680 ἐξέδωκενο
1791 2622 1818 2673 ὁ
1853 2619 1906 2673 δὲ
1937 2621 2246 2694 Σύμμαχος,

681 2694 754 2747 ὲν
805 2695 1152 2767 διαπρεπειῂ
1205 2702 1361 2770 ἁγίᾳ.
1403 2705 1658 2760 Βούλεται
1700 2709 1805 2779 γὰρ
1849 2713 1993 2780 ἡμᾶς
2026 2715 2053 2765 6
2095 2712 2250 2781 λύγος

685 2786 822 2853 μετά
856 2790 945 2840 τοῦ
977 2793 1273 2860 πρέποντος
1299 2796 1498 2863 κόσμου
1537 2799 1627 2849 καὶ
1657 2799 1754 2867 τῆς
1777 2801 1853 2869 τῷ
1877 2803 1993 2870 Θεῷ
2017 2821 2247 2874 προσφι-

686 2420 820 2487 μήτε
851 2423 1000 2490 παρά
1037 2429 1145 2487 τοῖς
1178 2428 1380 2491 λοιποῖς
1414 2433 1777 2500 ἑρςιηνευταῖς

682 2877 808 2940 λοῦς’
837 2879 1176 2953 δικαιοσύνης
1221 2885 1318 2955 τὴν
1348 2889 1715 2959 προσκύνησιν
1752 2892 2036 2946 ποιεῖσθαι.
2073 2911 2091 2944 ι
2122 2895 2249 2960 Qui-

683 2971 784 3024 bus
820 2987 950 3028 sane
984 2977 1348 3045 evangelicam
1385 2982 1608 3049 gratiam
1645 2981 1694 3034 in
1731 2995 1917 3037 omnes
1961 2985 2120 3039 totius
2159 2999 2248 3039 or-

685 3061 766 3114 bis
812 3065 1060 3120 nationes
1106 3067 1350 3124 dill'usam
1404 3073 1772 3140 prmnuntians
1809 3113 1822 3128 .
1856 3115 1870 3128 .
1902 3112 1916 3128 .
1947 3115 1962 3130 .
2014 3077 2127 3132 haec
2170 3078 2249 3131 al-

684 3147 827 3206 ferre
855 3154 1042 3220 jubet,
1081 3173 1184 3210 non
1219 3158 1464 3225 Jud.eos,
1503 3165 1596 3216 sed
1651 3165 1881 3220 familias
1913 3168 2150 3234 gentium
2181 3169 2247 3236 ⁵⁸,

684 3251 775 3295 aut
798 3246 1092 3300 secundum
1126 3248 1362 3319 reliquos
1408 3252 1752 3322 interpretes,
1799 3259 2128 3323 cognationes
2155 3275 2250 3325 po-

685 3333 928 3401 pnlorum
959 3374 974 3388 .
1002 3375 1017 3390 .
1043 3379 1058 3394 .
1085 3377 1101 3392 .
1138 3338 1311 3405 Quare
1347 3343 1458 3397 haec
1484 3342 1535 3396 in
1572 3341 1917 3413 Septuaginta
1947 3346 2251 3415 interpreti-

687 3425 786 3478 bus
812 3427 969 3481 obelo
1013 3441 1286 3496 notantur,
1321 3436 1460 3501 quod
1494 3451 1666 3510 neque
1701 3437 1753 3491 in
1779 3436 2042 3493 Hebraico
2069 3454 2252 3494 exent-

685 3521 844 3586 plari,
874 3537 974 3577 nec
1027 3527 1164 3592 apud
1219 3526 1455 3594 reliquos
1510 3531 1833 3597 interpretes
1881 3541 2247 3599 compareant.

684 3614 826 3669 Loco
870 3625 1048 3671 autem
1097 3617 1272 3686 illius,
1301 3621 1354 3672 in
1395 3619 1519 3673 aula
1554 3632 1733 3674 sancta
1763 3621 1872 3691 ejus
1907 3623 1997 3686 ’9',
2033 3622 2247 3690 Aquila,

684 3712 738 3779 in
768 3709 950 3763 decore
988 3710 1314 3779 sancti/irato
1337 3753 1352 3778 ,
1385 3713 1742 3784 Symmachus
1787 3730 1934 3778 vero,
1980 3718 2031 3770 in
2070 3717 2253 3771 decore

684 3810 887 3867 sancto,
933 3800 1119 3855 edidit.
1158 3799 1282 3855 Vult
1325 3804 1467 3857 enim
1516 3819 1614 3858 nos
1656 3820 1777 3858 cum
1809 3805 1990 3861 debito
2035 3817 2250 3872 ornatu,

685 3906 749 3943 ac
777 3890 885 3944 Deo
911 3891 1100 3946 dilecta
1125 3891 1338 3959 justitia
1366 3895 1734 3947 adurationem
1765 3911 2044 3964 peragere.
2074 3917 2091 3947 ›
2127 3897 2252 3951 llazc

685 3997 812 4037 vero
853 3983 904 4037 in
938 3987 1321 4039 commentario
1349 4005 1360 4039 :
1405 3987 1490 4038 Ἐν
1521 3981 1599 4049 οἷς
1641 3988 1670 4038 ὁ
1707 3987 1863 4054 λόγος
1895 3988 1992 4058 τὴν
2020 3990 2250 4056 εὐαγγε-

685 4080 844 4152 λικην
889 4083 1048 4151 χάριν
1082 4081 1199 4132 καθ’
1231 4082 1359 4150 ὅλης
1391 4081 1718 4152 χυθήσεσθαι
1765 4083 2114 4154 προθεσπίζει
2152 4084 2250 4154 τῆς

684 4172 1024 4243 οἰκουμένης.
1073 4173 1415 4243 Παραγγέλει
1460 4174 1565 4247 γάρ
1595 4175 1661 4228 τα
1695 4175 1949 4245 λεχθέντα
1982 4177 2248 4247 κομίζειν,

687 4264 784 4316 οὐκ
817 4264 1105 4328 Ἰουδαίοις,
1135 4265 1268 4318 ἀλλά
1293 4269 1409 4329 ταῖς
1431 4271 1680 4338 πατριαῖς
1705 4269 1810 4321 τῶν
1828 4268 1995 4322 ἐθνῶν
2011 4287 2024 4300 ο
2057 4270 2089 4341 ἢ
2114 4270 2251 4323 κατά

685 4358 811 4420 τοὺς
848 4358 1099 4422 λοιποὺς,
1144 4360 1273 4425 ταῖς
1319 4362 1694 4429 συγγενείαις
1730 4361 1846 4415 τῶν
1872 4361 2056 4416 λαῶν.
2103 4362 2250 4415 '06s-

685 4446 861 4499 λισται
890 4446 995 4518 γὰρ
1032 4449 1179 4519 παρα
1217 4453 1328 4512 τοῖς
1369 4450 1766 4521 Ἑϐδομήκοντα
1795 4453 1873 4517 τὸ,
1920 4452 2039 4506 υἱοὶ
2080 4454 2248 4517 Θεοῦ,

687 4539 761 4600 ὡς
790 4539 862 4610 μὴ
889 4540 1203 4610 ἐγκείμενον
1229 4542 1305 4612 τῷ
1337 4541 1627 4612 Ἐδραῖκῷ,
1668 4544 1800 4614 μηδὲ
1841 4545 1988 4616 παρὰ
2016 4548 2128 4608 τοῖς
2154 4545 2247 4598 ἄλ-

687 4630 798 4694 λοις
832 4672 844 4684 .
879 4672 892 4684 .
933 4676 946 4688 .
995 4632 1138 4685 Ἀντὶ
1177 4633 1230 4686 δὲ
1271 4633 1387 4697 τοῦ,
1418 4634 1489 4687 ἐν
1519 4634 1682 4701 αὐ.ῑῇ
1704 4637 1859 4705 ἅμα,
1896 4638 1924 4688 6
1961 4637 2059 4706 μὲν
2088 4635 2245 4689 Ἀκύ-

879 4725 949 4777 er
1006 4727 1328 4793 εὐπρεπείᾳ
1376 4725 1728 4797 ἡγιασμένη,
1777 4726 2071 4791 ἐξέδωκενο
2123 4727 2246 4797 ὁξδὲ

687 4814 997 4886 Σύμμαχος,
1037 4817 1105 4870 ἐν
1128 4817 1445 4886 εὐπρεπείᾳ
1485 4820 1641 4887 ἁγίᾳ.
1683 4817 1934 4870 Βούλεται
1963 4817 2070 4887 γὰρ
2101 4819 2248 4887 ἡμᾶς

691 4908 833 4977 μετά
859 4908 952 4960 τοῦ
992 4910 1290 4978 πρέποντος
1322 4910 1524 4980 κόσμου
1559 4909 1650 4961 καὶ
1689 4908 1786 4977 τῆς
1815 4906 2142 4978 προσφιλοῦς
2169 4905 2247 4975 τῷ

687 4999 803 5071 Θεῷ
843 5001 1181 5071 δικαιοσύνης
1231 5000 1330 5070 τὴν
1385 4999 1751 5071 προσκύνησιν
1795 4997 2082 5050 ποιεῖσθαι.
2139 5015 2158 5047 ‹
2190 4995 2245 5047 ln

687 5092 884 5160 quibus
899 5092 1175 5145 oraculum
1196 5092 1422 5161 gratiam
1438 5090 1800 5158 evangelieam
1824 5104 1916 5159 per
1940 5089 2246 5142 universum

686 5184 871 5237 orbem
903 5181 1301 5254 dill'undendam
1337 5182 1597 5252 pra-dicit.
1634 5180 1792 5236 lubet
1825 5181 1966 5235 enim
2003 5179 2089 5233 illa
2127 5192 2246 5247 quae

689 5277 954 5330 recensita
992 5284 1114 5330 sunt
1141 5273 1354 5337 allerre,
1381 5290 1484 5328 non
1510 5272 1746 5336 Iudaeos,
1780 5273 1872 5327 sed
1896 5272 2096 5341 patrias
2120 5284 2244 5337 gen-

690 5370 818 5421 tium
847 5407 863 5431 ,
907 5367 985 5422 vel
1021 5367 1309 5422 secundum
1344 5366 1610 5434 reliquos,
1663 5364 1996 5432 coynationes
2025 5358 2246 5430 populo—

687 5474 819 5509 rum.
868 5457 1019 5524 Apud
1051 5457 1395 5524 Septuaginta
1442 5455 1583 5508 enim
1615 5461 1941 5520 expunctum
1983 5459 2063 5503 est
2092 5447 2240 5509 illud,

685 5549 781 5616 ﬁlii
832 5547 927 5601 Dei
949 5547 1019 5611 “,
1063 5547 1203 5616 quod
1248 5548 1299 5600 in
1345 5545 1568 5600 Πρω-τεο
1598 5545 1650 5598 id
1685 5558 1789 5596 non
1836 5543 2117 5602 habeatur,
2148 5553 2244 5591 nec

687 5640 823 5710 apud
865 5641 1018 5694 alios.
1067 5639 1331 5694 Caeterum
1377 5655 1493 5706 pro,
1543 5639 1597 5690 in
1637 5637 1760 5689 aula
1802 5645 2021 5696 sancta,
2052 5630 2240 5698 Aquila

756 5754 802 5787 η
832 5753 968 5811 ιξευι.
1002 5770 1111 5820 ut,
1145 5754 1235 5807 28.
1373 5756 1437 5785 ’9‘
1469 5753 1606 5809 Psal.
1641 5767 1826 5813 xxvttt,
1859 5751 1926 5815 2;

700 5824 781 5879 Η.
863 5828 927 5855 ⁸⁸·
958 5823 1093 5879 Psal.
1131 5840 1300 5886 χχιιι,
1338 5825 1415 5878 15.

687 4723 806 4787 λας,

1967 5764 2082 5806 xcv,
2116 5749 2166 5798 8.

2319 5744 2334 5761 ⁸
2372 5737 2508 5792 l‘sal.
2545 5752 2730 5799 utut,
2766 5740 2813 5789 l.

2347 1985 2460 2023 rmn
2490 1969 2581 2034 °°',
2611 1983 2714 2022 non
2754 1969 2953 2039 pigebit
2992 1969 3279 2022 ascribere.
3311 1967 3612 2022 Eusebius:
3647 1967 3913 2036 Καταμό-

2347 2078 2457 2127 νας
2483 2060 2540 2113 δὲ
2565 2061 2779 2133 εἴρηται
2807 2061 2926 2114 ἀντὶ
2943 2059 3036 2113 τοῦ
3060 2059 3457 2129 ἀφωρισμένως
3483 2060 3632 2129 παρά
3666 2061 3733 2111 τὰ
3757 2057 3912 2110 λοιπά

2347 2152 2476 2218 ζῶα.
2509 2153 2754 2224 Καρδίας
2781 2154 2837 2206 δὲ
2866 2153 3061 2222 λέγων,
3099 2151 3224 2214 τοὺς
3250 2150 3540 2220 λογισμοὺς
3577 2149 3790 2219 ἐδήλου,
3823 2148 3913 2200 καὶ

2345 2246 2426 2298 ὅτι
2456 2244 2849 2316 ἀφωρισμένως
2895 2244 3121 2306 ἕκαστος
3163 2242 3445 2315 ἄνθρωπος
3477 2239 3667 2311 ὥσπερ
3698 2241 3915 2308 ταμεῖον

2347 2339 2836 2406 ἀποκεκλεισμένον
2885 2336 2998 2406 ἔχει
3037 2337 3134 2407 τὴν
3171 2335 3362 2389 ἑαυτοῦ
3403 2335 3658 2397 διάνοιαν,
3703 2333 3779 2395 ὼς
3811 2348 3914 2401 μη-

2347 2430 2470 2484 δένα
2501 2430 2758 2482 δύνασθαι
2786 2430 2970 2498 ἑτέρου
3003 2427 3445 2496 καταλαμϐάνειν
3475 2425 3791 2494 λογισμούς.
3823 2423 3914 2475 Οὑ-

2346 2523 2454 2584 aet;
2496 2520 2626 2589 γοῦν
2655 2515 2792 2573 οἶδεν
2841 2515 3142 2589 ἀνθρώπων
3170 2516 3240 2569 τὰ
3278 2515 3371 2568 τοῦ
3413 2513 3701 2584 ἀνθρώπου
3747 2549 3760 2564 .

2349 2614 2624 2687 Συνῇπται
2666 2613 2724 2667 τὸ
2746 2654 2760 2677 ,
2817 2613 2870 2665 Ὀ
2903 2610 3138 2678 συνιεὶς
3168 2607 3363 2663 πάντα
3398 2607 3471 2661 τὰ
3511 2605 3656 2676 ἔργα
3699 2602 3914 2658 αὐτῶν.

2349 2710 2523 2772 Μόνος
2569 2707 2675 2779 γὰρ
2713 2708 2871 2770 αὐτὸς
2914 2707 3154 2777 συνίησιν
3210 2703 3268 2770 ἐξ
3310 2702 3499 2766 ὁποίας
3546 2700 3917 2772 προαιρέσεως

2348 2803 2417 2854 τὰ
2448 2801 2552 2853 τῶν
2583 2799 2884 2869 ἀνθρώπων
2918 2798 3051 2869 ἔργα
3097 2797 3457 2850 ἐπιτελεῖται·
3513 2793 3738 2863 μηδενὸς
3764 2791 3918 2844 ἄλλου

2347 2891 2642 2960 δυναμένου
2678 2889 2935 2952 συνιέναι,
2975 2889 3101 2956 ποία
3139 2887 3392 2957 προθέσει
3433 2885 3526 2938 καὶ
3578 2883 3740 2953 ὁποία
3778 2883 3918 2953 ὁρμῇ

2347 2981 2574 3045 ἕκαστος
2607 2981 2713 3034 τῶν
2753 2978 3052 3049 ἀνθρώπων
3086 2978 3312 3049 πράττει
3352 2977 3388 3030 ἂ
3418 2975 3675 3048 πράττει.
3716 2992 3734 3026 ι
3762 2973 3896 3042 Sigil

2351 3073 2497 3128 latim
2529 3075 2727 3131 dictum
2757 3081 2838 3127 est
2866 3071 3018 3142 quasi
3065 3069 3356 3140 separatim
3391 3077 3441 3123 et
3491 3080 3741 3123 seorsum
3774 3079 3803 3118 a
3839 3077 3922 3118 re-

2277 3204 2318 3260 c
2352 3165 2511 3236 liquis
2557 3165 2897 3219 animalibus.
2946 3161 3082 3216 Dum
3128 3170 3304 3214 autem
3359 3157 3520 3212 corda
3567 3162 3921 3220 memoraret,

2355 3258 2709 3327 cogitationes
2738 3254 3058 3327 signiﬁcavit
3083 3298 3096 3316 ,
3133 3252 3256 3323 quia
3303 3250 3528 3321 quilibet
3568 3250 3733 3304 homo
3778 3262 3923 3302 seor-

2352 3362 2471 3401 sum
2527 3356 2758 3400 mentem
2823 3361 2974 3400 suam
3030 3360 3128 3400 ceu
3185 3343 3585 3412 receptaculum
3644 3342 3922 3395 occlusum

2352 3439 2532 3499 habet,
2565 3446 2622 3490 ut
2669 3451 2829 3490 nemo
2876 3437 3095 3490 alterius
3139 3437 3490 3503 cogitationes
3519 3430 3925 3502 deprehendere

2353 3527 2542 3580 valeat.
2615 3525 2801 3579 Nullus
2853 3525 3012 3594 igitur
3065 3525 3340 3577 hominum
3407 3522 3556 3574 novit
3617 3535 3739 3588 quae
3804 3529 3927 3572 sunt

2350 3618 2582 3674 hominis
2603 3619 2643 3648 ⁵³
2678 3655 2693 3671 .
2726 3652 2744 3671 .
2778 3655 2790 3668 .
2826 3654 2840 3669 .
2885 3615 3114 3670 Additur
3159 3615 3291 3678 hoc,
3341 3611 3443 3676 Qui
3474 3610 3720 3680 intelligit
3748 3611 3925 3663 omnia

2351 3727 2504 3776 opera
2538 3725 2717 3764 eorum
2748 3708 2838 3762 ⁶¹⁶.
2872 3706 2989 3778 Ipse
3027 3720 3260 3776 namque
3289 3705 3433 3760 solus
3463 3702 3806 3774 intelligitex
3833 3718 3925 3757 cu-

2348 3801 2578 3872 jusmodi
2624 3799 2885 3855 electione
2925 3797 3220 3854 voluntatis
3247 3797 3524 3851 hominum
3555 3809 3721 3864 opera
3757 3784 3926 3848 edan-

2357 3904 2462 3957 tur,
2491 3908 2613 3947 cum
2638 3892 2811 3946 nullus
2838 3891 2976 3944 alius
3000 3889 3296 3957 intelligere
3327 3895 3486 3957 queat
3524 3901 3588 3939 ex
3621 3884 3923 3950 cuiusmodi

2353 3983 2646 4052 proposito,
2684 3997 2749 4033 ex
2780 3995 2887 4048 quo
2921 3990 3066 4033 motu
3100 3979 3392 4032 voluntatis
3422 3977 3600 4043 quivis
3643 3975 3922 4027 hominum

2351 4082 2476 4142 agat
2508 4085 2626 4141 qua:
2657 4070 2784 4137 agit.
2809 4088 2827 4120 ι
2865 4066 3424 4123 Pseudo-Theodorus
3455 4079 3586 4117 vero
3612 4081 3625 4115 :
3657 4061 3926 4131 Καταμά-

2351 4180 2461 4229 νας
2491 4164 2567 4226 δὲ,
2595 4161 2714 4216 ἀντὶ
2739 4161 2830 4214 τοῦ
2869 4159 3284 4231 ἀφωρισμένως,
3318 4154 3744 4227 κεχωρισμένως
3777 4153 3925 4223 παρὰ

2351 4255 2418 4308 τὰ
2466 4253 2624 4306 λοιπὰ
2669 4252 2818 4317 ζῶα·
2865 4251 3090 4320 καρδίας
3135 4250 3190 4302 δὲ
3232 4247 3379 4316 λέγει
3428 4247 3558 4308 τοὺς
3605 4243 3920 4315 λογισμούς.

2353 4344 2461 4396 Καὶ
2491 4343 2570 4395 ὃτι
2605 4341 2997 4412 ἀφωρισμένως
3025 4339 3252 4401 ἕκαστος
3292 4335 3576 4407 ἄνθρωπος
3610 4334 3802 4404 ὥσπερ
3834 4350 3926 4384 ται

2358 4437 2504 4505 μεῖον
2550 4432 3039 4502 ἀποκεκλεισμένον
3089 4430 3200 4500 ἔχει
3258 4429 3356 4500 τὴν
3415 4425 3608 4481 ἑαυτοῦ
3662 4426 3923 4485 διάνοιαν,

2279 4527 2426 4619 D6);
2474 4525 2674 4596 μηδένα
2733 4523 2990 4576 δύνασθαι
3046 4522 3232 4592 ἐτέρου
3297 4519 3736 4590 καταλαμϐάνειν
3783 4521 3925 4582 λογι-

2355 4616 2543 4686 σμούς.
2574 4614 2759 4676 Οὐδεὶς
2789 4613 2896 4682 γὰρ
2932 4609 3036 4666 οἶδε
3068 4611 3175 4664 τῶν
3199 4611 3518 4683 ἀνθρώπων,
3553 4611 3646 4661 καὶ
3679 4607 3811 4678 ἑξῆς
3830 4648 3842 4660 .
3870 4649 3882 4662 .
3909 4647 3921 4660 .

2353 4709 2626 4776 Συνῆπται
2667 4705 2746 4769 τὸ,
2807 4707 2838 4757 ὀ
2891 4704 3124 4769 συνιεὶς
3161 4706 3248 4769 εις
3292 4703 3512 4764 πάντα,
3565 4700 3641 4762 ὡς
3695 4698 3925 4771 μηδενὸς

2352 4797 2511 4851 ἄλλου
2557 4795 2852 4865 δυναμένου
2888 4794 3149 4858 συνιέναι,
3195 4795 3281 4864 οἵᾳ
3330 4792 3582 4864 προθέσει
3633 4790 3734 4841 καὶ
3777 4791 3921 4859 ὁρμῇ

2351 4888 2579 4951 ἕκαστος
2595 4887 2700 4939 τῶν
2729 4883 3048 4955 ἀνθρώπων,
3076 4886 3111 4939 ἀ
3142 4886 3390 4958 πράττει,
3420 4882 3668 4954 πράττει.
3709 4901 3729 4934 ι
3764 4882 3924 4952 Sigil-

2353 4982 2499 5035 latim
2541 4989 2718 5035 autem
2749 4979 2925 5048 posuit
2959 4994 3058 5046 pro
3085 4980 3345 5041 seorsim,
3393 4975 3685 5044 separatim
3721 4991 3751 5029 a
3787 4975 3911 5030 reli-

2356 5075 2478 5144 quis
2513 5073 2876 5127 auimantibus
2903 5090 2916 5126 :
2947 5073 3110 5126 corda
3138 5081 3315 5125 autem
3347 5068 3597 5136 intelligit
3623 5067 3917 5134 cogitatio-

2353 5182 2468 5220 nes.
2489 5166 2550 5220 Et
2571 5164 2819 5235 quoniam
2845 5163 3067 5231 quilibet
3091 5163 3247 5216 homo
3271 5159 3588 5231 segregatim
3613 5158 3774 5226 quasi
3797 5172 3922 5210 con-

2353 5261 2556 5314 clusum
2585 5256 2853 5326 quoddam
2888 5271 3028 5325 penu
3060 5264 3292 5310 mentem
3325 5267 3479 5306 suam
3528 5251 3729 5312 habet,
3761 5250 3834 5301 ita
3867 5256 3923 5300 ut

2352 5365 2510 5405 nemo
2535 5349 2754 5404 alterius
2779 5349 3134 5414 cogitationes
3177 5347 3354 5400 valeat
3399 5343 3698 5413 percipere.
3752 5336 3920 5392 Nemo

2349 5443 2488 5495 enim
2524 5443 2617 5494 scit
2653 5456 2767 5510 qua:
2793 5449 2911 5493 sunt
2941 5439 3185 5503 hominis,
3217 5449 3302 5492 etc
3328 5479 3339 5490 .
3370 5477 3386 5492 .
3418 5474 3433 5490 .
3461 5475 3474 5489 .
3506 5476 3520 5489 .
3555 5433 3916 5502 Adjungitur:

2353 5533 2452 5598 Qui
2496 5531 2743 5600 intelligit
2767 5531 2948 5584 omnia
2975 5574 2988 5597 ,
3023 5545 3087 5584 ac
3116 5532 3160 5584 si
3193 5529 3366 5583 nullus
3396 5527 3530 5581 alius
3558 5523 3732 5593 possit
3765 5520 3919 5575 intel-

2353 5629 2537 5695 ligere,
2580 5639 2808 5691 quanam
2845 5622 3140 5676 intentione
3181 5631 3233 5676 et
3257 5636 3362 5690 quo
3392 5619 3650 5674 instinctu
3691 5615 3921 5686 quilibet

2892 5737 2954 5764 “"
2992 5735 3130 5789 l‘sal.
3171 5751 3344 5798 χχχιι,
3385 5735 3466 5788 l5.
3568 5732 3608 5762 ⁹¹
3643 5729 3659 5783 l
3689 5731 3817 5787 Cor.
3854 5745 3914 5794 It,
