4080 6314
1204 368 1264 421 D.
1306 364 1446 421 JUL.
1488 361 1808 421 GABNERII
1855 361 2238 422 PBEFATIO.

3206 386 3326 429 CCIX

151 502 378 560 hominum
408 507 532 570 agat
574 508 692 566 qua:
720 495 848 563 agit.
891 514 909 548 ι
946 492 1042 549 Hic
1062 531 1077 558 ,
1108 502 1167 546 ut
1193 492 1347 556 alias,
1391 486 1665 543 observari
1697 490 1741 547 Α
1769 487 2028 543 adversus
2057 500 2151 540 cor
2184 487 2520 545 inimicorum
2560 494 2793 555 tuorum,
2815 486 3008 544 deinde
3036 501 3186 555 vero,
3223 487 3330 543 Po-

150 604 300 665 potest,
330 590 667 647 librariorum
710 587 915 643 incuria
945 584 1142 637 factum
1190 596 1329 644 esse,
1387 588 1479 633 aut
1522 590 1664 651 typo-

151 688 455 758 grapltorttm,
488 688 549 733 ut
593 679 720 732 vitia
753 676 995 748 quaedam
1026 676 1164 743 apud
1199 672 1536 726 Theodorum
1566 674 1662 726 de—

150 774 525 846 preheudautttr.
575 770 707 823 Nam
746 767 837 820 ubi
880 764 1089 835 legitur,
1122 760 1538 832 ἀφωρισμένως,
1574 778 1664 815 κε-

156 863 502 939 χωρισμένως,
547 862 832 913 obscurum
877 872 980 913 non
1011 866 1092 909 est
1139 868 1322 907 vocem
1352 852 1660 907 alterutram

149 955 427 1025 mpélxstv;
478 952 637 1018 idque
670 963 736 1003 ex
782 962 847 1002 eo
885 949 1150 1008 evenisse,
1202 943 1344 1013 quod
1392 956 1512 997 cum
1561 957 1660 999 vox

150 1062 229 1097 una
260 1046 304 1098 iu
331 1059 429 1099 uno
452 1041 639 1095 codice
660 1040 1006 1109 reperiretur,
1039 1037 1203 1089 altera
1230 1048 1359 1089 vero
1389 1032 1439 1087 in
1467 1031 1658 1097 altero,

152 1139 358 1192 librarius
397 1133 667 1205 quispiam
718 1141 1001 1197 utramque
1058 1127 1387 1197 apposuerit.
1436 1124 1660 1189 Deinde,

152 1230 217 1282 ubi
255 1229 494 1298 legimus,
521 1224 753 1290 συνιεὶς
799 1224 884 1286 εις
918 1219 1132 1283 πάντα,
1163 1220 1526 1289 prapositum,
1560 1218 1660 1279 είς,

152 1321 411 1373 redundare
444 1330 655 1384 quoque
680 1322 885 1368 certum
914 1322 1029 1376 est;
1054 1325 1279 1381 eamque
1308 1311 1509 1366 erroris
1541 1324 1665 1364 catt-

148 1422 234 1461 sam
265 1420 389 1471 esse,
415 1407 558 1473 quod
598 1405 743 1457 vocis
760 1402 955 1467 συνιεὶς
982 1402 1185 1474 syllaba
1214 1401 1397 1457 ultima
1427 1401 1663 1456 oscitan-

150 1512 211 1553 ter
238 1498 306 1552 bis
335 1498 470 1551 edita
513 1500 600 1551 sit.
652 1495 890 1563 Denique
923 1495 1025 1563 legi
1060 1505 1330 1564 oportere,
1366 1496 1595 1566 πράττει
1626 1491 1661 1546 ἀ

149 1589 354 1658 πράττει,
387 1606 491 1644 non
524 1588 560 1642 ἀ
592 1587 816 1659 πράττει
841 1587 1089 1652 πράττει,
1122 1585 1205 1640 vel
1235 1588 1436 1639 tirones
1468 1586 1665 1641 intelli-

149 1686 267 1744 gunt.
315 1679 413 1734 Sed
468 1680 535 1732 ad
582 1677 919 1747 propositum
969 1685 1213 1729 nostrum
1264 1688 1361 1727 nos
1408 1672 1661 1729 feramus.

149 1766 217 1821 Illa
242 1769 406 1837 psalmi
440 1768 698 1823 tricesimi
726 1765 891 1832 tertii,
923 1763 1120 1819 Timete
1144 1764 1450 1829 Dominum,
1490 1781 1662 1818 omnes

147 1863 280 1913 sancti
309 1860 412 1927 ejus
436 1860 505 1921 δ’,
537 1857 838 1925 Opinionem
875 1867 1119 1911 nostram
1150 1870 1253 1910 non
1302 1871 1491 1924 parum
1537 1871 1668 1910 con-
1696 1838 1738 1892 Β

150 1951 342 2002 ﬁrmant.
392 1948 517 2003 llaec
569 1948 785 2001 Eusebii
841 1947 1000 2002 verba
1051 1957 1225 2003 sunt:
1266 1949 1451 2002 Πάντα
1494 1946 1665 2001 ταῦτα

147 2041 391 2111 γνωμικῶς
420 2042 447 2093 ὁ
481 2039 642 2095 Δαϐὶδ
666 2041 744 2106 εἰς
762 2039 859 2112 τὴν
884 2040 1084 2113 ἐτέρων
1108 2041 1372 2110 ὠφέλειαν
1401 2039 1668 2113 προφέρε-

146 2149 229 2195 ται,
261 2134 406 2198 αὐτὸς
434 2134 701 2205 πρότερον
734 2132 1045 2195 ἀπολαύσας
1092 2132 1269 2186 αὐτῶν
1308 2174 1320 2187 .
1350 2174 1361 2186 .
1389 2174 1402 2187 .
1429 2174 1442 2187 .
1483 2134 1665 2204 Παραο

148 2223 380 2277 κελεύεται
410 2226 590 2277 τοίνυν
638 2226 727 2278 τὸν
776 2224 936 2291 φόϐον
965 2222 1057 2276 τοῦ
1092 2224 1293 2293 Κυρίου
1323 2225 1430 2294 πρὸ
1472 2224 1668 2292 ὀφθαλ-

150 2315 238 2382 μῶν
263 2313 489 2369 τίθεσθαι
516 2316 642 2378 τοὺς
676 2314 860 2383 ἁγίους
890 2314 1053 2368 αὑτοῦ
1079 2332 1093 2345 ⁸
1124 2313 1227 2367 ὑπὸ
1254 2314 1360 2385 γὰρ
1390 2314 1553 2367 αὑτοῦ
1574 2314 1667 2366 τοῦ

146 2404 277 2472 φόϐου
325 2406 461 2475 amo.
504 2404 883 2461 ἀνατελοῦνται
931 2447 944 2459 .
977 2447 988 2459 .
1017 2446 1032 2461 .
1063 2446 1075 2460 .
1131 2408 1191 2459 '0
1236 2407 1417 2476 φόϐος
1450 2406 1670 2475 Κυρίου

145 2496 311 2566 ἁγνὸς,
335 2500 451 2554 ἀντὶ
476 2499 593 2562 τοῦ,
626 2500 912 2569 ἀγνοποιός
939 2540 953 2554 .
988 2542 1001 2555 .
1030 2541 1043 2555 .
1076 2500 1185 2555 Καὶ
1207 2503 1428 2572 σημεῖον
1458 2498 1553 2554 τοῦ
1577 2517 1671 2568 φο-

146 2584 317 2642 ϐεῖσθαι
347 2589 433 2643 τὸν
466 2590 670 2661 Κύριον
702 2591 842 2644 τοῦτ’
874 2591 938 2644 ἂν
981 2592 1225 2659 γένοιτο,
1257 2593 1318 2644 τὸ
1350 2590 1669 2661 καθαρεύειν

148 2679 224 2745 μὲν
269 2682 435 2751 πάσης
482 2682 755 2753 ρυπαρίας
805 2684 1036 2754 αἰσχρᾶς
1077 2683 1344 2754 πράξεως,
1387 2684 1671 2753 φυλάττειν

144 2769 186 2823 δὲ
226 2772 401 2837 αὐτοὺς
446 2774 636 2842 ἁγίους
687 2775 782 2829 καὶ
822 2775 1035 2848 σώματι
1083 2778 1177 2830 καὶ
1220 2776 1519 2848 πνεύματι,
1563 2788 1669 2831 etc.

150 2860 289 2917 «Haec
309 2868 480 2920 omnia
512 2866 680 2921 David
709 2867 774 2922 ad
805 2867 1031 2923 aliorum
1057 2869 1339 2923 utilitatem
1374 2869 1671 2924 sententia-

148 2968 243 3007 rum
268 2972 404 3012 more
426 2960 659 3027 profert,
682 2976 909 3030 quorum
934 2963 1082 3031 prior
1100 2963 1211 3032 ipse
1233 2964 1434 3033 potitus
1454 2973 1669 3019 erat....

146 3046 354 3119 Praecipit
388 3052 569 3121 itaque
619 3054 822 3107 sanctis
854 3053 983 3118 Dei,
1033 3064 1092 3107 ut
1128 3059 1378 3108 timorem
1402 3056 1523 3125 ejus
1564 3070 1673 3125 pra:

1763 578 1875 645 puli
1902 575 1996 630 sub
2023 585 2071 629 te
2094 576 2275 629 cadent
2295 577 2384 640 ⁸³⁸,
2404 577 2571 648 pulsis
2596 576 2927 635 immissione
2952 577 3179 633 telorum
3214 588 3330 631 tuo-

1764 682 1883 722 rum
1917 666 2173 723 inimicis.
2208 684 2227 718 ι
2288 665 2865 725 Pseudo—Theodorum
2904 669 3211 735 audiamus,
3248 670 3330 724 sic

1763 756 2065 825 loquentem
2106 773 2120 809 :
2164 755 2387 827 Πρῶτον
2414 756 2521 827 γὰρ
2552 760 2621 813 τὰ
2648 758 2965 830 ἠκονημένα
3000 758 3129 830 βέλη
3161 761 3328 830 γενή-

1764 864 1913 901 σεται
1959 847 2100 902 κατά
2130 846 2231 917 τῆς
2272 846 2498 919 καρδίας
2539 850 2645 904 τῶν
2693 847 2929 922 ἐχθρῶν,
2982 850 3171 904 ἔπειτα
3212 850 3331 904 λαοὶ

1762 939 2018 993 ὑποκάτω
2044 958 2136 995 σου
2160 937 2481 1005 πεσοῦνται,
2516 938 2847 997 ὲλασθέντων
2870 943 2984 1004 τοῖς
3018 942 3195 1011 βέλεσι
3221 941 3331 996 τῶν

1762 1030 1992 1102 ἐχθρῶν.
2048 1030 2335 1086 «Primum
2388 1031 2532 1084 enim
2583 1034 2789 1101 sagittae
2847 1034 2982 1089 [ient
3046 1043 3217 1088 acutae
3272 1034 3328 1088 itt

1762 1123 1923 1177 corde
1971 1120 2347 1187 inimicorum,
2399 1120 2591 1176 deinde
2638 1124 2817 1191 populi
2861 1126 2961 1180 sub
3008 1134 3059 1179 te
3104 1124 3325 1185 cadent,

1761 1222 2044 1284 postquam
2093 1212 2302 1280 sagittis
2350 1210 2561 1267 subacti
2612 1212 2815 1268 fuerint
2854 1214 3074 1271 inimici.
3104 1233 3125 1269 ι
3166 1213 3328 1271 Plura

1762 1301 2200 1360 subministrabit
2225 1305 2461 1369 psalmus
2484 1307 2935 1375 quadragesimus
2960 1318 3207 1372 octavus,
3237 1306 3331 1361 ubi

1763 1398 1850 1453 illa
1890 1412 1905 1449 :
1963 1395 2029 1449 Et
2079 1395 2337 1470 auxilium
2388 1413 2568 1451 eorum
2608 1405 2890 1452 veterascet
2945 1398 2998 1451 in
3043 1400 3247 1467 inferno
3298 1417 3332 1452 a

1762 1488 1930 1560 gloria
1956 1504 2134 1541 eorum
2159 1485 2227 1550 “,
2282 1488 2560 1555 explicans
2592 1489 2883 1556 Eusebius,
2934 1491 3014 1546 sic
3054 1490 3286 1559 loquitur
3315 1510 3328 1545 :

1775 1580 1920 1635 Ἀντὶ
1950 1578 2006 1633 δὲ
2043 1578 2169 1642 τοῦ,
2216 1579 2315 1633 καὶ
2345 1579 2383 1646 ἡ
2424 1580 2713 1646 βοήθεια.
2746 1618 2759 1633 .
2792 1619 2806 1632 .
2836 1622 2853 1639 .
2884 1585 2913 1635 ὁ
2948 1582 3046 1653 μὲν
3084 1580 3332 1643 Ἀκύλας,

1761 1672 1860 1727 καὶ
1900 1669 2205 1743 χαρακτὴρ
2232 1669 2430 1724 αὐτῶν
2461 1672 2813 1740 κατατρίψαι
2848 1672 3000 1739 ᾅδην
3032 1674 3100 1727 ὲκ
3136 1689 3333 1728 κατοι-

1763 1766 2046 1834 κητηρίου
2074 1761 2287 1818 αὐτῶν.
2333 1764 2391 1815 Ὀ
2424 1763 2531 1833 γάρ
2563 1768 2845 1836 χαρακτὴρ
2875 1763 3053 1817 αὐτῶν
3079 1805 3092 1828 ,
3120 1764 3177 1817 ὃν
3208 1766 3336 1818 ἐαυ-

1766 1861 1875 1921 τοῖς
1906 1857 2282 1923 ὲξετύπωσαν,
2333 1853 2395 1907 τὸ
2433 1855 2531 1925 μὲν
2578 1858 2697 1909 κατ’
2738 1854 2921 1910 εἰκόνα
2960 1855 3053 1908 καὶ
3079 1856 3335 1927 ὁμοίωσιν

1765 1944 1858 1997 τοῦ
1884 1946 2017 1999 Θεοῦ
2059 1946 2119 2011 ἐξ
2146 1944 2324 2000 αὐτῶν
2346 1943 2725 2013 ἀφανίσαντες,
2760 1946 2871 2017 εἴδη
2900 1946 2957 1999 δὲ
2988 1946 3080 2000 καὶ
3117 1944 3333 2017 μορφάς

1766 2035 1973 2104 ἀλόγων
2000 2036 2150 2100 ζώων
2174 2040 2267 2092 καὶ
2304 2037 2549 2112 ἑρπετῶν
2577 2036 2664 2090 διὰ
2689 2038 2904 2107 τρόπων
2934 2019 3234 2111 μοχθηρίας
3267 2039 3333 2109 τῇ

1765 2132 1909 2203 ψυχῇ
1940 2130 2302 2201 περιθέμενοι,
2338 2129 2795 2203 κατατριϐήσεται
2829 2171 2842 2183 .
2879 2168 2893 2181 .
2934 2169 2947 2181 .
2988 2169 3001 2182 .
3042 2132 3152 2182 Καὶ
3177 2128 3336 2183 τοῦτο

1769 2221 1868 2293 μὲν
1900 2220 2005 2275 τῶν
2033 2219 2243 2273 ἀσεϐῶν
2272 2221 2334 2271 τὸ
2355 2221 2525 2284 τέλος.
2574 2217 2641 2275 Oi
2668 2219 2724 2273 δὲ
2751 2216 2992 2281 εὐσεϐεῖς
3018 2218 3136 2270 κατ’
3163 2219 3337 2270 ἐκεῖνο

1768 2311 1958 2385 καιροῦ
1992 2311 2205 2383 πρωίας
2232 2308 2550 2373 ἀξιωθέντες
2578 2309 2671 2361 καὶ
2703 2308 2823 2362 νέου
2853 2306 3048 2377 φωτὸς,
3073 2304 3338 2375 ἀνατολῆς

1767 2403 1864 2471 τῆς
1918 2402 2025 2456 τῶν
2072 2400 2281 2456 ἀσεϐῶν
2333 2400 2938 2467 κατακυριεύσουσιν,
2974 2399 3007 2470 ἢ
3058 2398 3200 2452 κατὰ
3243 2396 3340 2450 τὸν

1783 2493 2030 2557 Ἀκύλαν,
2084 2496 2174 2548 ἐνὶ
2224 2492 2672 2563 κρατήσουσιν,
2724 2491 2757 2562 ἢ
2797 2490 2939 2543 κατὰ
2984 2490 3076 2543 τὸν
3111 2488 3342 2560 Σύμμα-

1769 2604 1894 2658 χον,
1938 2585 2350 2649 ὺποτάξουσιν
2387 2584 2608 2652 αὐτοῖς.
2666 2583 2786 2638 Τῶν
2824 2582 2934 2656 γάρ
2967 2580 3199 2637 ἐνταῦθα
3245 2598 3342 2635 τα-

1770 2680 2148 2735 πεινωσάντων
2184 2680 2308 2741 τοὺς
2340 2678 2513 2742 εύθεῖς
2547 2678 2778 2741 ἀσεϐῶν,
2813 2678 2929 2732 ἐκεῖ
2984 2676 3206 2751 ῥύσεται
3239 2676 3341 2747 τὴν

1769 2772 1945 2842 ψυχὴν
1974 2773 2107 2841 πρὸς
2140 2772 2201 2825 τὸ
2238 2771 2312 2843 μὴ
2338 2768 2747 2839 ωναπαχθῆναι
2771 2771 2883 2832 τοῖς
2915 2769 3189 2833 ἀσεϐέσιν,
3222 2767 3342 2823 ἀλλ’

1772 2865 1830 2917 ὲν
1868 2864 2073 2933 ἑτέροις
2096 2860 2232 2916 εἶναι
2254 2863 2473 2934 χωρίοις
2502 2878 2559 2915 τε
2584 2860 2678 2914 καὶ
2724 2859 3016 2930 ποιμνίοις.
3053 2875 3075 2909 ι
3107 2858 3211 2913 Pro
3250 2858 3343 2912 illo

1773 2964 1977 3016 autem,
2025 2962 2073 3007 et
2117 2952 2471 3005 auxilium...
2507 2952 2722 3020 Aquila,
2776 2962 2823 3004 et
2858 2950 3132 3004 character
3159 2964 3341 3003 eorum

1772 3056 2037 3103 conterere
2056 3044 2317 3112 infernum
2346 3058 2410 3096 ea:
2435 3041 2734 3094 habitacula
2760 3056 2960 3095 eorum.
2980 3039 3114 3094 Nam
3144 3040 3339 3094 chara-

147 3139 282 3195 oculis
312 3142 541 3199 habeant
575 3161 588 3197 :
636 3144 703 3197 ab
748 3142 841 3196 illo
874 3141 1072 3212 quippe
1121 3142 1310 3196 timore
1346 3144 1518 3197 sanCti
1556 3142 1668 3196 eiii-
1696 3166 1744 3228 ρ
1776 3146 1888 3191 cter
1910 3148 2069 3203 quem
2105 3132 2206 3187 sibi
2241 3128 2586 3194 eﬂinxerunt,
2614 3129 2893 3184 eliminata
2920 3142 2987 3184 ex
3022 3128 3215 3197 seipsis
3241 3126 3337 3183 Dei

147 3233 349 3290 ciuntur.
378 3272 394 3289 .
423 3276 438 3290 .
471 3273 487 3289 .
520 3234 699 3289 Timor
720 3234 930 3289 Domini
959 3243 1131 3289 castus
1159 3234 1247 3298 η’,
1284 3234 1549 3300 videlicet,
1576 3249 1670 3290 ca-

146 3332 233 3378 stos
275 3324 500 3380 elIicicns
552 3364 568 3380 .
606 3369 620 3382 .
660 3367 673 3381 .
712 3367 726 3380 .
774 3329 950 3396 Atque
999 3329 1213 3397 signum
1270 3326 1398 3381 illud
1451 3328 1673 3385 evidens

149 3411 281 3467 fuerit
311 3416 516 3471 timoris
552 3418 788 3481 Domini,
820 3420 863 3471 si
892 3418 1012 3487 quis
1046 3435 1074 3472 a
1119 3419 1371 3475 sordibus
1404 3430 1457 3474 et
1494 3420 1674 3489 pravis

147 3507 361 3574 operibus
396 3523 565 3580 purus
618 3518 673 3563 et
703 3524 907 3564 vacuus
944 3509 1144 3573 fuerit,
1178 3525 1405 3581 seseque
1430 3520 1674 3567 sanctum

147 3612 335 3667 corpore
360 3610 413 3656 et
441 3601 639 3671 spiritu
671 3601 991 3665 servaverit,
1022 3620 1042 3654 ι
1079 3612 1187 3657 etc.
1230 3602 1319 3658 Sic
1352 3617 1475 3657 vere
1506 3604 1677 3675 loqui-

150 3696 217 3740 tur
245 3693 610 3747 commentarii
657 3703 845 3749 auctor
873 3709 886 3746 :
921 3693 1106 3747 Πάντα
1135 3694 1429 3765 γνωμικῶς
1464 3696 1544 3760 εἰς
1578 3695 1676 3768 τὴν

147 3779 311 3851 ἑτέρων
351 3782 499 3850 λέγει
544 3784 842 3853 ὠφέλειαν,
886 3786 1045 3849 αὐτὸς
1084 3787 1346 3857 πρότερον
1368 3787 1678 3851 ἀπολαύσας

147 3871 306 3925 αὐτῶν.
358 3875 467 3928 Καὶ
516 3876 955 3948 παρακελεύεται
1001 3878 1092 3931 τὸν
1135 3877 1229 3931 τοῦ
1274 3878 1476 3950 Κυρίου
1518 3878 1679 3949 φόϐον

148 3965 229 4035 πρὸ
249 3966 531 4039 ὀφθαλμῶν
559 3968 803 4022 τίθεσθαι
830 3971 957 4033 τοὺς
980 3970 1190 4038 ἁγίους,
1223 3970 1312 4040 ὑφ’
1336 3964 1396 4023 οὗ
1420 3972 1569 4039 ἀγιοι
1595 3988 1681 4024 τε·

146 4056 340 4116 λοῦνται.
356 4063 408 4115 Ὀ
438 4063 754 4136 γάρξρόϐος
774 4063 991 4133 Κυρίου
1008 4063 1213 4133 ἁγνὸς,
1238 4063 1358 4117 ἀντὶ
1379 4063 1493 4127 τοῦ,
1525 4065 1683 4132 ἁγνο-

148 4149 287 4213 ποιός.
324 4154 431 4207 Καὶ
468 4158 702 4225 σημεῖον
730 4155 823 4209 τοῦ
854 4154 1136 4224 φοϐεῖσθαι
1178 4155 1268 4208 τὸν
1298 4156 1500 4227 Κύριον
1529 4154 1683 4209 τοῦτο

148 4234 196 4287 ἂν
221 4239 426 4308 γένοιτο,
480 4244 543 4296 τὸ
595 4243 927 4315 καθαρεύειν
962 4245 1145 4316 πάσης
1188 4246 1546 4315 αἱσχρότητος
1590 4246 1683 4299 καὶ

150 4328 324 4399 σώματι
356 4337 448 4387 καὶ
475 4335 779 4407 πνεύματι,
810 4346 917 4391 etc.
958 4355 976 4387 t
1002 4335 1195 4392 Omnia
1239 4339 1575 4394 sententiose
1616 4337 1683 4391 ad

150 4418 337 4478 aliorum
368 4427 580 4495 profert
613 4428 902 4484 utilitatem
926 4469 941 4493 ,
992 4444 1112 4483 cum
1146 4428 1375 4499 ipsemet
1423 4427 1575 4498 prius
1618 4428 1685 4482 iis

1774 3226 2007 3297 imagine
2047 3240 2110 3279 ac
2141 3223 2509 3289 similitudine,
2557 3232 2718 3292 atque
2744 3220 3191 3277 irrationabilium
3222 3219 3344 3275 ani-

1774 3322 1993 3377 malium
2020 3318 2402 3390 reptiliumqtte
2434 3314 2625 3370 formis
2648 3330 2742 3384 per
2769 3314 2954 3367 varios
2972 3312 3337 3381 improbitatis

1773 3414 1963 3469 modos
1996 3412 2190 3465 animae
2225 3425 2338 3464 suae
2386 3408 2624 3470 adscitis,
2684 3410 2735 3460 in
2797 3404 3108 3460 babitaculo
3146 3402 3344 3459 inferni

1774 3511 2149 3562 conteretur...
2206 3500 2273 3555 Et
2326 3500 2411 3554 hic
2458 3500 2676 3569 quidem
2735 3498 3020 3569 impiorunt
3062 3495 3207 3551 ﬁnis.
3261 3495 3346 3550 Pii

1776 3620 1953 3666 autem
1986 3606 2076 3663 illo
2123 3617 2385 3677 tempore,
2415 3604 2675 3660 matutina
2709 3611 2764 3656 et
2796 3616 2933 3656 nova
2981 3600 3100 3655 luce
3131 3600 3335 3663 donati,

1775 3702 1971 3758 orienti
2010 3698 2295 3767 impiorum
2330 3697 2740 3749 dominabuntur
2766 3692 2873 3759 ’νς
2907 3692 3020 3747 sive
3050 3694 3346 3747 secundum

1776 3793 2049 3863 Aquilam,
2081 3788 2448 3857 imperabunt;
2482 3787 2597 3843 sive
2626 3784 2915 3841 secundum
2936 3784 3343 3855 Symmachum,

1779 3882 2053 3953 wbjicicnt
2084 3880 2202 3934 sibi.
2237 3877 2381 3933 Nam
2413 3893 2536 3932 cum
2573 3875 2725 3946 impii
2756 3876 2844 3929 hic
2893 3876 3181 3943 proborum
3229 3873 3349 3926 atti-

1780 3988 1896 4028 mas
1931 3968 2316 4043 depresserittt,
2372 3967 2482 4021 illic
2527 3969 2765 4020 animam
2803 3964 3016 4033 piorum
3075 3960 3343 4023 liberabit,

1779 4075 1839 4123 ut
1872 4081 1941 4123 ne
1971 4080 2074 4122 una
2095 4078 2215 4120 cum
2251 4059 2431 4131 impiis
2456 4059 2829 4125 abducantur;
2866 4056 2959 4112 sed
2992 4055 3043 4110 in
3069 4054 3191 4110 aliis
3216 4053 3353 4109 locis

1780 4178 1835 4225 et
1868 4167 2100 4223 ovilibus
2153 4167 2369 4235 degant.
2414 4179 2433 4212 ι
2469 4160 2561 4215 Sic
2601 4168 2780 4213 autem
2818 4157 2959 4210 hunc
2992 4156 3239 4210 eumdem
3273 4154 3353 4207 Ιο-

1782 4274 1903 4314 cum
1949 4258 2333 4326 interpretatur
2379 4249 2938 4322 pseudo-Theodorus
2991 4263 3005 4301 :
3050 4246 3212 4299 ’Δλλὰ
3243 4244 3353 4298 τῶν

1787 4352 1883 4422 μὲν
1915 4348 2125 4403 ἀσεϐῶν
2170 4346 2380 4400 τοιοῦτο
2415 4344 2474 4397 τὸ
2509 4344 2681 4405 τέλος.
2735 4342 2797 4395 Ol.
2838 4340 2895 4393 δὲ
2944 4338 3186 4401 εὐσεϐεῖς
3230 4336 3351 4390 κατ’

1785 4445 1960 4496 ἐκεῖνο
1987 4438 2180 4512 καιροῦ
2209 4438 2417 4509 πρωίας
2444 4434 2786 4500 ἀξιωθέντες,
2814 4432 2909 4486 καὶ
2943 4430 3202 4502 ἀνατολῆς
3230 4429 3352 4483 νέου

151 4507 306 4569 imitus
350 4526 513 4572 esset.
587 4519 652 4573 Et
705 4518 857 4590 jubet
907 4530 1129 4577 sanctos
1179 4520 1427 4575 timorem
1473 4520 1682 4575 Domini

1790 4533 1986 4603 φωτὸς,
2009 4530 2117 4584 τῶν
2139 4528 2347 4583 ἀσεϐῶν
2375 4524 2957 4593 κατακυριεύσουσιν
2974 4538 2987 4552 ·
3022 4522 3054 4592 ἢ
3089 4519 3233 4573 κατὰ
3262 4518 3353 4571 τὸν

152 4611 247 4656 ante
288 4608 467 4666 oculos
498 4609 807 4677 collocare,
856 4626 887 4666 ιι
934 4627 1043 4681 quo
1086 4612 1259 4668 sancti
1305 4612 1680 4683 perﬁciuntur.

152 4690 255 4750 Nam
276 4700 424 4755 tintor
450 4702 667 4756 Domini
690 4716 929 4769 sanctus,
965 4706 1016 4760 id
1047 4713 1151 4768 est,
1190 4704 1552 4759 sauctilicans.
1585 4703 1682 4757 At-

153 4798 236 4848 (ωε
254 4787 344 4845 hoc
378 4795 595 4849 timoris
627 4794 836 4850 Domini
868 4798 1079 4867 signum
1113 4810 1235 4851 esse
1263 4796 1452 4865 possit,
1482 4796 1525 4850 si
1558 4796 1680 4865 quis

154 4889 286 4939 Purus
312 4882 378 4936 sit
420 4884 489 4939 ab
523 4885 675 4941 omni
714 4887 1047 4956 turpitudine
1069 4928 1085 4955 ,
1118 4896 1223 4942 tam
1251 4886 1493 4956 corporis
1520 4900 1680 4956 quam

154 4966 354 5034 spiritus,
380 4990 398 5025 ι
434 4986 542 5031 etc.
598 4975 774 5031 Pauca
823 4987 878 5033 et
915 4993 982 5035 ex
1028 4980 1236 5045 psalmo
1274 4978 1684 5049 quadragesimo

154 5072 309 5123 ‘luarto
336 5064 461 5121 libet
513 5069 775 5139 adjicere.
817 5070 941 5125 Haec
968 5081 1147 5126 autem
1180 5081 1303 5126 sunt
1331 5086 1395 5125 ex
1424 5070 1683 5139 explana-

158 5153 271 5211 tione
297 5162 540 5217 versiculi
584 5166 729 5222 illius
760 5186 774 5221 :
810 5167 1029 5236 Sagitta:
1064 5178 1167 5221 tua:
1217 5176 1383 5221 acutae
1407 5165 1473 5229 ",
1524 5180 1681 5235 quem

158 5244 235 5302 hoc
266 5255 409 5307 modo
450 5255 839 5326 interpretatur
862 5259 1123 5315 Eusebius
1149 5277 1162 5311 :
1197 5257 1419 5329 Πρῶτον
1450 5257 1546 5327 μὲν
1575 5255 1683 5326 γάρ

158 5350 284 5404 φησι·
317 5344 392 5396 Τά
422 5344 551 5417 βέλη
588 5363 680 5399 σου
713 5349 1022 5419 ἠκονημένα
1070 5348 1354 5420 γενήσεται
1404 5346 1547 5403 κατά
1587 5347 1685 5417 τῆς

160 5429 342 5499 καρδίας
377 5437 486 5493 τῶν
518 5438 632 5492 σῶν
668 5440 873 5510 ἐχθρῶν
899 5456 913 5471 ο
965 5441 1155 5495 ἔπειτα
1179 5456 1193 5473 ο
1229 5441 1372 5495 Δαοὶ
1410 5438 1685 5495 ὑποκάτω

160 5534 250 5576 σου
269 5532 608 5596 πεσοῦνται,
659 5532 989 5587 ὲλασθέντων
1027 5536 1141 5597 τοῖς
1190 5536 1301 5597 σοῖς
1359 5532 1533 5603 βέλεσι
1576 5531 1684 5584 τῶν

160 5610 349 5687 ιΧθρῶν.
384 5641 403 5674 ι
428 5622 565 5677 Nam
596 5625 784 5692 primo.
809 5625 902 5683 ait.
966 5624 1184 5695 Sagittae
1216 5632 1316 5678 tua!
1348 5633 1515 5679 acutae
1564 5624 1691 5677 ﬁent

214 5837 251 5871 °‘
284 5839 413 5900 Psal.
446 5859 645 5908 xsxut,
689 5842 774 5897 10.
851 5846 914 5876 ⁶²⁶
945 5844 1085 5899 Psal.
1114 5858 1262 5910 xvnt,
1302 5844 1385 5897 l0.
1461 5843 1504 5875 ”
1538 5841 1676 5898 Psal.
1713 5856 1855 5907 mv,
1894 5840 1945 5896 6.
2014 5842 2078 5874 ”‘
2116 5841 2246 5895 ibid.
2302 5842 2346 5873 “
2377 5840 2520 5897 Psal.
2560 5855 2744 5906 mm,
2780 5837 2864 5893 15.

1795 4620 2043 4683 Ἀκύλαν,
2071 4618 2477 4689 κρατήσουσιν
2499 4634 2513 4647 ’
2538 4614 2731 4689 ἦκατά
2752 4614 2841 4668 τὸν
2858 4612 3172 4683 Σύμμαχον,
3207 4613 3355 4664 ὑπο-

1787 4713 2076 4779 τάξουσιν
2099 4712 2337 4778 αὐτούς.
2361 4710 2480 4763 Τῶν
2504 4709 2612 4780 γὰρ
2644 4706 2877 4761 ἐνταῦθα
2905 4702 3355 4757 ταπεινωσάντων

1783 4806 1909 4868 τοὺς
1938 4803 2111 4867 εύθεῖς
2127 4802 2358 4868 ἀσεϐῶν,
2391 4804 2507 4855 ἐκεῖ
2537 4801 2890 4871 κρατήσουσι.
2924 4794 3117 4866 Κάμοῦ
3168 4794 3224 4847 δὲ
3258 4792 3352 4846 τοῦ

1783 4896 1954 4952 ταῦτα
1977 4896 2226 4966 λέγοντος
2245 4894 2467 4966 ῥύσεται
2494 4893 2594 4963 τὴν
2614 4890 2813 4961 ψυχὴν,
2846 4889 2980 4961 πρὸς
2999 4888 3059 4941 τὸ
3101 4888 3175 4958 μὴ
3232 4903 3357 4939 συν-

1787 4988 2095 5059 απαχθῆναι
2112 4990 2224 5051 τοῖς
2248 4984 2521 5050 ἀσεϐέσιν,
2546 4982 2659 5037 ἀλλ’
2676 4983 2733 5035 ὲν
2749 4981 2950 5052 ἑτέροις
2981 4976 3119 5032 εἶναι
3140 4976 3359 5050 χωρίοις

1788 5094 1845 5129 τε
1868 5078 1960 5130 καὶ
1989 5076 2326 5147 ποιμνίοις...
2357 5075 2417 5126 Ὀ
2450 5073 2506 5126 δὲ
2545 5071 2773 5135 Ἀκύλας
2797 5072 2918 5124 ἀντὶ
2946 5068 3063 5135 τοῦ,
3082 5067 3354 5134 Βοήθεια,

1791 5166 2103 5235 Χαρακτὴρ
2130 5166 2330 5220 αὐτῶν
2360 5165 2705 5233 κατατρίψει
2730 5162 2886 5230 ᾅδην
2911 5161 2978 5214 ἐκ
3013 5174 3357 5225 κατοικητη-

1782 5258 1919 5326 ρίου
1944 5259 2161 5313 αὐτῶν.
2197 5259 2254 5310 Ὀ
2291 5256 2572 5329 χαρακτὴρ
2602 5255 2806 5317 αὐτῶν,
2853 5253 2911 5306 ὃν
2940 5255 2996 5305 ὲν
3026 5254 3238 5314 ἑαυτοῖς
3271 5248 3359 5316 ἑξ-

1792 5351 2095 5415 ετύπωσαν,
2128 5350 2188 5403 τὸ
2222 5353 2339 5403 κατ’
2363 5350 2543 5403 εἰκόνα
2592 5348 2977 5417 ἀφανίσαντες,
3024 5342 3121 5396 καὶ
3149 5340 3358 5409 ἀλόγων

1799 5442 2096 5514 μοχθηρίαν
2164 5443 2569 5514 μιμησάμενοι,
2629 5439 3070 5512 συντριϐήσεται.
3123 5452 3142 5485 ι
3198 5432 3357 5500 Atqui

1796 5534 2083 5603 impiorum
2113 5534 2325 5602 quidem
2369 5533 2491 5587 talis
2518 5541 2602 5587 est
2642 5532 2786 5586 linis.
2820 5529 3091 5584 Caeterum
3140 5523 3240 5577 viri
3282 5521 3358 5589 pii

1798 5626 1901 5679 isto
1949 5634 2189 5693 tempore
2241 5623 2505 5677 matutino
2548 5632 2603 5675 et
2650 5634 2801 5673 novae
2856 5617 2989 5672 lucis
3032 5621 3156 5670 ortu
3211 5610 3360 5677 digni

2964 5838 3029 5868 “'
3063 5836 3175 5891 ibid
