4088 6310
721 356 819 393 εει

2054 332 2579 387 PROLEGOMENA.

708 457 899 517 habili,
961 456 1371 508 dominabuntur
1421 454 1617 522 impiis,
1668 454 1745 505 vel
1794 454 1947 519 juxta
2003 454 2270 519 Aquilam,
2302 460 2346 512 Α
2378 459 2501 505 sunt
2524 451 2573 503 in
2610 451 2692 502 illa
2719 450 2906 518 ps.ilmi
2929 449 3065 502 sexti
3094 448 3383 503 :Lnboravi
3416 452 3471 503 in
3504 449 3705 519 gemitu
3726 467 3829 502 meo
3846 452 3913 503 “z

704 543 1059 610 imperabunt;
1096 542 1173 596 vel
1205 541 1355 608 juxta
1382 542 1790 611 Symmachum,
1834 539 2105 609 subjicient
2132 541 2271 592 illos.

705 633 906 703 Impios
933 634 1075 687 enim
1106 634 1196 703 qui
1224 633 1313 689 hic
1337 643 1513 689 rectos
1536 632 1913 694 bumiliarunt,
1943 631 2015 685 ibi
2058 646 2277 699 supera-

708 725 862 778 bunt.
890 724 953 778 Et
984 739 1155 778 meam
1188 740 1401 795 quoque
1432 724 1543 780 haec
1571 723 1799 778 dicentis
1819 724 2054 777 animam
2082 723 2278 775 libera-

712 818 807 885 bit,
846 834 914 872 ne
932 818 1090 871 simul
1119 833 1243 872 cuni
1270 817 1446 886 impiis
1474 819 1742 880 abducar;
1775 816 1866 869 sed
1896 816 1949 867 in
1986 815 2109 869 aliis
2142 814 2275 869 locis

707 926 772 965 ac
806 912 1061 981 gregibus
1107 927 1360 965 verser...
1403 909 1591 979 Aquila
1645 923 1776 961 vero
1822 922 1939 975 pro,
1992 907 2274 971 auxilium,

710 1003 858 1072 legit,
881 1001 1169 1056 Character
1195 1004 1409 1055 illorum
1433 1010 1564 1055 teret
1594 999 1858 1068 infernum
1880 1002 1943 1054 de
1974 1000 2275 1055 habitacula

706 1108 912 1147 eorum.
942 1092 1234 1147 Character
1261 1092 1494 1155 illorum,
1542 1106 1701 1159 quem
1744 1091 1796 1144 in
1842 1091 2148 1160 semetipsis
2180 1108 2276 1147 cx-

708 1194 1045 1250 presserunt,
1074 1183 1201 1237 illud
1244 1186 1387 1253 quod
1420 1182 1485 1235 ad
1516 1180 1928 1237 similitudinem
1979 1193 2097 1235 erat
2142 1185 2275 1238 abo-

711 1273 905 1336 lentes,
934 1283 987 1326 et
1013 1272 1293 1328 brutorum
1321 1273 1643 1343 pravitatem
1700 1274 1994 1337 imitantes,
2023 1286 2269 1330 contere~

710 1372 820 1420 tur.
843 1382 864 1419 ›
894 1366 1159 1435 Quidquid
1195 1377 1369 1421 autem
1395 1364 1449 1419 in
1490 1364 1575 1419 his
1599 1366 2014 1435 deprehenditur
2043 1370 2270 1423 varieta-

709 1460 802 1521 tis,
831 1459 1090 1513 tributum
1145 1461 1272 1528 ipsis
1317 1459 1630 1513 auctoribus
1686 1459 1874 1523 nolim,
1937 1459 2168 1515 Eusebio
2220 1469 2273 1513 et

708 1551 1259 1618 pseudo-Theodoro;
1303 1565 1423 1604 cum
1471 1568 1576 1605 non
1620 1551 1843 1606 minima
1903 1569 2027 1623 pars
2058 1565 2113 1606 ut
2164 1554 2268 1614 hic,

710 1644 784 1697 ita
816 1644 965 1708 alibi,
993 1642 1173 1712 potius
1195 1641 1435 1696 librariis
1465 1643 1782 1699 ascribenda
1827 1647 1917 1699 sit.
1955 1645 2139 1712 Itaque
2184 1644 2273 1698 ubi

710 1736 935 1802 legimus
973 1735 1027 1789 iu
1056 1735 1305 1799 Eusebio,
1336 1735 1568 1801 ἀσεϐῶν,
1601 1738 1718 1790 ἐκεῖ
1747 1737 1990 1807 ῥύσεται,
2017 1747 2272 1802 etc.,non

2389 540 2731 612 Ἀκούσωμεν
2756 541 2874 592 οἷαν
2911 542 2941 592 6
2976 539 3224 611 βασιλεὺς
3273 542 3558 610 μετάνοιαν
3606 539 3919 603 ἐπεδείξατο.

2375 635 2484 703 Οὐχ
2520 634 2702 699 ἁπλῶς
2746 633 2970 703 ἔκαμεν,
3016 633 3129 686 ἀλλ’
3179 632 3467 686 ἐκοπίασεν
3511 632 3806 699 στενάζων·
3838 633 3922 702 οὐχ

2374 725 2561 790 ἁπλῶς
2595 729 2907 798 ἐδάκρυσεν,
2942 725 3075 779 ἀλλὰ
3101 726 3199 796 τὴν
3216 726 3401 797 κλίνην
3433 725 3673 790 ἔλουσεν,
3702 727 3792 781 καὶ
3814 725 3922 777 καθ’

2375 819 2609 890 ἑκάστην
2638 819 2823 872 νύκτα.
2857 818 2967 871 Καὶ
3007 820 3067 870 ού
3115 822 3174 873 τὸ
3226 821 3494 890 παρελθὲν
3539 824 3752 884 σκοπεῖ,
3802 818 3924 874 ἀλλὰ

2374 911 2467 962 καὶ
2492 912 2880 980 ἐπαγγέλλεται
2910 913 3019 975 τοῖς
3042 914 3161 983 (sic)
3188 912 3319 985 πρὸς
3334 914 3394 964 τὸ
3429 914 3620 982 μέλλον
3646 914 3733 966 διὰ
3760 916 3923 984 πάσης

2372 996 2471 1066 τῆς
2502 998 2647 1069 ζωῆς
2669 1018 2681 1029 ·
2737 999 2827 1053 καὶ
2860 1000 2918 1051 ὃν
2940 999 2989 1051 οἱ
3011 1001 3191 1054 πολλοὶ
3222 999 3495 1055 ποιοῦνται
3522 1002 3782 1065 αἰνέσεως
3815 1003 3923 1071 (sic)

2372 1093 2580 1164 καιρὸν,
2612 1094 2798 1148 τοῦτον
2835 1094 3039 1156 ἐκεῖνος
3082 1093 3534 1166 ὲξομολογήσεως.
3575 1112 3594 1145 ι
3641 1094 3928 1150 Audiamus

2374 1187 2514 1254 regis
2544 1185 2685 1239 illius
2715 1185 3109 1255 penitentiam,
3140 1184 3228 1254 qui
3275 1200 3376 1238 non
3427 1185 3598 1239 solum
3650 1183 3925 1248 laboravit,

2374 1281 2465 1332 sed
2493 1280 2654 1333 etiam
2692 1279 3092 1350 ingemiscendo
3121 1292 3312 1349 magno
3355 1276 3576 1333 aﬂ‘ectus
3608 1288 3693 1333 est
3718 1277 3928 1336 dolore;

2378 1388 2485 1426 non
2526 1372 2696 1427 solum
2726 1374 3137 1444 collacrymatus
3164 1381 3268 1436 est,
3301 1369 3392 1425 sed
3422 1370 3549 1423 lavit
3580 1388 3677 1440 per
3701 1368 3929 1442 singulas

2376 1476 2563 1520 noctes
2594 1466 2789 1518 lectum
2828 1480 3004 1519 suum.
3042 1462 3226 1533 Neque
3272 1474 3450 1517 tamen
3498 1463 3550 1515 id
3587 1464 3676 1518 ille
3717 1462 3931 1533 respicit

2372 1559 2515 1626 quod
2536 1557 2641 1624 jam
2674 1559 2954 1627 prznteriit,
2992 1556 3083 1611 sed
3128 1556 3323 1610 similia
3371 1557 3641 1610 facturum
3690 1572 3752 1610 se
3784 1557 3930 1625 pollio

2374 1660 2527 1704 cetur
2554 1662 2647 1719 per
2682 1657 2848 1702 totum
2881 1649 3004 1701 vitae
3038 1657 3246 1717 tempus
3271 1647 3342 1677 “‘
3376 1663 3389 1698 :
3419 1658 3473 1699 et
3499 1647 3640 1715 quod
3684 1646 3777 1700 alii
3806 1659 3931 1702 tem-

2374 1756 2475 1809 pus
2504 1741 2746 1795 laudibus
2769 1742 3062 1804 insumunt,
3089 1740 3139 1794 id
3168 1740 3257 1795 ille
3282 1738 3607 1794 confessioni
3641 1739 3877 1807 deputat.
3909 1760 3932 1789 ν

706 1825 865 1881 valde
890 1826 1176 1879 admodum
1208 1828 1413 1890 dubita,
1461 1828 1589 1895 Quin
1636 1828 1706 1881 ibi
1756 1828 1958 1896 aliQUid
1988 1828 2269 1883 omiserint
2303 1826 2344 1880 Β
2372 1832 2569 1886 Eadem
2605 1832 2823 1887 omnino
2853 1833 3103 1901 leguntur
3148 1834 3201 1887 in
3248 1830 3808 1902 pseudo-Theodoro;
3862 1833 3933 1885 uti

708 1918 933 1973 librarii.
970 1918 1103 1970 Puto
1148 1918 1322 1986 igitur
1373 1920 1549 1987 potius
1599 1919 1881 1990 legendum
1933 1936 2053 1975 esse
2095 1921 2169 1973 uti
2218 1920 2270 1974 in

708 2007 1226 2079 pseudo-Theodoro
1266 2026 1278 2061 :
1317 2010 1511 2082 Κὰμοῦ
1552 2012 1611 2065 δὲ
1646 2013 1739 2065 τοῦ
1766 2012 1957 2079 ταῦτα,
1995 2024 2097 2067 etc.
2137 2010 2270 2067 Nam

709 2097 811 2154 hoc
838 2109 993 2169 pacto
1030 2101 1325 2157 orationem
1361 2104 1517 2172 plane
1546 2104 1817 2159 cohaerere
1844 2114 2057 2159 constat
2092 2123 2105 2157 :
2140 2121 2271 2160 con-

706 2203 814 2259 tra,
850 2194 1049 2264 aliquid
1077 2196 1384 2249 necessario
1413 2196 1464 2249 in
1498 2195 1730 2252 Eusebio
1779 2198 2133 2269 supplendum
2168 2209 2272 2265 est,

708 2299 829 2337 cum
860 2285 1061 2338 incerte
1088 2284 1284 2339 dictum
1317 2286 1387 2341 sit
1427 2286 1646 2355 ῥύσεται
1679 2289 1779 2360 τὴν
1809 2289 2008 2361 ψυχήν,
2043 2307 2140 2345 nec
2174 2296 2272 2344 ad-

709 2378 878 2430 ditum
934 2378 1025 2441 sit,
1060 2378 1210 2446 cujus
1240 2380 1475 2434 animam
1520 2383 1848 2437 liberaturus
1888 2387 1959 2437 sit
1997 2384 2155 2436 Deus.
2201 2383 2267 2436 Et

709 2469 908 2536 alioqui
938 2468 1023 2522 illa
1056 2471 1247 2538 psalmi
1273 2487 1339 2524 ex
1368 2473 1551 2525 eodem
1586 2473 1724 2535 loco,
1747 2471 2111 2527 Verumtamen
2137 2471 2272 2527 Deus

709 2562 923 2613 redimet
954 2564 1189 2615 animant
1219 2580 1386 2616 meam
1420 2564 1485 2629 ⁸⁵,
1517 2572 1650 2628 etc.,
1676 2563 1759 2618 vel
1783 2564 1893 2617 sola
1922 2574 2106 2633 aperte
2138 2564 2276 2617 indi-

706 2661 833 2705 cant
866 2652 1149 2708 Eusebium
1182 2668 1285 2707 non
1334 2654 1509 2718 aliter,
1562 2666 1725 2725 atque
1769 2658 1823 2711 in
1868 2655 2276 2727 pseudo-Theo-

706 2745 842 2796 doro
873 2744 1075 2797 editum
1104 2754 1205 2812 est,
1241 2745 1383 2814 loqui
1417 2746 1690 2801 debuisse.
1731 2747 1951 2799 Dixerat
1980 2748 2123 2799 enim
2172 2748 2275 2799 Da-

706 2837 816 2899 vid,
845 2838 981 2897 fore.
1014 2847 1071 2891 ut
1093 2854 1187 2892 sua
1225 2839 1389 2906 ipsius
1409 2837 1611 2900 anima,
1642 2852 1747 2891 non
1781 2837 2001 2891 alterius
2032 2838 2261 2891 redime-

712 2930 877 2973 retur.
914 2921 979 2974 Et
1025 2924 1149 2990 quia
1183 2922 1361 2977 Basilii
1392 2940 1552 2979 causa
1579 2927 1781 2980 critica:
1812 2927 1893 2980 ha:
1923 2934 2059 2979 notae
2090 2940 2276 2980 susce-

708 3020 815 3077 pta:
869 3022 1014 3077 sunt,
1074 3012 1191 3079 ejus
1249 3014 1304 3066 in
1357 3013 1603 3068 Psalmos
1660 3019 1963 3070 orationum
2029 3017 2271 3071 ordinem

708 3105 903 3170 secuti,
954 3105 1210 3158 nonnulla
1243 3121 1455 3174 quoque
1502 3121 1531 3161 e
1578 3108 1784 3175 psalmo
1832 3110 2274 3178 quinquagesimo

710 3210 855 3247 nono
892 3197 942 3249 iu
975 3200 1207 3251 medium
1244 3198 1548 3253 aﬂ'erarnus.
1589 3198 1712 3253 ll:ec
1746 3201 1906 3268 igitur
1937 3205 2137 3270 scripta
2154 3216 2278 3257 sunt
2304 3188 2347 3247 (ἶ

708 3286 778 3340 ab
815 3285 1046 3342 Eusebio
1082 3289 1133 3342 in
1170 3289 1257 3341 illa
1304 3289 1462 3356 linjus
1493 3290 1689 3359 psalmi
1722 3309 1735 3344 :
1777 3292 1906 3355 Qui:
1946 3295 2166 3346 abducet
2198 3311 2278 3347 me

708 3377 765 3429 in
794 3380 1053 3432 ciuitatem
1098 3382 1357 3433 munitam
1380 3381 1469 3446 δ”,
1510 3392 1615 3437 etc.
1654 3397 1668 3435 :
1707 3383 2035 3454 Ἐπιστήσας
2074 3388 2139 3457 τῇ
2168 3385 2276 3438 τῶν

707 3468 1114 3538 προλεχθέντων
1155 3471 1364 3545 διανοίᾳ
1422 3476 1449 3527 6
1500 3474 1794 3547 Προφήτης
1842 3476 2281 3549 ὑπερεκπλήττε-

709 3579 865 3617 ται...
896 3562 987 3615 Διὸ
1022 3564 1315 3635 μακαρίζει
1358 3567 1457 3634 μὲν
1507 3567 1749 3632 τούτους,
1805 3567 1885 3631 οἷς
1918 3572 2277 3640 ἐπιδημήσειν

708 3654 936 3725 ἦμελλεν
966 3656 995 3707 6
1028 3657 1186 3721 Θεός’
1221 3657 1385 3727 εὐχὴν
1406 3656 1461 3710 δὲ
1488 3658 1693 3711 τίθεται
1722 3658 2118 3731 καταξιωθῆναί
2147 3678 2275 3713 ποτε

708 3745 803 3799 καὶ
851 3746 1012 3801 αὐτὸν
1053 3748 1153 3819 τῆς
1202 3748 1406 3802 τούτων
1439 3748 1589 3814 θέας,
1643 3763 1749 3805 etc.
1779 3770 1796 3803 ι
1836 3752 2275 3821 Supradictorum

708 3838 989 3892 sententia:
1022 3836 1281 3893 insistens
1329 3838 1621 3909 PrOpheta,
1654 3856 1815 3909 supra
1855 3844 2072 3896 modum
2110 3844 2277 3898 mira-

709 3937 865 3980 tur...
883 3926 1061 3993 Quare
1088 3930 1273 3983 beatos
1298 3929 1416 3983 illos
1452 3930 1730 3997 prmdicat,
1756 3932 1822 3986 ad
1850 3949 1987 4002 quos
2022 3950 2277 3989 accessu-

708 4034 801 4075 rus
828 4031 947 4075 erat
972 4020 1131 4087 Deus,
1158 4023 1573 4091 orationemque
1602 4025 1824 4090 emittit,
1870 4036 1929 4078 ut
1989 4027 2103 4095 ipse
2143 4045 2277 4098 quo-

708 4127 815 4180 que
856 4113 974 4167 haec
1021 4114 1207 4168 videre
1262 4114 1455 4185 dignus
1494 4115 1781 4178 habeatur,
1810 4134 1828 4165 ι
1867 4126 1973 4170 etc.
2034 4118 2272 4172 Pseudo-

710 4204 1028 4261 Tbeodorus
1076 4221 1183 4259 non
1232 4220 1409 4261 secus.
1448 4204 1577 4272 Ejus
1610 4207 1722 4260 inec
1748 4218 1873 4260 sunt
1909 4210 2068 4261 verba
2101 4225 2113 4260 :
2142 4206 2276 4265 Εἶτα

709 4296 1005 4366 ἐπιστήσας
1039 4299 1103 4367 τῇ
1135 4296 1244 4349 τῶν
1283 4295 1585 4367 λεχθέντων
1641 4296 1850 4369 διανοίᾳ
1897 4300 1925 4350 6
1982 4299 2275 4373 Προφήτης

707 4386 1131 4457 ἐκπλήττεται...
1175 4390 1286 4443 Καὶ
1318 4389 1607 4461 μακαρίζει
1652 4389 1894 4453 τούτους,
1931 4384 2011 4455 οἷς
2049 4393 2278 4467 ἐνδημῆ-

706 4493 822 4530 σειν
854 4478 1074 4549 ἔμελλεν
1108 4483 1136 4533 6
1178 4480 1343 4544 Θεὸς·
1388 4479 1483 4535 καὶ
1529 4481 1695 4552 εὐχὴν
1734 4482 1963 4548 τίθεται,
2005 4485 2273 4549 καταξιωο

2373 1938 2437 1977 ex
2464 1923 2608 1977 illius
2640 1923 2836 1986 verbis,
2868 1938 2990 1992 qua;
3012 1923 3281 1991 subjicere
3312 1940 3413 1977 non
3440 1922 3807 1991 gravabimur,
3845 1936 3935 1989 pa-

2376 2016 2526 2069 tebit.
2560 2015 2650 2069 Sic
2682 2028 2810 2084 ergo
2859 2015 3100 2082 loquitur
3150 2032 3163 2067 :
3211 2014 3558 2082 Ἀκούσωμεν
3584 2013 3706 2065 οἵαν
3738 2015 3769 2066 6
3799 2010 3937 2083 βασιο

2372 2104 2817 2175 λε’ὺς’μετάνοιαν
2846 2102 3179 2167 ἐπεδείξατο.
3212 2102 3323 2173 Οὐχ
3351 2102 3537 2165 ἁπλῶς
3565 2102 3797 2174 ἔκαμεν,
3829 2101 3935 2156 ἀλλ’

2374 2193 2632 2249 ἐκοπίασε
2663 2192 2932 2257 στενάζων
2950 2210 2963 2224 ο
2987 2195 3083 2263 οὐχ
3111 2191 3297 2257 ἁπλῶς
3321 2192 3640 2265 ἐδάκρυσεν,
3672 2194 3812 2247 ἀλλὰ
3847 2191 3939 2262 τὴν

2375 2289 2559 2361 κλίνην
2590 2289 2802 2355 ἔλουσε,
2838 2287 2933 2341 καὶ
2968 2287 3088 2341 καθ’
3130 2285 3368 2357 ἑκάστην
3416 2284 3606 2337 νύκτα.
3640 2285 3755 2335 Καὶ
3787 2284 3847 2335 οὐ
3883 2282 3939 2334 τδ

2374 2382 2640 2450 παρελθὸν
2668 2384 2880 2442 σκοπεῖ,
2914 2380 3046 2432 ἀλλὰ
3090 2380 3184 2432 καὶ
3228 2375 3621 2445 ἐπαγγέλλεται
3652 2373 3813 2427 τοῦτο
3852 2375 3938 2427 καὶ

2373 2471 2511 2542 πρὸς
2541 2472 2601 2523 τὸ
2628 2471 2816 2541 μέλλον
2847 2471 2933 2523 διὰ
2956 2470 3135 2538 πάσης
3168 2470 3265 2540 τῆς
3303 2467 3471 2539 ζωῆς.
3501 2468 3611 2521 Καὶ
3642 2466 3705 2521 ὃν
3738 2470 3788 2520 oi
3819 2466 3941 2519 πολο

2376 2562 2457 2617 λοι
2482 2564 2716 2627 ἀνέσεως
2741 2561 3017 2616 ποιοῦνται
3055 2560 3270 2632 καιρὸν,
3302 2560 3492 2614 τοῦτον
3514 2562 3721 2623 ἐκεῖνος
3754 2559 3938 2628 ὲξομο·

2377 2660 2672 2730 λογήσεως.
2704 2676 2723 2709 r
2752 2658 3051 2713 Audiamus
3084 2656 3296 2726 qualem
3317 2670 3411 2710 rex
3442 2654 3529 2708 hic
3560 2653 3937 2722 pmnitentiam

2376 2750 2847 2805 demonstraverit.
2886 2744 3038 2801 Haud
3068 2747 3293 2815 simplici
3338 2745 3495 2798 modo
3525 2743 3819 2804 laboravit,
3851 2742 3943 2794 sed

2373 2841 2638 2895 laboravit
2668 2855 2924 2907 gemens;
2966 2840 3106 2891 haud
3132 2838 3335 2904 vulgari
3380 2835 3587 2888 ratione
3614 2837 3941 2904 lacrymatus

2375 2931 2499 2994 fuit,
2536 2930 2628 2983 sed
2654 2929 2850 2983 lectum
2879 2943 3033 2981 suum
3060 2927 3209 2991 lavit,
3243 2925 3405 2995 idque
3434 2940 3531 2995 per
3556 2925 3809 2995 singulas
3847 2939 3941 2978 uno

2377 3035 2509 3079 etes.
2549 3021 2733 3089 Neque
2772 3021 3099 3091 praeteritum
3148 3018 3413 3073 duntaxat
3460 3028 3670 3086 tempus
3710 3024 3941 3083 spectat,

2380 3132 2566 3173 verum
2595 3116 2755 3169 etiam
2791 3114 2842 3167 in
2882 3114 3118 3167 futurum
3151 3127 3209 3166 se
3252 3126 3350 3182 per
3389 3120 3553 3164 totam
3589 3110 3759 3161 vitam
3795 3106 3846 3159 id
3871 3106 3946 3158 l’a-

2379 3219 2588 3261 cturum
2612 3207 2858 3273 spondet.
2892 3206 3066 3271 Atque
3106 3215 3313 3270 tempus
3339 3200 3481 3269 quod
3528 3198 3617 3251 alii
3672 3198 3947 3251 destinant

2378 3296 2567 3365 quieti,
2613 3298 2715 3348 hoc
2765 3296 2877 3363 ipse
2928 3294 3188 3361 impendit
3220 3292 3573 3346 confessioni.
3616 3308 3638 3342 ι
3687 3288 3863 3344 Recte
3895 3300 3947 3341 et

2377 3390 2661 3445 emendate
2714 3388 2767 3443 in
2820 3384 3342 3457 pseudo-Theodoro
3410 3384 3610 3437 editum
3679 3391 3767 3436 est
3824 3378 3946 3433 ἀνι·

2381 3501 2536 3547 σεως,
2572 3482 2664 3538 ubi
2699 3481 2752 3535 in
2798 3480 3094 3534 Athanasio
3133 3480 3310 3546 inepte
3352 3486 3407 3531 et
3437 3476 3692 3530 mendose
3723 3490 3756 3526 a
3789 3473 3950 3525 libra-

2378 3577 2474 3631 riis
2506 3578 2762 3645 scriptum
2786 3583 2870 3627 est
2896 3572 3172 3632 αἰνέσεως.
3200 3571 3332 3625 Nam
3366 3571 3480 3638 ipsa
3521 3566 3788 3634 temporis
3817 3564 3949 3619 ratio

2376 3682 2561 3721 vocem
2603 3666 2836 3727 ἀνέσεως
2873 3665 3179 3718 necessario
3220 3662 3421 3729 exigit;
3451 3674 3573 3713 cum
3620 3668 3947 3712 nocturnum

2376 3762 2586 3820 tempus
2613 3753 2679 3805 de
2705 3766 2811 3820 quo
2848 3752 2933 3804 hic
2963 3751 3161 3820 agitur,
3197 3748 3353 3819 vulgo
3392 3764 3497 3801 non
3541 3748 3828 3813 laudibus,
3859 3749 3951 3802 sed

2378 3860 2566 3900 somno
2594 3860 2657 3899 ac
2680 3842 2847 3914 quieti
2886 3843 3119 3910 impendi
3170 3841 3361 3897 soleat.
3420 3840 3665 3895 Vidimus
3718 3840 3948 3908 pseudo-

2384 3934 2749 4001 Theodorum,
2774 3951 2893 3989 cum
2931 3935 3375 4003 interpretaretur
3408 3931 3558 3996 illud,
3587 3927 3857 3983 Labaraei
3897 3930 3951 3979 iu

2376 4029 2570 4096 gemitu
2599 4044 2733 4090 meo,
2753 4026 3033 4080 Athanasii
3052 4023 3551 4091 interpretationem
3575 4020 3905 4086 compilasse
3933 4036 3945 4069 :

2376 4117 2656 4171 videamus
2676 4133 2818 4171 nunc
2846 4118 3093 4170 eumdem
3115 4116 3217 4168 hoc
3246 4115 3383 4168 idem
3411 4126 3599 4165 rursus
3627 4112 3950 4176 praestitisse

2377 4207 2429 4260 in
2460 4206 2939 4272 explanandisillis
2959 4204 3196 4274 ejusdem
3224 4202 3417 4273 psalrui
3452 4202 3649 4266 verbis,
3678 4202 3949 4256 Discedite

2376 4313 2407 4348 a
2440 4313 2538 4358 me,
2569 4313 2743 4350 omnes
2780 4298 2849 4359 ",
2885 4307 2993 4352 etc.
3022 4295 3300 4349 Athanasii
3348 4294 3510 4361 igitur
3534 4303 3663 4347 sunt
3708 4294 3802 4347 illa
3833 4310 3849 4346 :
3876 4292 3948 4345 Οὐ

2380 4390 2550 4462 μικρὰ
2572 4390 2628 4443 δὲ
2652 4390 2745 4443 καὶ
2769 4388 2907 4461 αὕτη
2938 4390 3074 4460 πρὸς
3101 4390 3299 4461 ἀρετὴν
3339 4388 3476 4452 ὁδὸς,
3506 4388 3567 4441 τὸ
3598 4386 3832 4457 φεύγειν
3860 4386 3953 4439 καὶ

2377 4482 2755 4554 διακρούεσθαι
2774 4482 2873 4545 τὰς
2901 4482 3007 4535 τῶν
3029 4480 3278 4553 πονηρῶν
3308 4479 3612 4540 συνουσίας.
3642 4472 3821 4541 Οὗτος
3848 4479 3953 4549 γὰρ

707 4568 865 4643 θῆναι
929 4574 1024 4627 καὶ
1076 4573 1240 4627 αὐτὸν
1290 4573 1389 4642 τῆς
1440 4572 1550 4625 τῶν
1604 4572 1905 4642 εἰρημένων
1962 4574 2109 4639 Θέας,
2166 4587 2273 4631 etc.
2304 4569 2349 4625 D
2377 4574 2475 4644 τῆς
2512 4574 3099 4643 μτανοίαςόκαρπὸς.
3132 4572 3227 4624 καὶ
3250 4570 3356 4623 τῶν
3372 4567 3619 4639 δακρύων
3642 4569 3708 4622 τὸ
3740 4569 3950 4640 κέρδος.

715 4683 734 4715 ι
771 4666 974 4721 Deinde
1022 4665 1277 4721 insistens
1324 4664 1506 4718 sensui
1541 4678 1728 4717 eorum
1768 4679 1888 4733 qua:
1938 4666 2081 4720 dicta
2129 4678 2277 4733 sunt,

707 4758 1044 4825 obstupescit
1069 4754 1410 4824 Propheta...
1438 4755 1516 4823 [Et
1546 4756 1731 4808 beatos
1765 4754 2021 4823 praedicat
2055 4756 2195 4822 illos,
2221 4760 2274 4812 in

716 4852 902 4919 quibus
919 4849 1059 4903 Deus
1082 4861 1516 4904 commoraturus
1539 4858 1649 4913 est;
1689 4858 1743 4901 et
1770 4848 2072 4902 orationem
2099 4850 2272 4919 ponit,

715 4960 813 5010 qua
840 4952 984 5014 rogat
1027 4943 1224 5012 dignus
1252 4942 1437 4997 haberi
1476 4941 1680 4996 visione
1734 4955 1919 4994 eorum
1970 4956 2088 5007 qua
2129 4942 2274 4997 dicta

712 5050 852 5101 sunt,
885 5056 905 5089 ι
939 5047 1044 5095 etc.
1104 5036 1217 5092 Nec
1272 5051 1332 5090 se
1386 5030 1471 5089 sui
1522 5034 1836 5090 dissimilem
1891 5035 2139 5101 priestltit
2186 5035 2273 5091 hic

709 5128 1275 5199 pseudo-Theodorus.
1330 5116 1487 5193 Nam,
1543 5127 1633 5195 qui
1676 5125 1791 5193 ejus
1835 5140 1951 5179 mos
1984 5134 2088 5190 est,
2148 5126 2274 5182 hinc

709 5222 835 5275 inde
882 5222 952 5275 ab
999 5221 1229 5275 Eusebio
1270 5234 1433 5275 voces
1478 5219 1745 5288 quasdam
1810 5227 2104 5271 mutuatur.
2165 5218 2272 5273 Sed

708 5312 996 5367 Eusebium
1018 5312 1379 5377 dimittamus,
1406 5320 1466 5366 ut
1498 5312 1679 5382 aliqua
1704 5310 1867 5364 etiam
1891 5322 1954 5362 ex
1995 5309 2116 5364 aliis
2138 5310 2273 5365 scri-

709 5403 951 5470 ptoribus
976 5404 1137 5458 liceat
1174 5404 1468 5458 ascribere.
1511 5402 1673 5458 Plura
1700 5401 1793 5471 qui
1824 5402 2070 5469 cupiunt,
2104 5401 2270 5456 libros

709 5494 853 5563 ipsos
885 5492 1103 5558 adeant,
1132 5494 1353 5547 suadeo.

774 5585 867 5642 45.
922 5587 1189 5643 Succodat
1234 5586 1345 5655 jam
1396 5587 1749 5652 Athanasius,
1777 5588 1932 5655 cujus
1962 5588 2077 5640 haec
2108 5583 2271 5637 verba

775 5769 820 5803 ⁸³
848 5767 991 5825 Psal.
1028 5785 1214 5835 xum,
1240 5771 1325 5824 ιο.
1404 5772 1470 5803 ⁸⁸·
1513 5770 1649 5823 Psal.
1690 5786 1796 5834 ιιι,
1835 5771 1923 5824 ll.
2000 5772 2043 5801 "
2093 5770 2315 5836 Psal.vr,
2347 5770 2401 5821 Ἰ.

2382 4665 2451 4716 Ἦ
2481 4664 2713 4728 ἐλλιπῶς
2735 4664 2914 4723 τοῦτο.
2938 4664 3056 4718 ἀντὶ
3088 4662 3202 4724 τοῦ,
3231 4661 3317 4723 δὸς
3343 4662 3516 4713 εἰπεῖν
3543 4663 3657 4724 τοῖς
3682 4661 3954 4733 ἐπεμϐαί-

2376 4773 2557 4809 νουσιν
2592 4756 2836 4827 ὲχθροῖςσ
2870 4754 3235 4825 ἀπόπητεότι
3264 4751 3750 4821 εἰσηκούσθην,ὅτι
3781 4772 3951 4828 προσ-

2371 4848 2613 4917 εδέχθην,
2648 4850 2677 4900 6
2694 4847 2785 4900 διὰ
2810 4846 2911 4917 τῆς
2936 4845 3211 4917 ἁμαρτίας
3234 4844 3531 4906 ἀπωσθείς.
3552 4865 3569 4896 ι
3593 4842 3710 4899 Nec
3729 4849 3953 4902 minima

2376 4943 2468 4998 illa
2497 4952 2580 4998 est
2614 4946 2681 4999 ad
2710 4943 2963 4996 virtutem
2988 4943 3098 5006 via,
3126 4942 3310 5013 lugere
3328 4951 3383 4996 et
3410 4942 3644 5008 abjicere
3674 4943 3956 5013 improbo-

2376 5051 2495 5089 rum
2523 5036 2872 5090 consortium.
2899 5034 2997 5089 Hic
3022 5034 3164 5089 enim
3197 5045 3278 5089 est
3303 5033 3634 5103 pamitentia:
3661 5033 3954 5090 fructuset

2376 5126 2739 5199 lacrymarum
2770 5125 3003 5180 lucrum.
3038 5128 3145 5180 Aut
3168 5125 3397 5179 fortasse
3436 5124 3564 5178 illud
3597 5140 3698 5194 per
3719 5126 3951 5195 ellipsim

2377 5218 2579 5271 dictum
2609 5226 2712 5282 est,
2741 5226 2803 5271 ut
2836 5216 3170 5286 intelligatur
3195 5231 3208 5267 :
3238 5215 3488 5272 Concede
3513 5216 3670 5271 nobis
3714 5226 3776 5269 ut
3802 5217 3952 5269 diea-

2377 5323 2499 5363 mus
2528 5307 2596 5362 iis
2614 5307 2709 5379 qui
2742 5308 2794 5361 in
2845 5322 2944 5362 nos
2982 5308 3192 5360 irruunt
3237 5306 3564 5361 adversariis
3602 5322 3617 5358 :
3653 5306 3955 5360 Abscedito

2375 5400 2625 5469 quoniam
2657 5399 2933 5454 exaudivit
2959 5413 3064 5465 me,
3096 5398 3347 5465 quoniam
3374 5399 3487 5465 ipse
3505 5406 3952 5460 susceptussum,

2379 5494 2469 5559 qui
2504 5492 2713 5559 peccati
2741 5506 2903 5545 causa
2932 5490 3187 5557 expulsus
3210 5488 3435 5543 fueram.
3466 5508 3485 5541 ι
3516 5488 3954 5543 Pseudo—Theo—

2376 5583 2488 5637 dori
2530 5592 2708 5638 autem
2740 5584 2888 5637 haec:
2929 5582 3001 5635 Οὐ
3039 5581 3210 5651 μικρὰ
3244 5582 3338 5636 καὶ
3376 5580 3512 5650 αὕτη
3551 5578 3694 5651 πρὸς
3752 5579 3960 5651 ἀρετὴν

2471 5771 2544 5802 ⁴⁸⁹
2574 5769 2713 5823 ibid;
2788 5766 2977 5820 "ibiut.
3005 5766 3055 5820 9.
