4088 6310
1257 353 1312 404 D.
1360 352 1503 408 JUL.
1546 352 1869 407 GARNERII
1907 354 2292 412 PREFATIO.
3249 381 3370 426 cext

144 474 278 535 ὁδὸς.
310 474 373 526 τὸ
390 474 609 542 φεύγειν
641 472 738 525 καὶ
776 471 1275 542 δωκρούεσθαιτῶν
1300 472 1552 543 πονηρῶν
1582 490 1707 526 συν-

1815 490 1933 543 μιον
1980 475 2129 529 deest
2169 476 2221 528 in
2255 477 2661 541 commentario,
2708 477 2800 531 sed
2837 476 2907 530 ita
2938 477 3131 547 legisse
3166 477 3371 537 Corde-

144 564 347 617 ουσίαν.
383 558 552 626 Οὗτος
579 563 688 633 γὰρ
723 562 821 632 τῆς
857 562 1140 631 μετανοίας
1163 565 1191 615 ὁ
1230 563 1462 635 καρπὸς,
1487 565 1580 616 καὶ
1600 566 1706 617 τῶν

1814 565 1969 629 rium,
2005 580 2071 619 ex
2104 566 2544 631 interpretatione
2582 575 2746 634 patet.
2776 565 2924 622 idem
2949 567 3375 639 Chrysostomns

145 652 398 724 δακρύων
431 653 494 706 τὸ
513 653 725 722 κέρδος.
757 654 825 704 ’Ἡ
853 650 1083 715 ἐλλιπῶς
1114 652 1289 718 τοῦτο,
1323 653 1443 706 ἀντὶ
1473 654 1587 718 τοῦ,
1620 656 1706 720 δὸς

1814 653 1896 706 illa
1944 654 2059 721 eius
2116 655 2309 724 psalmi
2345 658 2526 723 verba,
2591 656 2844 711 Dominus
2894 658 3154 727 judicabit
3209 681 3375 731 popu-

154 746 325 796 είπείν
359 746 474 805 τοῖς
510 742 872 795 ἐπιῦαίνουσιν
922 741 1161 812 ἐχθροῖς·
1224 742 1564 809 Ἆπόστητε,
1606 743 1704 815 ἤδη

1814 744 1886 798 los
1925 745 1990 809 “,
2048 747 2431 815 interpretatur
2487 749 2588 802 ltoc
2647 750 2804 801 modo

153 834 545 904 εἰσηκούσθην,
565 834 643 886 ὅτι
664 832 1304 906 προσεδέχθην,ὀδιὰ,τὴν
1320 834 1589 905 ἁμαρτίαν
1606 836 1708 888 ἀπ·
1808 835 1991 899 ἁπλῶς
2041 839 2133 890 καὶ
2164 838 2239 900 ὡς
2286 836 2441 907 ἔτυχε
2476 838 2791 907 νομίζοντας
2834 840 3045 893 ἅπαντα
3088 841 3372 913 φέρεσθαι,

151 926 372 989 ωσθείς.
414 944 432 975 ι
472 926 621 978 lland
668 940 827 994 parva
855 940 1068 995 quoque
1098 928 1163 978 ad
1213 926 1466 979 virtutem
1496 926 1576 978 via
1603 936 1707 991 est,

1814 928 1888 979 ὅτι
1922 928 2142 997 πρόνοιά
2166 946 2250 991 τις
2280 926 2547 998 ἐφέστηκε
2568 932 2680 991 τοῖς
2707 932 3043 1000 πράγμασιν,
3068 932 3374 986 ἀπαιτοῦσα

148 1014 334 1084 fugere
372 1031 440 1070 ac
467 1016 721 1083 repellere
749 1018 1075 1070 consortium
1123 1017 1408 1071 malorum.
1443 1016 1541 1071 llic
1564 1019 1705 1071 enim

1814 1018 1905 1082 τὰς
1937 1018 2162 1082 εύθύνας
2190 1019 2297 1073 τῶν
2329 1020 2646 1089 γινομένων.
2688 1037 2706 1069 t
2731 1022 2890 1075 Docet
2919 1037 3032 1086 eos,
3067 1022 3155 1090 qni
3192 1025 3371 1078 omnia

149 1107 353 1160 fructus
380 1116 467 1161 est
493 1108 838 1175 pmnitentite,
866 1123 929 1162 ac
954 1108 1159 1161 lucrum
1199 1108 1581 1178 lacrymarum.
1611 1108 1709 1162 Vel
1810 1125 1935 1164 casu
1966 1120 2022 1163 et
2053 1120 2250 1163 temere
2270 1110 2383 1163 fieri
2410 1118 2619 1177 putant,
2644 1110 2802 1163 rebus
2826 1111 3110 1177 quamdam
3145 1126 3373 1180 praeesse

150 1195 306 1246 etiam
338 1205 428 1248 est
475 1197 589 1249 lucc
632 1195 877 1264 loquendi
932 1195 1159 1249 formula
1196 1212 1291 1263 per
1337 1197 1708 1259 omissionem,
1809 1201 2221 1271 providentiam,
2255 1216 2375 1269 qute
2407 1214 2593 1254 eorum
2639 1214 2756 1269 quas
2798 1200 2929 1253 iluttt
2965 1201 3225 1256 rationem
3257 1202 3374 1256 exl-

151 1284 302 1349 quasi
332 1285 545 1337 diceret
580 1302 593 1339 :
624 1285 697 1337 Da
728 1296 785 1337 ut
818 1283 990 1336 dicam
1038 1285 1417 1339 insultantibus
1465 1286 1593 1339 mihi
1616 1286 1711 1339 ini-
1811 1293 1905 1361 git.
1932 1311 1949 1342 ι
1987 1290 2141 1346 Haud
2186 1292 2517 1345 dissimiliter
2550 1289 3116 1361 pseudo-Theodorus,
3167 1293 3258 1363 qui
3293 1292 3374 1347 sic

150 1376 303 1429 micis
346 1375 507 1438 meis,
538 1375 794 1429 Discedite
816 1388 835 1427 :
854 1375 961 1441 jam
990 1376 1270 1430 exauditus
1293 1390 1429 1438 sum,
1457 1377 1708 1444 quoniam

1814 1383 2023 1452 scripsit
2055 1401 2069 1437 :
2102 1382 2351 1437 Διδάσκει
2400 1383 2525 1445 τοὺς
2578 1382 2895 1453 νομίζοντας
2930 1384 3115 1447 ἁπλῶς
3164 1385 3257 1438 καὶ
3296 1385 3373 1449 ὡς

150 1466 421 1518 admissus
444 1482 582 1526 sum,
607 1465 695 1533 qui
722 1467 789 1519 ob
826 1476 1103 1533 peccatum
1148 1464 1352 1519 fueram
1390 1466 1651 1534 repulsus.
1687 1482 1704 1514 ι

1814 1470 1997 1540 ἔτυχεν
2026 1470 2235 1523 ἅπαντα
2268 1470 2553 1542 φέρεσθαι,
2584 1472 2665 1523 ὅτι
2700 1472 2920 1542 πρόνοιά
2946 1490 3027 1536 τις
3055 1474 3370 1547 ἐφέστηκεν,

155 1553 499 1608 lnsmueram
528 1555 675 1622 plura
703 1569 769 1609 ex
798 1556 1077 1609 Athanasii
1119 1556 1174 1609 in
1209 1554 1455 1609 Psalmos
1488 1554 1712 1623 Exposi-

1814 1564 2113 1618 ἀπαιτοῦσα
2140 1564 2365 1627 εὐθύνας
2395 1563 2504 1617 τῶν
2531 1565 2851 1633 γινομένων.
2891 1584 2909 1616 t
2940 1568 3104 1621 Docet
3136 1581 3249 1631 eos,
3281 1568 3372 1636 qui

156 1648 385 1699 tionibus
418 1648 690 1719 colligere,
738 1647 885 1702 verbi
930 1648 1124 1716 gratia.
1153 1663 1219 1701 ex
1266 1647 1472 1715 psalmo
1504 1646 1712 1700 decimo

1814 1664 2004 1725 putant
2040 1656 2223 1709 omnia
2252 1664 2453 1709 temere
2478 1665 2533 1709 et
2558 1655 2777 1709 fortuito
2803 1655 2940 1720 ﬁeri,
2974 1657 3254 1713 imminere
3286 1672 3374 1712 re-

155 1741 344 1807 quinto
373 1742 427 1793 in
475 1740 588 1803 illa,
636 1738 977 1792 l’rouidebam
1020 1738 1303 1792 Dominum
1353 1740 1407 1791 in
1438 1749 1711 1807 conspectu
1746 1814 1767 1815 η
1814 1747 1911 1801 bus
1936 1746 2185 1800 humanis
2210 1746 2593 1814 providentiam
2620 1748 2928 1815 quamdam,
2959 1763 3077 1815 quae
3108 1747 3370 1803 factorum

155 1848 267 1885 meo
306 1848 514 1899 semper
544 1832 635 1896 στ’,
666 1844 837 1900 (atque
887 1829 1101 1883 Psaltuo
1152 1829 1408 1883 vicesimo
1437 1828 1610 1897 primo
1660 1828 1712 1882 in
1744 1814 1787 1869 Β
1816 1848 2003 1903 poenas
2034 1842 2308 1903 exposcat.
2333 1852 2352 1886 s
2405 1814 2985 1889 Pseudo-i'l‘heodoruui
3032 1836 3113 1890 vel
3154 1836 3206 1890 in
3258 1838 3373 1905 ipso

153 1923 259 1987 illa,
300 1922 442 1977 Deus
479 1921 617 1975 Deus
648 1937 811 1984 meus,
844 1921 1038 1987 respice
1068 1920 1120 1973 in
1168 1937 1313 1972 me...
1365 1918 1541 1987 Longe
1564 1936 1595 1971 a
1624 1935 1713 1972 sa-
1817 1923 2012 1991 psalmi
2061 1924 2211 1977 initio
2239 1924 2603 1995 Cltrysostomi
2637 1925 2793 1979 verba
2839 1924 3158 1993 compilasse
3191 1935 3375 1980 osten-

150 2016 257 2067 lute
284 2032 401 2067 mea
435 2014 589 2068 verba
614 2012 916 2066 delictorum
950 2028 1179 2065 meorum
1217 2011 1284 2074 “,
1322 2020 1376 2064 et
1402 2026 1464 2063 ex
1500 2009 1618 2063 aliis
1644 2010 1717 2064 si-
1814 2015 1991 2069 ditnus
2017 2033 2031 2069 :
2061 2030 2199 2069 nunc
2236 2017 2481 2071 eumdem
2528 2029 2560 2070 e
2594 2014 2698 2070 ﬁne
2730 2030 2941 2085 quoque
2985 2015 3237 2071 nonnulla
3271 2017 3373 2071 sibi

2872 765 2887 802 :
2944 750 3193 804 Διδάσκει
3247 754 3372 815 τοὺς
3458 798 3459 801 η

150 2107 348 2160 militer
377 2105 595 2173 psalmis
622 2119 728 2159 non
766 2103 991 2172 paucis;
1026 2102 1119 2157 sed
1159 2112 1238 2155 est
1282 2116 1464 2169 causa,
1506 2117 1603 2156 cur
1635 2101 1716 2156 in-

150 2208 325 2263 carpto
348 2195 711 2249 desistendum
740 2204 939 2262 putem.

218 2286 305 2342 ιϐ.
360 2286 598 2341 Accedat
647 2299 777 2352 ergo
805 2284 1241 2356 Cltrysostomus.
1287 2283 1392 2338 Sed
1427 2293 1713 2353 antequam

151 2379 394 2447 exempla
446 2378 645 2446 quibus
712 2388 893 2432 nostra
948 2379 1130 2445 opinio
1162 2378 1469 2431 conﬁrmari
1513 2376 1705 2446 possit,

152 2473 530 2540 subjiciamus,
591 2483 809 2523 monere
858 2469 1074 2537 espedit
1130 2484 1291 2537 grave
1356 2468 1607 2522 mendum
1658 2468 1712 2520 in

152 2562 545 2618 commentario
570 2560 768 2624 inesse,
801 2561 888 2614 ubi
928 2558 1133 2613 librarii
1177 2558 1515 2627 impudenter
1555 2556 1715 2626 Ἐδέμ

154 2670 249 2725 pro
290 2655 466 2725 ’Δδὰμ
496 2653 844 2721 scripserunt.
886 2650 1057 2720 Legas
1087 2648 1243 2703 velim
1268 2646 1711 2703 commentarium

157 2745 209 2799 in
242 2746 352 2810 illa,
386 2744 539 2806 Deus,
570 2744 703 2797 Deus
727 2759 890 2805 meus,
924 2742 1117 2810 respice
1136 2742 1190 2794 in
1218 2756 1319 2793 me.
1345 2740 1712 2809 Clttysostomi

157 2848 336 2891 autem
379 2845 508 2889 sunt
549 2835 661 2887 lucc
713 2834 763 2887 in
805 2833 972 2903 prima
1015 2830 1203 2899 psalmi
1250 2831 1465 2899 septimi
1504 2832 1662 2885 verba
1697 2849 1710 2885 :

154 2928 263 2980 Οὐκ
293 2922 415 2977 εἷπε
442 2940 457 2954 ·
500 2922 705 2986 Κόλαζε
734 2923 823 2976 τὸν
870 2921 1146 2991 πολέμιον,
1182 2917 1336 2973 ἄνελε
1383 2919 1472 2973 τὸν
1501 2918 1711 2991 ἐχθρόν.

164 3016 323 3071 Ἀλλὰ
352 3016 406 3069 τί
428 3033 442 3080 ;
484 3015 555 3067 Τὸ
579 3013 768 3068 ἐαυτοῦ
793 3012 943 3084 ζητεῖ
972 3013 1149 3083 μόνον,
1180 3013 1273 3065 καὶ
1299 3012 1481 3081 λέγει’
1507 3010 1715 3065 Σῶσόν

1815 2106 2125 2175 sumpsisse,
2156 2121 2275 2177 quaa
2305 2116 2600 2176 sequuntur
2644 2106 2968 2176 probabunt.
3001 2107 3377 2178 Cltrysostonti

1814 2197 1977 2264 igitur
2024 2198 2183 2252 verba
2245 2208 2369 2253 sunt
2404 2199 2453 2251 in
2507 2198 2621 2261 illa,
2670 2195 2969 2267 Conﬁtcbor
3015 2198 3237 2251 Domino
3270 2197 3375 2251 "'z

1814 2287 2327 2359 Εὑχαριστήσωμεν,
2346 2289 2527 2358 φησὶν,
2553 2290 2613 2343 ού
2641 2291 2761 2351 ταῖς
2789 2289 2989 2360 ἐτέρων
3014 2288 3216 2360 χαίρων
3240 2305 3378 2357 σφα-

1814 2380 1958 2444 γαῖς,
1989 2377 2123 2430 ἀλλὰ
2162 2378 2254 2432 τοῦ
2302 2378 2435 2432 Θεοῦ
2465 2380 2562 2449 τὴν
2590 2378 2766 2448 ψῆφον
2803 2378 3288 2449 ἀποδεχόμενος....
3312 2378 3376 2430 Τί

1814 2468 1947 2531 ἐστι,
1974 2469 2131 2522 Κατὰ
2155 2468 2269 2537 τὴν
2289 2468 2680 2537 δικαιοσύνην
2710 2468 2893 2522 αὐτοῦ
2908 2483 2927 2532 ;
2974 2468 3115 2520 Ἀντί
3141 2467 3257 2533 τοῦ,
3285 2468 3380 2520 ἐπὶ

1814 2562 1879 2630 τῇ
1920 2560 2231 2632 δικαιοσύνῃ
2274 2560 2454 2614 αὑτοῦ.
2492 2559 2741 2615 «Gratias
2768 2574 3005 2628 agamus,
3043 2559 3236 2628 inquit,
3271 2574 3378 2613 non

1813 2652 2035 2704 aliorum
2070 2653 2305 2720 gaudens
2349 2650 2603 2713 cmdibus,
2650 2651 2743 2705 sed
2777 2651 2868 2706 Dei
2914 2651 3231 2705 sententiam
3258 2664 3378 2704 sus-

1813 2742 2157 2811 cipiens......
2202 2742 2340 2809 Quid
2374 2751 2474 2809 est,
2522 2740 2817 2796 Secundum
2860 2742 3127 2812 justitiam
3170 2741 3380 2811 ejus"?

1816 2830 1918 2885 Pro
1948 2847 2013 2886 eo
2041 2832 2180 2901 quod
2209 2844 2311 2893 est.
2358 2831 2584 2903 Propter
2612 2832 2876 2902 justitiam
2903 2833 3039 2901 ejus.
3062 2852 3080 2885 ι
3116 2831 3174 2886 lu
3206 2832 3371 2886 Com-

1815 2928 2074 2979 tnentario
2099 2936 2277 2980 autem
2306 2926 2384 2980 sic
2414 2926 2615 2981 editum
2646 2925 2951 2981 invenimus
2978 2943 2992 2980 :
3020 2925 3133 2978 Οὐκ
3156 2922 3377 2996 ἐπιχαίο

1817 3032 1921 3086 ρων
1966 3019 2082 3080 ταῖς
2142 3018 2341 3088 ἐτέρων
2388 3020 2710 3085 σφαγαῖς....
2755 3018 3165 3088 Εὐχαριστήσω,
3220 3018 3377 3088 φησὶ,

148 3126 242 3177 με.
270 3106 540 3169 τουτέστι,
568 3106 639 3177 μὴ
669 3107 809 3176 ἀφῇς
839 3121 905 3175 με
932 3104 1114 3167 κακῶς
1141 3101 1351 3157 παθεῖν.
1378 3103 1447 3155 ἐκ
1476 3100 1713 3167 πάντων
1738 3146 1780 3201 c
1812 3105 2203 3174 ἀποδεχόμενος
2246 3106 2343 3177 τὴν
2388 3106 2601 3160 δικαίαν
2649 3106 2808 3160 αύτοῦ
2859 3107 3057 3177 ψῆφον.
3115 3107 3187 3160 Τὸ
3241 3108 3375 3181 γὰρ,

154 3197 269 3253 τῶν
294 3199 633 3252 διωκόντων
656 3214 750 3265 με,
793 3196 888 3249 καὶ
912 3193 1101 3263 ῥῦσαί
1139 3210 1236 3263 με.
1259 3193 1398 3262 Ὅρα
1439 3190 1558 3254 πῶς
1594 3191 1713 3244 ούδέ

156 3292 378 3361 πάσχων
418 3289 623 3353 κακῶς,
664 3290 922 3358 ὀνομαστὶ
962 3282 1345 3358 μέμνηταιτοῦ
1369 3283 1712 3355 πατραλοίου,

155 3385 243 3437 καὶ
274 3388 331 3437 ἐν
367 3387 432 3454 τῇ
459 3384 707 3453 συμφορᾷ
721 3382 819 3453 τὴν
843 3380 1000 3449 φύσιν
1028 3377 1419 3449 ἐπιγινώσκων,
1447 3376 1539 3430 καὶ
1562 3377 1618 3428 ἐν
1640 3374 1716 3446 τῷ

155 3476 375 3545 πολέμῳ
419 3475 512 3528 τὸν
560 3473 672 3526 υίδν
704 3472 862 3544 ὀρῶν,
918 3472 1008 3524 καὶ
1042 3473 1098 3524 ἐν
1142 3474 1256 3534 τοῖς
1309 3469 1572 3532 κινδύνοις
1608 3468 1714 3521 τῶν

158 3566 477 3635 σπλάγχνων
504 3566 603 3617 ούκ
626 3562 1125 3633 ἐπιλανθανόμενος.
1163 3582 1181 3614 t
1213 3561 1327 3618 Non
1358 3565 1489 3616 dixit
1518 3581 1531 3617 :
1584 3562 1713 3615 Puni

158 3660 389 3723 hostem,
423 3656 545 3710 tolle
574 3656 637 3708 de
693 3655 865 3708 medio
909 3655 1183 3707 inimicum
1220 3672 1232 3709 :
1268 3655 1363 3708 sed
1390 3655 1529 3723 quod
1558 3670 1712 3707 suum

156 3760 233 3805 cst
263 3760 473 3802 tantum
522 3747 732 3816 quaerit,
765 3755 819 3800 et
866 3747 1039 3800 dicit:
1091 3743 1305 3799 Salvum
1338 3762 1419 3798 me
1459 3745 1565 3811 far,
1613 3745 1714 3798 hoc

155 3852 230 3893 Cal
259 3858 326 3895 ne
360 3841 647 3909 permittas
691 3848 748 3891 ut
799 3838 939 3892 male
977 3837 1169 3907 patiar,
1223 3838 1286 3889 ab
1320 3838 1553 3890 omnibus
1596 3853 1713 3906 per-

155 3930 492 3998 sequentibus
552 3946 632 3983 me
695 3938 743 3982 et
796 3927 960 3981 libera
1018 3944 1095 3980 me
1136 3928 1222 3979 η’.
1271 3926 1401 3981 Vide
1448 3926 1713 3995 quomodo

154 4036 216 4076 ne
248 4020 395 4075 male
427 4020 642 4090 quidem
676 4020 905 4088 patiens,
942 4017 1253 4072 nominatim
1303 4017 1546 4071 meminit
1590 4031 1714 4085 par-

153 4115 354 4179 ricidas,
409 4124 466 4168 et
513 4123 758 4167 naturam
806 4112 858 4165 in
894 4111 1198 4165 calamitate
1227 4124 1544 4179 agnoscens,
1572 4116 1625 4162 et
1660 4108 1711 4163 in

152 4207 289 4261 bello
339 4204 637 4275 respiciens
680 4201 865 4266 tilium,
902 4211 954 4255 et
986 4201 1038 4255 in
1086 4200 1341 4269 periculis
1374 4216 1477 4253 non
1518 4199 1713 4253 oblivi-

154 4314 307 4354 scens
340 4299 635 4353 viscerum.
658 4314 677 4348 ι
719 4294 984 4364 Loquitur
1010 4306 1137 4347 vero
1164 4290 1713 4361 pseudo-Theodorus

151 4390 245 4444 hoc
274 4388 440 4443 modo
473 4406 485 4440 :
514 4386 626 4440 Οὐκ
658 4379 809 4437 εἶπεο
853 4382 1117 4445 Κόλασον,
1164 4379 1317 4435 ἄνελε
1362 4378 1452 4432 τὸν
1495 4379 1707 4451 ἐχθρόν.

1815 3197 1962 3252 κατὰ
2004 3196 2118 3263 τὴν
2154 3198 2565 3265 δικαιοσύνην,
2614 3200 2734 3252 ἀντί
2780 3198 2896 3263 τοῦ,
2937 3202 3026 3253 ἐπὶ
3065 3199 3380 3273 δικαιοσύνῃ

1821 3306 1916 3341 σου
1946 3288 2120 3357 ψαλῶ.
2154 3308 2171 3341 t
2196 3289 2310 3344 Non
2337 3292 2477 3359 quod
2500 3290 2723 3344 aliorum
2756 3304 2874 3344 eum
2898 3295 3070 3345 caedes
3092 3292 3377 3346 delectent.

1813 3382 2051 3443 Gratias,
2112 3382 2303 3451 inquit,
2349 3396 2522 3450 agam,
2555 3382 2670 3451 ejus
2696 3382 2893 3450 justam
2934 3384 3250 3437 sententiam
3285 3398 3378 3453 ap-

1813 3472 2103 3540 probando.
2130 3473 2283 3538 Quod
2313 3473 2453 3527 enim
2485 3472 2581 3534 ait,
2602 3470 2899 3526 Secundum
2930 3472 3208 3537 iustitiam,
3234 3473 3376 3528 idem

1814 3573 1894 3617 est
1923 3578 1986 3617 ac
2013 3565 2055 3618 si
2091 3564 2234 3617 dicat
2273 3580 2287 3617 :
2327 3572 2546 3632 propter
2589 3562 2849 3632 justitiam
2901 3572 3043 3616 tuam
3085 3565 3329 3619 cantabo.
3354 3584 3373 3616 s

1815 3655 2017 3709 Possim
2062 3664 2118 3711 et
2158 3670 2224 3708 ex
2258 3654 2462 3725 psalmo
2491 3664 2682 3708 octavo
2715 3656 2884 3707 multa
2922 3656 3237 3722 corradere;
3283 3657 3377 3711 sed

1815 3748 1864 3800 id
1895 3762 2111 3802 necesse
2135 3763 2237 3802 non
2266 3761 2381 3801 esse
2408 3746 2529 3810 rati,
2556 3746 2960 3799 admonebitnus
2988 3746 3155 3799 solum
3186 3748 3373 3801 eadem

1815 3838 1864 3891 in
1916 3848 2141 3907 utroque
2186 3840 2447 3906 scriptore
2498 3837 2786 3892 identidem
2840 3839 3087 3906 reperiri,
3124 3839 3376 3894 videlicet

1814 3929 1865 3983 in
1884 3930 1969 3983 illa
1988 3947 2001 3982 :
2021 3929 2237 3982 Domine
2252 3928 2507 3982 Dominus
2523 3938 2711 3992 noster,
2727 3945 2880 3997 quant
2900 3929 3225 3994 admirabile,
3246 3940 3375 3994 etc.;

1815 4031 1923 4073 tum
1963 4023 2014 4074 in
2049 4020 2170 4074 illa:
2205 4019 2464 4085 Quoniam
2491 4018 2683 4072 eierato
2720 4029 2792 4071 est
2822 4020 3210 4088 magniﬁcentia
3240 4030 3371 4085 tua;

1811 4115 1937 4165 Item
1968 4113 2019 4164 in
2058 4112 2144 4164 illa
2175 4130 2188 4165 :
2223 4110 2307 4163 Ex
2340 4128 2428 4165 ore
2467 4111 2749 4178 infantium
2784 4120 2829 4163 et
2865 4110 3166 4164 loctentium
3207 4113 3375 4182 perfe-

1812 4203 1928 4255 cisti
1956 4202 2162 4255 laudem
2188 4212 2397 4269 prapter
2420 4202 2659 4255 inimicos
2688 4212 2826 4265 tuos,
2862 4211 2917 4254 ut
2951 4204 3213 4269 destruos,
3239 4215 3369 4269 etc.;

1813 4291 1939 4345 item
1968 4292 2019 4345 in
2049 4291 2135 4345 illa
2166 4308 2180 4346 :
2212 4291 2469 4357 Quoniam
2501 4292 2675 4346 videbo
2709 4291 2861 4345 celos
2892 4308 3046 4360 opera
3071 4293 3360 4362 digitorum

1814 4385 2124 4437 tuorum'“.
2156 4382 2267 4437 Hoc
2308 4385 2447 4438 idem
2475 4384 2673 4437 dictum
2704 4384 2823 4438 volo
2861 4386 2926 4438 de
2960 4384 3167 4454 psalmo
3205 4400 3367 4447 nono,

162 4480 313 4533 am
352 4478 440 4543 τί;
480 4475 684 4530 Σὼσόν
714 4490 811 4544 με.
863 4474 935 4525 Τὸ
974 4470 1081 4542 γὰρ
1130 4469 1319 4523 ἐαυτοῦ
1373 4469 1542 4539 ζητεῖ,
1576 4466 1707 4535 οἷον,

1814 4474 1965 4545 cujus
1992 4476 2043 4529 in
2070 4475 2447 4544 explanatione
2480 4477 2667 4531 eadem
2699 4476 2987 4546 aliquando
3021 4478 3271 4530 dicuntur
3302 4478 3373 4532 ab

155 4570 221 4641 μὴ
247 4571 390 4638 ἄφες
434 4584 502 4635 με
531 4565 715 4629 κακῶς
754 4563 961 4617 παθεῖν.
1007 4562 1114 4615 Καὶ
1146 4562 1207 4614 τδ
1234 4563 1301 4615 ἐκ
1350 4560 1591 4614 πάντων
1628 4562 1707 4625 δέ,

153 4660 281 4727 μετὰ
313 4656 556 4727 φειδοῦς.
582 4656 655 4708 Ού
672 4655 780 4725 γὰρ
800 4655 1055 4725 ὀνομαστὶ
1078 4654 1344 4725 μέμνηται
1374 4652 1468 4706 τοῦ
1499 4671 1711 4726 πατρα-

1814 4576 2041 4633 utroque
2086 4566 2405 4636 interprete,
2440 4566 2492 4619 in
2529 4565 2614 4619 illa
2656 4566 2860 4620 scilicet
2889 4584 2903 4620 :
2932 4567 3229 4634 Conﬁtebor
3255 4566 3369 4633 tibi,

1816 4655 2063 4721 Domine;
2096 4666 2149 4710 et
2179 4656 2231 4709 in
2260 4656 2375 4709 illa:
2397 4654 2611 4709 Paravit
2635 4658 2686 4709 in
2700 4658 2900 4724 judicio
2922 4658 3167 4710 thronum
3192 4673 3369 4720 suum;

149 4750 304 4814 λοίου,
334 4748 475 4802 ἀλλὰ
502 4748 603 4801 κᾶν
630 4749 696 4817 τῇ
736 4747 988 4816 συμφορᾷ
1019 4745 1117 4816 τὴν
1174 4744 1333 4814 φύσιν
1363 4743 1712 4810 ἐπιγινώσκει

1814 4747 1863 4800 in
1905 4748 1991 4800 illa
2025 4761 2235 4815 quoque
2263 4763 2277 4800 :
2304 4744 2503 4801 Factus
2535 4759 2607 4802 est
2643 4748 2894 4802 Dominus
2940 4748 3199 4817 refugium
3244 4766 3373 4815 pau-

150 4843 234 4895 καὶ
261 4840 375 4893 τῶν
404 4837 682 4908 πατρικῶν
717 4836 1034 4907 σπλάγχνων
1067 4837 1165 4889 οὐκ
1200 4835 1510 4891 ἐπελάθετο.
1546 4854 1564 4886 t
1588 4835 1705 4889 Non

1814 4838 1956 4902 peri;
1990 4838 2203 4906 adjutor
2240 4840 2296 4891 in
2324 4839 2815 4918 opportunitatibus,
2854 4840 2907 4892 in
2951 4838 3367 4895 tribulatione".

150 4934 310 4986 dixit:
347 4930 487 4985 Puni
539 4930 766 4995 hostem,
803 4929 1045 4985 interlice
1078 4928 1374 4983 inimicum.
1410 4928 1515 4983 Sed
1543 4927 1707 4997 quid?
1811 4926 1984 4997 Atque
2012 4939 2069 4981 ut
2112 4930 2177 4983 de
2207 4930 2327 4983 aliis
2373 4929 2505 4983 locis
2534 4928 2843 4996 conjectura
2876 4930 2991 4984 ﬁeri
3031 4932 3221 5000 possit,
3250 4947 3372 4986 ver-

149 5023 361 5078 Salosns
390 5037 471 5075 me
520 5022 624 5090 fac.
662 5020 812 5087 Quod
855 5021 997 5075 enim
1046 5034 1104 5075 se
1152 5018 1532 5083 concernebat,
1579 5018 1706 5073 illud
1810 5015 1999 5070 borum
2032 5017 2263 5081 illorum,
2292 5016 2485 5087 lnﬁxav
2514 5031 2633 5072 sunt
2660 5019 2935 5089 gertles'“,
2969 5020 3368 5090 interpretatio-

147 5116 355 5183 qtterit,
383 5114 539 5185 quasi
561 5109 831 5166 dicatzNe
856 5110 1003 5164 siuas
1026 5124 1112 5164 me
1132 5107 1312 5179 aﬂligi.
1344 5109 1473 5164 lllud
1500 5119 1702 5174 autem,
1811 5125 1931 5165 nem
1984 5111 2078 5177 ita,
2125 5123 2181 5165 ut
2218 5113 2271 5165 in
2319 5122 2545 5180 utroque
2607 5127 2770 5181 opere
2838 5112 3049 5181 legitur,
3098 5113 3370 5166 ascribere

149 5206 225 5261 Ex
249 5205 519 5268 omnibus,
547 5218 672 5259 cum
702 5202 1069 5257 moderatione
1106 5202 1414 5270 adjunctum
1449 5212 1552 5257 est.
1590 5201 1703 5257 Nov
1802 5201 2010 5257 libitum
2043 5212 2146 5257 est.
2190 5203 2558 5273 Chrysostomi
2586 5203 2749 5273 igitur
2786 5205 2897 5257 haec
2934 5212 3101 5257 sunt:
3132 5202 3367 5271 Διαφθα-

150 5299 388 5353 minutim
416 5297 562 5352 enim
597 5294 874 5365 parricida
906 5296 1228 5348 mentionem
1256 5309 1361 5348 non
1395 5292 1542 5357 facit,
1573 5294 1701 5363 quin

1814 5294 1904 5365 ραν
1945 5294 2040 5365 τὴν
2081 5293 2277 5348 κακίαν
2329 5295 2497 5363 λέγει.
2533 5296 2698 5350 Οὐδὲν
2728 5295 2834 5366 γὰρ
2864 5295 3005 5349 οὕτω
3046 5292 3367 5366 διαφθείρει.

149 5391 299 5444 etiam
336 5390 394 5444 in
436 5386 747 5442 calamitate
778 5395 1024 5441 naturam
1054 5385 1322 5457 agnoscit,
1361 5395 1415 5439 et
1449 5396 1701 5454 paterno-

1814 5385 1877 5448 ὥς
1909 5385 2092 5439 κακία.
2114 5386 2277 5439 Οὐδὲν
2304 5386 2411 5459 γὰρ
2436 5386 2819 5458 ἀσθενέστερον
2845 5387 2939 5441 τοῦ
2967 5386 3368 5457 πονηροΰ.Τοῖς

150 5494 257 5535 rum
283 5482 559 5535 viscerum
578 5495 699 5534 .non
727 5479 1076 5535 obliviscitur.
1102 5497 1120 5529 ι
1162 5478 1273 5533 Vox
1303 5478 1517 5548 quidem
1545 5477 1699 5532 πολέ-

1814 5477 2019 5540 ιίκείοις
2046 5476 2228 5540 ὅπλοις
2274 5478 2643 5535 ἁλίσκεται....
2688 5481 2799 5534 Καὶ
2850 5480 2952 5549 δρα
3001 5478 3115 5543 πῶς
3164 5477 3367 5550 κυρίως

208 5662 272 5694 ’ν’
295 5661 438 5716 Psal.
472 5676 562 5721 xy,
589 5663 641 5715 8.
717 5662 763 5692 “
784 5660 1043 5723 Psal.ut,
1073 5662 1126 5715 ‘2.
1204 5659 1267 5691 "‘
1300 5659 1439 5716 Psal.
1479 5675 1577 5723 vti,
1610 5659 1665 5715 2.
1742 5660 1786 5691 “
1821 5659 1948 5716 ibid.
1991 5660 2043 5715 9.

150 5727 346 5787 "Psal.
400 5748 477 5797 IS,
526 5732 581 5798 1,
627 5730 681 5796 8,
730 5733 812 5785 10.
886 5732 953 5763 ’ν
981 5732 1105 5787 ibid.
1143 5731 1225 5785 16.

2123 5664 2188 5693 ιο·
2223 5661 2349 5718 ibid,
2398 5661 2483 5717 18.
2562 5662 2608 5693 ⁷⁸
2638 5660 2765 5716 ibid.
2848 5662 2917 5692 ’θ’
2947 5657 3087 5716 Psal.
3118 5656 3363 5726 “11,34.
