4080 6314
718 355 858 400 CCIII

2070 339 2603 397 PROLEGOMENA.

720 456 980 530 κέχρηται
1021 459 1138 522 ταῖς
1184 456 1408 523 λέξεσιν.
1482 457 1780 528 Ενεπάπη,
1820 459 1973 531 φησὶ,
2015 461 2279 522 τουτέστι,
2311 467 2353 523 Α
2384 460 2598 532 νητικὸν
2644 461 2986 531 παραστῆσαι
3027 463 3363 536 βουλόμενος.
3395 468 3461 522 Τί
3512 469 3721 538 ἐστινὴ
3748 475 3951 543 μερίς-ς

717 547 860 605 κατὰ
903 548 1101 620 κράτος
1134 549 1458 620 κατεσχέθη,
1493 548 1761 618 ἇφευκτος
1804 552 1950 623 αύτῷ
1990 553 2210 621 γέγονεν
2247 555 2281 624 ὴ

716 639 992 713 ἐπιϐουλή.
1024 641 1134 694 Καὶ
1169 641 1329 694 πάλιν
1353 657 1367 671 ’
1417 641 1519 693 Ἔν
1563 641 1766 710 stay-l6:
1812 644 2018 711 ταύτῃ,
2044 639 2084 715 ᾗ
2110 644 2285 712 ἐκρυ-

715 731 866 798 ψαν,
900 730 1251 800 συνελήφθη
1297 733 1330 785 ὁ
1357 730 1512 797 ποῦς
1539 731 1756 786 αὐτῶν.
1782 736 2012 805 Δεσμοῖς
2042 734 2280 798 ἀλύτοις,

717 822 899 892 φησὶν,
950 822 999 874 οί
1049 824 1272 894 πονηροὶ
1306 825 1755 896 ,περιπείρονταμ
1801 845 1819 876 ι
1852 826 2128 880 lnteritum
2172 829 2284 881 sive

716 911 1112 980 corruptionem
1156 912 1286 965 dicit
1320 912 1528 967 vilium.
1590 913 1735 968 Nihil
1780 915 1925 970 enim
1965 930 2117 985 atque
2160 931 2283 970 cor-

718 1001 919 1070 rumpit
968 1012 1026 1056 ut
1061 1002 1272 1056 vitium.
1304 1001 1555 1073 lmprobo
1585 1006 1729 1059 enim
1766 1007 1983 1061 homine
2031 1008 2162 1060 nihil
2202 1017 2284 1063 est

717 1090 1056 1148 imbecillius.
1094 1092 1335 1163 Propriis
1378 1096 1544 1150 armis
1593 1096 1893 1166 capitur...
1937 1096 2067 1153 Vide
2104 1107 2281 1153 autem

715 1198 875 1253 quam
921 1186 1134 1253 proprie
1164 1194 1345 1241 utatur
1388 1188 1736 1243 dictionibus.
1772 1188 1970 1257 Iri/im:
2002 1200 2144 1255 sunt,
2180 1192 2283 1247 hoc

714 1287 819 1339 est,
845 1291 939 1345 per
960 1279 1064 1331 vim
1087 1288 1308 1333 retenta:
1330 1288 1474 1344 sunt,
1499 1290 1622 1335 sunt
1646 1282 1692 1334 ei
1723 1283 2059 1337 inevitabiles
2084 1296 2282 1353 parata

716 1368 941 1422 insidiae.
988 1368 1055 1422 Et
1101 1384 1328 1425 rursus:
1360 1370 1428 1425 In
1472 1371 1656 1439 laqueo
1686 1373 1783 1427 isto
1811 1390 1964 1436 quem
1999 1374 2282 1429 absconde-

715 1468 859 1525 nttzl,
883 1462 1276 1528 comprehensus
1299 1472 1375 1517 est
1398 1480 1487 1532 pes
1511 1481 1690 1518 eorum
1715 1466 1782 1520 7'.
1803 1464 2062 1529 Vinculis,
2088 1468 2279 1536 inquit,

715 1566 834 1620 quze
881 1551 1015 1605 solvi
1067 1563 1356 1623 nequeunt,
1418 1555 1789 1624 astringuntur
1839 1557 2129 1626 improbi.»
2189 1560 2281 1613 Sic

712 1656 843 1696 vero
896 1641 1131 1709 loquitur
1180 1646 1726 1713 pseudo-Theodorus
1764 1665 1777 1700 :
1811 1648 2123 1721 Διαφθορὰν
2175 1652 2278 1723 τὴν

711 1733 906 1785 κακίαν
929 1729 1092 1801 λέγει.
1119 1733 1283 1787 Οὐδὲν
1297 1733 1404 1807 γὰρ
1423 1734 1564 1789 οὕτω
1580 1736 1899 1810 διαφθείρει,
1917 1738 1993 1802 ὡς
2021 1741 2273 1797 κακία....

2384 550 2553 604 Τοῦτο
2602 551 2783 616 αὐτοῖς
2826 552 3061 624 κλῆρος,
3109 558 3278 627 φησὶ,
3323 557 3483 612 τοῦτο
3526 561 3734 633 κτῆμα,
3778 563 3955 634 τούτῳ

2383 643 2830 715 ἐνδιατρίψουσιν,
2867 646 2924 697 ἐν
2950 646 3157 710 τούτοις
3187 647 3672 721 δαπανηθήσονται.
3702 650 3840 707 Εἶτα
3863 657 3957 707 καὶ

2382 734 2416 804 ἡ
2466 734 2642 787 αἰτία⁸
2673 734 2755 787 ὅτι
2801 735 2830 786 ὀ
2875 735 3051 789 πάντα
3086 738 3317 811 ἐφορῶν,
3361 742 3461 795 οὐκ
3497 742 3742 807 ἀνέξεται
3778 745 3955 798 ταῦτα

2383 826 2690 898 ἀτιμωρητὶ
2729 828 3126 899 παραδραμεῖν.
3187 831 3514 902 «Postquam
3562 837 3697 889 dixit
3750 840 3955 905 suppli-

2384 920 2521 971 cium
2551 919 2692 988 quod
2717 932 2783 972 ex
2812 920 2938 973 vitio
2959 920 3151 988 oritur,
3177 924 3427 991 quoniam
3454 924 3602 978 multi
3632 926 3681 980 id
3704 938 3953 982 contem-

2384 1019 2537 1075 nunt,
2582 1023 2813 1066 mentem
2868 1013 3119 1083 deinceps
3172 1015 3536 1085 improborum
3589 1021 3859 1082 concutit,
3900 1029 3954 1072 et

2384 1100 2490 1155 ictu
2520 1100 2610 1170 qui
2646 1115 2880 1168 superne
2916 1101 3164 1165 infertur,
3190 1104 3494 1173 emphatica
3538 1116 3592 1160 et
3623 1123 3733 1161 rem
3766 1110 3952 1175 expri-

2384 1199 2563 1245 mente
2589 1191 2833 1246 oratione
2866 1200 3042 1254 utens,
3073 1206 3127 1247 et
3153 1210 3247 1262 per
3278 1196 3492 1250 nomina
3528 1198 3789 1253 terribilia
3818 1215 3952 1269 pro-

2383 1281 2597 1336 cedens.
2627 1281 2805 1352 ignem
2840 1284 2985 1337 enim
3010 1294 3060 1338 et
3083 1285 3305 1356 sulphur
3331 1295 3385 1342 et
3407 1290 3651 1356 spiritum
3682 1291 3953 1359 procella-

2384 1386 2501 1424 rum
2526 1381 2578 1427 et
2607 1373 2872 1429 carbones
2898 1374 3028 1428 dicit
3050 1376 3129 1430 eis
3155 1390 3388 1445 superne
3412 1379 3728 1447 pluiturum,
3754 1382 3952 1436 dictio.

2385 1479 2509 1516 num
2572 1465 2920 1520 translatione
2971 1480 3188 1536 pmnam
3248 1469 3651 1535 inevitabilem,
3699 1474 3950 1543 supplicii

2383 1552 2766 1622 profusionem,
2811 1554 3034 1610 feriendi
3064 1556 3372 1613 facilitatem
3403 1570 3460 1615 et
3490 1566 3947 1632 consumptricem

2385 1638 2491 1691 vim
2521 1640 2703 1695 volens
2737 1644 3039 1699 ostendere.
3071 1644 3208 1709 Quid
3234 1656 3337 1709 est,
3371 1666 3491 1716 pars
3515 1651 3693 1705 ealict's
3726 1656 3953 1709 eorum?

2385 1729 2527 1797 llaac,
2560 1733 2750 1802 inquit,
2783 1744 2866 1788 est
2900 1750 3020 1790 sors
3052 1751 3236 1791 eorum
3265 1756 3280 1793 :
3307 1741 3419 1795 haec
3447 1744 3714 1811 possessio
3742 1762 3757 1799 :
3799 1746 3855 1799 in
3887 1762 3951 1801 eo

712 1822 777 1874 Τί
804 1822 911 1893 γὰρ
941 1823 1034 1876 τοῦ
1061 1825 1297 1896 πονηροῦ
1326 1803 1728 1899 ἀσθενέστερον,
1754 1803 1971 1895 οίκείοις
1999 1832 2185 1896 ὅπλοις
2212 1837 2274 1905 τῇ

2383 1821 2758 1886 versabantur,
2798 1825 2853 1878 in
2902 1840 2967 1880 eo
3009 1841 3411 1887 consumentur.
3466 1831 3669 1889 Deinde
3719 1850 3947 1890 causam

712 1914 878 1985 κακίᾳ
905 1914 1291 1987 ἀλισκομένου;
1328 1920 1435 1971 Καὶ
1468 1919 1571 1990 ὅρα
1609 1921 1726 1983 πῶς
1751 1922 1956 1993 κυρίως
1982 1926 2102 1988 ταῖς
2133 1924 2279 1989 λέξε-

712 2019 795 2058 σιν
827 2005 1113 2076 ἐχρήσατο.
1159 2006 1589 2077 Ἐνεπάγησαν,
1622 2010 1763 2063 κατὰ
1792 2009 1991 2082 κράτος
2022 2015 2279 2083 κατεσχέ-

710 2091 901 2164 θησαν,
956 2094 1194 2164 ἄφυκτος
1241 2083 1423 2161 αύτόῖς
1477 2098 1699 2167 γέγονεν
1750 2103 1782 2171 ὴ
1832 2103 2111 2176 ἐπιϐουλή.
2170 2105 2278 2158 Καὶ

710 2183 889 2237 πάλιν·
944 2183 1047 2237 Ἐν
1086 2185 1307 2255 παγίδι,
1348 2180 1387 2257 ᾗ
1424 2185 1717 2255 ἔκρυψαν,
1759 2190 2236 2261 συνελήφθησαν
2260 2206 2273 2220 °

711 2273 1007 2338 τουτέστιν,
1039 2273 1254 2346 δεσμοῖς
1300 2275 1513 2339 ἀλύτοις
1552 2277 1934 2349 περιπάρησαν
1964 2281 2107 2354 (sic).
2145 2300 2164 2333 ι
2191 2282 2276 2335 ln-

711 2365 926 2419 teritum
954 2364 1210 2419 malitiam
1241 2375 1412 2421 vocat.
1447 2365 1591 2421 Nihil
1623 2372 1767 2423 enim
1801 2372 1879 2426 sic
1908 2372 2189 2437 interimit,
2221 2380 2278 2427 ut

710 2456 1031 2510 malitia.....
1058 2456 1198 2522 Quid
1238 2459 1381 2511 enim
1431 2459 1748 2515 imbecillius
1775 2473 1857 2516 est
1888 2462 2152 2533 improbo,
2186 2466 2275 2533 qui

710 2548 940 2617 propriis
986 2548 1173 2615 armis,
1217 2547 1421 2603 scilicet
1455 2548 1741 2618 iniquitate
1783 2554 2031 2621 capitur?
2063 2554 2128 2607 Et
2156 2554 2277 2609 vide

707 2653 867 2707 quam
896 2639 1111 2709 proprie
1134 2638 1354 2694 vocibus
1379 2639 1463 2695 bis
1490 2656 1618 2695 usus
1650 2643 1741 2709 sit,
1775 2641 1967 2712 Inﬁxw
1988 2653 2129 2709 sunt,
2162 2646 2275 2699 vio-

709 2728 881 2784 lenter
909 2730 1133 2786 detentae
1172 2741 1314 2796 sunt,
1349 2732 1750 2791 inextricabiles
1788 2736 1917 2804 ipsis
1962 2734 2119 2792 laetae
2147 2748 2273 2793 sunt

710 2821 937 2876 insidiae.
984 2822 1050 2876 Et
1086 2838 1309 2879 rursus:
1339 2821 1407 2877 In
1451 2823 1634 2895 laqueo
1684 2842 1834 2896 quem
1878 2829 2272 2895 absca‘nderum,

706 2914 1062 2982 comprehensi
1092 2921 1233 2979 sunt,
1268 2914 1318 2968 id
1350 2924 1433 2974 est
1462 2917 1688 2971 vinculis
1723 2917 2099 2974 insolubilibus
2132 2918 2273 2974 aﬂixi

708 3014 852 3072 sunt.
876 3022 894 3055 ι
929 3002 1129 3073 Reperi
1159 3004 1354 3059 similia
1388 3006 1440 3059 in
1484 3007 1618 3062 alios
1644 3006 1803 3075 hujus
1834 3009 2027 3079 psalmi
2052 3026 2269 3077 versus;

707 3094 803 3149 sed
840 3109 909 3150 ne
935 3094 1143 3164 longior
1167 3096 1293 3162 sim,
1311 3111 1375 3150 ea
1405 3099 1714 3154 exscribere
1746 3114 1852 3154 non
1880 3114 2122 3169 pergam.
2149 3100 2272 3158 Hac

707 3184 824 3242 loca
847 3186 1048 3252 videre,
1069 3195 1122 3241 et
1147 3188 1286 3243 inter
1311 3202 1429 3243 sese
1455 3204 1768 3259 comparare
1794 3193 1883 3260 qui
1912 3191 2074 3258 volet,
2105 3193 2269 3250 libros

709 3275 855 3346 ipsos
881 3277 1055 3348 legere
1083 3280 1300 3349 poterit.
1331 3280 1577 3352 Scriptor
1607 3284 1677 3336 ita
1706 3283 2097 3355 interpretatur
2126 3287 2270 3355 psal-

709 3381 854 3421 mum
888 3366 1176 3434 decitnum,
1204 3378 1261 3423 ut
1303 3370 1471 3423 multa
1517 3384 1583 3425 ex
1625 3370 1996 3444 Cbrysostotni
2028 3378 2275 3433 oratione

707 3457 761 3512 in
785 3460 1231 3513 commentarium
1268 3460 1525 3514 translata
1563 3476 1683 3517 esse
1716 3473 1948 3521 constet.
1999 3465 2055 3519 Id
2094 3476 2274 3520 autem

706 3558 853 3620 patet
879 3548 965 3604 vel
997 3565 1063 3604 ex
1101 3549 1288 3619 primis
1314 3549 1504 3620 psalmi
1552 3552 1758 3619 verbis,
1803 3569 1923 3623 qua:
1974 3556 2075 3609 hoc
2118 3556 2276 3609 modo

705 3638 1123 3709 Chrysostomus
1152 3642 1435 3711 explanat:
1459 3643 1685 3715 Μεγάλη
1712 3645 1812 3715 τῆς
1835 3645 1928 3698 ἐπὶ
1959 3644 2049 3699 τὸν
2072 3644 2275 3717 Κύριον

706 3728 914 3793 ἐλπίδος
963 3731 998 3802 ἡ
1039 3730 1285 3802 δύναμις,
1327 3731 1582 3804 φρούριον
1624 3733 1941 3806 ἀχείρωτον,
1994 3736 2276 3807 συμμαχία

704 3818 1163 3890 ἁκαταγώνιστος.
1218 3840 1238 3873 ι
1266 3822 1469 3893 Magna:
1498 3834 1625 3878 sunt
1661 3825 1803 3878 vires
1850 3826 1962 3894 spei
2004 3827 2054 3879 in
2099 3827 2274 3882 Domi-

707 3924 855 3975 num,
882 3911 1187 3979 praesidium
1215 3913 1358 3981 quod
1386 3928 1490 3968 non
1521 3922 1697 3982 potest
1719 3914 1987 3983 superari,
2014 3916 2272 3971 auxilium

708 4000 1087 4071 insuperabile.
1115 4020 1133 4053 ι
1165 4000 1317 4057 Haud
1344 4003 1499 4059 aliter
1530 4005 2102 4075 pseudo-Theodorus,
2123 4006 2274 4075 cujus

708 4091 823 4147 hac
868 4101 992 4147 sunt
1021 4111 1036 4147 :
1064 4093 1291 4164 Μεγάλη
1331 4094 1428 4165 τῆς
1477 4096 1569 4149 ἐπὶ
1613 4095 1704 4150 τὸν
1745 4096 1949 4167 Κύριον
1993 4097 2202 4161 ἐλπίδος
2239 4102 2272 4169 ἠ

704 4181 949 4253 δύναμις,
993 4183 1248 4256 φρούριον
1292 4185 1609 4257 ἀχείρωτον,
1659 4188 1942 4259 συμμαχία
1990 4187 2274 4257 ἁκαταγώ-

706 4291 904 4339 νιστος.
947 4293 966 4326 ι
992 4275 1180 4347 Magna
1229 4278 1309 4332 vis
1352 4280 1463 4347 spei
1519 4280 1572 4333 in
1607 4278 1891 4334 Dominum
1920 4284 2270 4350 :praesidium

705 4374 791 4420 est
816 4366 1247 4437 inexpugnabile,
1290 4368 1550 4422 auxilium
1590 4370 1973 4440 insuperabile.
1999 4390 2018 4423 ι
2071 4371 2273 4427 Omitto

2382 1926 2594 1982 quoque
2623 1911 2799 1979 all'ert,
2851 1915 2992 1985 quod
3029 1917 3118 1986 qui
3166 1919 3343 1973 omnia
3391 1923 3631 1992 respicit,
3676 1941 3782 1979 non
3831 1942 3951 1995 per-

2384 2005 2550 2059 mittit
2576 2015 2634 2059 ut
2666 2006 2779 2061 haec
2817 2007 3035 2077 impune
3064 2009 3280 2064 abeant.
3302 2029 3321 2064 ›
3353 2012 3661 2070 Audiendus
3690 2033 3839 2071 nunc
3871 2030 3953 2073 est

2380 2096 2939 2166 pseudo-Theodorus.
2972 2100 3064 2168 qui
3093 2102 3171 2156 sic
3197 2101 3431 2171 loquitur
3462 2122 3475 2157 :
3506 2106 3690 2159 Εἰπὼν
3715 2109 3819 2180 τὴν
3843 2111 3953 2163 ἀπὸ

2378 2184 2477 2257 τῆς
2506 2187 2703 2249 κακίας
2734 2187 2910 2257 δίκην,
2935 2190 3057 2242 ἐπεὶ
3087 2190 3269 2243 πολλοὶ
3296 2191 3498 2264 ταύτης
3521 2198 3949 2268 καταφρονοῦσι,

2379 2278 2651 2330 κατασείει
2683 2277 2780 2348 τὴν
2823 2278 3057 2333 διάνοιαν
3096 2282 3202 2334 τῶν
3231 2284 3502 2355 πονηρῶν,
3530 2288 3853 2361 ἐμφαντικῷ
3878 2292 3953 2360 τῷ

2377 2369 2519 2440 λόγῳ
2549 2367 2847 2441 χρώμενος,
2883 2373 2977 2426 καὶ
3016 2373 3103 2426 διὰ
3130 2374 3374 2447 φοϐερῶν
3411 2378 3687 2449 ὀνομάτων
3718 2384 3951 2454 προῖὼν,

2377 2464 2472 2516 καὶ
2514 2463 2653 2517 ὑλῶν
2695 2467 2892 2538 πολλὴν
2938 2469 3175 2538 ἐχουσῶν
3217 2470 3314 2543 τὴν
3359 2476 3645 2545 τιμωρίαν,
3682 2478 3818 2550 πῦρ,
3861 2483 3951 2534 καὶ

2378 2551 2539 2618 θεῖον,
2584 2556 2677 2610 καὶ
2705 2557 2918 2629 πνεῦμα
2947 2561 3279 2628 καταιγίδος,
3310 2562 3403 2615 καὶ
3436 2563 3709 2637 ἄνθρακας
3742 2570 3952 2623 ἄνωθεν

2376 2645 2549 2716 λέγων
2579 2649 2739 2703 αὐτὸν
2769 2650 2993 2705 ὖσεσθαι
3024 2653 3165 2723 (sic),
3197 2657 3262 2725 τῇ
3300 2629 3579 2729 μεταφορᾷ
3611 2629 3709 2729 της
3752 2661 3951 2729 λέξεως

2376 2737 2436 2791 τὸ
2465 2740 2703 2808 ἄφυκτον
2726 2742 2824 2814 τῆς
2846 2745 3133 2815 τιμωρίας,
3166 2746 3228 2799 τὸ
3252 2748 3468 2816 δαψιλὲς
3500 2752 3589 2804 καὶ
3624 2752 3684 2805 τὸ
3726 2754 3952 2808 εὔκολον

2376 2830 2473 2901 τῆς
2494 2830 2726 2904 πληγῆς,
2752 2835 2812 2886 τὸ
2834 2834 3199 2907 δαπανητικὸν
3222 2841 3571 2912 παραστῆσαι
3598 2844 3950 2917 βουλόμενος.

2378 2922 2556 2992 Μερῑς
2579 2924 2635 2978 δὲ
2664 2926 2783 2979 ἀντὶ
2824 2927 2918 2981 τοῦ
2955 2928 3173 3001 κλῆρος,
3206 2932 3297 2985 καὶ
3328 2934 3484 2988 τοῦτο
3509 2937 3688 3001 αὐτοῖς
3722 2940 3949 3012 κλῆρος,

2376 3014 2433 3069 ὲν
2472 3015 2681 3081 τούτοις
2715 3018 3204 3092 δαπανηθήσονται.
3241 3021 3374 3079 Εἶτα
3403 3028 3495 3081 καὶ
3532 3031 3564 3099 ὴ
3594 3031 3741 3083 αίτία
3765 3049 3780 3062 ·
3820 3033 3950 3086 Ὅτι

2374 3108 2600 3177 δίκαιος
2618 3112 2831 3181 Κύριος
2850 3132 2864 3145 ο
2894 3115 3013 3167 ἀντὶ
3037 3117 3128 3170 τοῦ
3152 3134 3167 3147 ο
3205 3118 3262 3172 '0
3293 3123 3402 3191 γὰρ
3420 3122 3594 3175 πάντα
3617 3124 3832 3195 ἐφορῶν
3853 3127 3951 3179 οὐκ

2380 3200 2626 3267 ἀνέξεται
2691 3203 2862 3258 ταῦτα
2923 3205 3231 3279 ἀτιμωρητὶ
3303 3213 3701 3284 παραδραμεῖν.
3764 3234 3783 3265 ι
3816 3216 3950 3270 Cum

2382 3292 2570 3361 ipsam,
2597 3308 2714 3363 qua:
2736 3308 2802 3348 ex
2824 3296 3025 3350 malitia
3055 3300 3320 3367 provenit,
3345 3317 3559 3372 poenam
3586 3310 3952 3362 recensuisset

2379 3380 2527 3451 (quia
2580 3383 2733 3437 multi
2783 3385 2923 3440 hanc
2972 3392 3364 3459 contemnunt),
3423 3394 3663 3462 percellit
3704 3397 3950 3450 animum

2381 3474 2759 3545 malignorum,
2782 3479 3088 3534 vehementi
3113 3497 3363 3539 sermone
3388 3493 3566 3551 utens,
3596 3495 3650 3540 et
3682 3488 3952 3543 territilia

2379 3566 2592 3621 nomina
2622 3566 2925 3637 proferens,
2953 3587 3018 3625 ac
3047 3577 3302 3630 materias
3332 3594 3452 3647 qua:
3483 3594 3734 3649 magnum
3771 3580 3950 3636 inclu-

2378 3655 2511 3710 dunt
2555 3660 2876 3727 cruciatum,
2920 3672 2979 3716 ut
3010 3664 3135 3719 dum
3170 3666 3245 3719 ait
3280 3667 3477 3737 ignem,
3515 3679 3569 3725 et
3614 3671 3867 3741 sulphur,
3898 3683 3953 3727 et

2376 3747 2625 3815 spiritum
2674 3751 2941 3819 procellae,
2978 3756 3351 3827 carbonesque
3384 3759 3581 3827 ignitos
3608 3775 3773 3829 super
3807 3766 3952 3831 ipsos

2377 3835 2695 3908 pluiturum,
2748 3844 3119 3911 metapliorico
3158 3861 3406 3901 sermone
3451 3849 3796 3907 intolerabile
3829 3870 3951 3923 sup-

2376 3928 2619 3997 plicium,
2648 3937 2703 3982 et
2737 3930 2957 3986 uberem
3008 3933 3333 4005 facilemque
3359 3936 3566 4008 plagam
3604 3956 3667 3995 ac
3698 3942 3951 3998 devasta-

2376 4018 2576 4072 tionem
2621 4035 2925 4090 proponere
2954 4025 3163 4081 volens.
3210 4026 3346 4082 Pars
3383 4039 3557 4084 autem
3601 4032 3686 4087 bic
3727 4037 3951 4103 ponitur

2374 4121 2473 4178 pro
2506 4118 2681 4174 sorte,
2716 4112 2873 4180 quasi
2901 4113 3039 4169 dicat
3066 4133 3077 4168 :
3104 4115 3229 4171 llaec
3257 4118 3463 4171 illorum
3488 4134 3604 4175 sors
3633 4134 3735 4186 est,
3768 4126 3823 4178 in
3868 4127 3949 4179 his

2375 4210 2779 4256 consumentur.
2801 4203 3003 4260 Deinde
3032 4208 3195 4261 etiam
3230 4223 3389 4262 causa
3421 4210 3726 4279 adjungilur
3752 4235 3765 4268 :
3799 4214 3945 4279 Quae

2374 4292 2514 4345 niam
2558 4292 2739 4360 justus
2795 4292 3095 4360 Dominus,
3157 4300 3308 4366 quasi
3366 4299 3741 4369 diceretzQui
3799 4306 3944 4359 enim

2372 4383 2552 4437 omnia
2582 4384 2747 4451 videt,
2782 4399 2887 4439 non
2921 4387 3061 4442 sinet
3087 4389 3199 4443 lucc
3229 4390 3443 4457 impune
3476 4394 3833 4459 pertransire.
3877 4420 3894 4448 ι

706 4471 812 4512 non
842 4471 1027 4526 ριιιοθν
1059 4473 1176 4526 qua:
1206 4459 1272 4512 ad
1311 4459 1533 4514 verbum
1576 4475 1643 4514 ex
1685 4462 1873 4516 80dem
1906 4462 2054 4517 Γοηιϐ
2082 4463 2135 4517 in
2168 4464 2270 4519 hoc
2300 4487 2347 4546 ι)
2442 4474 2532 4527 47.
2563 4473 3020 4531 Commentarium
3053 4480 3179 4534 dum
3206 4480 3382 4548 legere
3411 4497 3595 4552 pergo,
3622 4487 3749 4539 mihi
3786 4488 3944 4543 facile

704 4546 1042 4618 explanando
1068 4549 1276 4619 psalmo
1320 4550 1448 4605 hinc
1493 4551 1618 4606 inde
1649 4550 1835 4607 hausit
1866 4554 2268 4622 pseudo-Theo-

706 4639 905 4706 dorus;
938 4641 1032 4696 sed
1062 4651 1237 4697 tamen
1267 4658 1331 4699 ea
1367 4658 1486 4713 qua:
1515 4645 1582 4698 ab
1608 4653 1836 4715 utroque
1867 4648 2161 4718 interprete
2193 4651 2272 4704 di-

706 4739 902 4786 cuntur
919 4732 973 4787 in
998 4732 1085 4787 illa
1104 4752 1119 4787 :
1144 4734 1292 4787 l’luet
1309 4751 1462 4803 super
1485 4746 1775 4804 peccatores
1806 4738 2015 4809 laqueos
2033 4741 2123 4806 "',
2140 4752 2269 4803 etc.,

704 4822 978 4889 praeterire
1008 4838 1114 4879 non
1146 4840 1304 4895 queo.
1342 4825 1711 4896 Chrysostomi
1764 4830 1924 4899 igitur
1956 4831 2067 4887 haec
2099 4844 2223 4887 sunt
2253 4847 2267 4885 :

703 4906 888 4963 Είπὼν
913 4910 1011 4983 τὴν
1035 4912 1141 4965 ἀπὸ
1161 4914 1258 4983 τῆς
1285 4914 1480 4978 κακίας
1506 4915 1681 4987 δίκην,
1703 4918 1888 4990 ἐπειδὴ
1911 4920 2114 4992 ταύτης
2142 4908 2271 4975 πολ-

702 4998 784 5052 λοὶ
811 5001 1227 5073 καταφρονοῦσι,
1257 5004 1440 5057 λοιπὸν
1467 5008 1741 5061 κατασείει
1766 5010 1863 5081 τὴν
1888 5011 1996 5066 τῶν
2022 5014 2271 5085 πονηρῶν

702 5090 938 5147 διάνοιαν
972 5095 1081 5148 ἀπὸ
1112 5097 1205 5167 τῆς
1234 5097 1437 5151 ἄνωθεν
1466 5101 1770 5171 φερομένης
1799 5101 2029 5173 πληγῆς,
2060 5106 2268 5174 ἐμφαν-

703 5183 864 5247 τικῶς
885 5181 962 5254 τῷ
986 5182 1127 5255 λόγῳ
1149 5186 1445 5258 χρώμενος,
1475 5191 1569 5243 καὶ
1595 5191 1680 5244 διὰ
1704 5191 1947 5263 φοϐερῶν
1993 5195 2270 5265 ὀνομάτων

702 5272 927 5345 προῖὼν.
959 5275 1077 5347 Πῦρ
1106 5278 1211 5345 γὰρ
1245 5280 1338 5333 καὶ
1380 5279 1539 5344 θεῖον,
1566 5283 1659 5334 καὶ
1696 5282 1907 5353 πνεῦμα
1932 5287 2262 5354 καταιγίδος,

704 5364 799 5417 καὶ
832 5365 1100 5437 ἄνθρακας
1130 5370 1310 5433 αὐτοῖς
1354 5371 1554 5425 ἄνωθεν
1586 5372 1731 5441 λέγει
1761 5374 1975 5428 ὖεσθαι’
2004 5379 2067 5447 τῇ
2106 5395 2267 5447 μετα-

704 5457 845 5527 φορᾷ
874 5458 982 5511 τῶν
1005 5459 1198 5525 λέξεων
1230 5463 1290 5514 τὸ
1315 5464 1553 5531 ἄφυκτον
1577 5466 1676 5535 τῆς
1704 5468 1990 5539 τιμωρίας,
2021 5470 2083 5521 τὸ
2113 5470 2267 5539 δαψι-

700 5546 791 5611 λὶς
817 5548 916 5620 τῆς
944 5550 1229 5616 κολάσεως,
1262 5556 1323 5606 τὸ
1364 5555 1580 5613 εύκολον
1612 5560 1710 5629 τῆς
1741 5560 1973 5630 πληγῆς,
2007 5561 2066 5614 τὸ
2094 5562 2264 5617 δαπα-

773 5727 821 5759 "
851 5726 991 5784 Psal.
1025 5747 1099 5793 ιχ,
1131 5731 1213 5785 lii.
1275 5736 1342 5764 "'
1378 5735 1515 5791 Psal.
1549 5754 1602 5797 x,
1644 5737 1693 5790 7.

2377 4566 2675 4634 persuadeo
2704 4581 2825 4621 enm
2858 4583 2964 4624 non
3013 4570 3228 4627 aliunde
3268 4574 3435 4643 magis
3461 4591 3619 4644 quam
3648 4592 3680 4630 e
3702 4579 3946 4650 Chryso-

2375 4654 2533 4708 stomi
2547 4655 2880 4711 orationibus
2901 4670 3211 4728 excerptum
3232 4677 3370 4717 esse.
3396 4664 3602 4717 Etenim
3619 4665 3689 4719 ita
3708 4670 3944 4736 pseudo—

2377 4746 2691 4803 Theodorus
2740 4750 2999 4817 psalmum
3045 4754 3388 4808 undecimum
3429 4756 3842 4828 interpretatur,
3889 4772 3943 4817 ut

2376 4852 2497 4892 eum
2545 4839 2667 4894 inde
2717 4842 3004 4895 maximam
3060 4858 3169 4899 sua:
3218 4846 3675 4916 interpretationis
3726 4864 3942 4921 partem

2377 4938 2675 4984 mutuatum
2699 4947 2821 4988 esse
2842 4943 3071 4989 constet.
3092 4936 3158 4990 Et
3181 4954 3247 4993 ne
3271 4939 3409 4993 hunc
3433 4940 3695 5009 psalnmm
3718 4947 3946 5001 omnino

2378 5021 2653 5089 praeterire
2694 5023 2997 5086 videamur,
3039 5027 3247 5082 initium
3304 5035 3674 5086 commentarii
3718 5052 3830 5091 non
3868 5039 3946 5106 pi-

2376 5107 2520 5175 gebit
2574 5112 2865 5165 ascribere.
2930 5114 3007 5168 Eo
3066 5117 3223 5185 igitur
3292 5118 3390 5175 loci
3459 5123 3569 5177 lucc
3632 5125 3940 5181 habentur:

2375 5194 2541 5263 Οὗτος
2596 5202 2624 5253 ὁ
2684 5204 2948 5275 μακάριος
3011 5208 3169 5277 μόνος
3227 5211 3669 5283 ἀπειλημμένος,
3722 5219 3944 5272 πάντων

2369 5292 2466 5361 τὴν
2491 5295 2734 5348 ἐναντίαν
2764 5295 3103 5369 βαδιζόντων,
3134 5304 3225 5357 ἐπὶ
3251 5304 3349 5377 τὴν
3381 5307 3475 5360 τοῦ
3507 5307 3639 5363 Θεοῦ
3684 5312 3943 5382 πρόνοιαν

2372 5386 2719 5454 καταφεύγει.
2763 5391 2869 5442 Καὶ
2900 5393 2999 5445 οὐκ
3024 5391 3194 5461 εἶπεν,
3229 5397 3310 5449 ὃτι
3354 5400 3573 5467 γέγονεν
3614 5402 3788 5468 ὅσιος,
3831 5406 3940 5458 ἀλλ’

2372 5475 2453 5527 ὅτι
2482 5475 2575 5527 καὶ
2602 5478 2648 5529 οἱ
2675 5478 2825 5544 ὄντες
2847 5483 3136 5551 ἀπώλοντο,
3165 5489 3286 5542 ἐπεὶ
3315 5491 3612 5562 ἐκράτησεν
3700 5499 3938 5551 κακία...

2374 5566 2582 5639 Ὥσπερ
2626 5570 2731 5623 τῶν
2765 5575 3065 5644 χρωμάτων
3121 5580 3189 5633 τὰ
3237 5584 3333 5652 μὲν
3379 5583 3552 5654 ἀληθῆ
3598 5589 3728 5652 εισι,
3775 5590 3845 5643 τὰ
3887 5590 3938 5641 δὲ
