4088 6310
1280 367 1340 417 ὶ).
1384 366 1529 419 JUL.
1569 366 1897 421 CARNEBII
1939 368 2324 420 PRAZFATIO.

3220 382 3383 423 CCUH

160 484 316 557 ψευδῆ
342 505 353 515 ·
397 486 537 538 οὕτω
570 485 664 534 καὶ
699 483 885 535 πολλαί
916 484 1051 535 εἰσιν
1076 483 1346 554 ὰλὴθειαι,
1371 483 1505 537 ἀλλά
1528 484 1729 554 κυρίως

1835 484 2024 550 ges-imi
2080 485 2221 535 tertii
2270 486 2431 553 verba
2482 482 2922 549 interpretantis:
2969 482 3389 548 Ἀνακτωμένων

161 575 377 643 ἀλήθεια
404 574 468 625 τὸ
495 572 664 637 ὅντως
695 574 773 629 δν.
820 575 971 627 Ἐπεὶ
1002 573 1057 626 δὲ
1096 573 1381 628 καὶταῦτα
1407 572 1729 646 διέστραπτο

163 671 245 723 καὶ
269 665 625 736 ἠμαύρωντο,
655 668 717 720 ού
750 668 849 736 τὴν
877 666 1176 721 ἀπόστασιν
1214 667 1574 731 ἀπολέσαντα,
1614 666 1729 723 ἀλλ’

161 755 258 809 ἀπὺ
292 752 407 805 τῶν
432 752 732 826 ἀνθρώπων
764 751 1183 820 φυγαδευθέντα.
1214 773 1231 805 ι
1273 752 1369 807 llic
1391 766 1612 810 sanctus
1640 772 1729 811 so-

163 849 236 898 lus
258 843 577 907 derelictus,
602 842 854 898 omnibus
878 846 1209 899 contrariam
1233 843 1375 897 viam
1403 845 1728 908 ineuntibus,

164 935 222 985 ad
253 932 350 987 Dei
385 932 780 1003 providentiam
812 932 1074 1003 confugit.
1115 935 1183 988 Et
1230 948 1335 987 non
1372 933 1507 988 dixit
1538 950 1552 987 :
1583 934 1730 1002 Quo-

165 1024 296 1076 niam
320 1033 547 1080 sanctus
571 1022 693 1087 fuit,
712 1022 804 1075 sed
833 1024 973 1091 quod
1004 1025 1057 1079 hi
1086 1026 1249 1078 etiam
1273 1024 1362 1092 qui
1386 1026 1555 1081 sancti
1580 1037 1727 1089 sunt,

163 1116 442 1185 perierint,
473 1130 540 1170 eo
580 1114 719 1183 quod
760 1116 1103 1184 prznvaluerit
1148 1114 1421 1173 malitia...
1461 1118 1729 1182 Quemad-

165 1208 376 1265 modum
430 1207 639 1262 colores
685 1206 846 1277 aliqui
879 1210 1093 1279 quidem
1134 1219 1258 1263 sunt
1290 1209 1428 1270 veri,
1478 1208 1567 1261 alii
1603 1225 1729 1265 vero

164 1300 271 1355 falsi
301 1319 315 1353 :
350 1299 545 1352 eodem
573 1298 732 1353 modo
762 1300 941 1356 multa:
969 1302 1133 1357 etiam
1164 1309 1284 1353 sunt
1325 1298 1600 1367 veritates,
1636 1302 1727 1355 sed

162 1391 371 1460 proprie
398 1389 601 1446 veritas
624 1399 707 1446 est
729 1390 781 1446 id
810 1394 950 1464 quod
978 1406 1104 1445 vere
1131 1398 1231 1445 est.
1257 1390 1391 1458 Quia
1416 1405 1544 1446 vero
1565 1391 1729 1446 etiam

164 1483 269 1537 hac
321 1495 581 1550 perversa
626 1490 803 1548 erant,
853 1494 906 1537 ct
954 1479 1247 1547 oﬂ'uscata;
1295 1497 1400 1538 non
1432 1481 1574 1552 quod
1603 1482 1730 1535 sub-

162 1572 413 1627 stantiam
446 1573 828 1643 perdidissent.
860 1573 952 1629 sed
985 1573 1127 1643 quod
1158 1574 1223 1629 ab
1250 1575 1556 1630 hominibus
1585 1574 1728 1627 rele-

164 1673 277 1732 gata
311 1674 521 1728 essent,
553 1683 573 1716 ι
603 1674 706 1720 etc.
752 1664 849 1718 His
889 1664 1153 1719 absimilia
1193 1681 1297 1720 non
1332 1675 1459 1718 sunt
1492 1680 1610 1733 quae
1648 1666 1725 1721 le-

166 1768 355 1823 guntur
385 1757 527 1825 apud
562 1757 1025 1825 Chrysostomum,
1060 1758 1163 1812 hoc
1196 1758 1353 1811 modo
1382 1773 1396 1808 :
1432 1751 1599 1823 Οὗτος
1632 1760 1726 1813 ἆτε

163 1850 221 1922 δὴ
258 1852 423 1921 μόνος
454 1851 624 1921 αὐτῆς
648 1851 1064 1924 ἐπειλημμένος,
1105 1852 1321 1906 πάντων
1358 1852 1455 1925 τὴν
1486 1856 1732 1908 ἐναντίαν

166 1942 508 2011 βαδιζόντων,
529 1944 623 1997 ἐπὶ
646 1944 744 2015 τὴν
775 1944 869 1997 τοῦ
892 1943 1027 1997 Θεοῦ
1049 1946 1304 2017 πρόνοιαν
1330 1946 1729 2015 καταφεύγει...

167 2034 268 2088 Καὶ
284 2035 391 2088 οὐκ
418 2031 561 2103 εἷπε,
594 2032 805 2092 Σῶσόν
830 2054 927 2108 με,
954 2038 1035 2091 ὅτι
1061 2039 1123 2093 ού
1153 2038 1374 2109 γέγονεν
1400 2038 1563 2103 ὅσιος,
1597 2038 1731 2105 ἀλλ’,

166 2126 279 2180 Ὅτι
305 2127 669 2184 ἐκλέλοιπεν
696 2130 863 2197 ὅσιος
879 2147 894 2161 ⁸
917 2130 1129 2194 δεικνὺς
1160 2132 1241 2185 ὅτι
1271 2130 1364 2185 καὶ
1384 2132 1431 2183 οἱ
1456 2130 1607 2202 οντες
1632 2132 1736 2185 ἀπ-

163 2218 375 2285 ώλοντο,
410 2222 599 2293 ἐπειδὴ
626 2223 925 2293 ἐκράτησεν
968 2223 1001 2291 ἡ
1046 2221 1284 2276 κακία...
1336 2222 1602 2292 Καθάπερ
1644 2225 1741 2275 ἐπὶ

164 2307 264 2361 τῶν
287 2310 619 2380 χρωμάτων,
665 2312 760 2364 καὶ
798 2311 905 2362 τῶν
934 2310 1107 2365 ἄλλων
1136 2310 1323 2378 ζειδῶν,
1359 2310 1426 2364 τὰ
1462 2310 1559 2381 μέν
1588 2314 1735 2366 ἐστιν

163 2399 354 2470 ἀληθῆ,
390 2400 459 2454 τά
484 2400 542 2453 δὲ
565 2401 799 2473 ψευδῆ...
836 2401 978 2455 οὕτω
1017 2401 1075 2456 δὲ
1116 2402 1209 2456 καὶ
1243 2402 1337 2455 ἐπὶ
1364 2402 1471 2457 τῶν
1503 2402 1733 2476 ἀρετῶν.

176 2490 426 2561 Ἀλήθεια
447 2491 557 2562 γὰρ
585 2492 647 2546 τὸ
676 2493 843 2559 ὄντως
868 2494 945 2557 ὃν,
976 2493 1169 2566 ψεῦδος
1201 2496 1259 2550 δέ
1288 2495 1347 2549 τὺ
1377 2496 1451 2568 μὴ
1473 2495 1551 2549 ὃν.
1588 2496 1737 2549 Ἐπεὶ

163 2576 251 2635 οὖν
279 2584 454 2639 ταῦτα
497 2584 821 2658 διέστραπτο
856 2588 949 2640 καὶ
989 2588 1332 2658 ὴμαύρωντο,
1371 2590 1432 2641 οὐ
1466 2588 1563 2661 τὴν
1607 2589 1736 2643 ὑπόσ

166 2692 347 2729 στασιν
381 2677 724 2731 ἀπολέσαντα
767 2679 825 2744 ἐξ
858 2679 1085 2743 ἐαυτῶν,
1116 2680 1231 2731 ἀλλ’
1263 2681 1369 2733 ὑπὸ
1400 2681 1507 2733 τῶν
1531 2681 1739 2751 ἀνθρώ-

166 2783 276 2819 πων
309 2767 738 2836 φυγαδευθέντα,
768 2780 874 2825 etc.
920 2789 939 2822 ι
974 2769 1071 2825 Hic
1098 2786 1311 2841 quoque
1335 2772 1537 2842 justus,
1567 2783 1625 2827 ut
1645 2775 1735 2842 qui

166 2855 307 2912 solus
348 2872 470 2912 eam
501 2859 964 2929 apprehendisset,
1010 2863 1222 2917 caeteris
1252 2872 1443 2917 contra
1473 2865 1739 2918 tendenti-

168 2948 282 3011 bus.
309 2948 560 3019 confugit
584 2953 649 3004 ad
682 2950 771 3005 Dei
804 2953 1266 3021 providentiam...
1312 2955 1377 3009 Et
1414 2971 1517 3010 non
1558 2956 1735 3011 dixit:

166 3036 376 3094 Salvum
408 3058 489 3095 me
522 3041 629 3110 (ac,
659 3042 913 3111 quoniam
947 3058 1054 3097 non
1077 3054 1161 3098 est
1193 3056 1434 3110 sanctus,
1467 3048 1559 3101 sed
1592 3046 1737 3112 Quo-

168 3133 303 3185 Iu'aus
348 3133 540 3202 defecit
594 3135 871 3189 sanctus"
895 3178 911 3203 ,
961 3136 1250 3192 ostendens
1293 3152 1387 3194 eos
1425 3140 1611 3205 etiam,
1646 3142 1735 3210 qui
1764 3174 1805 3233 ο

170 3240 343 3295 erant,
386 3229 636 3297 periisse,
671 3242 955 3301 postquam
995 3233 1215 3288 invaluit
1248 3233 1502 3290 vitium...
1548 3236 1738 3303 Quem-

172 3320 455 3376 admodum
486 3326 538 3376 in
565 3323 836 3379 coloribus
860 3334 915 3379 et
937 3324 1058 3379 aliis
1080 3326 1366 3397 generibus
1392 3327 1494 3380 alia
1521 3329 1734 3396 quidem

169 3422 291 3467 sunt
318 3428 473 3477 vera,
508 3414 610 3468 alia
641 3413 840 3471 falsa...
869 3415 940 3469 ita
972 3415 1135 3469 etiam
1161 3415 1213 3469 in
1235 3416 1545 3472 virtutibus.
1579 3416 1734 3473 Veri-

172 3514 250 3561 tas
270 3505 415 3560 enim
437 3515 525 3561 est
549 3507 693 3576 quod
716 3522 840 3562 vere
864 3516 949 3562 est
974 3522 989 3560 :
1022 3507 1358 3563 mendacium
1388 3519 1567 3564 autem
1593 3512 1735 3580 quod

171 3609 270 3648 non
301 3605 404 3650 est.
454 3594 721 3661 Quoniam
758 3611 889 3666 ergo
916 3596 1029 3652 haec
1074 3597 1306 3662 inversa,
1349 3605 1403 3653 et
1446 3599 1735 3653 obscurata

169 3684 398 3753 fuerant,
448 3703 554 3741 non
602 3689 742 3756 quod
774 3702 924 3743 suam
959 3690 1307 3758 perdiderant
1352 3691 1731 3755 substantiam,

168 3778 256 3831 sed
287 3779 431 3846 quod
461 3777 532 3832 ab
567 3778 872 3833 hominibus
905 3779 1081 3849 fugata
1115 3781 1349 3842 fuerant,
1389 3801 1407 3832 ι
1446 3794 1555 3836 etc.
1598 3783 1732 3837 Cum

167 3877 271 3922 tam
300 3869 469 3923 multa
492 3870 750 3925 hactenus
778 3872 1067 3939 sumpserit
1096 3873 1644 3939 pseudo-Theodorus
1667 3889 1733 3930 ex

165 3962 499 4017 orationibus
528 3962 918 4032 Chrysostomi,
950 3963 1142 4018 mirum
1186 3966 1354 4021 videri
1400 3982 1509 4021 non
1551 3967 1732 4034 debet,

166 4054 209 4108 si
231 4056 297 4109 ab
326 4055 423 4109 illo
444 4055 677 4126 plurima
708 4070 923 4125 quoque
964 4057 1016 4110 in
1054 4056 1393 4125 explanando
1416 4060 1734 4115 duodecimo

169 4145 369 4211 psalmo
403 4155 679 4201 mutuatus
701 4148 792 4201 sit.
826 4145 893 4201 Et
924 4154 1073 4201 certe
1100 4161 1227 4215 pars
1266 4148 1503 4202 masima
1544 4163 1731 4204 eorum

167 4252 283 4305 quae
310 4254 339 4292 a
369 4238 886 4309 pseudo-Theodoro
919 4240 1191 4302 dicuntur,
1245 4240 1380 4294 nihil
1429 4240 1574 4296 aliud
1607 4249 1734 4296 sunt

166 4344 319 4397 quam
358 4332 517 4383 varia
560 4330 820 4385 orationis
860 4330 1232 4402 Chrysostomi
1279 4331 1600 4403 fragmenta,
1641 4347 1733 4386 ea-

165 4437 266 4489 que
292 4421 434 4475 male
464 4430 670 4476 assuta.
716 4420 847 4491 Ejus
877 4424 954 4477 rei
990 4432 1204 4487 exstant
1231 4424 1476 4493 exempla
1528 4425 1579 4478 in
1615 4425 1731 4493 ipso

1830 576 1879 626 οἱ
1918 574 2063 641 λόγοι
2094 574 2216 636 τοὺς
2247 571 2323 641 τῷ
2353 574 2541 643 πλήθει
2585 572 2678 626 καὶ
2716 573 2781 639 τῇ
2815 570 2955 639 ἰσχύῖ
2986 572 3093 623 τῶν
3122 568 3392 635 πολεμίων

1832 662 2281 733 καταδληθέντας.
2324 664 2430 715 Καὶ
2459 662 2735 735 προτροπή
2778 661 2914 722 ἐστι,
2953 659 3013 711 τὸ
3045 663 3147 714 πᾶν
3180 658 3271 712 ἐπὶ
3303 656 3393 707 τὸν

1830 755 1961 809 Θεὸν
1998 752 2148 825 ῥῖψαι
2179 754 2491 818 κελεύουσα,
2531 755 2739 827 καὶτῆς
2763 750 2970 806 ἐκεῖθεν
3001 749 3208 814 ἐλπίδος
3235 748 3393 818 ἐξαρ-

1829 846 1995 915 τῆσαι
2035 847 2135 915 τὴν
2170 846 2345 917 νίκην.
2376 844 2475 899 Διὰ
2514 845 2565 897 τί
2606 845 2661 898 δὲ
2700 849 2811 909 τοῖς
2837 842 2974 908 dmi;
3016 840 3120 893 τίνι
3164 842 3269 911 γάρ
3309 856 3395 902 τις

1834 935 1991 1006 μέρει
2026 934 2169 1006 ἄλλῳ
2196 937 2412 1002 ἀκούεις
2457 935 2650 990 Κοινὸν
2684 935 2799 999 ἔθος
2834 935 3001 996 ἐστὶν,
3024 932 3151 985 ὃταν
3185 946 3266 993 τις
3293 948 3391 982 πε-

1830 1027 2289 1097 πληροφορημένα
2314 1028 2585 1099 διηγῆται,
2624 1025 2929 1094 προτιθέναι
2958 1025 3069 1088 τοῖς
3096 1021 3228 1074 ὠσὶν
3255 1020 3392 1089 ἀκη-

1829 1120 2076 1174 κοέναι...
2111 1121 2250 1191 Ὂρα
2284 1120 2340 1173 δὲ
2377 1119 2492 1181 πῶς
2516 1118 2665 1173 δεινὰ
2692 1118 3006 1187 πάσχοντες,
3032 1118 3093 1171 ού
3122 1114 3390 1182 λέγουσιν.

1826 1211 1889 1267 τὸ
1920 1213 2012 1267 καὶ
2040 1212 2100 1265 τὸ
2125 1210 2396 1281 ἐπάθομεν
2437 1211 2524 1264 διὰ
2549 1213 2628 1275 σὲ,
2676 1210 2940 1282 βοήθησον
2972 1211 3099 1279 ἡμῖν
3122 1227 3134 1239 ·
3178 1205 3293 1263 ἀλλ’
3320 1204 3395 1265 ὡς

1826 1306 2026 1365 οἰκεῖον
2069 1302 2234 1376 μηδὲν
2264 1302 2475 1372 ἔχοντες
2500 1302 2699 1370 ἀγαθὸν
2747 1303 2827 1364 εἰς
2854 1302 3182 1372 παρρησίαν,
3212 1299 3292 1362 εἰς
3326 1292 3396 1346 τὰ

1828 1399 1961 1459 τοῖς.
2005 1382 2309 1468 προγόνοις
2352 1393 2677 1465 ὑπηργμένα
2732 1391 2881 1464 παρὰ
2937 1390 3071 1443 Θεοῦ
3129 1386 3389 1458 καταφεύ-

1828 1501 2005 1551 γουσι.
2038 1504 2057 1537 ι
2089 1486 2209 1542 llaec
2244 1486 2408 1541 verba
2448 1495 2576 1538 sunt
2610 1485 2925 1554 erigentium
2952 1498 3066 1549 eos,
3090 1482 3181 1552 qui
3215 1482 3393 1535 multi-

1831 1578 2013 1632 tudiue
2043 1592 2106 1631 ac
2139 1580 2327 1635 robore
2355 1578 2587 1635 hostium
2625 1579 2878 1647 prostrati
2909 1585 3057 1633 sunt.
3096 1574 3162 1631 Et
3194 1573 3395 1627 adhor-

1831 1671 1962 1726 tatiu
1986 1681 2087 1734 cst,
2118 1684 2236 1739 quae
2270 1678 2444 1725 totum
2486 1672 2537 1726 in
2568 1668 2735 1725 Deum
2770 1668 3055 1738 projicere,
3093 1675 3149 1721 et
3180 1678 3248 1718 ex
3278 1660 3395 1731 ejus

1829 1775 1925 1819 sue
1950 1760 2223 1817 victoriam
2281 1762 2606 1828 suspendere
2650 1759 2825 1831 jubet.
2879 1759 2949 1811 At
2991 1770 3091 1810 cur
3140 1750 3397 1808 auribus?

1834 1865 2063 1918 quonam
2094 1852 2237 1907 enim
2262 1850 2368 1906 alio
2402 1853 2641 1906 membro
2675 1852 2795 1922 quis
2826 1846 3045 1904 audiat?
3084 1844 3397 1902 Communis

1833 1943 1977 1995 enim
2005 1946 2334 1999 consuetudo
2370 1951 2473 2007 est,
2515 1952 2572 1995 ut
2608 1945 2818 2011 quando
2845 1942 2967 2014 quis
3002 1948 3147 1995 certa
3182 1945 3394 1997 narrat,

1833 2034 1994 2088 addat
2038 2035 2260 2089 auribus
2298 2050 2357 2092 se
2401 2036 2741 2091 audivisse...
2787 2035 3024 2090 Observa
3073 2047 3226 2096 vero,
3263 2044 3399 2099 qun-

1832 2127 1993 2182 modo
2034 2140 2156 2181 cum
2196 2140 2386 2195 aspera
2422 2143 2670 2198 quaeque
2696 2126 2838 2197 passi
2878 2126 3006 2191 sint,
3046 2141 3149 2178 non
3190 2125 3393 2186 dicant,

1837 2218 1948 2275 Hoc
1986 2228 2041 2275 et
2074 2219 2175 2276 hoc
2215 2219 2355 2289 passi
2396 2234 2578 2273 sumus
2622 2231 2835 2288 propter
2876 2226 2960 2284 te;
3020 2215 3210 2285 adjuva
3253 2228 3395 2269 nos:

1835 2312 1929 2365 sed
1958 2327 2019 2366 ac
2042 2312 2089 2367 si
2119 2310 2248 2366 nihil
2273 2311 2537 2366 haberent
2574 2311 2697 2365 boni
2729 2326 2835 2379 quo
2870 2310 3163 2376 contidant,
3208 2305 3398 2362 confu-

1837 2404 1988 2473 giunt
2020 2407 2085 2457 ad
2119 2419 2178 2458 ea
2216 2419 2335 2474 qua:
2368 2402 2663 2473 majoribus
2686 2408 2795 2457 suis
2823 2417 2853 2457 a
2885 2402 2990 2456 Deo
3026 2402 3165 2455 facta
3198 2410 3341 2455 sunt.
3377 2418 3394 2449 ο

1836 2494 1990 2564 Apud
2019 2492 2461 2564 Chrysostomum
2502 2504 2679 2549 autem
2719 2495 2790 2549 ita
2823 2492 3054 2564 legitur:
3091 2491 3259 2545 Τοῦτο
3291 2492 3400 2562 γὰρ

1836 2587 1961 2651 τοὺς
1988 2586 2368 2656 ἀσθενέστερον
2405 2585 2540 2656 πρὸς
2565 2587 2688 2649 τοὺς
2711 2586 2905 2650 πόνους
2926 2583 3296 2654 διακειμένους
3331 2580 3400 2654 ἦν

1836 2678 2282 2750 ἀνακτωμένου...
2322 2678 2382 2730 Ἦ
2406 2677 2538 2748 εὐχὴ
2568 2676 2706 2747 αὕτη
2738 2679 3016 2751 προτροπὴ
3038 2681 3148 2741 τοῖς
3178 2694 3386 2747 στρατο

1839 2771 2014 2835 πέδοις
2045 2772 2183 2833 ἐστὶ,
2224 2770 2284 2824 τὸ
2326 2771 2434 2825 πᾶν
2481 2770 2572 2823 ἐπὶ
2613 2769 2703 2822 τὸν
2731 2769 2863 2824 Θεὸν
2896 2771 3045 2840 ῥῖψαι
3081 2753 3398 2829 κελεύουσα,

1838 2862 1931 2914 καὶ
1970 2862 2262 2931 ἐξαρτῆσαι
2291 2862 2391 2931 τῆς
2415 2861 2620 2915 ἐκεῖθεν
2648 2860 2860 2925 ἐλπίδος
2880 2860 2976 2933 τὴν
3002 2860 3178 2932 νίκην.
3224 2860 3321 2914 Διά
3348 2860 3402 2915 τί

1836 2951 1892 3005 δὲ
1907 2952 2007 3005 οὐκ
2021 2948 2193 3018 εἶπεν,
2231 2951 2589 3023 Ἡκούσαμεν,
2615 2951 2818 3017 ἁπλῶς,
2842 2952 2974 3013 ἀλλ’,
2994 2953 3088 3005 Ἐν
3112 2952 3234 3019 τοῖς
3253 2952 3403 3006 ὠσὶν

1839 3043 2009 3113 ἡμῶν
2034 3045 2381 3114 ἠκούσαμεν
2397 3060 2415 3107 ;
2443 3045 2579 3114 ποίῳ
2608 3045 2715 3115 γὰρ
2740 3044 2908 3115 ἐτέρῳ
2934 3044 3088 3115 μέρει
3112 3061 3197 3108 τις
3217 3045 3402 3098 ἀκούει

1837 3136 1931 3189 τοῦ
1966 3135 2318 3206 σώματοςς...
2359 3136 2551 3190 Κοινὸν
2593 3136 2710 3201 ἔθος
2746 3135 2855 3188 τῶν
2894 3135 3195 3207 ἀνθρώπων
3234 3136 3400 3198 ἐστὶν,

1835 3229 1963 3283 ὅταν
1999 3228 2120 3283 τινὰ
2145 3228 2462 3300 διηγῶνται,
2493 3230 2631 3303 ὑπὲρ
2659 3224 2731 3284 ὧν
2762 3232 2867 3283 εἰσι
2903 3228 3401 3301 πεπληροφορημέ-

1835 3338 1981 3375 νοι...
2016 3320 2399 3391 προστιθέασιν
2425 3320 2512 3374 ἀεὶ
2543 3321 2613 3374 τὰ
2634 3315 2768 3384 ὦτα,
2798 3317 3097 3390 φάσκοντες
3125 3322 3237 3383 τοῖς
3266 3318 3401 3372 ὠσὶν

1835 3413 2195 3483 ἀκηκοέναι...
2224 3408 2474 3468 Τοσαῦτα
2514 3414 2606 3467 καὶ
2638 3413 2936 3483 τηλικαῦτα
2966 3412 3225 3476 παθόντες
3253 3400 3401 3466 δεινά

1834 3505 1921 3558 διὰ
1946 3505 2035 3558 τὸν
2066 3505 2260 3561 Θεόν...
2293 3507 2441 3560 οὐδὲν
2468 3507 2668 3560 τούτων
2696 3509 2826 3575 φασὶ
2848 3506 3004 3569 τέως,
3037 3506 3117 3558 ὃτι
3145 3505 3207 3558 τὸ
3230 3504 3323 3558 καὶ
3343 3506 3402 3558 τὸ

1836 3596 2108 3667 ἐπάθομεν
2166 3597 2253 3650 διὰ
2310 3599 2390 3659 σὲ,
2446 3597 2708 3668 βοήθησον
2765 3598 2928 3667 ἡμῖν·
2979 3595 3257 3661 ἀλλ’ὡς...
3300 3599 3403 3651 οὐκ

1834 3686 2045 3757 ἔχοντες
2082 3686 2141 3751 ἐξ
2163 3688 2377 3740 οἰκείων
2412 3688 2842 3773 κατορθωμάτων
2876 3690 3206 3763 παρρησίαν,
3231 3688 3401 3751 οὕτως

1834 3781 1914 3841 εἰς
1936 3778 2005 3831 τὰ
2034 3781 2145 3842 τοῖς
2173 3779 2457 3852 προγόνοις
2482 3780 2808 3852 ὑπηργμένα
2833 3782 2981 3852 παρὰ
3012 3780 3107 3835 τοῦ
3137 3781 3272 3835 Θεοῦ
3304 3799 3403 3836 κα-

1832 3868 2182 3939 ταφεύγουσι.
2225 3890 2244 3922 ι
2281 3871 2390 3925 Hoc
2426 3881 2509 3926 cst
2548 3872 2690 3928 enim
2720 3871 2835 3938 ejus
2866 3874 2956 3941 qui
2988 3886 3081 3927 eos
3111 3882 3318 3928 recreat
3347 3883 3402 3925 et

1835 3962 2026 4027 reiicit,
2078 3966 2170 4032 qui
2204 3973 2329 4017 sunt
2361 3962 2587 4017 molliori
2631 3971 2686 4015 et
2727 3963 3061 4018 imbecilliori
3097 3964 3277 4019 animo
3332 3966 3397 4016 ad

1833 4054 2041 4110 labores
2083 4055 2467 4122 suscipiendos.
2523 4052 2650 4108 Haec
2691 4057 2925 4123 precatio
2976 4064 3058 4111 est
3094 4059 3160 4111 ad
3199 4056 3400 4111 milites
3460 4076 3467 4083 ·

1833 4144 2158 4208 adhortatio,
2192 4159 2311 4213 quae
2344 4145 2497 4211 jubet
2542 4145 2789 4200 universa
2827 4145 2879 4199 iu
2915 4147 3078 4201 Deum
3129 4146 3400 4217 conjicere

1834 4246 2177 4306 statuereque
2208 4251 2271 4289 es
2313 4250 2406 4305 spe
2440 4236 2493 4290 in
2530 4235 2674 4290 illum
2710 4237 2940 4306 pendere
2961 4237 3257 4291 victoriam.
3293 4237 3400 4292 Cur

1833 4337 2010 4382 autem
2055 4344 2159 4383 non
2190 4327 2324 4382 dixit
2364 4326 2625 4392 absolute,
2660 4329 2991 4394 Audivimus,
3032 4328 3148 4392 sed,
3182 4325 3396 4383 Nostris

1833 4418 2049 4474 auribus
2095 4419 2492 4474 audiuimus"?
2541 4435 2773 4489 quanam
2828 4420 2969 4475 enim
3014 4420 3118 4474 alia
3156 4425 3398 4491 corporis

167 4509 630 4580 interpretationis
667 4510 847 4575 initio;
892 4513 985 4567 sed
1024 4528 1091 4567 ne
1119 4514 1271 4582 capia
1311 4514 1484 4581 major
1515 4515 1731 4571 lectori-
1761 4520 1805 4576 D
1832 4519 1985 4581 parte
2009 4509 2325 4565 audituri...
2370 4508 2466 4565 llic
2500 4521 2585 4566 est
2613 4524 2729 4564 mos
2770 4510 3066 4573 communis
3096 4510 3395 4565 hominum.

168 4601 260 4658 bus
292 4604 514 4659 taedium
547 4600 756 4666 aﬂerat,
790 4604 949 4657 missa
993 4620 1052 4659 ea
1081 4606 1324 4659 facimus.
1366 4604 1511 4661 Ordo
1545 4616 1731 4674 postu-

166 4692 302 4749 laret
325 4703 387 4749 ut
411 4696 479 4750 de
504 4693 709 4763 psalmo
736 4695 893 4749 tertio
914 4695 1121 4749 decimo
1145 4694 1395 4750 nonnulla
1428 4695 1733 4763 proferren-

1835 4603 1926 4673 qui
1956 4603 2168 4672 quando
2197 4603 2373 4672 aliqua
2400 4611 2640 4666 narrant,
2669 4603 2731 4657 de
2769 4603 2959 4673 quibus
2979 4610 3103 4658 sunt
3132 4603 3260 4658 facti
3288 4619 3398 4658 cer-

1839 4696 2071 4750 tiores...
2101 4711 2314 4766 semper
2334 4712 2492 4752 aures
2528 4696 2807 4765 adjiciunt,
2835 4699 3070 4753 dicentes
3092 4713 3150 4755 se
3179 4699 3396 4755 auribus

169 4791 290 4838 tur:
320 4788 418 4840 sed
453 4800 575 4839 cum
606 4784 842 4854 psalmus
882 4784 969 4840 ille
1005 4794 1059 4839 et
1098 4786 1184 4839 alii
1218 4786 1368 4840 multi
1417 4786 1468 4840 in
1505 4786 1735 4857 vulgatis
1839 4791 2173 4847 audivisse...
2207 4791 2339 4846 Cum
2387 4802 2463 4846 tot
2494 4802 2547 4846 et
2573 4803 2716 4848 tanta
2751 4796 2889 4864 passi
2933 4806 3129 4860 essent,
3181 4808 3395 4868 pr0pter

164 4876 537 4947 Cbrysostomi
572 4875 896 4930 editionibus
926 4876 1322 4939 desiderentur,
1350 4875 1418 4929 de
1453 4876 1536 4930 his
1561 4878 1733 4931 omni-
1842 4879 2070 4933 Deum...
2090 4881 2220 4934 nihil
2246 4896 2428 4934 eorum
2450 4882 2658 4937 interim
2678 4883 2880 4946 dicunt,
2900 4884 3178 4940 videlicet:
3212 4885 3396 4963 Hoc-et

166 4968 259 5022 bus
306 4966 444 5021 nihil
476 4966 659 5020 dicere
694 4966 971 5021 habemus.
1002 4968 1071 5019 At
1100 4967 1187 5020 ubi
1218 4980 1407 5021 novam
1450 4980 1600 5021 suam
1620 4967 1734 5021 edi-
1839 4971 1966 5025 illud
1992 4972 2132 5041 passi
2161 4987 2346 5025 sumus
2370 4982 2583 5041 propter
2613 4984 2685 5037 te,
2706 4977 2770 5027 da
2801 4975 2955 5030 nobis
2980 4978 3264 5044 auxilium;
3302 4982 3393 5033 sed

165 5058 361 5112 tionem
394 5054 682 5126 perfecerit
704 5054 1130 5110 Montfauconius
1154 5065 1357 5119 noster,
1381 5057 1433 5109 iu
1460 5070 1563 5126 qua
1590 5058 1730 5112 inter
1837 5074 2089 5132 tanquam
2116 5062 2359 5117 fiduciam
2382 5078 2445 5118 ex
2470 5064 2582 5118 suis
2600 5064 2753 5119 factis
2778 5081 2879 5120 non
2909 5066 3187 5130 haberent,
3214 5069 3279 5121 ad
3309 5082 3392 5129 ea,

165 5158 354 5204 cetera
398 5146 658 5202 anecdota
700 5147 770 5200 illi
801 5162 1017 5217 quoque
1046 5148 1240 5216 psalmi
1277 5147 1584 5217 prodibunt,
1620 5162 1724 5202 non
1833 5168 1951 5223 quae
1993 5154 2135 5207 Deus
2178 5153 2469 5220 majoribus
2502 5155 2711 5208 illorum
2743 5156 2965 5219 fecerat,
2995 5157 3331 5224 confugiunt.
3370 5179 3387 5211 ι

166 5240 346 5296 dubito
374 5240 508 5309 quin
544 5239 618 5294 sit
645 5238 901 5305 futurum,
942 5250 1001 5293 ut
1044 5239 1169 5294 hinc
1205 5240 1366 5294 etiam
1414 5239 1607 5294 similia
1644 5240 1726 5296 his
1833 5244 1909 5297 De
1965 5252 2158 5296 caetero
2197 5243 2349 5297 velim
2399 5242 2644 5299 conferas
2687 5247 2823 5301 inter
2871 5262 2992 5302 sese
3026 5250 3393 5319 Chrysostmui

165 5346 277 5401 qua:
312 5332 621 5397 retulimus,
645 5331 873 5387 ubertim
909 5332 1028 5389 erui
1064 5332 1288 5401 possint.
1325 5330 1544 5387 Interim
1569 5346 1730 5402 pseu-
1829 5334 2128 5388 orationem
2150 5343 2207 5388 et
2239 5337 2709 5403 commentarium,
2739 5347 2793 5390 et
2823 5337 3104 5405 experiare
3141 5343 3398 5406 quemad-

164 5430 595 5485 do-‘l'heodorum
644 5430 697 5483 in
739 5430 1085 5500 sequentibus
1134 5430 1353 5500 psalmis
1397 5431 1725 5501 exponendis
1830 5427 2045 5482 modum
2071 5426 2209 5483 illius
2230 5428 2369 5485 dicta
2401 5430 2452 5484 in
2481 5430 2581 5487 hoc
2599 5432 2935 5501 expianando
2959 5430 3163 5500 psalmo
3192 5434 3392 5501 passim

163 5534 276 5573 eum
306 5535 455 5583 esse,
484 5521 575 5589 qui
600 5517 701 5575 fuit
725 5521 776 5574 in
806 5520 1150 5577 exulanandis
1178 5520 1447 5591 prioribus
1470 5522 1726 5576 ostenda-

166 5628 296 5666 mus.
327 5612 458 5680 Ejus
496 5612 660 5682 igitur
699 5610 858 5666 verba
895 5620 1039 5675 sunt,
1065 5611 1233 5680 prima
1263 5610 1451 5680 psalmi
1488 5612 1723 5681 quadra-

1830 5520 2130 5589 compilarit
2185 5522 2744 5591 pseudo-Theodorus.
2802 5525 2994 5594 saepius
3039 5527 3392 5586 contrahens.

1829 5611 2095 5667 interdum
2157 5614 2396 5669 nonnihil
2453 5614 2788 5682 immutans;
2848 5616 2940 5672 sed
2988 5616 3060 5671 ita
3099 5627 3298 5684 tamen,
3333 5627 3392 5674 ut

231 5786 276 5818 "
316 5786 465 5841 P531.
505 5803 579 5844 χι.
619 5785 672 5838 2.
747 5786 795 5816 ‘”
835 5787 973 5841 Psal.
1009 5803 1154 5843 thtt.
1183 5785 1273 5841 ‘26.

444 5879 715 5938 Ριτιιοι..
748 5882 863 5940 Gn.
904 5880 1139 5941 XXIX.

3066 5881 3111 5923 η
