4088 6310
718 379 871 416 ειῖκςν

2058 363 2416 415 FROLEGOM
2430 364 2584 414 ENA.

715 492 917 549 partem
949 479 1230 530 maximam
1259 492 1463 538 eorum,
1500 491 1617 541 (ιιιέ
1646 476 1867 543 profert,
1901 493 1928 531 e
1956 480 2265 544 Chrysosm-

2385 479 2495 543 istm
2528 478 2674 543 νόμῳ
2701 477 2753 527 τὸ
2782 476 2975 525 οἰκεῖον
3002 477 3206 545 θέλημα
3238 479 3638 545 συναρμόττων.
3678 496 3697 524 ι
3740 475 3930 529 Etenim

714 584 799 620 mo
820 566 883 615 ad
914 567 1131 616 verbum
1157 574 1425 632 sumptam
1452 579 1571 616 esse
1595 580 1749 618 nemo
1773 580 1876 618 non
1902 568 2098 618 videat.
2128 565 2278 629 Quod

711 660 752 711 si
786 657 1047 724 quispiam
1078 656 1241 709 libros
1281 657 1429 710 adire
1468 656 1622 720 nolit,
1670 654 1896 709 libentes
1927 654 2185 708 addemus
2224 664 2275 710 et

710 767 826 822 qua:
856 750 924 805 ab
958 762 1184 818 utroque
1208 752 1465 818 scriptore
1501 750 1752 804 dicuntur
1778 750 1828 803 in
1858 750 2039 802 ultima
2086 749 2275 817 psalmi

710 845 896 907 verba,
921 858 1025 909 quo
1056 845 1243 898 melius
1266 842 1332 894 de
1359 840 1561 909 reliqua
1586 839 2083 908 pseudo-Theodori
2114 841 2279 894 inter-

712 937 1010 1003 prolatione
1044 936 1349 991 existimare
1379 936 1565 1001 possit.
1604 930 1726 987 Haec
1763 941 1887 987 sunt
1918 931 2080 1001 igitur
2115 929 2279 1001 Chry-

712 1028 933 1081 sostomi
985 1028 1143 1080 verba
1198 1023 1250 1075 in
1300 1023 1426 1077 illud
1466 1040 1477 1074 :
1522 1022 1778 1091 Exsurge,
1805 1023 2042 1086 Domine,
2085 1022 2277 1090 adjut'a

714 1138 805 1173 nos
835 1122 878 1151 ⁷⁸
912 1138 925 1173 :
956 1118 1115 1185 Στῆθι
1166 1115 1693 1186 ἀντιλαμϐανόμενος
1741 1114 1915 1184 ἡμῶν,
1977 1114 2070 1166 καὶ
2119 1113 2277 1182 ῥῦσαι

712 1215 858 1281 ἡμᾶς
879 1212 962 1263 διὰ
990 1209 1050 1261 τὸ
1085 1208 1230 1271 ἒλεός
1260 1226 1371 1262 σου.
1406 1208 1544 1276 Ὅρα
1572 1208 1672 1259 ποῦ
1694 1206 1782 1259 τὸν
1808 1205 1963 1273 λόγον
1993 1204 2276 1258 κατέκλει-

715 1323 831 1356 σαν.
869 1304 1020 1356 Μετὰ
1053 1304 1215 1372 μυρία
1248 1301 1423 1354 αὐτῶν
1451 1300 1869 1370 κατορθώματα,
1908 1298 2068 1350 πόθεν
2096 1296 2278 1361 ἀξιοῦ-

715 1414 765 1449 σι
794 1395 1092 1459 σώζεσθαι;
1146 1394 1276 1444 Ἀπὸ
1315 1392 1513 1454 ἐλέους,
1557 1391 1663 1443 ἀπὸ
1701 1387 2171 1459 φιλανθρωπίας...
2215 1389 2279 1441 Τί

714 1488 880 1547 ἐστιν,
907 1486 1147 1535 Ἕνεκεν
1177 1480 1278 1533 τοῦ
1312 1482 1601 1549 ὀνόματός
1627 1495 1773 1540 σου;
1800 1480 1913 1530 Ἵνα
1940 1478 2014 1549 μὴ
2041 1478 2169 1531 αὐτὸ
2194 1478 2279 1547 βεο

713 1576 948 1647 δηλωθῇ.
992 1592 1008 1622 ι
1049 1572 1141 1626 Sta
1187 1588 1281 1626 nos
1312 1572 1620 1637 defendens,
1651 1582 1704 1624 et
1738 1571 1901 1624 libera
1934 1588 2031 1626 nos
2064 1582 2277 1640 prepter

715 1667 1140 1721 misericordiam
1191 1676 1357 1719 tuam.
1407 1665 1535 1717 Vide
1580 1664 1849 1732 quomodo
1905 1662 2279 1719 concluserunt

712 1763 1031 1817 orationem.
1073 1759 1198 1815 Post
1239 1757 1648 1811 innumerabilia
1680 1772 1800 1826 quae
1832 1760 1897 1811 ab
1931 1757 2010 1808 eis
2046 1764 2191 1807 recte
2223 1763 2277 1807 et

713 1869 779 1906 ex
819 1852 1012 1906 virtute
1045 1852 1181 1905 facta
1215 1847 1449 1911 fuerant,
1495 1848 1759 1903 undenam
1808 1847 2031 1901 salutem
2064 1844 2274 1912 assequi
2308 1840 2351 1894 Β

714 1959 921 2013 :eqttum
963 1939 1221 1995 censent?
1267 1939 1310 1992 Α
1352 1939 1742 2000 misericordia,
1783 1952 1813 1989 a
1846 1935 2177 2002 benignitate
2227 1942 2280 1987 et

714 2036 1063 2089 (-lementia...
1096 2032 1233 2099 Quid
1260 2040 1365 2096 est,
1401 2029 1621 2097 Propter
1655 2045 1835 2081 nomen
1870 2029 2059 2081 tuum’
2084 2027 2161 2081 Ne
2196 2028 2277 2096 ip-

715 2144 831 2181 sum
879 2129 1208 2195 profanetur.
1240 2144 1258 2175 ι
1300 2125 1388 2176 Sic
1436 2133 1610 2173 autem
1648 2121 1848 2173 editum
1881 2122 2183 2175 invenimus
2227 2121 2279 2174 in

715 2219 1139 2271 commentario:
1197 2211 1480 2281 Ἀνάστηθι
1526 2210 2055 2283 ἀντιλαμϐανόμενος
2103 2212 2279 2283 ἡμῶν,

716 2313 809 2367 καὶ
846 2311 1001 2382 ῥῦσαι
1033 2310 1176 2379 ἡμᾶς
1202 2305 1288 2359 διὰ
1312 2306 1372 2359 τὸ
1404 2306 1545 2368 ἔλεός
1576 2321 1688 2358 σου.
1723 2307 1862 2376 Ὅρα
1883 2304 1984 2358 ποῦ
2010 2306 2099 2357 τὸν
2128 2305 2281 2373 λόγον

716 2404 1076 2456 κατέκλεισεν.
1117 2400 1297 2470 Ἀφεὶς
1319 2399 1425 2469 γὰρ
1452 2399 1517 2450 τὰ
1544 2398 1956 2469 κατορθώματα,
1979 2398 2084 2449 ἀπὸ
2106 2397 2283 2457 ἐλέους

715 2496 808 2546 καὶ
838 2494 1239 2562 φιλανθρωπίας
1268 2491 1405 2552 ἀξιοῖ
1434 2488 1714 2551 σώζεσθαι.
1750 2488 1811 2537 Τί
1834 2488 1887 2538 δέ
1920 2488 2087 2547 ἐστιν,
2127 2486 2282 2537 ’Ἐνε-

716 2603 821 2639 κεν
851 2586 954 2637 τοῦ
979 2583 1266 2651 ἐνόμίιτός
1296 2595 1447 2642 σου;
1483 2580 1601 2631 Ἵνα
1637 2578 1709 2648 μὴ
1746 2578 1893 2641 αὐτὸ,
1933 2578 2085 2647 φησι,
2122 2574 2281 2645 βεϐη-

718 2677 883 2748 λωθῇ.
940 2694 958 2727 ‹
1020 2675 1277 2742 Exsurge,
1316 2684 1602 2741 protegens
1654 2685 1786 2734 nos,
1840 2679 1893 2722 et
1954 2669 2117 2722 libera
2184 2683 2280 2721 nos

719 2783 937 2840 propter
968 2768 1392 2824 misericordiam
1420 2776 1586 2820 tuam.
1615 2764 1745 2819 Vide
1779 2761 2043 2834 quomodo
2073 2776 2281 2815 sermo-

719 2878 840 2915 nem
877 2861 1149 2912 clauserit.
1177 2857 1403 2911 Omissis
1427 2858 1569 2911 enim
1597 2856 1751 2909 bonis
1770 2854 2039 2923 operibus,
2066 2861 2281 2923 propter

718 2946 1146 3002 misericordiam
1204 2954 1259 2996 et
1322 2944 1708 3011 benignitatem
1764 2943 1999 3011 postulat
2061 2942 2277 2997 salvari.

719 3038 856 3106 Quid
891 3051 1074 3106 porro,
1112 3031 1329 3102 Propter
1356 3048 1539 3085 nomen
1576 3034 1766 3085 tuum?
1795 3033 1870 3086 Ne
1900 3033 2048 3096 illud,
2088 3034 2278 3104 inquit,

719 3131 1136 3185 contaminetur.
1160 3145 1178 3177 ι
1199 3125 1486 3195 Postquam
1507 3122 1812 3193 singillatim
1841 3124 1907 3177 de
1930 3125 2147 3191 psalmis
2176 3142 2278 3179 non

720 3221 903 3290 paucis
920 3218 1247 3286 disputatum
1274 3226 1378 3281 est,
1407 3218 1652 3271 universe
1678 3229 1819 3270 nunc
1845 3214 2017 3269 dicam
2043 3216 2281 3282 psalmos

720 3311 1190 3381 quadragesimum
1220 3318 1487 3377 quartum,
1512 3307 1980 3376 quadragesimum
2006 3308 2278 3374 quintum,

720 3400 1189 3469 quadragesimum
1219 3396 1938 3466 sextum,quadragesimum
1972 3398 2278 3465 septimum,

720 3492 1189 3562 quadragesimum
1220 3500 1465 3545 octavum
1502 3499 1555 3543 et
1590 3490 2054 3559 quadragesimum
2083 3504 2281 3543 nonum

722 3582 1045 3649 fragmentis
1076 3581 1203 3634 hinc
1233 3579 1377 3634 illinc
1420 3594 1450 3634 e
1480 3578 1861 3651 Chrysostomo
1902 3582 2169 3649 excerptis
2198 3594 2283 3632 re-

724 3672 927 3727 fcrciri.
970 3670 1049 3725 Ad
1086 3669 1185 3722 alia
1211 3670 1637 3737 properabimus,
1662 3670 1703 3723 si
1739 3669 1885 3738 prius
1920 3670 2283 3725 monuerimus

726 3768 778 3819 in
804 3762 1208 3825 commentario,
1248 3769 1387 3815 tomo
1420 3763 1611 3827 primo.
1640 3776 1692 3830 p.
1724 3762 1848 3824 836,
1878 3762 1980 3816 dici
2033 3764 2099 3816 ab
2124 3761 2285 3817 Hele-

726 3874 789 3909 na
826 3855 1164 3922 Eudociaque
1209 3861 1262 3907 et
1307 3851 1373 3905 ab
1416 3852 1532 3905 aliis
1572 3868 1755 3921 regum
1791 3854 2000 3906 filiabus
2044 3854 2287 3921 plurimis

724 3955 1027 4001 constructa
1057 3944 1222 3998 fuisse
1246 3942 1585 4012 lerosolymis
1619 3944 1809 4013 templa
1841 3942 2120 4013 magnifica
2144 3961 2155 3995 :
2179 3960 2285 4014 quo

727 4038 895 4105 magis
919 4036 1084 4089 miror
1116 4036 1217 4087 hoc
1247 4048 1379 4100 Opus
1408 4033 1687 4087 Theodoro
1723 4032 2047 4089 Heracleotes
2088 4034 2283 4089 ascribi

725 4129 983 4200 potuisse.
1059 4124 1190 4177 Nam
1253 4124 1479 4177 libenter
1548 4139 1879 4191 quaererem,
1942 4138 2060 4193 qua:
2125 4123 2287 4179 fuerit

725 4221 959 4277 Eudocia
983 4219 1093 4279 illa,
1120 4230 1237 4285 quae
1268 4215 1447 4269 multae
1485 4214 1584 4267 ilbe
1614 4231 1798 4283 regum
1836 4215 1975 4280 filim,
2007 4230 2123 4285 qua:
2154 4225 2289 4269 tem-

727 4312 811 4381 pla
845 4320 1153 4376 sumptuosa
1185 4305 1451 4360 Theodori
1498 4313 1653 4357 astate
1676 4304 2025 4374 Jerosolymis
2056 4304 2289 4359 aedifica-

728 4407 853 4458 rint.
889 4403 1045 4465 Nam,
1074 4411 1129 4455 ut
1157 4402 1368 4455 interim
1406 4399 1588 4454 sileam
1636 4400 1699 4453 de
1734 4399 1915 4453 multis
1959 4399 2063 4453 illis
2102 4414 2287 4469 regum

2381 568 2594 620 virtutis
2630 568 2839 620 athletae
2888 566 3124 621 laborum
3167 568 3379 635 quidem
3429 570 3633 623 fructus
3672 572 3724 623 in
3768 567 3931 619 futura

2380 658 2486 711 vita
2529 658 2942 723 reportabunt...
2984 668 3037 710 et
3069 660 3232 713 animi
3291 657 3648 715 delectatione
3681 661 3916 714 laborum

2381 749 2678 803 molestiam
2710 750 2964 804 fallunt...
2987 747 3129 804 Nihil
3164 750 3491 806 contrarium
3522 751 3936 820 divinislegibus

2379 840 2682 907 huiusmodi
2727 844 2886 897 homo
2917 841 3099 895 facere
3150 843 3311 910 volet,
3372 852 3429 896 ut
3476 842 3567 909 qui
3613 844 3813 899 divina:
3844 845 3932 914 legi

2378 948 2529 990 suam
2558 934 2722 1001 ipsius
2754 935 3080 989 voluntatem
3123 934 3514 988 accommodet.
3549 951 3567 983 ι
3608 930 3787 987 Verba
3825 950 3936 987 Vero

2379 1023 2880 1097 pseudo-Theodori
2910 1028 3021 1079 haec
3045 1036 3171 1081 sunt
3201 1045 3213 1079 :
3251 1028 3360 1081 Καὶ
3383 1024 3490 1094 γὰρ
3524 1026 3573 1075 οἱ
3604 1024 3705 1093 τῆς
3742 1029 3935 1097 ἀρετῆς

2379 1119 2609 1187 ἀθληταὶ
2624 1120 2746 1181 τοὺς
2788 1120 2883 1188 μὲν
2911 1118 3016 1171 τῶν
3034 1117 3207 1171 πόνων
3236 1119 3479 1189 καρποὺς
3498 1117 3639 1170 κατὰ
3671 1118 3731 1169 τὸ
3756 1119 3935 1186 μέλλον

2379 1210 2753 1281 κομίζονται...
2796 1212 2888 1264 καὶ
2918 1210 3205 1263 κλέπτουσι
3238 1214 3301 1280 τῇ
3334 1209 3659 1279 ψυχαγωγία
3693 1208 3792 1277 τὴν
3842 1208 3937 1259 τῶν

2380 1306 2556 1358 πόνων
2603 1302 2943 1373 βαρύτητα...
2991 1302 3155 1357 Οὐδὲν
3207 1302 3315 1373 γὰρ
3353 1302 3589 1355 ἐναντίον
3640 1306 3752 1364 τοῖς
3787 1302 3937 1364 θείοις

2380 1400 2561 1470 νόμοις
2604 1399 2955 1467 διενεργήσει,
2991 1397 3068 1467 τῷ
3101 1395 3192 1448 τοῦ
3232 1397 3395 1465 νόμου
3425 1394 3724 1465 βουλήματι
3752 1414 3921 1467 συναρ

2381 1492 2588 1559 μὸττων
2639 1489 2698 1541 τὸ
2736 1488 2968 1557 θέλημα.
3000 1509 3015 1539 ι
3059 1486 3329 1555 Siquidem
3364 1485 3576 1539 athleta:
3626 1485 3847 1539 virtutis
3892 1488 3937 1538 in

2380 1582 2554 1635 futura
2588 1582 2800 1651 quidem
2840 1582 2947 1631 vita
2988 1580 3225 1632 laborum
3285 1577 3493 1630 fructus
3550 1574 3789 1627 referent
3824 1614 3838 1627 .
3879 1614 3891 1627 .
3924 1616 3935 1629 .

2378 1683 2539 1740 atque
2567 1672 2727 1726 animi
2759 1670 3034 1725 alacritate
3076 1670 3316 1723 laborum
3348 1667 3645 1721 molestiam
3682 1664 3935 1717 fallunt...

2379 1762 2521 1816 Nihil
2547 1765 2688 1817 enim
2726 1762 2920 1815 divinis
2953 1760 3158 1831 legibus
3203 1760 3539 1815 contrarium
3584 1756 3936 1827 perpetrabit,

2380 1868 2499 1907 cum
2542 1852 2674 1920 legis
2698 1854 2913 1906 decreto
2944 1850 3271 1903 voluntatem
3315 1848 3684 1903 eonformans.
3724 1865 3742 1897 ι
3781 1844 3939 1898 Mutat

2381 1943 2599 1997 voculas
2637 1944 2895 2011 quasdam
2936 1940 3482 2011 pseudo-Theodorus
3506 1953 3655 1992 more
3683 1953 3821 1991 suo:
3856 1935 3939 1990 sed

2382 2052 2562 2098 nemo,
2596 2036 2809 2103 opinor,
2841 2036 2940 2087 nisi
2975 2034 3157 2087 volens
3182 2032 3420 2093 falletur,
3452 2048 3571 2083 eum
3604 2033 3939 2099 persp’cuum

2382 2127 2447 2181 sit
2482 2125 2593 2179 hac
2619 2139 2722 2177 non
2756 2123 2968 2175 aliunde
2992 2138 3151 2190 quam
3181 2137 3211 2173 e
3240 2119 3561 2173 Theodoreti
3610 2128 3939 2171 conum-nta-

2383 2218 2478 2273 riis
2505 2227 2713 2284 sumpta
2744 2231 2882 2270 esse.
2915 2213 3105 2268 Sciens
3152 2222 3411 2281 prastereo
3449 2210 3627 2279 aliqua
3660 2223 3725 2262 ex
3768 2208 3941 2276 expla-

2382 2311 2599 2363 natione
2622 2307 2840 2362 secundi
2873 2306 3084 2375 psalmi,
3135 2314 3187 2359 et
3220 2304 3468 2372 deinceps
3502 2302 3797 2373 przeteriho
3834 2319 3942 2370 qua:

2384 2401 2683 2469 aquolibet
2741 2400 2791 2453 in
2844 2398 3287 2467 interpretatione
3341 2398 3568 2451 aliorum
3616 2396 3942 2463 psalmomm

2381 2490 2479 2557 legi
2516 2500 2776 2559 possunt;
2818 2504 2989 2559 neque
3014 2490 3154 2543 enim
3184 2490 3305 2542 mihi
3344 2488 3674 2557 prOpositum
3693 2497 3777 2538 est
3815 2487 3943 2553 (quis

2380 2582 2522 2633 enim
2552 2579 2805 2651 possit?)
2845 2581 3025 2633 omnia
3076 2582 3352 2632 adnotare.
3391 2577 3607 2629 Interim
3649 2587 3853 2637 tamen,
3894 2584 3941 2626 ut

2380 2671 2515 2725 alios
2561 2668 2872 2724 dilﬁcultate
2912 2670 3187 2738 quterendi
3242 2669 3566 2730 eximamus,
3626 2666 3883 2720 nonnulla
3920 2682 3945 2719 e

2381 2762 2541 2817 tertio
2588 2762 2796 2831 psalmo
2836 2762 3195 2815 aseribemus.
3238 2759 3567 2813 Theodoreti
3618 2760 3787 2827 igitur
3840 2758 3945 2811 [nec

2380 2861 2507 2908 sunt
2563 2852 2615 2905 in
2678 2850 2765 2904 illa
2790 2889 2804 2912 ,
2863 2848 2995 2902 Voce
3037 2865 3148 2901 mea
3184 2850 3252 2901 ad
3288 2848 3568 2902 Dominum
3601 2850 3826 2901 clamavi
3856 2849 3898 2879 ⁷⁷
3931 2864 3943 2898 :

2379 2946 2452 2999 Τὸ
2479 2944 2555 3007 δὲ,
2581 2941 2920 3009 Είσιλὶκουσέ
2943 2959 3061 3011 μου
3085 2939 3152 3005 ἐξ
3184 2940 3359 3009 ὅρους
3383 2941 3555 3009 ἁγίου
3582 2940 3792 3001 αὑτοῦ,
3815 2938 3945 2991 κατὰ

2380 3039 2476 3111 τὴν
2501 3038 2667 3093 πάλαι
2690 3036 3022 3106 κατέχουσαν
3046 3033 3451 3105 εἷρηταιδὸξαν.
3514 3033 3813 3101 Ενομίζετο
3849 3030 3948 3098 γὰρ

2382 3134 2439 3186 ὲν
2577 3135 2746 3203 σκηνῇ
2772 3132 3043 3184 κατοικεῖν
3070 3130 3097 3179 ὁ
3129 3126 3235 3179 τῶν
3274 3126 3408 3177 ὅλων
3442 3125 3592 3185 Θεὸς,
3629 3124 3821 3192 ἐπειδὴ
3864 3124 3945 3175 καλ

2385 3226 2509 3286 τοὺς
2541 3223 2819 3293 χρησμοὺς
2841 3221 3043 3273 ἐκεῖθεν
3066 3220 3176 3280 τοῖς
3204 3215 3437 3286 ἱερεῦσιν
3478 3215 3668 3267 ὲδίδου.
3704 3215 3772 3268 Et
3800 3216 3949 3284 paulu

2386 3323 2505 3380 post
2534 3315 2831 3379 explanans
2861 3314 3011 3375 illud,
3038 3311 3147 3381 Ego
3178 3310 3396 3364 dormivi
3426 3309 3493 3367 ⁷⁸,
3516 3320 3648 3370 etc.,
3678 3309 3756 3362 sic
3786 3311 3943 3376 loqui-

2387 3412 2475 3457 tur
2502 3420 2516 3455 :
2554 3403 2767 3471 Ἐπειδὴ
2796 3403 2869 3464 ὡς
2904 3406 2961 3454 ἐν
2994 3406 3171 3456 σκότει
3203 3402 3408 3470 διάγειν
3428 3400 3739 3471 νομίζουσιν
3772 3403 3821 3453 οἱ
3849 3402 3952 3463 τοῖς

2386 3498 2521 3564 ἄγαν
2542 3496 2781 3563 ἀνιαροῖς
2804 3495 3309 3563 περιπίπτοντες....
3339 3494 3588 3561 σημαίνει
3611 3493 3795 3543 τοίνυν
3818 3494 3953 3544 κατὰ

2387 3585 2581 3639 ταυτὸν
2641 3582 2740 3645 τὰς
2784 3582 2989 3651 θλίψεις
3054 3581 3146 3633 καὶ
3205 3581 3301 3649 τὴν
3356 3580 3555 3631 τούτων
3612 3581 3952 3648 ἀπαλλαγήν.

2395 3693 2413 3727 ι
2451 3674 2562 3730 Hoc
2589 3683 2787 3737 autem,
2818 3671 3104 3725 Exaudirit
3142 3687 3223 3724 me
3250 3674 3314 3725 de
3352 3679 3525 3722 manu
3547 3680 3733 3722 sancto
3766 3688 3864 3724 suo
3891 3672 3953 3733 τ’,

2390 3766 2590 3821 dictum
2622 3775 2703 3820 est
2731 3775 2950 3833 prepter
2983 3763 3315 3832 opinionem,
3362 3776 3481 3830 qua:
3512 3762 3642 3814 olim
3698 3762 3954 3816 obtinuit.

2396 3857 2827 3911 Existimabatur
2854 3856 2997 3910 enim
3042 3856 3410 3910 universorum
3455 3856 3592 3908 Deus
3616 3855 3669 3907 in
3699 3856 3955 3907 taberna-

2390 3949 2512 4003 culo
2536 3948 2801 4012 habitare,
2834 3948 3085 4015 quoniam
3125 3957 3180 4001 et
3207 3949 3424 4001 oracula
3465 3946 3613 3999 illinc
3651 3946 3956 4000 sacerdoti-

2390 4041 2490 4095 bus
2530 4042 2815 4109 pandebat.
2851 4080 2864 4091 .
2899 4081 2911 4093 .
2962 4040 3097 4107 Quia
3146 4039 3363 4092 velutin
3400 4039 3638 4092 tenebris
3671 4040 3857 4093 vivere
3904 4056 3957 4093 se

2390 4132 2706 4187 existimant
2735 4131 2832 4195 illi,
2890 4133 2979 4199 qui
3011 4132 3061 4185 in
3095 4144 3180 4184 res
3208 4131 3491 4183 admodum
3528 4131 3718 4184 tristes
3776 4134 3961 4184 incur-

2391 4231 2589 4281 runt...
2625 4222 2737 4277 Una
2776 4222 2938 4291 igitur
2965 4223 3297 4276 demonstrat
3326 4218 3643 4275 alllictiones
3669 4232 3723 4274 et
3756 4223 3826 4274 ab
3859 4222 3958 4273 illis

2393 4314 2785 4369 liberationem.
2820 4331 2837 4365 ι
2870 4312 3040 4368 Verba
3073 4312 3568 4381 pseudo-Theodori
3608 4314 3723 4380 jam
3756 4312 3961 4365 exscri-

2396 4407 2604 4469 bamus,
2650 4422 2765 4473 quae
2818 4416 2942 4461 sunt
2991 4402 3395 4469 ejusmodisz
3444 4403 3557 4465 καὶ,
3624 4404 3960 4467 Ἐπήκοιισέ

730 4500 959 4561 filiabus,
994 4511 1100 4550 non
1126 4496 1258 4549 satis
1289 4494 1525 4564 intelligo
1554 4508 1659 4563 qua
1689 4493 1753 4547 de
1778 4492 2016 4548 Eudocia
2054 4493 2141 4547 hic
2175 4510 2283 4548 ser-

2389 4515 2505 4565 μου
2532 4496 2599 4559 ἐξ
2626 4494 2820 4563 ὄρους,
2856 4494 2995 4547 κατὰ
3031 4493 3129 4563 τὴν
3179 4492 3345 4546 πάλαι
3380 4495 3715 4564 κατέχουσαν
3748 4496 3960 4562 εἴρηται

730 4604 817 4641 mo
849 4589 1126 4641 habeatur.

826 4679 915 4731 48.
985 4677 1060 4731 Ex
1120 4677 1186 4730 iis
1232 4690 1348 4745 qua:
1413 4674 1692 4729 retulimus
1761 4674 1917 4729 facile
1972 4673 2285 4742 intelligitur

727 4770 1175 4823 commentarium
1239 4766 1329 4837 qui
1378 4765 1592 4820 nomine
1645 4766 1909 4820 Theodori
1959 4764 2286 4820 Heracleota‘:

728 4857 1124 4921 circumfertur,
1152 4858 1266 4924 ejus
1290 4872 1390 4910 non
1421 4872 1559 4921 esse,
1599 4871 1695 4911 nec
1718 4858 1765 4911 ei
1794 4857 1951 4911 tribui
1986 4856 2093 4911 ullo
2128 4858 2286 4911 modo

731 4963 907 5018 posse.
933 4948 1178 4999 Attamen
1217 4961 1283 4998 ne
1309 4945 1673 5000 Theodoretus
1708 4945 2012 5016 asymbolus
2053 4961 2173 5000 esse
2212 4946 2291 4999 vi-

732 5044 937 5106 deatur,
976 5038 1221 5091 nonuulla
1268 5053 1333 5089 ex
1374 5052 1439 5091 eo
1482 5036 1681 5092 addere
1732 5038 1879 5092 libet.
1924 5036 2292 5093 Theodoretus

733 5137 895 5203 igitur
922 5134 1010 5187 illa
1041 5132 1193 5202 primi
1226 5130 1414 5200 psalmi
1460 5132 1644 5191 verba,
1672 5150 1690 5180 ί
1724 5130 1786 5183 Et
1817 5130 2003 5184 folium
2030 5130 2146 5199 ejus
2187 5146 2289 5183 non

730 5224 925 5277 detinet
949 5223 1017 5285 ⁷⁸,
1061 5240 1078 5271 ι
1121 5230 1250 5283 etc.,
1282 5227 1660 5286 Interpretatur
1691 5218 1791 5271 hoc
1819 5222 1975 5272 modo
2010 5232 2022 5269 :
2052 5218 2159 5270 Καὶ
2185 5218 2291 5288 γὰρ

728 5320 777 5369 oi
810 5316 910 5385 τῆς
938 5314 1136 5384 ἀρετῆς
1173 5310 1397 5381 ἀθληταὶ
1423 5310 1529 5361 τῶν
1559 5309 1656 5379 μὲν
1692 5309 1865 5361 πόνων
1892 5310 2029 5362 κατὰ
2053 5310 2143 5361 τὸν
2170 5310 2294 5378 μέλ-

729 5411 883 5462 Ἰκοντα
917 5406 1029 5475 βίον
1057 5404 1368 5474 κομίσονται
1394 5404 1517 5465 τοὺς
1547 5403 1853 5471 καρποὺς...
1886 5402 1979 5454 καὶ
2014 5402 2291 5471 συλῶσιτῇ

728 5498 1053 5568 ψυχαγωγία
1074 5498 1171 5566 τὴν
1193 5495 1298 5547 τῶν
1319 5495 1489 5546 πόνων
1510 5494 1848 5563 βαρύτητα...
1880 5494 2043 5546 Οὐδὲν
2061 5494 2294 5547 ἐναντίον

730 5595 840 5654 τοῖς
870 5590 1031 5650 θείοις
1055 5588 1234 5649 νόμοις
1258 5587 1347 5653 ὅγε
1370 5585 1605 5649 τοιοῦτος
1626 5585 1817 5657 δρᾶσαι
1853 5584 2187 5654 βουλήσεται.
2215 5582 2293 5653 τῷ

804 5775 849 5804 ’⁵
891 5771 1027 5827 Psal.
1068 5786 1217 5829 XLIII,
1254 5768 1337 5821 26.

1417 5770 1458 5799 ⁷⁸
1502 5769 1635 5823 l‘sd.
1666 5785 1708 5833 t,
1740 5770 1790 5823 5.
1869 5771 1909 5799 '7
1936 5769 2071 5822 i‘sul.
2111 5787 2188 5833 ιιι,
2221 5771 2269 5823 5.

2350 5770 2395 5800 ⁷⁸
2434 5770 2557 5823 ibid.
2602 5771 2655 5823 l3.

2392 4589 2566 4653 δόξαν.
2599 4588 2900 4657 Ἐνομίζετο
2926 4587 3033 4657 γὰρ
3058 4589 3113 4637 ὲν
3232 4590 3404 4657 σκηνῇ
3439 4589 3739 4647 κατοικεῖν,
3777 4584 3958 4653 ἐπειδὴ

2391 4679 2597 4733 ἐκεῖθεν
2635 4681 2725 4731 καὶ
2754 4679 2800 4730 oi
2832 4680 3065 4748 χρησμοὶ
3096 4680 3208 4741 τοῖς
3242 4678 3472 4746 ἱερεῦσίν
3499 4677 3756 4729 ἐδίδοντο.
3784 4718 3800 4732 .
3825 4718 3839 4731 .
3878 4680 3961 4740 Ὠς

2391 4770 2498 4841 γὰρ
2527 4772 2583 4822 ὲν
2614 4770 2786 4839 σκότῳ
2816 4770 2908 4821 καὶ
2949 4769 3099 4840 ὕπνῳ
3146 4769 3350 4836 διάγειν
3380 4768 3687 4838 νομίζουσιν
3720 4771 3774 4821 οἱ
3813 4771 3961 4839 ἀνια-

2394 4864 2507 4931 ροῖς
2538 4862 2975 4932 περιπίπτοντες,
3016 4860 3157 4915 κατὰ
3198 4862 3393 4914 ταυτὸν
3434 4856 3525 4913 οὖν
3567 4862 3835 4931 σημαίνει
3874 4863 3964 4915 καὶ

2390 4953 2486 5016 τὰς
2545 4954 2774 5022 θλίψεις,
2817 4954 2909 5006 καὶ
2966 4954 3065 5023 τὴν
3119 4954 3325 5006 τούτων
3385 4952 3734 5024 ἀπαλλαγήν.
3776 4974 3793 5005 ι
3836 4955 3961 5009 Illud

2391 5054 2592 5107 autem,
2628 5044 2907 5097 Exaudivit
2951 5061 3031 5098 me
3060 5045 3123 5098 de
3175 5052 3371 5108 monte,
3426 5044 3627 5097 dictum
3688 5055 3779 5100 est
3813 5046 3961 5112 juxta

2391 5146 2651 5202 veterem,
2672 5151 2789 5204 quae
2812 5147 2938 5190 tunc
2968 5136 3267 5199 obtinebat,
3298 5135 3627 5204 opinionem.
3660 5136 3961 5190 Putabatur

2390 5224 2533 5277 enim
2570 5225 2623 5279 in
2654 5225 3002 5280 tabernaculo
3056 5226 3323 5290 habitare,
3358 5226 3613 5293 quoniam
3649 5226 3727 5279 ibi
3780 5239 3960 5279 sacer-

2392 5315 2605 5369 dotibus
2638 5331 2848 5385 quoque
2891 5318 3105 5370 oracula
3152 5315 3484 5373 dabantur...
3534 5316 3689 5369 Sicut
3724 5316 3873 5369 enim
3912 5317 3960 5370 in

2394 5406 2633 5461 tenebris
2655 5418 2709 5461 et
2740 5421 2931 5461 somno
2963 5407 3167 5462 versari
3216 5422 3276 5461 se
3319 5408 3633 5461 existimant
3676 5406 3775 5473 qui
3807 5407 3861 5459 in
3881 5421 3963 5457 res

2395 5498 2574 5551 tristes
2613 5499 2871 5559 incidunt,
2900 5500 2979 5553 sic
3008 5500 3170 5552 etiam
3196 5514 3224 5552 a
3252 5498 3411 5553 simili
3438 5498 3670 5566 explicat
3713 5497 3961 5551 aﬂlictio-

2394 5602 2509 5651 nes,
2565 5600 2619 5642 et
2654 5591 2841 5643 harum
2888 5591 3279 5645 liberationem.
3317 5607 3338 5643 ι
3367 5589 3472 5645 Sed
3516 5601 3573 5644 et
3601 5589 3752 5645 aliud
3783 5604 3964 5645 exem-

2753 5769 2796 5799 "'
2828 5768 2955 5822 ibid.
2994 5768 3049 5823 5.
