4088 6310
1286 387 1346 441 D.
1385 385 1523 441 JUL.
1572 385 1897 440 GARNER"
1948 383 2338 441 ΡῐῖΑἰΡΑΤΙΟ.

3271 398 3405 439 (ζειν

184 503 318 569 plum
346 503 669 575 adjiciamus
691 522 720 561 e
752 507 957 574 psalmo
973 518 1146 571 sexto,
1177 508 1491 577 priusquam
1523 522 1550 559 a
1572 505 1747 559 Theo-
1776 515 1820 567 Α
1851 508 2017 575 quod,
2051 516 2104 559 ut
2134 507 2262 570 dixi,
2320 504 2496 575 plura,
2536 518 2696 573 quant
2731 517 2859 569 opus
2892 511 3027 565 eral,
3079 500 3188 566 jam
3235 504 3400 557 relata

186 596 365 666 doreto
425 596 740 650 avellamur.
798 598 961 668 Igitur
1036 598 1113 651 sic
1191 597 1577 664 interpretatur
1637 595 1748 658 illa,

188 684 424 747 Domine,
464 702 528 738 ne
576 688 629 739 in
683 688 860 757 furore
909 700 996 741 tuo
1022 689 1090 753 ⁸⁸,
1121 698 1224 741 clc.
1258 706 1271 741 :
1328 688 1619 757 Πατρικῶς
1657 704 1746 757 με,

186 774 331 844 φησὶ,
360 776 673 839 παίδευσον,
705 781 780 848 μὴ
803 778 1127 841 δικαστικῶς
1150 795 1163 808 ο
1206 778 1483 849 ἰατρικῶς,
1539 778 1611 847 μὴ
1660 793 1750 828 κο·

184 864 485 926 ὶιστικῶςσ
519 865 592 934 μὴ
622 868 895 938 μετρήσῃς
930 870 993 937 τῇ
1031 868 1272 937 ἁμαρτίᾳ
1312 868 1410 937 τὴν
1456 866 1746 937 τιμωρίαν,

185 956 310 1008 ἀλλὰ
341 960 409 1026 τῇ
433 957 810 1026 φιλανθρωπίᾳ
848 960 908 1010 τὸ
932 958 1137 1011 δίκαιον
1173 959 1420 1030 κέρασον.
1466 958 1749 1025 Ἐλέησόν

181 1065 265 1116 με.
284 1050 487 1117 Κύριε,
510 1049 595 1102 ὅτι
614 1048 877 1118 ἀσθενής
895 1052 1030 1118 ειμι.
1062 1051 1426 1122 ’Δρμόττουσα
1448 1053 1559 1113 τοῖς
1580 1052 1749 1121 ἡμαρ-

187 1138 404 1208 τηκόσιν
429 1141 463 1208 ὴ
500 1139 718 1207 τοιαύτη
741 1141 908 1210 φωνὴ.
963 1140 1256 1203 Δσθενείας
1288 1142 1395 1211 γὰρ
1420 1142 1746 1212 ἡγουμένης,

185 1239 283 1281 «εις.
319 1249 339 1279 ι
391 1229 623 1283 Paterne
681 1245 783 1293 tne,
827 1232 1017 1298 inquit,
1069 1233 1349 1299 corripias,
1398 1248 1511 1290 non
1550 1233 1751 1303 jndicis

189 1323 325 1385 ritu;
362 1323 558 1375 medici
594 1336 761 1385 more,
790 1339 894 1375 non
942 1323 1193 1384 tortoris;
1240 1339 1309 1377 ne
1349 1323 1590 1377 metiaris
1628 1324 1747 1379 vin-

187 1414 384 1466 dictam
429 1422 672 1480 peccato,
709 1416 800 1468 sed
827 1414 1147 1482 benignitate
1177 1414 1440 1482 justitiam
1492 1424 1746 1485 tempera.

191 1509 437 1563 lisercre
485 1512 607 1577 mei,
663 1510 899 1576 Domine,
951 1514 1197 1581 quoniam
1248 1514 1488 1580 inﬁrmus
1542 1513 1746 1565 sunt“.

192 1600 501 1669 llnjuStnodi
533 1616 633 1655 vox
670 1604 1042 1670 peccatoribus
1091 1605 1362 1658 convenit.
1408 1603 1543 1657 Nam
1602 1605 1750 1657 intir—

188 1692 371 1746 mitate
403 1693 760 1760 praecedente,
788 1712 808 1744 ι
839 1704 944 1749 etc.
976 1694 1125 1749 Haud
1163 1712 1317 1750 secus
1340 1694 1749 1765 pseudo-Theo-

188 1783 385 1837 dorus:
423 1783 713 1855 [ἰατρικῶς
757 1804 823 1857 με
874 1788 1199 1853 παίδευσον,
1259 1789 1334 1859 μὴ
1383 1786 1743 1849 δικαστικῶς·

1852 600 1993 661 sint;
2030 599 2274 661 alterum,
2300 597 2440 664 quod
2469 597 2719 651 catenise
2742 596 2933 664 quibus
2974 595 3234 662 ejusmodi
3256 594 3405 647 testi-

1854 691 2031 743 monia
2063 691 2301 759 depromi
2325 699 2616 758 oporteret.
2650 689 2781 742 ﬁdes
2815 703 3001 757 magna
3032 686 3272 741 adhiberi
3302 702 3405 739 non

1852 782 2041 835 soleat.
2078 783 2214 848 Quia
2249 792 2425 834 tamen
2453 796 2555 835 non
2593 781 2815 834 deerunt
2857 779 3085 833 fortasse
3110 780 3199 847 qui
3227 792 3409 831 exem-

1852 872 2061 939 plorum
2119 873 2462 926 multitudine
2499 871 2855 935 delectentur,
2911 886 3009 924 nec
3056 871 3122 925 iis
3171 866 3406 937 unquam

1850 962 2035 1016 satiari
2086 965 2310 1033 possint.
2362 964 2716 1017 indicabimus
2766 961 2879 1017 loca
2920 959 3409 1031 quaedam,quibns

1850 1051 2065 1118 planum
2106 1055 2197 1107 fiat
2246 1053 2431 1107 cadent
2484 1052 2744 1107 interdum
2801 1053 2853 1104 in
2898 1050 3409 1122 pseudo-Theodoro

1852 1138 1975 1209 legi,
2020 1156 2139 1209 qua:
2185 1150 2241 1194 et
2289 1141 2340 1193 in
2377 1139 2601 1209 Origine
2639 1149 2693 1194 et
2735 1139 2788 1191 in
2818 1137 3061 1208 Didyme.
3110 1137 3407 1206 Compares

1849 1232 2007 1286 velim
2054 1233 2300 1301 paginam
2350 1232 2448 1287 ΞΗ
2486 1234 2615 1287 tomi
2651 1231 2807 1302 primi
2852 1245 2975 1284 cum
3025 1230 3213 1299 pagina
3261 1229 3405 1293 2H;

1851 1323 1977 1377 item
2010 1324 2261 1393 paginam
2296 1323 2401 1378 223
2444 1338 2565 1377 cum
2614 1324 2803 1394 pagina
2836 1322 2972 1385 226-,
3002 1322 3125 1375 item
3158 1322 3406 1389 paginam

1849 1411 1945 1466 39f
1972 1428 2090 1466 cum
2120 1412 2306 1481 pagina
2329 1411 2435 1466 402
2453 1428 2467 1476 ;
2488 1425 2713 1481 quarum
2742 1412 2968 1466 lectione
2987 1411 3161 1465 disces
3179 1412 3409 1480 pseudo-

1850 1501 2189 1557 Tbeodorum
2222 1511 2277 1553 et
2296 1504 2362 1558 ab
2386 1501 2613 1571 Origene
2642 1516 2853 1571 quoque
2895 1500 3147 1555 nonnulla
3201 1510 3409 1553 mutua-

1852 1604 1959 1647 tum
1987 1609 2126 1651 esse.
2159 1595 2451 1664 Compares
2474 1609 2661 1648 rursus
2694 1594 2940 1663 paginam
2987 1594 3089 1646 277
3139 1609 3259 1647 cum
3314 1609 3410 1661 pa-

1849 1687 1968 1755 gina
2000 1684 2137 1749 270;
2171 1686 2293 1739 item
2322 1686 2567 1756 paginam
2605 1686 2707 1741 358
2734 1700 2855 1738 cum
2879 1685 3071 1755 pagina
3094 1684 3238 1747 355;
3281 1684 3407 1737 item

1848 1777 2097 1845 paginam
2151 1776 2254 1830 604
2308 1794 2428 1831 cum
2481 1779 2673 1848 pagina
2729 1777 2867 1841 595;
2918 1777 3111 1846 quibus
3146 1774 3405 1845 perlectis

189 1877 465 1948 ἰατρικῶς,
510 1854 583 1949 μὴ
613 1854 973 1942 κολαιιτικῶς·
1007 1880 1079 1949 μὴ
1114 1854 1385 1949 μετρῆσῂς
1416 1882 1480 1950 τῇ
1507 1878 1748 1950 ἁμαρτίᾳ

1854 1867 2089 1921 fatebere
2134 1867 2695 1938 pseudo-Theodorum
2730 1869 2935 1936 pariter
2969 1880 3021 1922 et
3064 1882 3128 1921 ex
3183 1867 3409 1937 Didyme

186 1967 277 2040 τὴν
303 1970 599 2041 τιμωρίαν,
628 1970 762 2023 ἀλλὰ
800 1970 1174 2041 φιλανθρωπίᾳ
1222 1970 1283 2021 τὸ
1329 1970 1533 2023 δίκαιον
1580 1970 1747 2042 κέρα-

418 2060 708 2126 Ἐλέησόν
745 2075 842 2126 με.
885 2059 1249 2130 Ἀρμόττουσα
1281 2063 1391 2123 τοῖς
1444 2061 1753 2131 ἡμαρτηκό-

189 2167 269 2203 σιν
294 2153 327 2222 ἡ
355 2152 531 2220 φωνή.
575 2149 880 2211 Ἀσοενείας
913 2150 1021 2220 γὰρ
1047 2150 1376 2221 ἡγουμένης,
1397 2160 1500 2204 etc.
1522 2169 1539 2200 ι
1568 2150 1753 2203 Pater-

190 2256 253 2294 ne
281 2258 366 2294 me
397 2241 685 2310 corripias.
706 2256 813 2295 non
840 2242 941 2294 ritu
971 2242 1198 2308 iudicis;
1224 2243 1418 2295 medici
1447 2257 1617 2306 more,
1647 2257 1748 2296 non

190 2333 444 2398 tortoris;
485 2346 551 2384 ne
573 2334 885 2387 adutetiaris
927 2334 1217 2388 vindictam
1262 2342 1504 2403 peccato,
1536 2334 1631 2387 sed
1662 2334 1750 2386 be-

189 2423 735 2492 nignitatejustitiam
770 2435 1025 2495 tempera.
1078 2424 1327 2480 Miserere
1374 2426 1509 2486 mei,
1556 2439 1752 2480 conve-

189 2516 336 2569 niens
366 2517 743 2587 peccatoribus
775 2531 874 2570 vox
895 2556 911 2581 ,
946 2516 1070 2569 dum
1116 2516 1259 2568 enim
1311 2515 1595 2570 infirmitas
1617 2530 1751 2584 prae-

189 2606 347 2672 cedit,
390 2627 409 2658 ι
452 2618 563 2663 etc.

253 2694 342 2749 49.
379 2694 543 2747 Plura
571 2710 634 2748 ex
667 2694 1006 2748 Theodoreto
1065 2693 1317 2765 colligere
1366 2695 1703 2749 institueram
1735 2714 1747 2748 :

188 2788 277 2839 sed
310 2802 436 2841 cum
471 2801 535 2838 ea
560 2801 681 2854 qua:
711 2786 877 2841 relata
910 2797 1057 2854 sunt,
1096 2789 1205 2857 jam
1243 2790 1459 2843 modum
1491 2806 1753 2859 superare

196 2879 502 2945 videantur,
535 2880 602 2932 de
640 2879 741 2934 hac
774 2896 888 2934 mea
916 2879 1123 2934 decessi
1156 2882 1445 2935 sententia.
1479 2882 1743 2948 Quoniam

190 2978 363 3023 tamen
388 2968 714 3026 Theodoreti
746 2972 1065 3024 mentionem
1113 2970 1357 3032 fecimus,
1400 2986 1502 3024 non
1534 2987 1748 3040 possum

186 3059 309 3126 quin
336 3061 514 3115 dicam
538 3062 590 3115 in
607 3060 1011 3113 commentariis
1035 3059 1100 3114 iis
1122 3074 1259 3131 quos
1277 3064 1327 3115 in
1357 3061 1598 3118 Psahnos
1619 3078 1750 3117 con-

188 3152 423 3219 scripsit,
470 3151 695 3218 reperiri
728 3154 888 3203 multa
921 3166 1039 3219 quae
1070 3155 1210 3221 apud
1258 3155 1545 3210 Eusebium
1573 3156 1751 3212 verbis

188 3241 406 3294 totidem
430 3250 489 3295 et
516 3240 735 3311 syllabis
763 3241 1031 3311 leguntur.
1052 3244 1181 3314 Ejus
1211 3246 1286 3300 rei
1304 3248 1548 3316 exempla
1574 3248 1753 3304 videre

188 3330 274 3398 qui
292 3332 499 3401 cupiet,
525 3346 645 3386 eum
678 3334 852 3403 aliqua
872 3336 1214 3391 inventurum
1241 3337 1479 3405 spondeo
1498 3339 1547 3389 in
1566 3337 1750 3404 expla-

190 3424 401 3477 natione
422 3423 755 3493 psalmorum
780 3427 971 3481 decimi
989 3428 1182 3496 quinti,
1202 3427 1396 3482 decimi
1416 3427 1575 3491 sexti,
1612 3428 1753 3482 vice-

190 3516 306 3569 simi
322 3516 509 3584 primi,
525 3515 779 3571 tricesimi
799 3518 953 3584 primi
967 3529 1021 3571 et
1037 3516 1291 3571 tricesimi
1308 3514 1452 3570 noni.
1473 3515 1651 3585 Neque
1668 3520 1754 3572 ad-

193 3609 403 3661 modum
424 3607 614 3660 dubito
628 3608 754 3671 quin
775 3606 858 3660 his
876 3608 1090 3671 similia,
1110 3607 1152 3661 si
1176 3606 1296 3675 quis
1312 3620 1552 3675 quaerere
1570 3608 1751 3675 vellet,

192 3698 311 3749 alibi
339 3711 561 3765 quoque
591 3696 976 3752 invenirentur.
1018 3698 1206 3754 Utrum
1252 3707 1430 3752 autem
1463 3715 1581 3767 quae
1611 3702 1751 3754 indi-

190 3786 465 3849 cavimus,
519 3794 574 3840 et
627 3786 729 3840 alia
775 3803 895 3857 quae
945 3788 1174 3845 fortasse
1221 3791 1289 3844 ab
1345 3792 1534 3845 harum
1574 3808 1751 3846 rerum

189 3878 443 3933 studiosis
468 3877 795 3947 deprehendi
824 3888 1095 3949 poterunt,
1125 3891 1331 3937 attexta
1360 3883 1467 3937 sint
1505 3880 1752 3937 Theodo-

192 3967 285 4019 reti
315 3967 755 4035 interpretatioui
788 3985 817 4023 a
851 3970 1108 4033 librariis.
1140 3987 1207 4025 an
1237 3972 1604 4027 Theodoretns
1643 3975 1752 4043 ipse

189 4072 246 4111 ea
277 4060 384 4115 sibi
426 4064 738 4128 sumpserit,
794 4065 1098 4132 expendere
1149 4080 1326 4117 meum
1379 4079 1482 4117 non
1508 4074 1624 4125 est,
1660 4063 1751 4116 scd

189 4148 327 4215 ejus,
389 4152 483 4219 qui
538 4149 858 4204 Theodoreti
914 4167 1136 4219 operum
1197 4153 1492 4205 editionem
1559 4168 1751 4205 novant

189 4241 471 4309 suscipiet.
503 4236 655 4305 Quod
681 4250 858 4291 autem
882 4239 1015 4302 dixi,
1065 4240 1295 4292 inveniri
1329 4240 1380 4292 in
1414 4240 1752 4296 Theodoreto

192 4346 294 4383 non
316 4345 516 4399 pauca,
546 4345 665 4398 qua:
694 4331 913 4385 totidem
970 4331 1195 4402 syllabis
1228 4330 1454 4400 legimus
1479 4335 1616 4398 apud
1646 4334 1753 4387 Eu-

190 4425 425 4487 sebium,
473 4439 578 4479 non
625 4425 697 4478 ita
731 4435 1009 4493 acceptum
1059 4423 1199 4488 volo,
1259 4434 1313 4476 ,ιι
1348 4426 1461 4481 hare
1510 4428 1689 4481 omnia
1722 4442 1752 4480 e

189 4517 599 4570 commentariis
632 4517 845 4571 Eusebii
880 4518 932 4571 in
963 4518 1285 4572 Theodoreti
1336 4520 1752 4573 commentarios

190 4604 454 4656 translata
490 4618 613 4659 esse
637 4615 910 4671 putentur.
949 4608 1043 4661 Est
1072 4609 1217 4663 enim
1245 4606 1373 4661 tuihi
1404 4610 1753 4675 persuasissi-

191 4710 357 4757 mum,
397 4694 755 4766 fragmentum
778 4696 903 4750 illud
934 4712 1041 4766 quo
1073 4700 1425 4769 explanantur
1448 4698 1534 4751 illa
1567 4700 1752 4767 psalmi

189 4788 382 4843 decimi
418 4790 581 4850 sexti.
616 4808 634 4841 ι
670 4788 914 4853 Domine,
946 4805 975 4842 a
1028 4793 1215 4858 paucis
1261 4794 1328 4846 de
1382 4801 1526 4846 terra
1580 4794 1758 4848 divide

190 4891 281 4930 eos
297 4879 364 4937 ἰ,
389 4896 408 4926 ι
433 4888 565 4937 etc..
600 4879 847 4945 quodque
874 4877 1092 4946 incipit:
1119 4879 1180 4930 Ei
1206 4881 1299 4932 καὶ
1334 4880 1416 4933 σοὶ
1438 4878 1513 4949 τῷ
1543 4879 1756 4953 θανάτῳ

193 4965 559 5034 παραπέμψαι.
581 4966 778 5035 ῥᾴδιον,
802 4979 931 5031 etc..
955 4982 985 5020 e
1027 4965 1349 5021 Theodoreti
1374 4972 1759 5025 commentario

193 5062 243 5114 in
295 5060 655 5115 Eusebianum
708 5063 987 5113 advectum
1040 5074 1179 5113 esse.
1233 5059 1364 5115 Nam
1416 5075 1541 5116 ante
1594 5067 1755 5119 verba

192 5152 303 5213 illa.
330 5153 378 5204 εξ
409 5151 526 5212 καί,
578 5163 707 5213 etc..
741 5151 969 5221 legimus
1019 5154 1070 5206 in
1104 5152 1354 5218 Eusebio,
1386 5156 1543 5218 ἄλλος
1570 5157 1752 5227 φησίν,

195 5262 215 5295 ι
252 5247 327 5299 ait
357 5244 517 5299 alius.
555 5263 575 5295 ι
620 5245 759 5312 Quin
796 5255 973 5300 autem
1009 5264 1027 5297 ι
1063 5246 1200 5300 alius
1230 5266 1247 5298 ι
1286 5247 1371 5301 ille
1411 5250 1481 5303 sit
1510 5250 1756 5305 Theodo-

193 5348 339 5393 retus
364 5340 502 5407 ipse,
538 5339 677 5405 apud
719 5352 875 5407 quem
907 5340 1094 5393 eadem
1122 5340 1341 5395 omnino
1389 5340 1750 5411 inveniuntur,

192 5428 421 5481 dubitari
451 5444 607 5498 posse
632 5445 736 5482 non
760 5428 1013 5483 arbitror.

257 5521 347 5574 50.
400 5524 512 5577 Duo
558 5523 686 5577 mihi
740 5523 1123 5592 impedimento
1164 5533 1289 5579 sunt
1338 5538 1403 5577 ne
1446 5525 1752 5581 testimonia

192 5610 455 5667 oroferam
491 5625 581 5669 aut
614 5630 677 5669 ex
702 5612 951 5684 Origene,
996 5622 1086 5667 aut
1109 5629 1173 5667 ex
1204 5614 1445 5682 Didymo.
1494 5616 1750 5683 Ptiznnm,

1102 5796 1144 5825 "
1178 5794 1315 5847 f’sal.
1358 5811 1467 5858 avt,
1502 5797 1579 5848 ll.

278 5792 324 5825 "
347 5792 565 5861 i’sat.vt,
596 5794 650 5848 2.
734 5793 777 5825 "
808 5792 937 5847 ibid.
973 5796 1023 5848 ’5,

1851 1960 2097 2013 nonnihil
2147 1961 2495 2029 excerpsisse.
2549 1959 2735 2015 Finem
2797 1960 3010 2013 tandem
3058 1960 3265 2014 criticis
3327 1960 3410 2014 his

1853 2052 1991 2103 notis
2022 2052 2379 2120 imponamus.
2415 2050 2553 2104 Nihil
2589 2051 2731 2105 enim
2764 2051 2958 2104 attinet
3005 2052 3187 2105 dicere
3233 2052 3409 2121 plura,

1851 2158 1969 2195 cum
1993 2144 2126 2197 satis
2156 2160 2421 2214 superque
2459 2161 2522 2199 ex
2573 2145 2656 2198 his
2705 2152 2912 2199 constet
2963 2146 3409 2197 commentarimn

1848 2248 1969 2287 eum
2003 2236 2094 2304 qui
2131 2222 2345 2291 nomine
2392 2236 2661 2289 Theodori
2712 2236 3041 2291 Heracleotaa
3090 2232 3407 2290 circumfer-

1853 2333 1961 2391 tur,
1990 2327 2037 2379 ei
2065 2327 2227 2381 tribui
2267 2343 2372 2381 non
2425 2327 2645 2391 debere,
2694 2342 2791 2381 nec
2830 2342 3006 2394 posse.
3055 2324 3197 2381 Cave
3251 2326 3411 2395 igitur

1854 2432 2008 2490 putes
2064 2418 2366 2471 habendum
2421 2432 2539 2471 esse
2586 2432 2683 2483 pro
2736 2415 2996 2485 plagiario
3037 2415 3312 2479 Basilium,
3347 2432 3412 2469 eo

1850 2512 1992 2580 quod
2050 2511 2102 2562 in
2154 2509 2322 2577 ipsius
2366 2508 2703 2563 orationibus
2759 2509 2811 2561 in
2866 2508 3101 2576 psalmos
3165 2508 3412 2577 legantur

1850 2603 2036 2655 eadem
2064 2616 2170 2653 non
2196 2614 2340 2663 raro,
2386 2614 2505 2668 quae
2557 2599 2609 2651 in
2638 2603 3063 2665 commentario;
3109 2604 3199 2654 sed
3226 2599 3413 2654 existi-

1853 2709 1968 2749 mes
1994 2692 2147 2746 velim
2191 2691 2635 2748 dommentarium
2681 2694 2828 2748 illum
2873 2706 2930 2747 ut
2960 2710 3023 2747 ex
3057 2694 3175 2748 aliis
3207 2695 3411 2757 multis,

1856 2786 1927 2840 ita
1964 2800 1994 2839 e
2053 2783 2253 2839 Basilio
2286 2796 2554 2854 sumptum
2579 2800 2715 2841 esse.
2746 2784 2855 2840 Nec
2884 2787 3078 2841 dixerit
3129 2788 3411 2855 quisquam

1856 2892 1958 2930 non
1983 2876 2152 2930 fuisse
2190 2890 2256 2929 ex
2298 2876 2550 2930 omnibus
2588 2878 2809 2945 psalmis
2845 2876 3005 2931 allata
3044 2878 3322 2945 exempla;
3354 2888 3411 2929 et

1854 2965 1969 3017 fieri
2025 2980 2200 3035 posse,
2241 2976 2299 3020 ut
2351 2967 2556 3032 reliqua
2598 2968 2972 3021 commentarii
3002 2983 3123 3035 pars
3150 2968 3266 3035 ejus
3320 2969 3413 3031 sit,

1852 3057 2005 3127 cujus
2035 3057 2249 3111 nomine
2277 3057 2588 3126 insignitur.
2634 3058 2841 3112 Etenim
2885 3058 3149 3125 conjicere
3176 3058 3302 3111 licet
3348 3076 3411 3112 ex

1856 3149 1920 3204 iis
1974 3164 2092 3217 qua:
2141 3151 2193 3204 in
2252 3150 2485 3205 medium
2529 3151 2883 3216 adduximus,
2933 3151 3412 3217 commentarium,

1854 3253 2082 3311 quantus
2125 3252 2356 3313 quantus
2400 3253 2510 3306 est,
2560 3242 2795 3309 ejusdem
2843 3243 3054 3309 generis
3095 3242 3416 3297 testimoniis

1854 3332 2107 3385 refertum
2146 3348 2283 3395 esse,
2336 3349 2434 3387 nec
2489 3347 2683 3385 nomen
2718 3333 2858 3386 aliud
2891 3333 2938 3388 ei
2989 3333 3157 3401 magis
3218 3348 3414 3388 conve-

1853 3425 2003 3489 nire,
2035 3438 2193 3493 quam
2246 3434 2466 3477 catenae.
2493 3424 2680 3477 Audivi
2710 3424 2978 3477 eruditum
3013 3425 3283 3479 hominem
3324 3423 3415 3479 lii-

1855 3516 2112 3570 cbardum
2168 3517 2353 3571 Simon
2396 3517 2577 3572 dicere
2625 3516 2864 3579 solitum,
2898 3516 3067 3571 videri
3121 3517 3221 3571 sibi
3271 3518 3413 3572 hunc

1855 3607 2123 3661 Theodori
2153 3607 2487 3663 Heracleota:
2518 3608 2960 3663 commentarium
3001 3608 3239 3662 omnium
3283 3625 3418 3679 quos

1856 3699 2055 3767 legerat
2095 3700 2356 3768 optimum
2390 3711 2551 3768 atque
2598 3702 2969 3757 utilissimum.
3021 3702 3177 3769 Nam,
3208 3705 3417 3773 inquie-

1855 3783 2191 3846 bat,omnetn
2212 3782 2428 3837 Patrum
2451 3784 2757 3838 Grazcorum
2777 3787 3076 3839 doctrinam
3108 3792 3415 3843 summatim

1852 3873 2239 3941 complectitur.
2261 3873 2417 3928 Certe
2430 3876 2529 3928 hoc
2542 3874 2848 3942 dicerejure
2862 3877 3065 3945 optimo
3076 3880 3266 3949 potuit,
3294 3895 3417 3937 cum

1852 3978 1915 4018 ex
1932 3964 2144 4018 selectis
2160 3963 2373 4019 Patrum
2393 3965 2525 4021 locis
2542 3977 2751 4021 constet
2764 3969 2849 4024 hic
2862 3971 3417 4030 commentarius.Sed

1854 4058 2296 4112 commentarium
2327 4059 2472 4113 illum
2488 4075 2605 4114 cum
2621 4060 2840 4115 Patrum
2868 4072 3074 4129 catena,
3095 4080 3255 4133 quam
3277 4082 3416 4136 quo-

1856 4154 2027 4217 quein
2044 4150 2228 4205 iisdem
2248 4150 2604 4204 voluminibus
2630 4152 2797 4205 edidit
2817 4152 3158 4206 doctissimus
3178 4154 3258 4207 vir
3280 4153 3416 4208 Cor-

1854 4241 2055 4303 deritts,
2080 4256 2394 4309 comparare
2427 4241 2715 4305 debuerat;
2758 4254 2988 4311 tuncque
3021 4244 3165 4299 nullo
3201 4248 3417 4316 negatio

1858 4330 2327 4383 animadvertisset
2366 4345 2429 4385 ea
2478 4346 2597 4399 qua:
2638 4331 2690 4384 in
2723 4341 2917 4387 catena
2950 4333 3296 4403 proferuntur
3321 4353 3416 4391 no-

1856 4422 1996 4474 mine
2025 4420 2261 4487 Eusebii,
2288 4433 2381 4475 aut
2403 4421 2792 4493 Chrysostomi.
2821 4436 2913 4479 aut
2935 4426 3178 4491 alterius,
3208 4428 3319 4496 ipsa
3351 4431 3415 4479 ad

1855 4514 2074 4567 verbum
2134 4527 2273 4582 saepe
2327 4517 2379 4569 in
2434 4516 2824 4570 commentario
2858 4517 3111 4572 inveniri.
3171 4518 3248 4571 Ex
3309 4534 3417 4587 quo

1859 4606 1968 4673 (res
1998 4606 2137 4659 enim
2182 4605 2292 4674 ipsa
2335 4607 2586 4677 loquitur)
2634 4606 2791 4661 facile
2858 4609 3210 4665 intellexisset
3270 4625 3418 4665 cont-

1861 4697 2202 4763 mentarium,
2236 4701 2326 4767 qui
2369 4698 2632 4753 Theodori
2687 4698 3017 4756 Heracleotze
3054 4717 3247 4755 nomen
3276 4718 3417 4773 pra--

1858 4786 1981 4848 fert,
2005 4787 2122 4857 ejus
2159 4806 2265 4844 non
2307 4805 2424 4845 esse
2447 4830 2464 4855 ,
2496 4792 2589 4845 sed
2641 4802 2731 4847 aut
2768 4792 3050 4847 Theodoro
3072 4795 3306 4865 cuipiam
3335 4811 3418 4852 rc-

1860 4880 2104 4945 centiori,
2146 4882 2410 4935 atttalteri
2444 4884 2615 4939 cuivis
2646 4885 2807 4939 tribui
2848 4896 3118 4953 oportere.

2174 4974 2200 5045 §
2228 4973 2320 5029 IX.
2368 4974 2442 5029 De
2471 4979 2781 5046 paraphrasi
2806 4982 3075 5051 anonymi.

1930 5066 2019 5122 5l.
2055 5067 2337 5120 Volumina
2366 5070 2490 5132 tria,
2523 5080 2578 5122 ut
2621 5079 2805 5123 notum
2831 5081 2935 5136 est,
2965 5072 3167 5125 edenda
3204 5077 3417 5129 curavit

1859 5162 2259 5215 eruditissimus
2290 5165 2371 5216 vir
2413 5163 2722 5227 Corderius,
2758 5165 2808 5216 in
2840 5163 3031 5233 quibus
3061 5178 3223 5232 opera
3285 5169 3414 5220 toti-

1862 5254 1977 5305 dem
2011 5252 2371 5321 reperiuntur,
2393 5252 2746 5322 Paraphrasis
2773 5254 3046 5324 anonyuti,
3073 5255 3418 5312 Commenta-

1863 5346 1975 5399 rius
1998 5347 2062 5400 de
2083 5360 2187 5413 quo
2224 5359 2445 5399 numero
2474 5348 2751 5416 superiore
2786 5358 2894 5400 tam
2944 5347 3107 5402 multa
3160 5349 3418 5409 diximus.

1859 5438 2060 5491 Catena
2086 5436 2314 5506 denique
2343 5435 2651 5490 Gt'tecorum
2703 5437 2944 5493 Patrum.
2976 5440 3212 5511 Contigit
3238 5451 3418 5494 autem

1860 5528 2040 5581 nescio
2057 5529 2343 5596 quomodo,
2364 5539 2419 5582 nt
2440 5531 2562 5585 dum
2589 5530 2906 5586 Theodoreti
2932 5534 2983 5585 in
3008 5530 3246 5587 Psalmos
3275 5545 3394 5586 com

1862 5625 2033 5672 menta
2045 5619 2178 5672 rium
2202 5620 2452 5686 legerem,
2476 5631 2677 5678 temere
2692 5633 2744 5677 et
2762 5639 2887 5678 casu
2912 5623 2965 5677 in
2998 5624 3135 5677 hanc
3168 5624 3417 5697 anonyuti
