4088 6310
713 387 861 427 CCXVI

2012 364 2540 421 PROLEGOMENA.

715 486 857 539 illius
882 478 1253 549 paraphrasim
1281 477 1465 532 oculos
1497 476 1846 547 conjecerim.
1890 479 2082 547 Atque,
2122 474 2260 547 quod
2295 490 2338 545 Α
2368 492 2490 530 rare
2540 478 2687 531 velis.
2722 477 2853 532 Nam
2904 477 3041 531 inter
3088 476 3410 544 posteriores
3467 488 3751 529 recensere
3798 474 3919 528 licet

713 590 818 629 non
842 571 1168 641 quaerebam,
1204 570 1377 638 reperi
1431 571 1683 641 anonymi
1721 570 1859 623 illius
1896 570 2265 638 paraphrasim

711 666 881 733 ipsum
916 679 1034 717 esse
1066 662 1385 716 Theodoreti
1432 662 1901 725 commentarium,
1958 677 2061 715 non
2102 672 2266 713 totum

714 756 856 811 illum
906 755 1119 824 quidem
1148 764 1201 807 et
1252 754 1547 822 integrum,
1580 754 1671 808 sed
1724 763 2062 807 contractum
2117 765 2172 805 et
2218 755 2267 805 in

710 847 977 915 epitomen
1007 846 1299 898 redactum.
1335 843 1577 898 Psalmus
1609 854 1783 898 autem
1814 845 1865 897 in
1900 858 2054 912 quem
2080 842 2266 907 incidi,

712 946 847 1002 erat,
899 938 950 991 ni
994 936 1168 997 fallor,
1203 935 1438 1003 psalmus
1489 937 1708 1004 quintus
1742 944 1796 989 et
1837 936 2094 989 decimus.
2134 936 2269 987 Rem

710 1045 832 1085 cum
861 1030 1111 1091 mirarer,
1158 1029 1335 1098 legere
1380 1029 1539 1083 statui
1578 1035 1631 1082 et
1675 1028 1808 1082 alios
1838 1028 2094 1095 quosdam
2126 1026 2269 1094 psal-

710 1139 845 1191 mos,
888 1138 1014 1195 quo,
1044 1123 1170 1192 quid
1194 1122 1259 1175 de
1285 1121 1370 1174 illa
1405 1120 1714 1190 paraphrasi
1746 1120 2078 1174 sentiendum
2102 1125 2271 1183 esset,

713 1216 878 1269 tutius
908 1228 1065 1267 nosse
1086 1226 1319 1280 possem,
1356 1221 1530 1266 utrum
1555 1210 1804 1265 videlicet
1836 1219 1945 1264 tota
1976 1209 2273 1279 paraphra-

709 1309 787 1365 sis
815 1306 1044 1375 epitome
1068 1304 1313 1373 quaedam
1338 1312 1477 1358 esset
1499 1302 2002 1356 commentariorum
2025 1301 2273 1355 Theodo-

713 1398 837 1461 reti,
865 1411 931 1450 an
961 1396 1049 1449 uni
1076 1394 1197 1448 huic
1231 1394 1573 1461 paraphrasis
1604 1392 1721 1447 loco
1778 1393 1952 1461 inepte
1977 1407 2005 1445 a
2036 1391 2272 1447 librariis

714 1485 1087 1556 interpretatio
1124 1482 1443 1537 Theodoreti
1469 1481 1734 1537 inculcata
1758 1477 1970 1535 fuisset.
2005 1479 2151 1548 Coepi
2175 1479 2271 1547 igi-

714 1587 801 1631 tur
830 1577 1032 1647 primos
1077 1575 1315 1645 quinque
1365 1571 1601 1642 psalmos
1636 1570 1813 1640 legere
1876 1586 1889 1623 :
1939 1571 2031 1623 sed
2084 1583 2271 1623 eorum

712 1685 829 1740 qua:
853 1670 905 1723 in
933 1666 1271 1722 Theodoreto
1309 1665 1568 1729 videram,
1598 1662 1751 1725 nihil,
1784 1670 1845 1715 ut
1870 1675 2051 1717 verum
2078 1658 2266 1724 fatear,

712 1762 885 1834 reperi
930 1762 982 1815 'm
1017 1757 1359 1828 Paraplirasi.
1399 1756 1467 1809 At
1493 1770 1613 1810 cum
1650 1754 1873 1809 aliorum
1918 1752 2267 1822 quorumdam

712 1826 1037 1929 psalmorum
1066 1826 1432 1921 par—sphrasim
1480 1845 1723 1901 evolvere
1766 1858 2064 1913 pergerem,
2098 1841 2271 1894 anim-
2300 1826 2343 1882 Β

715 1946 921 2002 adverti
946 1940 1309 2015 paraphrasim
1352 1937 1540 2010 psalmi
1586 1936 1745 2001 sexti,
1790 1935 1999 2003 septimi
2045 1942 2099 1987 et
2143 1932 2270 1986 alio-

714 2053 832 2092 rum
863 2038 929 2089 ad
974 2048 1141 2102 usque
1182 2033 1449 2086 decimum
1487 2028 1771 2097 septimum
1802 2025 1930 2080 nihil
1959 2041 1989 2079 a
2020 2023 2268 2079 Theodo-

713 2130 813 2184 reti
846 2127 1218 2195 explanatione
1238 2120 1475 2185 dill‘erre,
1505 2121 1605 2175 nisi
1632 2119 1803 2189 capia,
1836 2128 1891 2172 et
1922 2118 2125 2174 voculis
2152 2115 2269 2186 qui-

712 2218 959 2281 busdam,
985 2230 1102 2285 qua:
1135 2215 1185 2267 in
1215 2212 1378 2267 variis
1416 2210 1653 2278 ejusdem
1696 2210 1975 2278 scriptoris
1996 2208 2271 2262 codicibus

715 2322 1007 2363 occurrere
1066 2305 1255 2359 solent.
1309 2304 1419 2357 lino
1470 2302 1758 2357 identidem
1814 2299 2063 2369 anonymi
2113 2312 2271 2366 para-

712 2398 923 2470 phrasis
955 2393 1391 2464 interpretatione
1423 2390 1748 2446 Theodoreti
1784 2390 1950 2444 nihilo
1984 2388 2097 2444 fere
2142 2389 2261 2442 bre-

712 2492 829 2545 vior
870 2498 951 2543 est
982 2507 995 2543 :
1042 2488 1133 2542 sed
1167 2488 1219 2540 in
1250 2496 1476 2555 utroque
1527 2483 1727 2540 nullum
1776 2484 1948 2553 majus
1984 2482 2268 2537 discrimen

716 2581 1018 2641 intercedit,
1048 2593 1205 2647 quam
1238 2577 1375 2645 quod
1416 2576 1739 2646 psalmorum
1785 2575 1947 2629 verba
1975 2588 2183 2641 semper
2219 2572 2269 2624 in

717 2674 817 2725 hoc
849 2669 1223 2739 grandioribus
1246 2668 1436 2723 litteris
1461 2668 1600 2721 edita
1631 2666 1758 2727 sint,
1785 2665 1835 2717 in
1876 2664 1963 2715 illo
1990 2678 2089 2716 non
2122 2664 2269 2715 item.

715 2761 842 2830 Ejus
872 2760 1083 2831 generis
1119 2768 1244 2814 sunt
1290 2758 1480 2827 psalmi
1514 2754 1846 2818 undecimus,
1902 2753 2270 2818 duodecimus,

713 2861 769 2905 et
790 2851 1032 2906 decimus
1070 2858 1312 2918 quartus.
1343 2848 1397 2902 ln
1432 2846 1550 2901 aliis
1589 2860 1722 2916 quos
1755 2845 1863 2900 dixi
1901 2844 2121 2915 psalmis
2150 2843 2269 2897 bre-

715 2943 831 2996 vior
858 2941 1069 3010 quidem
1090 2951 1169 2995 est
1198 2940 1544 3010 paraphrasis
1565 2983 1579 3007 ,
1607 2940 1699 2995 sed
1731 2939 1823 3003 ita,
1852 2948 1909 2992 ut
1933 2938 2188 3007 quidquid
2218 2938 2271 2991 in

715 3048 776 3089 ea
798 3033 1010 3103 legitur,
1030 3047 1190 3086 omne
1217 3032 1267 3085 id
1292 3032 1468 3101 legere
1492 3034 1560 3084 sit
1582 3033 1635 3083 in
1664 3029 2019 3084 Theodoreto.
2049 3030 2273 3085 Praeter-

718 3114 827 3185 ea,‘
860 3136 966 3191 quo
993 3121 1167 3175 minus
1192 3121 1243 3174 in
1273 3118 1564 3187 judicando
1599 3118 1833 3183 fallerer,
1871 3118 2079 3171 initium
2117 3132 2272 3185 para-

716 3212 926 3282 phrasis
957 3222 1010 3264 et
1034 3212 1190 3263 linem
1221 3211 1391 3265 oculis
1415 3208 1735 3278 perlustravi
1778 3222 1807 3259 a
1838 3206 2042 3275 psalmo
2068 3206 2275 3259 decimo

713 3312 903 3355 octavo
944 3314 1110 3368 usque
1155 3300 1219 3351 ad
1254 3300 1610 3364 tricesimum;
1656 3307 1816 3368 atque
1850 3296 2045 3350 factum
2082 3305 2183 3363 est,
2218 3304 2276 3349 ut

715 3406 835 3459 quae
876 3393 927 3445 in
959 3405 1021 3445 ea
1066 3390 1322 3461 legeram,
1354 3389 1537 3442 eadem
1574 3398 1628 3442 et
1670 3390 1720 3441 in
1767 3387 2156 3441 Theodoretina
2194 3389 2275 3441 in-

716 3484 1106 3551 terpretatione
1133 3479 1453 3534 invenerim.
1479 3476 1648 3543 Unde,
1683 3478 1810 3547 quin
1844 3479 2031 3532 horum
2065 3495 2276 3549 quoque

714 3574 972 3628 tredecim
1016 3572 1345 3641 psalmorum
1403 3572 1749 3642 paraphrasis
1798 3586 1861 3625 ex
1919 3572 2099 3625 eodem
2130 3570 2277 3624 fonte

716 3666 906 3718 hausta
956 3661 1046 3725 sit,
1105 3676 1209 3715 non
1242 3662 1395 3714 valde
1436 3662 1722 3715 admodum
1770 3662 1975 3714 dubito.
2036 3661 2185 3726 Quod
2229 3661 2275 3713 si

715 3754 979 3823 quispiam
1026 3752 1264 3821 psalmos
1316 3751 1497 3819 plures
1525 3751 1685 3821 legat,
1736 3750 1838 3805 hoc
1876 3752 2012 3804 idem
2050 3749 2277 3805 fortasse

716 3844 841 3896 alibi
871 3857 1082 3911 quoque
1119 3842 1532 3897 auimadvertet.
1570 3840 1677 3897 Nos
1714 3857 1826 3895 rem
1864 3842 1993 3895 tanti
2024 3856 2274 3895 essenon

716 3935 1062 3997 arbitramur,
1107 3944 1164 3987 ut
1189 3934 1305 4003 plus
1331 3935 1382 3986 in
1412 3948 1472 3986 ea
1500 3948 1675 4002 Opera:
1717 3946 1993 4000 ponamus.
2027 3932 2133 3985 Sed
2160 3946 2277 4000 quae

715 4025 971 4087 diximus,
1006 4039 1068 4078 ea
1111 4024 1191 4076 vel
1237 4023 1345 4076 sola
1382 4022 1747 4092 paraphrasim
1792 4023 1932 4075 illam
1980 4038 2084 4076 non
2145 4036 2277 4075 ano-

716 4116 861 4187 nymi
887 4114 1186 4183 cujusdam,
1210 4116 1301 4169 sed
1331 4115 1597 4169 variorum
1625 4115 1943 4181 scriptorum
1972 4127 2103 4181 opus
2137 4128 2275 4178 esse,

714 4208 868 4269 satis,
920 4208 1130 4275 opinor,
1181 4208 1487 4261 ostendunt.
1543 4206 1788 4275 Scriptor
1840 4205 1980 4259 enim
2029 4204 2117 4274 qui
2168 4214 2276 4257 tam

715 4299 881 4352 multa
916 4314 945 4350 a
977 4298 1309 4353 Theodoreto
1346 4302 1598 4369 sumpsit,
1621 4302 1757 4354 haud
1785 4300 1974 4368 injuria
2015 4299 2158 4355 credi
2184 4313 2277 4363 po-

716 4400 816 4443 test
848 4400 901 4443 et
926 4390 995 4443 ab
1024 4388 1144 4443 aliis
1166 4390 1266 4443 alia
1300 4407 1511 4462 quoque
1540 4393 1851 4461 sumpsisse.
1873 4393 2095 4447 Videtur
2117 4393 2276 4461 igitur

714 4491 768 4534 et
798 4484 897 4534 hoc
921 4483 1212 4550 opusinter
1245 4494 1484 4547 catenas,
1516 4499 1651 4553 quas
1685 4494 1899 4549 vocant,
1946 4485 2132 4539 referri
2163 4500 2272 4540 me-
2306 4523 2349 4578 Β

714 4574 820 4626 rito
868 4587 1019 4638 posse
1060 4575 1257 4641 :cujus
1289 4589 1413 4642 pars
1458 4575 1558 4626 alia
1596 4591 1625 4628 e
1656 4575 2013 4640 Theodoreto,
2066 4578 2165 4631 alia
2208 4592 2274 4631 ex

714 4667 832 4721 aliis
856 4666 1211 4735 seriptoribus
1240 4679 1451 4737 sumpta
1481 4682 1599 4721 esse
1628 4671 1859 4734 putanda
1888 4668 1978 4723 sit.

994 4757 1021 4830 §
1053 4758 1119 4812 Χ.
1168 4758 1239 4811 De
1262 4759 1645 4813 Commentario
1674 4760 1724 4812 iu
1758 4759 1968 4819 Isaiam.

786 4850 869 4903 52.
904 4850 1019 4903 Etsi
1055 4852 1141 4904 hic
1170 4850 1381 4903 videtur
1406 4866 1524 4904 esse
1551 4851 1697 4905 locus
1736 4851 1798 4903 de
1827 4854 2059 4920 quinque
2082 4856 2135 4908 in
2163 4854 2273 4909 Eu-

715 4944 941 4995 nominm
988 4943 1136 4995 libris
1203 4944 1493 4997 disserendi
1550 4962 1561 4996 :
1626 4954 1821 5005 tamen,
1878 4960 1944 5000 ne
2000 4962 2275 5003 sacrarum

715 5034 1111 5103 Scripturarum
1145 5036 1613 5104 interpretationes
1646 5055 1673 5091 a
1707 5055 1763 5093 se
1795 5040 2019 5091 invicem
2055 5040 2273 5094 diveie-

714 5138 918 5190 rentur,
949 5126 1107 5181 malui
1137 5129 1200 5182 de
1224 5129 1536 5197 imperfecto
1564 5130 1616 5181 in
1645 5130 1843 5183 Isaiam
1878 5134 2274 5187 commentario

712 5218 1006 5285 disputare,
1053 5233 1175 5271 mox
1220 5220 1285 5271 de
1323 5219 1404 5273 his
1440 5234 1574 5287 quos
1612 5220 1719 5273 dixi
1778 5219 1928 5273 libris
1974 5221 2273 5276 locuturus.

711 5307 885 5361 Monui
917 5316 1094 5361 autem
1141 5308 1333 5363 alicubi
1389 5311 1778 5377 amplissimum
1811 5311 1960 5363 illum
2010 5313 2061 5365 iu
2096 5313 2273 5380 priora

710 5400 980 5453 sexdecim
1019 5398 1168 5452 Isaia:
1206 5402 1378 5468 capita
1406 5403 1877 5465 commentarium,
1911 5406 2011 5455 etsi
2060 5404 2173 5457 fere
2206 5407 2273 5458 ab

710 5489 958 5541 omnibus
1016 5503 1110 5556 pro
1160 5490 1388 5557 genuino
1443 5488 1620 5542 Basilii
1688 5490 1795 5543 fetu
1860 5492 2105 5556 habetur,
2167 5509 2271 5547 non

711 5580 855 5631 omni
888 5589 1061 5633 tamen
1114 5580 1420 5648 suspicione
1476 5596 1687 5635 vacare.
1751 5581 1999 5636 invenias
2055 5585 2268 5651 quidem

712 5668 1065 5733 paucissimos
1101 5672 1186 5737 qui
1218 5680 1435 5737 negent,
1476 5673 1517 5723 si
1554 5672 1693 5739 ipsos
1732 5686 1851 5723 cum
1892 5672 1953 5725 iis
2002 5674 2089 5738 qui
2130 5674 2270 5727 hunc

714 5758 1156 5808 commentarium
1187 5773 1309 5811 vere
1342 5760 1519 5813 Basilii
1559 5776 1675 5814 esse
1712 5759 1795 5814 alii
1812 5770 2004 5826 rmant,
2038 5776 2263 5829 compa-

2368 569 2657 625 Maximum
2685 571 3065 634 confessorem,
3086 569 3343 623 Joannem
3386 569 3796 631 Damasceuum,
3821 569 3923 638 Syr-

2370 675 2611 714 meonem
2649 659 3019 725 Logothetam,
3060 660 3346 715 Antonium
3378 659 3663 724 Mclissam,
3710 658 3921 713 Thars-

2369 755 2504 807 sium
2544 752 2907 807 Patriarcham
2935 752 3608 819 Constantinopolitanum,
3649 762 3924 806 auctorem

2372 843 2703 897 Scholiorum
2755 844 3060 899 Graecorum
3116 845 3169 898 in
3243 842 3504 912 Epistolas
3554 844 3923 910 apostoticas:

2370 935 2563 1004 quibus
2596 937 2914 1006 adjnngendi
2976 944 3100 991 sunt
3163 945 3215 991 et
3246 934 3474 996 librarii,
3529 934 3702 1001 quiin
3755 934 3927 987 fronte

2370 1028 2687 1095 scriptorum
2718 1043 2875 1080 manu
2908 1028 3151 1082 codicum
3180 1042 3370 1081 nomen
3395 1026 3574 1080 Basilii
3604 1024 3781 1093 Magni
3817 1025 3928 1079 Cic-

2371 1119 2626 1173 sariensis
2671 1120 3059 1189 archiepiscopi
3094 1117 3373 1185 diligenter
3414 1116 3711 1171 inscribere
3769 1129 3926 1167 cura-

2373 1222 2513 1263 runt.
2545 1208 2654 1264 Nec
2700 1212 2894 1264 mirum
2950 1210 2991 1263 si
3044 1209 3389 1272 recentiores,
3440 1208 3702 1275 majorum
3751 1220 3928 1259 exem-

2372 1300 2477 1370 plo,
2508 1302 2750 1355 eamdem
2799 1300 3029 1370 amplexi
3070 1300 3177 1355 sint
3216 1300 3558 1353 sententiam.
3592 1297 3929 1351 Celebriores

2372 1402 2496 1446 sunt
2524 1392 2855 1457 Tilmannus,
2886 1392 3130 1459 Ducazus,
3161 1390 3534 1454 Combefisins,
3567 1388 3778 1443 Natalis
3819 1388 3933 1439 Ale-

2371 1483 2590 1547 xander,
2626 1483 2884 1552 Dupinns,
2908 1483 3303 1550 Tillemontius,
3331 1481 3636 1551 chuienus
3663 1503 3676 1536 :
3702 1493 3929 1548 quorum

2369 1574 2629 1645 opinioni,
2665 1575 2763 1629 nisi
2788 1577 3115 1645 gravissima:
3136 1590 3308 1629 causa:
3341 1575 3649 1643 impediant,
3673 1572 3929 1625 accedere

2369 1680 2581 1735 semper
2611 1665 2896 1735 gloriabor.
2932 1666 3229 1720 Numerare
3280 1664 3490 1720 facilius
3541 1666 3646 1719 erit
3693 1664 3930 1718 adversae

2371 1757 2647 1811 sententia:
2678 1765 2954 1826 patronos,
2995 1771 3113 1811 cum
3152 1766 3262 1811 tres
3290 1769 3380 1811 aut
3413 1766 3647 1827 quatuor
3672 1757 3934 1811 duntaxat

2374 1846 2725 1913 inveniamus,
2769 1847 3031 1903 Joannem
3068 1849 3445 1919 Drungarium,
3494 1849 3808 1914 Erasmum,
3844 1848 3933 1901 Ri-

2374 1946 2573 2004 vetum,
2609 1939 2903 1995 Petavium.
2954 1942 3220 1997 Tilmanui
3272 1950 3448 1995 autem
3500 1949 3554 1994 et
3600 1939 3934 2009 reliquorum

2374 2032 2511 2086 idem
2543 2032 2889 2087 sentientium
2916 2035 3093 2102 Opinio
3126 2051 3229 2089 non
3263 2033 3367 2089 alio
3413 2034 3579 2103 magis
3612 2038 3935 2102 argumento

2374 2126 2583 2191 nititur,
2615 2140 2773 2194 quam
2806 2124 2944 2193 quod
2978 2127 3398 2180 commentarius
3440 2124 3530 2180 ille
3559 2139 3658 2193 pro
3699 2124 3935 2194 genuino

2374 2212 2553 2267 Basilii
2596 2214 2767 2285 Magni
2802 2214 2909 2269 fetu
2962 2216 3029 2269 ab
3065 2217 3451 2284 antiquissimis
3495 2217 3603 2272 illis
3650 2231 3791 2285 quos
3824 2214 3933 2268 dixi

2375 2305 2504 2358 viris
2536 2306 2834 2361 habeatur:
2870 2322 3055 2361 eorum
3087 2322 3214 2363 vero
3253 2309 3343 2377 qui
3398 2310 3681 2362 adversam
3717 2318 3937 2363 tuentur

2374 2396 2714 2461 sententiam,
2766 2410 3077 2468 argumenta
3124 2409 3215 2455 aut
3246 2400 3387 2454 nulla
3418 2410 3564 2466 sunt,
3598 2410 3696 2455 aut
3721 2416 3830 2455 non
3865 2402 3934 2453 ita

2378 2489 2601 2543 multum
2630 2490 2694 2543 ad
2730 2492 3156 2559 persuadendum
3192 2490 3403 2549 idonea.
3447 2491 3706 2545 Erasmus
3746 2492 3937 2544 confu-

2376 2582 2449 2649 git
2478 2581 2541 2634 ad
2580 2581 2706 2634 illud
2735 2596 2917 2643 suum,
2945 2592 3002 2635 ut
3042 2581 3185 2635 dicat
3216 2600 3317 2638 non
3346 2583 3509 2637 videri
3543 2580 3645 2637 sibi
3674 2582 3774 2636 hoc
3802 2596 3938 2650 Opus

2377 2670 2608 2724 divinam
2640 2671 2781 2723 illam
2815 2670 2991 2725 Basilii
3021 2670 3255 2738 phrasim
3290 2686 3495 2739 sapere.
3544 2670 3819 2734 Petavius,
3844 2687 3939 2723 cu-

2372 2759 2458 2829 jus
2489 2760 2539 2813 in
2568 2760 2762 2815 litteris
2793 2761 3083 2816 auctoritas
3125 2761 3266 2829 apud
3302 2776 3488 2815 omnes
3518 2762 3811 2829 plurimum
3848 2776 3940 2809 va-

2378 2851 2487 2906 lere
2517 2851 2701 2915 debet,
2738 2852 2813 2906 ait
2843 2852 3056 2922 quidem
3094 2851 3309 2907 disertis
3349 2852 3527 2907 verbis
3561 2851 3938 2919 imperfectum

2376 2943 2522 2999 illum
2554 2949 2609 2999 in
2648 2945 2847 2998 Isaiam
2886 2945 3330 3000 commentarium
3370 2944 3460 3013 qui
3501 2944 3717 2998 nomine
3755 2942 3939 2996 Basilii

2378 3036 2770 3099 circumfertur,
2795 3036 2909 3101 ejus
2936 3053 3041 3090 non
3070 3052 3187 3092 esse
3214 3055 3229 3092 :
3258 3039 3351 3093 sed
3381 3037 3511 3092 nihil
3535 3037 3761 3091 omnino
3783 3034 3942 3089 affert

2380 3128 2444 3178 ad
2474 3140 2623 3180 suam
2678 3127 2999 3181 sententiam
3046 3128 3490 3183 confirmandam.
3519 3128 3723 3185 Petavii
3758 3138 3941 3182 autem
3984 3178 3985 3181 η

2377 3220 2534 3271 verba
2568 3220 2680 3273 hare
2707 3230 2831 3273 sunt
2852 3230 2978 3275 tom.
2996 3218 3059 3273 Ill
3081 3219 3254 3274 Theot.
3280 3223 3423 3290 dog.,
3445 3224 3536 3276 lib.
3563 3240 3603 3287 ι,
3628 3240 3677 3279 c.
3704 3224 3763 3286 2,
3794 3241 3851 3278 n.
3876 3226 3941 3279 ις

2384 3327 2402 3360 s
2427 3309 2647 3371 Rursus,
2673 3311 2861 3379 inquit,
2882 3322 3064 3365 auctor
3088 3312 3589 3366 commentariorum
3616 3317 3682 3366 ad
3711 3314 3943 3377 Isaiam,

2374 3403 2464 3471 qui
2498 3400 2693 3456 Basilio
2728 3402 2897 3457 solent
2932 3403 3175 3467 inscribi,
3223 3418 3321 3459 nec
3365 3412 3493 3457 sunt
3542 3413 3724 3457 tamen
3770 3407 3943 3465 illius.

2374 3494 2583 3548 videtur
2610 3495 2770 3549 etiam
2808 3506 3121 3563 corporatos
3142 3495 3357 3567 angelos
3383 3495 3583 3551 facere.
3615 3516 3635 3549 ι
3668 3495 3947 3552 Montfan-

2378 3584 2563 3637 conius
2595 3598 2795 3649 noster,
2830 3588 2982 3656 cujus
3024 3587 3174 3641 lahor
3206 3598 3263 3641 ut
3293 3588 3448 3654 alias,
3500 3590 3568 3643 ita
3607 3588 3692 3643 hic
3723 3604 3947 3659 quoque

2379 3676 2661 3729 admodum
2692 3678 2838 3731 utilis
2874 3688 2956 3732 est
2988 3687 3041 3733 et
3070 3678 3393 3744 fructuosus,
3421 3680 3683 3733 edendum
3730 3685 3949 3739 curavit

2379 3763 2652 3831 cujusdam
2682 3766 2901 3823 Joannis
2927 3770 3204 3840 Drungarii
3226 3770 3602 3841 fragmentum,
3630 3775 3776 3841 quod
3796 3786 3949 3829 certe

2378 3858 2443 3910 ad
2478 3872 2589 3911 rem
2637 3857 2717 3909 vel
2768 3860 3001 3913 maxime
3050 3861 3197 3916 facit.
3238 3860 3366 3914 Inde
3405 3864 3547 3916 enim
3593 3864 3811 3919 discere
3867 3878 3949 3917 est

2376 3950 2502 4019 quid
2540 3949 2711 4004 Graeci
2749 3950 2813 4003 de
2849 3948 3025 4003 Basilii
3062 3951 3115 4003 in
3140 3950 3337 4005 Isaiam
3368 3956 3780 4009 commentariis
3822 3973 3946 4010 sen-

2376 4042 2543 4093 serint
2571 4041 2882 4096 duodecimo
2932 4040 3145 4106 saeculo,
3180 4055 3286 4110 quo
3329 4042 3416 4097 ille
3454 4042 3684 4111 scriptor
3738 4046 3942 4100 vixisse

2376 4133 2629 4186 creditur.
2690 4131 2781 4188 Sic
2826 4143 3001 4189 autem
3063 4134 3115 4188 in
3176 4134 3394 4203 prologo
3451 4134 3705 4202 quodam,
3780 4153 3946 4208 quem

2376 4236 2503 4277 tom.
2556 4223 2597 4276 ll
2644 4222 2777 4280 Coll.
2843 4223 3057 4279 Patrum
3110 4222 3302 4289 Grca,
3350 4239 3403 4293 p.
3448 4225 3551 4280 550
3590 4227 3801 4284 editum
3867 4232 3950 4284 in-

2376 4313 2640 4373 venimus,
2668 4315 2875 4369 locutus
2904 4325 2987 4369 est
3014 4314 3249 4370 Joannes
3276 4316 3603 4387 Drungarius
3633 4334 3648 4373 :
3677 4319 3797 4375 Καὶ
3832 4324 3953 4375 τοῦ.

2374 4422 2430 4458 το
2454 4405 2511 4458 δὲ
2544 4404 2839 4478 κατάδηλον
2880 4408 3015 4461 ποιῶ
3061 4411 3169 4471 τοῖς
3205 4410 3640 4481 ἐντυγχάνουσιν,
3688 4414 3771 4476 ὼς
3822 4418 3851 4466 ὁ
3894 4419 3950 4469 ὲν

2374 4495 2549 4561 ἁγίοις
2580 4494 2873 4558 Βασίλειος,
2919 4496 3080 4565 μέρος
3110 4517 3163 4553 τι
3191 4500 3288 4570 τῆς
3322 4502 3378 4552 ὲν
3405 4502 3557 4572 χερσὶ
3603 4506 3949 4574 προφητείας

2376 4585 2745 4655 ἠρμήνευσεν·
2774 4587 2894 4656 ἥτις
2942 4589 3200 4660 ἑρμηνεία
3239 4593 3389 4661 παρὰ
3424 4594 3630 4656 πολλοῖς
3663 4594 3950 4665 ἀμφιϐέλο

2376 4676 2544 4731 λεται.
2603 4679 2760 4733 «Hoc
2816 4680 2941 4734 item
2998 4684 3256 4736 monitum
3310 4684 3563 4739 lectorem
3617 4687 3787 4754 volui,
3838 4691 3952 4745 Ma—

2377 4779 2537 4834 gnum
2577 4769 2780 4823 scilicet
2805 4768 3059 4826 Basilium
3093 4772 3251 4843 hujus
3299 4776 3587 4844 prophetia:
3615 4789 3831 4846 partem
3865 4783 3948 4834 in-

2380 4867 2723 4931 terpretatum
2754 4877 2869 4918 esse
2898 4882 2911 4917 :
2948 4880 3066 4935 quae
3097 4876 3273 4921 tamen
3315 4869 3688 4939 interpretatio
3722 4890 3795 4927 an
3836 4878 3952 4943 ejns

2377 4952 2465 5017 sit,
2498 4968 2527 5006 a
2561 4952 2740 5007 multis
2776 4955 2827 5007 in
2854 4957 3067 5010 dubium
3104 4970 3407 5015 revocatur.
3432 4979 3450 5012 ι
3484 4962 3580 5015 Cui
3608 4964 3945 5018 dubitationi

2377 5040 2519 5095 favet
2567 5042 2631 5107 is,
2664 5056 2818 5111 quem
2858 5048 3013 5100 modo
3042 5046 3177 5113 dixi,
3216 5049 3295 5101 vir
3327 5051 3729 5107 eruditissimus
3773 5052 3953 5110 Mont-

2379 5128 2674 5186 faucouius.

2448 5221 2532 5278 55.
2570 5224 2840 5283 Hactenus
2868 5229 2933 5281 de
2956 5228 3179 5282 aliorum
3213 5232 3494 5287 sententiis
3527 5252 3540 5286 :
3566 5249 3712 5290 nunc
3743 5252 3950 5299 meam.

2376 5320 2433 5365 ut
2472 5315 2635 5379 soleo,
2676 5331 2985 5388 proponam.
3036 5322 3161 5374 Mihi
3211 5338 3350 5392 aegre
3383 5332 3464 5377 est
3506 5325 3753 5393 quidem,
3807 5331 3952 5399 quod

2376 5404 2461 5457 hic
2494 5420 2706 5475 quoque
2740 5409 3006 5475 vulgatam
3039 5412 3345 5480 Opinionem
3390 5415 3707 5485 impugnare
3762 5434 3952 5489 cogar,

2375 5498 2466 5551 sed
2487 5498 2736 5565 quoniam
2765 5502 2874 5555 veri
2904 5518 3055 5557 amor
3076 5505 3191 5572 plus
3222 5508 3397 5561 valere
3426 5511 3579 5562 debet
3608 5524 3778 5577 quam
3812 5529 3951 5583 quo-

2376 5590 2626 5642 rumlibet
2671 5590 2943 5646 hominum
2981 5603 3073 5647 aut
3112 5594 3276 5659 fama,
3310 5610 3398 5650 aut
3432 5601 3764 5666 auctoritas,
3790 5606 3952 5659 dissi-

2376 5677 2681 5731 mulandum
2716 5680 3002 5748 quidquam
3052 5698 3169 5737 esse
3213 5700 3315 5738 non
3366 5698 3512 5755 puto.
3560 5689 3703 5759 Ergo
3736 5704 3948 5747 tantum

2376 5766 2543 5832 abest,
2576 5776 2632 5821 ut
2679 5770 3048 5838 imperfectum
3085 5773 3227 5828 illum
3270 5779 3320 5827 in
3359 5776 3555 5830 Isaiam
3608 5796 3952 5837 commenta—
