4088 6310
1254 371 1313 424 D.
1355 369 1499 427 JUL.
1541 366 1857 425 GABNERII
1897 367 2280 426 PREFATIO.

3175 389 3351 430 CCXVII

165 488 281 542 rium
312 485 538 541 tribuam
572 485 787 551 Basilio,
814 494 869 539 ut
898 500 1019 541 eum
1064 484 1224 539 etiam
1253 484 1369 556 ipso
1392 485 1700 555 indignissi-
1727 491 1774 548 Α
1802 488 1998 542 veniet.
2034 484 2165 540 Nam
2202 486 2356 541 obvia
2392 494 2537 551 sunt,
2566 494 2620 542 et
2654 496 2761 542 tam
2805 487 2994 555 multa,
3026 495 3084 543 ut
3111 502 3175 544 ea
3203 504 3351 558 qua:-

167 594 291 633 mum
323 592 445 635 esse
491 579 750 646 judicem.
804 577 950 646 Legi,
1006 577 1200 647 perlegi
1235 579 1350 632 hoc.
1373 593 1540 647 Opus;
1600 592 1699 633 nec

166 671 431 738 quidquam
461 669 783 725 Basilianum
812 684 1035 738 usquam
1068 670 1262 736 reperi.
1296 668 1439 724 Nihil
1464 684 1563 723 non
1592 670 1700 723 olet

166 762 602 831 peregrinitatem.
647 760 986 829 Quaecunque
1034 760 1305 815 mirantur
1350 761 1695 825 eruditissimi

168 855 341 922 quique
375 854 426 907 in
468 855 687 923 scriptis
715 853 917 920 Basilii,
941 855 1205 909 orationis
1233 852 1694 924 perspicuitatem,

169 944 475 1013 facundiam,
504 946 825 1016 singularem
856 946 1140 1015 quamdam
1180 945 1697 1015 interpretandarnm

170 1032 546 1105 Scripturarum
579 1036 911 1100 facilitatem,
943 1036 1229 1090 verborum
1261 1036 1582 1105 optimorum
1607 1034 1700 1089 de-

168 1125 362 1188 lectum,
395 1128 785 1181 sententiarum
827 1127 1167 1198 gravitatem,
1200 1129 1389 1182 horum
1436 1141 1502 1181 ne
1530 1126 1697 1181 vesti-

170 1216 293 1284 gium
327 1217 542 1285 quidem
587 1216 640 1270 in
694 1218 778 1271 his
809 1220 1211 1274 commentariis
1240 1226 1432 1273 exstat.
1478 1217 1544 1273 Et
1570 1233 1699 1274 vero

169 1308 397 1375 scriptor,
454 1309 760 1376 quicunque
786 1307 874 1363 ille
916 1307 1038 1375 fuit,
1073 1309 1233 1380 friget
1270 1310 1484 1380 ubique.
1518 1308 1701 1380 Stylus

169 1400 292 1455 illius
317 1399 630 1455 aBasiliano
654 1408 760 1454 tam
790 1399 944 1472 longe
961 1402 1142 1465 distat,
1173 1411 1360 1456 uteatu
1389 1400 1699 1470 discrepan-

171 1492 281 1546 tiam
314 1492 399 1559 qui
431 1505 536 1545 non
557 1491 718 1558 videt,
751 1492 881 1547 nihil
918 1492 1091 1547 videat
1121 1506 1339 1547 necesse
1370 1492 1459 1549 sit.
1490 1491 1701 1561 Repetit

170 1596 269 1649 quae
291 1580 565 1649 aliquanto
587 1590 711 1635 ante
737 1582 983 1637 dixerat:
1016 1581 1362 1636 immodicum
1395 1598 1453 1638 se
1487 1592 1701 1652 praestat

172 1671 213 1721 in
238 1669 672 1737 digressionibus,
712 1671 883 1741 iisque
909 1672 975 1726 ad
1005 1685 1116 1725 rem
1147 1685 1251 1725 non
1284 1672 1696 1742 pertinentibus.

172 1758 392 1812 Imitatur
441 1761 637 1829 saepius
671 1761 980 1831 plagiarios,
1017 1760 1131 1829 qui,
1164 1775 1283 1816 cum
1332 1775 1437 1815 non
1470 1762 1702 1815 habeant

173 1852 295 1919 quod
321 1853 579 1920 scribant,
619 1863 672 1909 et
701 1863 876 1909 tamen
914 1855 1148 1909 scribere
1179 1853 1364 1917 velint,
1393 1853 1593 1909 alienos
1618 1853 1701 1909 la-
1728 1826 1775 1885 Β

171 1940 311 1996 bores
347 1952 552 1997 metere
588 1958 694 1998 non
738 1953 1008 1998 verentur.
1062 1943 1135 1997 Ita
1174 1942 1461 2012 aliquando
1498 1959 1528 1999 ιι
1575 1959 1698 2015 pro-

170 2033 320 2099 posito
375 2034 615 2097 aberrat,
649 2042 706 2087 ut
751 2048 873 2087 eum
928 2033 1072 2087 illius
1133 2048 1286 2104 quasr
1333 2034 1555 2090 oblitum
1619 2036 1700 2090 di-

169 2141 278 2187 cas,
312 2138 409 2177 nec
454 2123 630 2192 ipsum
666 2131 822 2192 putes
865 2123 1213 2194 interpretem
1252 2138 1372 2181 esse
1406 2125 1576 2191 Isaiae,
1606 2128 1698 2183 sed

172 2216 375 2269 liavidis.
430 2213 719 2269 Vocabulis
748 2215 893 2270 duris
948 2217 1145 2286 passim
1182 2218 1373 2283 utitur,
1426 2233 1545 2288 quae
1592 2218 1703 2273 fru-

170 2316 262 2358 stra
304 2318 517 2375 quaeras
569 2303 623 2358 in
671 2304 991 2360 suavissimo
1036 2315 1251 2361 oratore
1303 2306 1501 2362 Basilio
1543 2324 1557 2360 :
1608 2310 1701 2364 sed

170 2411 371 2466 quorum
396 2410 523 2467 pars
551 2396 783 2450 maxima
823 2396 962 2465 apud
986 2395 1280 2452 Eusebium.
1309 2399 1607 2466 invenitur;
1634 2402 1702 2454 ob

170 2492 307 2562 idque
332 2490 475 2547 credi
511 2487 703 2543 merito
755 2495 931 2557 potest
978 2488 1200 2558 insignis
1239 2488 1455 2557 quidam
1500 2490 1697 2561 plagia-

171 2586 265 2638 rius
306 2585 491 2639 fuisse.
539 2580 753 2649 lneptit,
792 2578 960 2648 garrit
998 2594 1190 2650 nugas,
1231 2577 1447 2634 Patrum
1500 2583 1705 2650 gravis-

169 2680 284 2732 simo
332 2673 757 2744 indignissimas,
807 2684 1006 2739 easque
1056 2671 1121 2725 ad
1170 2669 1335 2726 risum
1384 2674 1701 2727 movendum

168 2783 304 2837 quam
341 2768 405 2821 ad
434 2765 736 2822 docendum
771 2762 1306 2821 accommodatiores.
1335 2764 1531 2833 Atque,
1562 2766 1703 2835 quod

168 2879 190 2913 a
235 2861 403 2916 Basilii
446 2858 693 2914 moribus
736 2854 1119 2911 alienissimum
1166 2863 1266 2919 est,
1327 2871 1433 2909 non
1481 2857 1704 2911 absolvit

169 2951 412 3020 periodos,
445 2950 543 3004 sed
569 2945 914 3002 divinandum
951 2942 1151 3011 aliquid
1178 2943 1451 3012 relinquit,
1477 2947 1704 3014 scripto-

173 3047 233 3097 ris
261 3044 333 3098 sic
361 3051 416 3096 ut
452 3038 640 3095 multis
691 3038 743 3091 in
787 3036 920 3091 locis
960 3035 1283 3091 sententiam
1325 3037 1580 3107 consequi
1616 3039 1701 3092 vis

169 3135 336 3201 passis.
374 3132 615 3200 Denique
642 3128 693 3182 in
725 3128 806 3183 his
827 3129 1228 3184 commentariis
1255 3133 1415 3184 verba
1450 3145 1555 3185 non
1584 3146 1705 3185 raro

170 3227 227 3279 ita
261 3228 390 3281 inter
431 3239 491 3279 se
519 3222 861 3288 ordinantur,
907 3236 1095 3276 eorum
1149 3231 1207 3274 ιιι
1235 3222 1563 3277 constructio
1587 3221 1703 3276 fieri

170 3319 292 3375 nullo
326 3319 485 3376 modo
530 3316 723 3387 possit.
764 3313 908 3370 Sane
958 3320 1035 3369 tot
1080 3323 1203 3367 sunt
1237 3327 1423 3368 eorum
1472 3327 1591 3383 quae
1620 3313 1703 3367 di-

170 3413 323 3467 ximus
356 3410 632 3480 exempla,
674 3415 805 3479 quot
836 3420 941 3461 non
974 3406 1095 3462 dico
1126 3405 1349 3475 paginae,
1381 3405 1474 3461 sed
1501 3404 1704 3476 periodi

172 3504 675 3559 commentariorum.
734 3498 841 3554 Sed
868 3512 936 3554 ne
990 3498 1147 3569 cupia
1200 3498 1314 3568 ipsa
1341 3498 1562 3554 molesta
1614 3500 1703 3562 sit,

171 3610 313 3664 pauca
354 3610 384 3650 e
426 3592 615 3648 multis
643 3591 710 3645 ad
752 3592 892 3645 hanc
938 3600 1177 3645 nostram
1210 3591 1514 3659 opinionem
1565 3606 1708 3648 com-

173 3686 474 3755 probandam
503 3685 560 3738 in
586 3682 822 3738 medium
849 3680 1142 3752 proferam.

227 3778 302 3834 54.
340 3778 580 3836 Primum
613 3775 687 3829 ita
732 3774 938 3829 auctori
978 3771 1273 3829 familiares
1298 3783 1423 3830 sunt
1446 3789 1522 3829 ea;
1547 3789 1706 3832 voces

172 3889 268 3941 qua:
291 3874 339 3928 in
380 3890 476 3938 κος
536 3869 818 3935 desinunt,
880 3877 942 3923 ut
986 3867 1169 3924 statim
1198 3870 1704 3924 commentariorum

171 3968 426 4040 γνησιότης
471 3966 527 4021 ἰιι
560 3964 779 4021 dubium
809 3961 1048 4018 revocari
1080 3962 1271 4015 merito
1295 3962 1482 4029 possit.
1517 3962 1621 4016 Sed
1659 3961 1705 4015 si

171 4062 269 4129 quis
297 4060 512 4117 easdem
544 4069 709 4111 voces
744 4054 999 4109 attentius
1034 4052 1473 4115 consideraverit,
1497 4054 1703 4121 pleras-

171 4166 253 4217 que
293 4160 392 4205 tam
444 4149 637 4210 duras,
680 4153 787 4199 tam
828 4141 1120 4209 obsoletas,
1171 4151 1390 4212 tamque
1423 4142 1707 4200 inusitatas

172 4243 392 4305 inveniet,
420 4249 477 4293 ut
501 4238 654 4293 hunc
680 4234 1133 4292 Commentarium
1153 4234 1293 4290 male
1320 4233 1516 4290 Basilio
1545 4237 1703 4291 tribui

171 4332 322 4387 statim
347 4327 794 4403 pronuntiaturus
821 4326 910 4381 sit.
938 4325 1114 4392 Quam
1155 4335 1331 4380 autem
1357 4325 1613 4397 frequens
1636 4328 1707 4383 sit

172 4425 212 4476 in
236 4418 626 4480 Commentario
663 4432 791 4473 usus
831 4418 1085 4473 harumce
1115 4432 1329 4483 vocum,
1376 4434 1442 4473 ex
1468 4420 1707 4489 qualibet

1803 594 1948 643 rere,
1992 580 2062 634 sit
2114 593 2331 633 arenam
2363 579 2417 633 in
2449 581 2613 635 maris
2662 580 2841 634 littore
2884 594 3142 650 quaerere.
3176 581 3352 652 Longe

1800 672 2015 743 parcius
2076 671 2223 725 hisce
2278 670 2549 725 vocabulis
2598 672 2672 726 uti
2723 673 2856 727 solet
2883 671 3353 741 eloquentissimus

1800 770 1982 815 orator
2008 761 2259 817 Basilius.
2281 760 2463 830 Neque
2489 776 2617 817 vero
2644 762 2906 831 ejusmodi
2936 777 3094 816 voces
3119 772 3241 817 sunt
3264 778 3353 818 so-

1798 850 1908 906 lum
1942 851 2062 921 plus
2082 852 2229 921 justo
2273 851 2565 908 familiares
2592 854 2873 922 interpreti
2909 892 2924 907 .
2960 855 3075 920 sed,
3106 866 3167 909 ut
3215 855 3351 919 dixi,

1799 951 1924 997 sunt
1953 956 2056 997 non
2102 958 2289 1013 paucas
2315 943 2387 997 ita
2416 944 2578 1008 durae,
2610 944 2683 998 ita
2721 945 2946 1000 insolitas
2966 984 2980 1007 ,
3020 955 3075 999 ut
3099 955 3355 1013 praestare

1801 1032 1971 1086 ausim
2007 1033 2297 1087 maximam
2333 1048 2517 1088 earum
2545 1044 2750 1103 partem
2780 1038 2919 1105 apud
2942 1035 3195 1091 Basilium
3228 1052 3353 1091 nus-

1800 1139 1960 1194 quam
1989 1124 2238 1192 reperiri.
2259 1124 2412 1191 Quod
2438 1143 2602 1195 genus
2636 1136 2781 1191 sunt,
2802 1128 3186 1197 στοχαπικῶς,
3216 1144 3354 1198 παρα

1798 1212 2257 1283 εκσατικώτερον,
2316 1215 2772 1286 σχετλιαστικῶς,
2832 1217 3212 1283 ἀντιϐατικῶς,
3240 1234 3355 1272 σκο-

1801 1307 2074 1370 πευτικὸς,
2134 1308 2529 1378 κατανυκτικῷ,
2566 1309 2931 1378 ἀπιδιαστικά,
2964 1319 3016 1364 et
3060 1310 3196 1377 alia),
3241 1325 3357 1380 quae

1800 1397 1979 1466 plures
2017 1407 2143 1451 sunt
2170 1439 2184 1461 ,
2221 1406 2271 1453 et
2330 1398 2667 1469 frequentius
2725 1402 2928 1470 obviae,
2962 1417 3122 1471 quam
3160 1412 3218 1457 ut
3269 1402 3358 1457 hic

1801 1487 2033 1543 debeant
2070 1488 2283 1545 referri.
2326 1490 2433 1547 Nec
2463 1496 2889 1561 praetereundum
2924 1495 3156 1559 silentio,
3198 1495 3356 1549 innu-

1800 1593 1947 1632 mera
1997 1578 2101 1634 alia
2138 1581 2395 1637 vocabula
2455 1584 2651 1653 passim
2693 1585 2746 1640 in
2808 1585 2893 1642 bis
2959 1572 3360 1646 commentariis

1799 1667 2108 1737 occurrere,
2135 1688 2270 1741 quae.
2298 1676 2388 1744 qui
2412 1675 2579 1731 libros
2600 1677 2784 1733 Basilii
2808 1678 3115 1750 diligentius
3148 1679 3357 1750 legerit,

1800 1763 2079 1832 peregrina
2107 1777 2228 1821 esse
2252 1776 2306 1820 et
2343 1782 2372 1822 a
2410 1767 2681 1825 Basiliano
2710 1784 2807 1825 usu
2839 1770 3009 1826 aliena
3038 1770 3193 1827 facile
3222 1771 3359 1826 fate-

1804 1855 1968 1909 bitur.
2006 1854 2193 1922 Qualia
2248 1870 2388 1923 sunt,
2421 1862 2950 1934 ἀπαρακολουθησία,
2979 1863 3359 1931 ἀκατανάγκα-

1806 1961 1963 2010 στον,
2001 1948 2266 2013 οἰστικαὶ,
2316 1950 2795 2021 ὲπαμφοτεριστῶν
2829 1993 2843 2016 ,
2892 1952 3356 2024 ἀποτηγανιζομέ·

1804 2054 1900 2107 νης
1923 2038 2019 2104 (a),
2047 2040 2366 2109 τρισάθλιοι,
2399 2044 2733 2113 ἀτιμοποιὺς,
2778 2044 3115 2116 ἀσεϐήματα,
3168 2046 3362 2099 ἀκολα-

1807 2129 2074 2199 στήματα,
2109 2128 2249 2185 κατὰ
2279 2134 2644 2205 συναρπαγὴγ,
2680 2136 3205 2209 ἀπαρακολούθητον,
3233 2139 3365 2209 ἀτη-

1810 2220 2037 2293 μέλητα,
2083 2222 2414 2293 οἱησίσοφος,
2480 2225 2975 2299 ὲξευγενιζομένης,
3003 2237 3058 2285 et
3113 2229 3214 2284 alia
3244 2244 3364 2300 per-

1808 2313 1996 2375 multa,
2027 2328 2146 2383 quae
2187 2315 2229 2369 si
2259 2314 2482 2370 velimus
2522 2318 2699 2372 omnia
2730 2319 3070 2386 exscribere,
3105 2336 3228 2391 pars
3256 2336 3363 2377 non

1808 2406 2024 2458 minima
2056 2408 2560 2463 commentariorum
2592 2409 2945 2464 exscribenda
2986 2410 3144 2486 nobis
3169 2412 3290 2467 erit.

1875 2495 1967 2551 55.
2002 2494 2109 2551 Sed
2149 2496 2263 2553 haec
2305 2500 2373 2552 de
2407 2500 2566 2555 nudis
2593 2500 2812 2558 verbis:
2842 2517 2985 2558 nunc
3017 2504 3081 2557 de
3108 2502 3237 2573 ipsis
3273 2517 3367 2572 pe-

1809 2587 1975 2645 riodis
2009 2588 2408 2646 disserendum.
2431 2589 2779 2660 Profecto,ut
2812 2596 2939 2649 mihi
2974 2596 3187 2665 quidem
3218 2594 3368 2651 vide-

1811 2690 1917 2747 tur,
1942 2681 1987 2736 si
2018 2681 2151 2737 nihil
2180 2682 2347 2747 aliud,
2388 2694 2537 2740 certe
2571 2684 2808 2757 ineptum
2840 2687 3048 2742 dicendi
3080 2702 3247 2757 genus
3273 2688 3368 2743 hu-

1804 2772 1892 2841 jus
1940 2774 2118 2842 operis
2147 2774 2358 2829 νοθείαν
2406 2786 2594 2846 aperte
2622 2778 2876 2834 ostendit.
2929 2777 3368 2835 Commentarios

1810 2863 1908 2918 hos
1958 2879 2081 2919 cum
2128 2876 2419 2932 verterem,
2460 2868 2601 2922 inter
2666 2879 2861 2927 cetera
2910 2871 3034 2925 vitia
3060 2910 3076 2937 ,
3118 2870 3245 2926 illud
3283 2872 3367 2927 vel

1810 2953 2097 3008 maximum
2126 2957 2253 3011 mihi
2286 2958 2457 3013 visum
2490 2970 2593 3024 est,
2626 2963 2768 3030 quod
2798 2961 3031 3031 scriptor
3073 2963 3368 3031 saepissime

1809 3043 2058 3112 periodos
2086 3059 2194 3100 non
2222 3047 2468 3104 absolvit.
2499 3048 2577 3103 Ex
2604 3065 2711 3119 quo
2748 3052 2809 3105 fit
2842 3060 2920 3117 ut,
2955 3053 3021 3117 si,
3045 3068 3162 3122 quae
3183 3052 3370 3109 Graece

1811 3132 2003 3207 legisti.
2035 3137 2258 3194 reddere
2294 3139 2426 3195 velis
2454 3139 2659 3209 Latine,
2688 3142 2923 3198 auctoris
2958 3150 3188 3198 mentem
3221 3157 3369 3198 asse-

1805 3224 1897 3291 qui
1931 3225 2015 3278 vix
2046 3228 2245 3294 possis.
2275 3226 2576 3297 Pr0ponam
2610 3231 2696 3284 hic
2717 3231 2834 3300 ejus
2856 3232 2933 3287 rei
2958 3232 3161 3302 aliquot
3185 3247 3370 3289 exem-

1808 3314 1920 3382 pla,
1957 3324 2013 3368 ut
2051 3316 2287 3386 quidque
2318 3332 2565 3382 occurret
2593 3335 2607 3373 :
2636 3336 2703 3376 ex
2748 3323 2944 3392 quibus
2974 3325 3041 3379 de
3074 3324 3255 3380 multis
3289 3328 3365 3380 si-

1806 3404 2021 3460 milibus
2071 3408 2378 3478 conjectura
2432 3409 2548 3466 licri
2612 3415 2827 3482 poterit.
2876 3413 3168 3485 Scriptoris
3205 3418 3370 3487 igitur

1807 3497 1968 3553 verba
1997 3511 2122 3553 sunt
2148 3500 2261 3557 haec
2292 3502 2343 3555 in
2372 3502 2499 3557 illud
2534 3502 2704 3574 (num.
2738 3506 2860 3575 ΗΞ)
2898 3524 2911 3559 :
2957 3505 3026 3561 Et
3055 3509 3371 3576 respondens

1806 3590 1860 3641 in
1883 3588 1977 3641 illa
2008 3590 2091 3643 die
2112 3590 2180 3655 ⁸³,
2206 3600 2308 3645 etc.
2341 3609 2353 3643 :
2390 3592 2503 3645 Νῦν
2525 3593 2581 3647 δὲ
2611 3594 2876 3667 φοϐοῦμαι
2896 3635 2911 3661 ,
2946 3597 3020 3669 μὴ
3062 3598 3118 3649 ὲν
3149 3600 3213 3668 τῇ
3248 3600 3370 3651 Ἰου-

1808 3681 1964 3753 δαϊκῇ
2025 3682 2211 3737 στάσει
2263 3679 2402 3756 ἦσάν
2435 3703 2576 3750 τινες
2626 3690 2674 3741 οἱ
2730 3689 2975 3753 ἀναξίους
3009 3690 3233 3754 ἑαυτοὺς
3261 3691 3368 3745 τῶν

1807 3775 2008 3845 ἐτέρων
2033 3775 2219 3844 ἄρχειν
2259 3775 2568 3846 ἡγούμενοι,
2597 3778 2685 3830 διὰ
2726 3780 2824 3850 τὴν
2875 3779 3218 3851 συναίσθησιν
3268 3783 3368 3853 τῆς

1807 3865 2218 3937 ἐνυπαρχούσης
2252 3867 2433 3932 αὐτοῖς
2462 3869 2759 3940 πτωχείας*
2789 3871 2883 3925 ἐπὶ
2920 3871 2976 3925 δὲ
3002 3870 3109 3924 τῶν
3162 3873 3366 3943 παρὸνο

1803 3974 1931 4022 των,
1964 3958 2069 4013 κᾶν
2129 3960 2202 4031 μὴ
2229 3953 2328 4013 ὦσε
2374 3979 2516 4024 τινες
2548 3962 2877 4034 ἐνδεδυμένοι
2930 3964 3182 4035 Χριστὸν,
3237 3965 3369 4037 μηδὲ

1807 4051 2089 4123 σπλάγχνα
2120 4054 2426 4124 οἰκτιρμοῦ,
2458 4054 2595 4107 κατά
2626 4056 2715 4107 τὸν
2742 4056 3081 4123 Ἀπόστειλον,
3110 4056 3212 4110 κᾶν
3242 4059 3367 4111 ἑπι-

1805 4143 2034 4215 λάεηταί
2070 4163 2153 4209 τις
2188 4146 2286 4199 οὐκ
2324 4146 2681 4215 ἀντιλέγουσι,
2727 4146 2830 4201 κᾶν
2885 4147 2958 4219 μὴ
3017 4148 3363 4221 ἐπιλάϐηται,

1807 4236 2158 4290 εἰσωθοῦνται
2185 4237 2387 4293 πολλοι.
2419 4237 2570 4307 Quod
2623 4240 2694 4293 ita
2724 4241 2791 4295 ad
2845 4240 3068 4296 verbum
3100 4240 3365 4311 interpre-

1808 4332 2037 4383 tabimur
2061 4349 2073 4383 :
2108 4349 2127 4381 ι
2162 4330 2313 4388 Nunc
2339 4342 2514 4386 autem
2546 4334 2707 4387 timeo
2736 4348 2803 4389 ne
2834 4334 2888 4387 in
2907 4331 3126 4389 Iudaica
3153 4331 3367 4401 quidem

1806 4419 2068 4476 seditione
2090 4432 2261 4485 erant.
2292 4423 2381 4492 qui
2419 4423 2666 4494 indignos
2688 4438 2747 4478 se
2787 4424 3103 4493 praefectura
3140 4422 3363 4479 aliorum

174 4514 262 4567 fere
284 4515 464 4586 pagina
490 4528 520 4567 a
558 4509 755 4581 quovis
776 4506 989 4577 quidem
1010 4506 1167 4562 facile
1196 4507 1444 4577 cognosci
1480 4519 1654 4577 potest
1686 4529 1700 4563 :
1736 4544 1779 4599 ο
1812 4511 1937 4576 rati,
1966 4522 2147 4582 utpote
2170 4530 2279 4569 suae
2326 4515 2561 4584 ipsorum
2605 4516 2935 4587 paupertatis
2978 4515 3214 4580 conscii;
3273 4514 3365 4569 sed

171 4606 243 4656 sed
271 4615 437 4659 tamen
463 4614 523 4659 ut
554 4617 649 4657 res
676 4599 845 4655 oculis
874 4597 1003 4668 ipsis
1034 4597 1397 4666 subjiciainus,
1440 4599 1698 4665 ejusmodi

173 4694 392 4751 vocabula
432 4694 638 4765 quibus
666 4706 794 4746 usus
837 4699 919 4747 est
964 4691 1226 4757 interpres
1267 4690 1320 4745 in
1350 4689 1698 4760 explauandis

171 4788 269 4849 illis,
316 4784 423 4840 «Et
469 4790 668 4855 arguet
699 4781 953 4850 papulum
986 4779 1250 4845 multum;
1314 4788 1369 4836 et
1414 4779 1699 4835 concident

172 4878 340 4944 gladios
383 4892 581 4942 suos,»
614 4882 749 4939 etc.,
794 4872 893 4926 hoc
928 4872 1045 4928 loco
1075 4871 1330 4928 adnotare
1391 4872 1553 4927 visum
1594 4882 1695 4930 est.

173 4967 269 5025 Hec
296 4971 447 5040 igitur
478 4977 751 5036 suntquae
797 4962 869 5019 ibi
900 4963 1038 5019 intra
1073 4978 1273 5032 paucos
1306 4980 1491 5020 versus
1512 4964 1698 5037 legun-

174 5073 257 5129 tur,
294 5062 627 5133 σωματικὸν,
676 5055 994 5129 πληκτικὸς,
1056 5056 1355 5129 εἰρηνικὴν,
1409 5060 1698 5130 εἰρηνικὸν,

176 5155 488 5223 συμϐατικὸν,
516 5151 847 5223 φθαρτικὴν,
870 5150 1132 5217 Λογικαῖς,
1169 5149 1699 5222 παρασκευαστικὴν,

175 5246 433 5314 ποιητικὸν,
489 5239 839 5305 συνακτικὸν,
893 5239 1216 5304 συνδετικὸν,
1272 5240 1505 5309 λογικόν.
1555 5239 1700 5306 Haec.

175 5335 371 5405 inquam,
398 5349 527 5394 sunt
556 5350 684 5407 quae
731 5332 906 5403 legere
947 5334 1018 5389 sit
1054 5333 1107 5388 in
1132 5332 1278 5388 brevi
1310 5333 1398 5387 illo
1419 5331 1558 5402 quod
1591 5333 1699 5388 dixi

175 5427 331 5491 spatio.
360 5426 519 5482 Plura
564 5425 663 5495 qui
688 5424 871 5479 videre
894 5424 1057 5489 volet,
1086 5423 1153 5486 is,
1175 5421 1387 5492 opinor,
1427 5423 1471 5477 si
1502 5421 1581 5475 vel
1618 5440 1701 5477 se-

176 5516 254 5569 mel
287 5518 464 5573 librum
494 5517 733 5589 aperiat,
776 5515 1012 5584 ejusdem
1047 5514 1263 5587 generis
1293 5514 1395 5570 alia
1433 5514 1595 5569 multa
1622 5515 1698 5569 in-

227 5654 264 5686 "
288 5657 379 5715 ιω.
405 5675 485 5724 ιιι,
514 5658 567 5711 7.

1810 4601 1910 4657 hoc
1936 4612 2194 4671 tempore,
2222 4604 2431 4660 etiamsi
2469 4621 2572 4662 non
2622 4608 2728 4662 sint
2752 4606 2841 4675 qui
2867 4604 3036 4664 induti
3067 4604 3361 4671 Christum,

1808 4711 1981 4766 neque
2039 4696 2245 4751 viscera
2302 4698 2707 4765 misericordiae,
2751 4718 2770 4751 ›
2808 4709 2913 4755 etc.
2977 4698 3132 4754 Certe
3158 4699 3202 4752 si
3247 4698 3367 4767 quis

1808 4789 1879 4843 ita
1909 4787 2098 4843 Latine
2144 4790 2614 4861 interpretaretur,
2645 4793 2809 4849 risum
2866 4791 3205 4847 audientibus
3252 4805 3365 4845 mo-

1806 4888 1985 4941 veret;
2020 4888 2074 4935 et
2118 4891 2294 4937 tamen
2356 4897 2687 4953 unaquaeque
2744 4898 2845 4939 vox
2894 4880 3087 4937 Latina
3147 4880 3366 4938 cuilibet

1806 4969 1921 5023 voci
1959 4968 2158 5027 Graecas
2193 4973 2347 5039 plane
2392 4974 2698 5042 respondet.
2730 4972 2854 5040 Sed,
2878 4981 2939 5029 ut
2988 4972 3119 5036 dixi,
3166 4973 3360 5027 verbo-

1808 5079 1923 5119 rum
1954 5064 2261 5120 Graecorum
2287 5066 2584 5121 obscuritas
2623 5064 2747 5119 inde
2786 5074 2961 5121 ortum
3010 5064 3191 5131 habet,
3222 5065 3363 5134 quod

1814 5170 1924 5209 non
1961 5156 2205 5211 videatur
2227 5158 2457 5225 scriptor
2503 5156 2754 5227 periodos
2778 5154 3085 5222 absolvere;
3123 5156 3211 5224 qui
3248 5170 3363 5210 mos

1803 5255 1861 5297 ut
1884 5244 2168 5314 plurimum
2197 5244 2393 5299 fastidii
2420 5246 2786 5315 paritlectori;
2816 5244 2890 5300 ita
2942 5245 3231 5299 maximum
3262 5259 3360 5299 ne-

1803 5334 2006 5403 gotium
2040 5334 2317 5403 interpreti
2351 5336 2588 5391 exhibet.
2622 5334 2687 5389 Et
2732 5351 2861 5391 vero
2889 5334 3081 5391 credas
3122 5343 3240 5403 post
3274 5350 3361 5389 vo-

1804 5440 1919 5479 cent
1974 5424 2267 5496 ἡγούμενοι
2319 5436 2626 5481 secuturum
2679 5427 2893 5496 aliquod
2930 5428 3172 5491 verbum,
3218 5424 3360 5495 quod

1804 5520 2107 5574 orationem
2152 5518 2434 5575 absolvat:
2465 5520 2560 5575 sed
2616 5520 2667 5575 id
2699 5522 2917 5576 verbum
2962 5519 3200 5576 additum
3254 5530 3360 5572 non

230 5798 290 5867 (tt)
328 5799 556 5859 Verbum
603 5810 789 5856 tamen
843 5794 1334 5867 ἁποτηγανέζεοοαι
1390 5796 1581 5866 legitur:
1624 5796 1674 5851 in

1805 5810 1883 5849 tua
1910 5794 2150 5849 oratione
2187 5790 2263 5847 De
2295 5792 2511 5855 ieiunio.
2542 5791 2691 5846 Eutr.
