  <div class='ocr_page' id='page_1' title='image "/cluster/home/n/w/nwhite01/storage/ocr_20150623/29/pst.000005712274/225.png"; bbox 0 0 4080 6314; ppageno 0'>
   <div class='ocr_carea' id='block_1_1' title="bbox 717 348 912 399">
    <p class='ocr_par' dir='ltr' id='par_1_1' title="bbox 717 348 912 399">
     <span class='ocr_line' id='line_1_1' title="bbox 717 348 912 399; baseline 0 -4"><span class='ocrx_word' id='word_1_1' title='bbox 717 348 767 390; x_wconf 74' lang='grc' dir='ltr'>ε(</span> <span class='ocrx_word' id='word_1_2' title='bbox 782 356 912 399; x_wconf 80' lang='lat' dir='ltr'><strong>xmt</strong></span> 
     </span>
    </p>
   </div>
   <div class='ocr_carea' id='block_1_2' title="bbox 2069 347 2591 411">
    <p class='ocr_par' dir='ltr' id='par_1_2' title="bbox 2069 347 2591 411">
     <span class='ocr_line' id='line_1_2' title="bbox 2069 347 2591 411; baseline 0.019 -11"><span class='ocrx_word' id='word_1_3' title='bbox 2069 347 2591 411; x_wconf 67' lang='lat' dir='ltr'><strong>PROLEGOMENA.</strong></span> 
     </span>
    </p>
   </div>
   <div class='ocr_carea' id='block_1_3' title="bbox 723 458 2271 542">
    <p class='ocr_par' dir='ltr' id='par_1_3' title="bbox 723 458 2269 536">
     <span class='ocr_line' id='line_1_3' title="bbox 723 458 2269 536; baseline 0.006 -25"><span class='ocrx_word' id='word_1_4' title='bbox 723 467 827 513; x_wconf 89' lang='lat' dir='ltr'><strong>est.</strong></span> <span class='ocrx_word' id='word_1_5' title='bbox 869 458 981 513; x_wconf 81' lang='lat' dir='ltr'><strong>Hoc</strong></span> <span class='ocrx_word' id='word_1_6' title='bbox 1008 467 1184 514; x_wconf 86' lang='lat' dir='ltr'><strong>autem</strong></span> <span class='ocrx_word' id='word_1_7' title='bbox 1246 462 1425 518; x_wconf 84' lang='lat' dir='ltr'><strong>dicere</strong></span> <span class='ocrx_word' id='word_1_8' title='bbox 1467 463 1669 519; x_wconf 89' lang='lat' dir='ltr'><strong>videtur</strong></span> <span class='ocrx_word' id='word_1_9' title='bbox 1718 465 1978 536; x_wconf 89' lang='lat' dir='ltr'><strong>interpres</strong></span> <span class='ocrx_word' id='word_1_10' title='bbox 2011 467 2269 523; x_wconf 66' lang='lat' dir='ltr'><strong>Graecus:</strong></span> 
     </span>
    </p>
   </div>
   <div class='ocr_carea' id='block_1_4' title="bbox 2370 458 3948 542">
    <p class='ocr_par' dir='ltr' id='par_1_4' title="bbox 2376 469 3948 542">
     <span class='ocr_line' id='line_1_4' title="bbox 2376 469 3948 542; baseline 0.006 -19"><span class='ocrx_word' id='word_1_11' title='bbox 2376 469 2752 541; x_wconf 78' lang='grc' dir='ltr'><strong>αἰσθανόμενοι</strong></span> <span class='ocrx_word' id='word_1_12' title='bbox 2788 471 2884 542; x_wconf 84' lang='grc' dir='ltr'>τῆς</span> <span class='ocrx_word' id='word_1_13' title='bbox 2927 470 3052 541; x_wconf 86' lang='grc' dir='ltr'>παρ’</span> <span class='ocrx_word' id='word_1_14' title='bbox 3102 471 3291 523; x_wconf 78' lang='grc' dir='ltr'>ἑαυτοῦ</span> <span class='ocrx_word' id='word_1_15' title='bbox 3340 471 3576 542; x_wconf 82' lang='grc' dir='ltr'>δωρεᾶς·</span> <span class='ocrx_word' id='word_1_16' title='bbox 3623 476 3671 527; x_wconf 80' lang='grc' dir='ltr'>οἱ</span> <span class='ocrx_word' id='word_1_17' title='bbox 3703 476 3794 541; x_wconf 84' lang='grc' dir='ltr'>δέ,</span> <span class='ocrx_word' id='word_1_18' title='bbox 3830 484 3948 532; x_wconf 72' lang='lat' dir='ltr'><strong>etc.</strong></span> 
     </span>
    </p>
   </div>
   <div class='ocr_carea' id='block_1_5' title="bbox 732 549 2273 621">
    <p class='ocr_par' dir='ltr' id='par_1_5' title="bbox 732 549 2273 621">
     <span class='ocr_line' id='line_1_5' title="bbox 732 549 2273 621; baseline 0.011 -21"><span class='ocrx_word' id='word_1_19' title='bbox 732 569 750 600; x_wconf 85' lang='grc' dir='ltr'><strong>ι</strong></span> <span class='ocrx_word' id='word_1_20' title='bbox 786 549 940 606; x_wconf 83' lang='lat' dir='ltr'><strong>Nunc</strong></span> <span class='ocrx_word' id='word_1_21' title='bbox 983 564 1159 607; x_wconf 89' lang='lat' dir='ltr'><strong>autem</strong></span> <span class='ocrx_word' id='word_1_22' title='bbox 1199 558 1379 621; x_wconf 88' lang='lat' dir='ltr'><strong>timeo,</strong></span> <span class='ocrx_word' id='word_1_23' title='bbox 1420 571 1510 621; x_wconf 88' lang='lat' dir='ltr'><strong>ne,</strong></span> <span class='ocrx_word' id='word_1_24' title='bbox 1541 567 1600 612; x_wconf 90' lang='lat' dir='ltr'><strong>ut</strong></span> <span class='ocrx_word' id='word_1_25' title='bbox 1631 560 1757 613; x_wconf 91' lang='lat' dir='ltr'><strong>olim</strong></span> <span class='ocrx_word' id='word_1_26' title='bbox 1792 561 1842 613; x_wconf 92' lang='lat' dir='ltr'><strong>in</strong></span> <span class='ocrx_word' id='word_1_27' title='bbox 1883 560 2101 615; x_wconf 80' lang='lat' dir='ltr'><strong>Judaica</strong></span> <span class='ocrx_word' id='word_1_28' title='bbox 2131 563 2273 617; x_wconf 89' lang='lat' dir='ltr'><strong>sedi-</strong></span> 
     </span>
    </p>
   </div>
   <div class='ocr_carea' id='block_1_6' title="bbox 721 642 2269 723">
    <p class='ocr_par' dir='ltr' id='par_1_6' title="bbox 721 642 2269 723">
     <span class='ocr_line' id='line_1_6' title="bbox 721 642 2269 723; baseline 0.01 -30"><span class='ocrx_word' id='word_1_29' title='bbox 721 642 868 696; x_wconf 72' lang='lat' dir='ltr'><strong>tione</strong></span> <span class='ocrx_word' id='word_1_30' title='bbox 900 653 1057 697; x_wconf 88' lang='lat' dir='ltr'><strong>erant</strong></span> <span class='ocrx_word' id='word_1_31' title='bbox 1097 645 1184 713; x_wconf 90' lang='lat' dir='ltr'><strong>qui</strong></span> <span class='ocrx_word' id='word_1_32' title='bbox 1224 649 1427 714; x_wconf 85' lang='lat' dir='ltr'><strong>seipsos</strong></span> <span class='ocrx_word' id='word_1_33' title='bbox 1462 649 1853 705; x_wconf 74' lang='lat' dir='ltr'><strong>arbitrarentur</strong></span> <span class='ocrx_word' id='word_1_34' title='bbox 1886 654 2151 723; x_wconf 76' lang='lat' dir='ltr'><strong>indignos,</strong></span> <span class='ocrx_word' id='word_1_35' title='bbox 2181 655 2269 722; x_wconf 79' lang='lat' dir='ltr'><strong>qui</strong></span> 
     </span>
    </p>
   </div>
   <div class='ocr_carea' id='block_1_7' title="bbox 723 733 2276 813">
    <p class='ocr_par' dir='ltr' id='par_1_7' title="bbox 723 733 2276 813">
     <span class='ocr_line' id='line_1_7' title="bbox 723 733 2276 813; baseline 0.01 -31"><span class='ocrx_word' id='word_1_36' title='bbox 723 733 926 785; x_wconf 68' lang='lat' dir='ltr'><strong>caeteris</strong></span> <span class='ocrx_word' id='word_1_37' title='bbox 975 735 1393 803; x_wconf 67' lang='lat' dir='ltr'><strong>praeﬁcerentur,</strong></span> <span class='ocrx_word' id='word_1_38' title='bbox 1414 747 1603 808; x_wconf 91' lang='lat' dir='ltr'><strong>utpote</strong></span> <span class='ocrx_word' id='word_1_39' title='bbox 1630 754 1739 793; x_wconf 65' lang='lat' dir='ltr'><strong>suae</strong></span> <span class='ocrx_word' id='word_1_40' title='bbox 1772 740 2002 810; x_wconf 88' lang='lat' dir='ltr'><strong>ipsorum</strong></span> <span class='ocrx_word' id='word_1_41' title='bbox 2050 758 2276 813; x_wconf 86' lang='lat' dir='ltr'><strong>pauper-</strong></span> 
     </span>
    </p>
   </div>
   <div class='ocr_carea' id='block_1_8' title="bbox 722 823 2272 907">
    <p class='ocr_par' dir='ltr' id='par_1_8' title="bbox 722 823 2272 907">
     <span class='ocr_line' id='line_1_8' title="bbox 722 823 2272 907; baseline 0.01 -32"><span class='ocrx_word' id='word_1_42' title='bbox 722 823 848 878; x_wconf 80' lang='lat' dir='ltr'><strong>tatis</strong></span> <span class='ocrx_word' id='word_1_43' title='bbox 906 826 1134 893; x_wconf 81' lang='lat' dir='ltr'><strong>conscii,</strong></span> <span class='ocrx_word' id='word_1_44' title='bbox 1188 828 1260 882; x_wconf 82' lang='lat' dir='ltr'><strong>ita</strong></span> <span class='ocrx_word' id='word_1_45' title='bbox 1314 831 1415 885; x_wconf 91' lang='lat' dir='ltr'><strong>hoc</strong></span> <span class='ocrx_word' id='word_1_46' title='bbox 1468 840 1710 900; x_wconf 85' lang='lat' dir='ltr'><strong>tempore</strong></span> <span class='ocrx_word' id='word_1_47' title='bbox 1754 834 1864 888; x_wconf 92' lang='lat' dir='ltr'><strong>sint</strong></span> <span class='ocrx_word' id='word_1_48' title='bbox 1892 836 2151 901; x_wconf 90' lang='lat' dir='ltr'><strong>nonnulli,</strong></span> <span class='ocrx_word' id='word_1_49' title='bbox 2180 837 2272 907; x_wconf 91' lang='lat' dir='ltr'><strong>qui</strong></span> 
     </span>
    </p>
   </div>
   <div class='ocr_carea' id='block_1_9' title="bbox 722 913 2267 981">
    <p class='ocr_par' dir='ltr' id='par_1_9' title="bbox 722 913 2267 981">
     <span class='ocr_line' id='line_1_9' title="bbox 722 913 2267 981; baseline 0.01 -16"><span class='ocrx_word' id='word_1_50' title='bbox 722 913 845 969; x_wconf 88' lang='lat' dir='ltr'><strong>licet</strong></span> <span class='ocrx_word' id='word_1_51' title='bbox 895 915 1163 971; x_wconf 81' lang='lat' dir='ltr'><strong>Christum</strong></span> <span class='ocrx_word' id='word_1_52' title='bbox 1216 928 1269 972; x_wconf 92' lang='lat' dir='ltr'><strong>et</strong></span> <span class='ocrx_word' id='word_1_53' title='bbox 1322 920 1685 977; x_wconf 83' lang='lat' dir='ltr'><strong>miserationis</strong></span> <span class='ocrx_word' id='word_1_54' title='bbox 1724 924 1928 978; x_wconf 84' lang='lat' dir='ltr'><strong>viscera</strong></span> <span class='ocrx_word' id='word_1_55' title='bbox 1958 926 2125 981; x_wconf 87' lang='lat' dir='ltr'><strong>induti</strong></span> <span class='ocrx_word' id='word_1_56' title='bbox 2162 942 2267 981; x_wconf 89' lang='lat' dir='ltr'><strong>non</strong></span> 
     </span>
    </p>
   </div>
   <div class='ocr_carea' id='block_1_10' title="bbox 719 1005 2273 1088">
    <p class='ocr_par' dir='ltr' id='par_1_10' title="bbox 719 1005 2273 1088">
     <span class='ocr_line' id='line_1_10' title="bbox 719 1005 2273 1088; baseline 0.011 -32"><span class='ocrx_word' id='word_1_57' title='bbox 719 1005 850 1067; x_wconf 89' lang='lat' dir='ltr'><strong>sint,</strong></span> <span class='ocrx_word' id='word_1_58' title='bbox 876 1007 1165 1062; x_wconf 86' lang='lat' dir='ltr'><strong>secundum</strong></span> <span class='ocrx_word' id='word_1_59' title='bbox 1195 1010 1530 1078; x_wconf 83' lang='lat' dir='ltr'><strong>Apostolum,</strong></span> <span class='ocrx_word' id='word_1_60' title='bbox 1562 1014 1606 1067; x_wconf 88' lang='lat' dir='ltr'><strong>si</strong></span> <span class='ocrx_word' id='word_1_61' title='bbox 1637 1014 1753 1082; x_wconf 86' lang='lat' dir='ltr'><strong>quis</strong></span> <span class='ocrx_word' id='word_1_62' title='bbox 1789 1023 1965 1071; x_wconf 78' lang='lat' dir='ltr'><strong>tamen</strong></span> <span class='ocrx_word' id='word_1_63' title='bbox 1996 1032 2088 1072; x_wconf 88' lang='lat' dir='ltr'><strong>eos</strong></span> <span class='ocrx_word' id='word_1_64' title='bbox 2148 1033 2273 1088; x_wconf 83' lang='lat' dir='ltr'><strong>pro-</strong></span> 
     </span>
    </p>
   </div>
   <div class='ocr_carea' id='block_1_11' title="bbox 724 1099 2270 1173">
    <p class='ocr_par' dir='ltr' id='par_1_11' title="bbox 724 1099 2270 1173">
     <span class='ocr_line' id='line_1_11' title="bbox 724 1099 2270 1173; baseline 0.01 -28"><span class='ocrx_word' id='word_1_65' title='bbox 724 1105 956 1159; x_wconf 83' lang='lat' dir='ltr'><strong>moveat.</strong></span> <span class='ocrx_word' id='word_1_66' title='bbox 998 1112 1101 1153; x_wconf 90' lang='lat' dir='ltr'><strong>non</strong></span> <span class='ocrx_word' id='word_1_67' title='bbox 1137 1099 1515 1155; x_wconf 89' lang='lat' dir='ltr'><strong>contradicant</strong></span> <span class='ocrx_word' id='word_1_68' title='bbox 1553 1118 1566 1152; x_wconf 93' lang='lat'><strong>:</strong></span> <span class='ocrx_word' id='word_1_69' title='bbox 1596 1112 1651 1157; x_wconf 89' lang='lat' dir='ltr'><strong>et</strong></span> <span class='ocrx_word' id='word_1_70' title='bbox 1683 1105 1725 1156; x_wconf 91' lang='lat' dir='ltr'><strong>si</strong></span> <span class='ocrx_word' id='word_1_71' title='bbox 1755 1117 2065 1173; x_wconf 82' lang='lat' dir='ltr'><strong>promoveat</strong></span> <span class='ocrx_word' id='word_1_72' title='bbox 2092 1123 2270 1173; x_wconf 89' lang='lat' dir='ltr'><strong>nemo,</strong></span> 
     </span>
    </p>
   </div>
   <div class='ocr_carea' id='block_1_12' title="bbox 721 1187 2272 1263">
    <p class='ocr_par' dir='ltr' id='par_1_12' title="bbox 721 1187 2272 1263">
     <span class='ocr_line' id='line_1_12' title="bbox 721 1187 2272 1263; baseline 0.008 -26"><span class='ocrx_word' id='word_1_73' title='bbox 721 1196 897 1239; x_wconf 88' lang='lat' dir='ltr'><strong>tamen</strong></span> <span class='ocrx_word' id='word_1_74' title='bbox 941 1187 1153 1255; x_wconf 89' lang='lat' dir='ltr'><strong>plurimi</strong></span> <span class='ocrx_word' id='word_1_75' title='bbox 1184 1203 1241 1243; x_wconf 90' lang='lat' dir='ltr'><strong>se</strong></span> <span class='ocrx_word' id='word_1_76' title='bbox 1272 1189 1569 1254; x_wconf 86' lang='lat' dir='ltr'><strong>intrudunt.</strong></span> <span class='ocrx_word' id='word_1_77' title='bbox 1619 1210 1637 1243; x_wconf 74' lang='grc' dir='ltr'><strong>ι</strong></span> <span class='ocrx_word' id='word_1_78' title='bbox 1688 1192 1988 1249; x_wconf 85' lang='lat' dir='ltr'><strong>Notandum</strong></span> <span class='ocrx_word' id='word_1_79' title='bbox 2027 1206 2081 1250; x_wconf 91' lang='lat' dir='ltr'><strong>et</strong></span> <span class='ocrx_word' id='word_1_80' title='bbox 2122 1196 2272 1263; x_wconf 86' lang='lat' dir='ltr'><strong>illud,</strong></span> 
     </span>
    </p>
   </div>
   <div class='ocr_carea' id='block_1_13' title="bbox 719 1275 2273 1353">
    <p class='ocr_par' dir='ltr' id='par_1_13' title="bbox 719 1275 2273 1353">
     <span class='ocr_line' id='line_1_13' title="bbox 719 1275 2273 1353; baseline 0.009 -27"><span class='ocrx_word' id='word_1_81' title='bbox 719 1276 880 1330; x_wconf 74' lang='lat' dir='ltr'><strong>verba</strong></span> <span class='ocrx_word' id='word_1_82' title='bbox 925 1275 1112 1331; x_wconf 61' lang='lat' dir='ltr'><strong>Graeca</strong></span> <span class='ocrx_word' id='word_1_83' title='bbox 1159 1280 1485 1347; x_wconf 90' lang='lat' dir='ltr'><strong>perturbari,</strong></span> <span class='ocrx_word' id='word_1_84' title='bbox 1536 1296 1635 1336; x_wconf 89' lang='lat' dir='ltr'><strong>nec</strong></span> <span class='ocrx_word' id='word_1_85' title='bbox 1678 1298 1775 1335; x_wconf 87' lang='lat' dir='ltr'><strong>suo</strong></span> <span class='ocrx_word' id='word_1_86' title='bbox 1844 1282 1961 1339; x_wconf 92' lang='lat' dir='ltr'><strong>loco</strong></span> <span class='ocrx_word' id='word_1_87' title='bbox 2005 1286 2148 1353; x_wconf 88' lang='lat' dir='ltr'><strong>poni.</strong></span> <span class='ocrx_word' id='word_1_88' title='bbox 2196 1286 2273 1341; x_wconf 80' lang='lat' dir='ltr'><strong>ita</strong></span> 
     </span>
    </p>
   </div>
   <div class='ocr_carea' id='block_1_14' title="bbox 716 1366 2273 1446">
    <p class='ocr_par' dir='ltr' id='par_1_14' title="bbox 716 1366 2273 1446">
     <span class='ocr_line' id='line_1_14' title="bbox 716 1366 2273 1446; baseline 0.008 -29"><span class='ocrx_word' id='word_1_89' title='bbox 716 1366 858 1420; x_wconf 74' lang='lat' dir='ltr'><strong>enim</strong></span> <span class='ocrx_word' id='word_1_90' title='bbox 897 1368 1055 1423; x_wconf 84' lang='lat' dir='ltr'><strong>scribi</strong></span> <span class='ocrx_word' id='word_1_91' title='bbox 1085 1378 1396 1437; x_wconf 81' lang='lat' dir='ltr'><strong>oportuerat</strong></span> <span class='ocrx_word' id='word_1_92' title='bbox 1426 1386 1441 1422; x_wconf 91' lang='lat'><strong>:</strong></span> <span class='ocrx_word' id='word_1_93' title='bbox 1488 1372 1608 1425; x_wconf 81' lang='grc' dir='ltr'>Ἐπὶ</span> <span class='ocrx_word' id='word_1_94' title='bbox 1629 1373 1686 1427; x_wconf 87' lang='grc' dir='ltr'><strong>δὲ</strong></span> <span class='ocrx_word' id='word_1_95' title='bbox 1718 1374 1827 1426; x_wconf 84' lang='grc' dir='ltr'><strong>τῶν</strong></span> <span class='ocrx_word' id='word_1_96' title='bbox 1854 1376 2149 1446; x_wconf 82' lang='grc' dir='ltr'><strong>παρόντων,</strong></span> <span class='ocrx_word' id='word_1_97' title='bbox 2170 1380 2273 1432; x_wconf 78' lang='grc' dir='ltr'>κᾶν</span> 
     </span>
    </p>
   </div>
   <div class='ocr_carea' id='block_1_15' title="bbox 719 1445 2273 1532">
    <p class='ocr_par' dir='ltr' id='par_1_15' title="bbox 719 1445 2273 1532">
     <span class='ocr_line' id='line_1_15' title="bbox 719 1445 2273 1532; baseline 0.012 -29"><span class='ocrx_word' id='word_1_98' title='bbox 719 1445 821 1504; x_wconf 80' lang='grc' dir='ltr'><strong>ὦσι</strong></span> <span class='ocrx_word' id='word_1_99' title='bbox 871 1470 1017 1517; x_wconf 84' lang='grc' dir='ltr'>τινες</span> <span class='ocrx_word' id='word_1_100' title='bbox 1071 1456 1143 1527; x_wconf 81' lang='grc' dir='ltr'>μὴ</span> <span class='ocrx_word' id='word_1_101' title='bbox 1181 1458 1515 1529; x_wconf 72' lang='grc' dir='ltr'><strong>ἐνδεδυμένοι</strong></span> <span class='ocrx_word' id='word_1_102' title='bbox 1546 1460 1799 1532; x_wconf 85' lang='grc' dir='ltr'>Χριστόν,</span> <span class='ocrx_word' id='word_1_103' title='bbox 1826 1445 1940 1518; x_wconf 74' lang='lat' dir='ltr'><strong>etc.</strong></span> <span class='ocrx_word' id='word_1_104' title='bbox 1968 1483 1987 1515; x_wconf 76' lang='grc' dir='ltr'><strong>ι</strong></span> <span class='ocrx_word' id='word_1_105' title='bbox 2032 1465 2135 1521; x_wconf 88' lang='lat' dir='ltr'><strong>Sed</strong></span> <span class='ocrx_word' id='word_1_106' title='bbox 2172 1468 2273 1523; x_wconf 86' lang='lat' dir='ltr'><strong>hoc</strong></span> 
     </span>
    </p>
   </div>
   <div class='ocr_carea' id='block_1_16' title="bbox 722 1549 2269 1621">
    <p class='ocr_par' dir='ltr' id='par_1_16' title="bbox 722 1549 2269 1621">
     <span class='ocr_line' id='line_1_16' title="bbox 722 1549 2269 1621; baseline 0.013 -29"><span class='ocrx_word' id='word_1_107' title='bbox 722 1553 981 1613; x_wconf 87' lang='lat' dir='ltr'><strong>tempore,</strong></span> <span class='ocrx_word' id='word_1_108' title='bbox 1028 1549 1237 1602; x_wconf 89' lang='lat' dir='ltr'><strong>etiamsi</strong></span> <span class='ocrx_word' id='word_1_109' title='bbox 1276 1550 1615 1605; x_wconf 83' lang='lat' dir='ltr'><strong>inveniantur</strong></span> <span class='ocrx_word' id='word_1_110' title='bbox 1661 1554 1748 1621; x_wconf 85' lang='lat' dir='ltr'><strong>qui</strong></span> <span class='ocrx_word' id='word_1_111' title='bbox 1782 1553 2050 1610; x_wconf 82' lang='lat' dir='ltr'><strong>Christum</strong></span> <span class='ocrx_word' id='word_1_112' title='bbox 2102 1559 2269 1614; x_wconf 89' lang='lat' dir='ltr'><strong>induti</strong></span> 
     </span>
    </p>
   </div>
   <div class='ocr_carea' id='block_1_17' title="bbox 721 1632 2270 1716">
    <p class='ocr_par' dir='ltr' id='par_1_17' title="bbox 721 1632 2270 1716">
     <span class='ocr_line' id='line_1_17' title="bbox 721 1632 2270 1716; baseline 0.011 -31"><span class='ocrx_word' id='word_1_113' title='bbox 721 1647 822 1686; x_wconf 70' lang='lat' dir='ltr'><strong>ron</strong></span> <span class='ocrx_word' id='word_1_114' title='bbox 880 1632 1007 1697; x_wconf 85' lang='lat' dir='ltr'><strong>sint,</strong></span> <span class='ocrx_word' id='word_1_115' title='bbox 1046 1654 1065 1687; x_wconf 71' lang='grc' dir='ltr'><strong>ι</strong></span> <span class='ocrx_word' id='word_1_116' title='bbox 1094 1646 1200 1691; x_wconf 87' lang='lat' dir='ltr'><strong>etc.</strong></span> <span class='ocrx_word' id='word_1_117' title='bbox 1254 1636 1525 1707; x_wconf 86' lang='lat' dir='ltr'><strong>lnterpres</strong></span> <span class='ocrx_word' id='word_1_118' title='bbox 1560 1644 1853 1711; x_wconf 80' lang='lat' dir='ltr'><strong>explanans</strong></span> <span class='ocrx_word' id='word_1_119' title='bbox 1894 1646 1982 1701; x_wconf 91' lang='lat' dir='ltr'><strong>illa</strong></span> <span class='ocrx_word' id='word_1_120' title='bbox 2022 1645 2169 1704; x_wconf 82' lang='lat' dir='ltr'><strong>Isaiae</strong></span> <span class='ocrx_word' id='word_1_121' title='bbox 2202 1650 2270 1716; x_wconf 73' lang='grc'>⁸⁸,</span> 
     </span>
    </p>
   </div>
   <div class='ocr_carea' id='block_1_18' title="bbox 718 1717 2267 1801">
    <p class='ocr_par' dir='ltr' id='par_1_18' title="bbox 718 1717 2267 1801">
     <span class='ocr_line' id='line_1_18' title="bbox 718 1717 2267 1801; baseline 0.012 -30"><span class='ocrx_word' id='word_1_122' title='bbox 718 1717 786 1772; x_wconf 66' lang='lat' dir='ltr'><strong>Et</strong></span> <span class='ocrx_word' id='word_1_123' title='bbox 817 1722 1249 1789; x_wconf 74' lang='lat' dir='ltr'><strong>humiliabuntur,</strong></span> <span class='ocrx_word' id='word_1_124' title='bbox 1274 1737 1320 1781; x_wconf 83' lang='lat' dir='ltr'><strong>ct</strong></span> <span class='ocrx_word' id='word_1_125' title='bbox 1356 1727 1600 1796; x_wconf 74' lang='lat' dir='ltr'><strong>lugebant</strong></span> <span class='ocrx_word' id='word_1_126' title='bbox 1641 1732 1802 1785; x_wconf 73' lang='lat' dir='ltr'><strong>theca:</strong></span> <span class='ocrx_word' id='word_1_127' title='bbox 1850 1745 2068 1789; x_wconf 83' lang='lat' dir='ltr'><strong>ornatus</strong></span> <span class='ocrx_word' id='word_1_128' title='bbox 2098 1739 2267 1801; x_wconf 78' lang='lat' dir='ltr'><strong>uestri,</strong></span> 
     </span>
    </p>
   </div>
   <div class='ocr_carea' id='block_1_19' title="bbox 2379 560 3950 630">
    <p class='ocr_par' dir='ltr' id='par_1_19' title="bbox 2379 560 3950 630">
     <span class='ocr_line' id='line_1_19' title="bbox 2379 560 3950 630; baseline 0.004 -17"><span class='ocrx_word' id='word_1_129' title='bbox 2379 560 2522 613; x_wconf 82' lang='lat' dir='ltr'><strong>Idem</strong></span> <span class='ocrx_word' id='word_1_130' title='bbox 2559 560 2767 626; x_wconf 85' lang='lat' dir='ltr'><strong>vitium,</strong></span> <span class='ocrx_word' id='word_1_131' title='bbox 2795 562 2936 629; x_wconf 91' lang='lat' dir='ltr'><strong>quod</strong></span> <span class='ocrx_word' id='word_1_132' title='bbox 2994 561 3149 614; x_wconf 83' lang='lat' dir='ltr'><strong>alias.</strong></span> <span class='ocrx_word' id='word_1_133' title='bbox 3199 560 3485 630; x_wconf 88' lang='lat' dir='ltr'><strong>Participia</strong></span> <span class='ocrx_word' id='word_1_134' title='bbox 3542 563 3651 626; x_wconf 89' lang='lat' dir='ltr'><strong>illa,</strong></span> <span class='ocrx_word' id='word_1_135' title='bbox 3684 563 3847 629; x_wconf 73' lang='grc' dir='ltr'>ὀντες</span> <span class='ocrx_word' id='word_1_136' title='bbox 3889 576 3950 619; x_wconf 87' lang='lat' dir='ltr'><strong>et</strong></span> 
     </span>
    </p>
   </div>
   <div class='ocr_carea' id='block_1_20' title="bbox 2378 650 3951 721">
    <p class='ocr_par' dir='ltr' id='par_1_20' title="bbox 2378 650 3951 721">
     <span class='ocr_line' id='line_1_20' title="bbox 2378 650 3951 721; baseline 0.004 -18"><span class='ocrx_word' id='word_1_137' title='bbox 2378 650 2777 721; x_wconf 76' lang='grc' dir='ltr'><strong>αἰσθανόμενοι,</strong></span> <span class='ocrx_word' id='word_1_138' title='bbox 2808 652 3030 705; x_wconf 87' lang='lat' dir='ltr'><strong>verbum</strong></span> <span class='ocrx_word' id='word_1_139' title='bbox 3072 651 3286 719; x_wconf 83' lang='lat' dir='ltr'><strong>aliquod</strong></span> <span class='ocrx_word' id='word_1_140' title='bbox 3348 653 3659 721; x_wconf 89' lang='lat' dir='ltr'><strong>adjunctum</strong></span> <span class='ocrx_word' id='word_1_141' title='bbox 3702 656 3951 710; x_wconf 81' lang='lat' dir='ltr'><strong>habeant</strong></span> 
     </span>
    </p>
   </div>
   <div class='ocr_carea' id='block_1_21' title="bbox 2378 743 3949 814">
    <p class='ocr_par' dir='ltr' id='par_1_21' title="bbox 2378 743 3949 814">
     <span class='ocr_line' id='line_1_21' title="bbox 2378 743 3949 814; baseline 0.005 -19"><span class='ocrx_word' id='word_1_142' title='bbox 2378 756 2599 798; x_wconf 89' lang='lat' dir='ltr'><strong>necesse</strong></span> <span class='ocrx_word' id='word_1_143' title='bbox 2654 751 2753 807; x_wconf 87' lang='lat' dir='ltr'><strong>est,</strong></span> <span class='ocrx_word' id='word_1_144' title='bbox 2788 751 2845 795; x_wconf 91' lang='lat' dir='ltr'><strong>ut</strong></span> <span class='ocrx_word' id='word_1_145' title='bbox 2899 743 3166 796; x_wconf 86' lang='lat' dir='ltr'><strong>sententia</strong></span> <span class='ocrx_word' id='word_1_146' title='bbox 3222 744 3409 798; x_wconf 88' lang='lat' dir='ltr'><strong>idonea</strong></span> <span class='ocrx_word' id='word_1_147' title='bbox 3462 744 3744 814; x_wconf 73' lang='lat' dir='ltr'><strong>efﬁciatur,</strong></span> <span class='ocrx_word' id='word_1_148' title='bbox 3783 764 3949 803; x_wconf 88' lang='lat' dir='ltr'><strong>com-</strong></span> 
     </span>
    </p>
   </div>
   <div class='ocr_carea' id='block_1_22' title="bbox 2378 833 3947 907">
    <p class='ocr_par' dir='ltr' id='par_1_22' title="bbox 2378 833 3947 907">
     <span class='ocr_line' id='line_1_22' title="bbox 2378 833 3947 907; baseline 0.002 -20"><span class='ocrx_word' id='word_1_149' title='bbox 2378 834 2715 902; x_wconf 86' lang='lat' dir='ltr'><strong>pleaturque.</strong></span> <span class='ocrx_word' id='word_1_150' title='bbox 2747 833 2994 888; x_wconf 85' lang='lat' dir='ltr'><strong>Fortasse</strong></span> <span class='ocrx_word' id='word_1_151' title='bbox 3019 844 3249 888; x_wconf 88' lang='lat' dir='ltr'><strong>mentem</strong></span> <span class='ocrx_word' id='word_1_152' title='bbox 3276 835 3558 904; x_wconf 85' lang='lat' dir='ltr'><strong>scriptoris</strong></span> <span class='ocrx_word' id='word_1_153' title='bbox 3600 840 3947 907; x_wconf 86' lang='lat' dir='ltr'><strong>assequeris,</strong></span> 
     </span>
    </p>
   </div>
   <div class='ocr_carea' id='block_1_23' title="bbox 2377 922 3947 998">
    <p class='ocr_par' dir='ltr' id='par_1_23' title="bbox 2377 922 3947 998">
     <span class='ocr_line' id='line_1_23' title="bbox 2377 922 3947 998; baseline 0.004 -21"><span class='ocrx_word' id='word_1_154' title='bbox 2377 922 2421 977; x_wconf 85' lang='lat' dir='ltr'><strong>si</strong></span> <span class='ocrx_word' id='word_1_155' title='bbox 2478 924 2551 978; x_wconf 86' lang='lat' dir='ltr'><strong>ita</strong></span> <span class='ocrx_word' id='word_1_156' title='bbox 2613 923 3010 992; x_wconf 87' lang='lat' dir='ltr'><strong>interpretere:</strong></span> <span class='ocrx_word' id='word_1_157' title='bbox 3057 944 3074 975; x_wconf 84' lang='grc' dir='ltr'><strong>ι</strong></span> <span class='ocrx_word' id='word_1_158' title='bbox 3113 924 3213 991; x_wconf 84' lang='lat' dir='ltr'><strong>Qui</strong></span> <span class='ocrx_word' id='word_1_159' title='bbox 3264 926 3480 992; x_wconf 88' lang='lat' dir='ltr'><strong>quidem</strong></span> <span class='ocrx_word' id='word_1_160' title='bbox 3514 926 3607 981; x_wconf 74' lang='lat' dir='ltr'><strong>Dei</strong></span> <span class='ocrx_word' id='word_1_161' title='bbox 3658 944 3760 998; x_wconf 90' lang='lat' dir='ltr'><strong>ope</strong></span> <span class='ocrx_word' id='word_1_162' title='bbox 3801 929 3947 983; x_wconf 88' lang='lat' dir='ltr'><strong>tales</strong></span> 
     </span>
    </p>
   </div>
   <div class='ocr_carea' id='block_1_24' title="bbox 2378 1011 3939 1085">
    <p class='ocr_par' dir='ltr' id='par_1_24' title="bbox 2378 1011 3939 1085">
     <span class='ocr_line' id='line_1_24' title="bbox 2378 1011 3939 1085; baseline 0.003 -21"><span class='ocrx_word' id='word_1_163' title='bbox 2378 1012 2663 1079; x_wconf 80' lang='lat' dir='ltr'><strong>exsistunt,</strong></span> <span class='ocrx_word' id='word_1_164' title='bbox 2696 1011 2891 1066; x_wconf 90' lang='lat' dir='ltr'><strong>donum</strong></span> <span class='ocrx_word' id='word_1_165' title='bbox 2918 1012 3043 1067; x_wconf 90' lang='lat' dir='ltr'><strong>illud</strong></span> <span class='ocrx_word' id='word_1_166' title='bbox 3071 1013 3139 1068; x_wconf 87' lang='lat' dir='ltr'><strong>ab</strong></span> <span class='ocrx_word' id='word_1_167' title='bbox 3155 1029 3221 1068; x_wconf 91' lang='lat' dir='ltr'><strong>eo</strong></span> <span class='ocrx_word' id='word_1_168' title='bbox 3244 1014 3540 1082; x_wconf 80' lang='lat' dir='ltr'><strong>proliscisci</strong></span> <span class='ocrx_word' id='word_1_169' title='bbox 3572 1027 3939 1085; x_wconf 65' lang='lat' dir='ltr'><strong>agnoscunt.»</strong></span> 
     </span>
    </p>
   </div>
   <div class='ocr_carea' id='block_1_25' title="bbox 2379 1100 3944 1179">
    <p class='ocr_par' dir='ltr' id='par_1_25' title="bbox 2379 1100 3944 1179">
     <span class='ocr_line' id='line_1_25' title="bbox 2379 1100 3944 1179; baseline 0.005 -25"><span class='ocrx_word' id='word_1_170' title='bbox 2379 1100 2547 1167; x_wconf 88' lang='lat' dir='ltr'><strong>Quam</strong></span> <span class='ocrx_word' id='word_1_171' title='bbox 2612 1104 2792 1172; x_wconf 87' lang='lat' dir='ltr'><strong>inepta</strong></span> <span class='ocrx_word' id='word_1_172' title='bbox 2854 1104 2925 1157; x_wconf 89' lang='lat' dir='ltr'><strong>sit</strong></span> <span class='ocrx_word' id='word_1_173' title='bbox 2981 1104 3096 1158; x_wconf 67' lang='lat' dir='ltr'><strong>haec</strong></span> <span class='ocrx_word' id='word_1_174' title='bbox 3161 1105 3412 1175; x_wconf 87' lang='lat' dir='ltr'><strong>loquendi</strong></span> <span class='ocrx_word' id='word_1_175' title='bbox 3465 1107 3623 1170; x_wconf 87' lang='lat' dir='ltr'><strong>ratio,</strong></span> <span class='ocrx_word' id='word_1_176' title='bbox 3660 1123 3944 1179; x_wconf 87' lang='lat' dir='ltr'><strong>quamque</strong></span> 
     </span>
    </p>
   </div>
   <div class='ocr_carea' id='block_1_26' title="bbox 2378 1193 3945 1265">
    <p class='ocr_par' dir='ltr' id='par_1_26' title="bbox 2378 1193 3945 1265">
     <span class='ocr_line' id='line_1_26' title="bbox 2378 1193 3945 1265; baseline 0.004 -19"><span class='ocrx_word' id='word_1_177' title='bbox 2378 1193 2547 1248; x_wconf 90' lang='lat' dir='ltr'><strong>aliena</strong></span> <span class='ocrx_word' id='word_1_178' title='bbox 2580 1210 2607 1247; x_wconf 87' lang='lat' dir='ltr'><strong>a</strong></span> <span class='ocrx_word' id='word_1_179' title='bbox 2637 1194 2816 1249; x_wconf 83' lang='lat' dir='ltr'><strong>Basilii</strong></span> <span class='ocrx_word' id='word_1_180' title='bbox 2856 1196 3015 1265; x_wconf 86' lang='lat' dir='ltr'><strong>stylo,</strong></span> <span class='ocrx_word' id='word_1_181' title='bbox 3044 1196 3127 1250; x_wconf 90' lang='lat' dir='ltr'><strong>hic</strong></span> <span class='ocrx_word' id='word_1_182' title='bbox 3155 1197 3334 1252; x_wconf 86' lang='lat' dir='ltr'><strong>dicere</strong></span> <span class='ocrx_word' id='word_1_183' title='bbox 3363 1198 3494 1251; x_wconf 86' lang='lat' dir='ltr'><strong>nihil</strong></span> <span class='ocrx_word' id='word_1_184' title='bbox 3520 1199 3730 1255; x_wconf 85' lang='lat' dir='ltr'><strong>attinet.</strong></span> <span class='ocrx_word' id='word_1_185' title='bbox 3764 1201 3945 1254; x_wconf 77' lang='lat' dir='ltr'><strong>Eum-</strong></span> 
     </span>
    </p>
   </div>
   <div class='ocr_carea' id='block_1_27' title="bbox 2378 1285 3945 1357">
    <p class='ocr_par' dir='ltr' id='par_1_27' title="bbox 2378 1285 3945 1357">
     <span class='ocr_line' id='line_1_27' title="bbox 2378 1285 3945 1357; baseline 0.003 -18"><span class='ocrx_word' id='word_1_186' title='bbox 2378 1285 2495 1340; x_wconf 91' lang='lat' dir='ltr'><strong>dem</strong></span> <span class='ocrx_word' id='word_1_187' title='bbox 2523 1288 2591 1340; x_wconf 92' lang='lat' dir='ltr'><strong>ad</strong></span> <span class='ocrx_word' id='word_1_188' title='bbox 2635 1287 2849 1341; x_wconf 89' lang='lat' dir='ltr'><strong>modum</strong></span> <span class='ocrx_word' id='word_1_189' title='bbox 2898 1286 3080 1340; x_wconf 88' lang='lat' dir='ltr'><strong>mutila</strong></span> <span class='ocrx_word' id='word_1_190' title='bbox 3115 1288 3277 1343; x_wconf 87' lang='lat' dir='ltr'><strong>dictio</strong></span> <span class='ocrx_word' id='word_1_191' title='bbox 3324 1299 3431 1351; x_wconf 83' lang='lat' dir='ltr'><strong>est,</strong></span> <span class='ocrx_word' id='word_1_192' title='bbox 3464 1290 3551 1345; x_wconf 90' lang='lat' dir='ltr'><strong>ubi</strong></span> <span class='ocrx_word' id='word_1_193' title='bbox 3591 1291 3945 1357; x_wconf 76' lang='lat' dir='ltr'><strong>explicantur</strong></span> 
     </span>
    </p>
   </div>
   <div class='ocr_carea' id='block_1_28' title="bbox 2380 1374 3941 1447">
    <p class='ocr_par' dir='ltr' id='par_1_28' title="bbox 2380 1374 3941 1447">
     <span class='ocr_line' id='line_1_28' title="bbox 2380 1374 3941 1447; baseline 0.003 -18"><span class='ocrx_word' id='word_1_194' title='bbox 2380 1376 2466 1429; x_wconf 89' lang='lat' dir='ltr'><strong>illa</strong></span> <span class='ocrx_word' id='word_1_195' title='bbox 2500 1376 2667 1447; x_wconf 91' lang='lat' dir='ltr'><strong>(num.</strong></span> <span class='ocrx_word' id='word_1_196' title='bbox 2687 1377 2809 1447; x_wconf 74' lang='lat'><strong>185)</strong></span> <span class='ocrx_word' id='word_1_197' title='bbox 2835 1374 2937 1429; x_wconf 82' lang='lat' dir='ltr'><strong>:Et</strong></span> <span class='ocrx_word' id='word_1_198' title='bbox 2968 1378 3021 1429; x_wconf 79' lang='lat' dir='ltr'><strong>in</strong></span> <span class='ocrx_word' id='word_1_199' title='bbox 3046 1394 3199 1430; x_wconf 81' lang='lat' dir='ltr'><strong>manu</strong></span> <span class='ocrx_word' id='word_1_200' title='bbox 3218 1395 3310 1432; x_wconf 80' lang='lat' dir='ltr'><strong>sua</strong></span> <span class='ocrx_word' id='word_1_201' title='bbox 3331 1380 3547 1433; x_wconf 79' lang='lat' dir='ltr'><strong>habebat</strong></span> <span class='ocrx_word' id='word_1_202' title='bbox 3567 1381 3847 1434; x_wconf 74' lang='lat' dir='ltr'><strong>carbonem</strong></span> <span class='ocrx_word' id='word_1_203' title='bbox 3868 1380 3941 1433; x_wconf 81' lang='grc'><strong>⁸⁸.</strong></span> 
     </span>
    </p>
   </div>
   <div class='ocr_carea' id='block_1_29' title="bbox 2380 1468 3985 1545">
    <p class='ocr_par' dir='ltr' id='par_1_29' title="bbox 2380 1468 3985 1545">
     <span class='ocr_line' id='line_1_29' title="bbox 2380 1468 3985 1545; baseline 0.004 -23"><span class='ocrx_word' id='word_1_204' title='bbox 2380 1468 2469 1523; x_wconf 91' lang='lat' dir='ltr'><strong>Sic</strong></span> <span class='ocrx_word' id='word_1_205' title='bbox 2502 1469 2640 1523; x_wconf 90' lang='lat' dir='ltr'><strong>enim</strong></span> <span class='ocrx_word' id='word_1_206' title='bbox 2675 1469 2906 1539; x_wconf 86' lang='lat' dir='ltr'><strong>loquitur</strong></span> <span class='ocrx_word' id='word_1_207' title='bbox 2935 1487 2948 1523; x_wconf 94' lang='lat'><strong>:</strong></span> <span class='ocrx_word' id='word_1_208' title='bbox 2979 1470 3041 1521; x_wconf 79' lang='lat' dir='ltr'><strong>Ei</strong></span> <span class='ocrx_word' id='word_1_209' title='bbox 3088 1469 3214 1541; x_wconf 77' lang='grc' dir='ltr'>γὰρ,</span> <span class='ocrx_word' id='word_1_210' title='bbox 3257 1472 3389 1541; x_wconf 82' lang='grc' dir='ltr'>ὅπερ</span> <span class='ocrx_word' id='word_1_211' title='bbox 3424 1474 3837 1545; x_wconf 79' lang='grc' dir='ltr'>ὲφαντάσθησάν</span> <span class='ocrx_word' id='word_1_212' title='bbox 3866 1491 3947 1528; x_wconf 86' lang='grc' dir='ltr'>τι·</span> <span class='ocrx_word' id='word_1_213' title='bbox 3982 1480 3985 1483; x_wconf 73' lang='grc'><em>’</em></span> 
     </span>
    </p>
   </div>
   <div class='ocr_carea' id='block_1_30' title="bbox 2378 1559 3946 1638">
    <p class='ocr_par' dir='ltr' id='par_1_30' title="bbox 2378 1559 3946 1638">
     <span class='ocr_line' id='line_1_30' title="bbox 2378 1559 3946 1638; baseline 0.005 -25"><span class='ocrx_word' id='word_1_214' title='bbox 2378 1576 2485 1623; x_wconf 86' lang='grc' dir='ltr'>νες,</span> <span class='ocrx_word' id='word_1_215' title='bbox 2518 1559 2585 1612; x_wconf 83' lang='grc' dir='ltr'>τὰ</span> <span class='ocrx_word' id='word_1_216' title='bbox 2613 1560 2704 1612; x_wconf 76' lang='grc' dir='ltr'>δύο</span> <span class='ocrx_word' id='word_1_217' title='bbox 2721 1560 2811 1612; x_wconf 86' lang='grc' dir='ltr'><strong>τοῦ</strong></span> <span class='ocrx_word' id='word_1_218' title='bbox 2843 1561 3072 1631; x_wconf 77' lang='grc' dir='ltr'>οὐρανοῦ</span> <span class='ocrx_word' id='word_1_219' title='bbox 3098 1563 3444 1632; x_wconf 75' lang='grc' dir='ltr'>ἡμισφαίρια,</span> <span class='ocrx_word' id='word_1_220' title='bbox 3474 1567 3574 1618; x_wconf 78' lang='grc' dir='ltr'><strong>ἀνὰ</strong></span> <span class='ocrx_word' id='word_1_221' title='bbox 3604 1567 3772 1637; x_wconf 80' lang='grc' dir='ltr'>μέρος</span> <span class='ocrx_word' id='word_1_222' title='bbox 3796 1568 3946 1638; x_wconf 82' lang='grc' dir='ltr'>ὑπὲρ</span> 
     </span>
    </p>
   </div>
   <div class='ocr_carea' id='block_1_31' title="bbox 2377 1651 3946 1724">
    <p class='ocr_par' dir='ltr' id='par_1_31' title="bbox 2377 1651 3946 1724">
     <span class='ocr_line' id='line_1_31' title="bbox 2377 1651 3946 1724; baseline 0.004 -20"><span class='ocrx_word' id='word_1_223' title='bbox 2377 1653 2478 1722; x_wconf 81' lang='grc' dir='ltr'>γῆς</span> <span class='ocrx_word' id='word_1_224' title='bbox 2501 1652 2814 1721; x_wconf 81' lang='grc' dir='ltr'>φαινόμενα,</span> <span class='ocrx_word' id='word_1_225' title='bbox 2843 1651 2901 1716; x_wconf 82' lang='grc' dir='ltr'>ἒξ</span> <span class='ocrx_word' id='word_1_226' title='bbox 2929 1652 3148 1724; x_wconf 80' lang='grc' dir='ltr'>μέρεσιν</span> <span class='ocrx_word' id='word_1_227' title='bbox 3174 1653 3467 1724; x_wconf 80' lang='grc' dir='ltr'>ἑκατέρων,</span> <span class='ocrx_word' id='word_1_228' title='bbox 3490 1656 3647 1707; x_wconf 77' lang='grc' dir='ltr'>οἱονεί</span> <span class='ocrx_word' id='word_1_229' title='bbox 3666 1674 3779 1709; x_wconf 83' lang='grc' dir='ltr'>τισι</span> <span class='ocrx_word' id='word_1_230' title='bbox 3813 1675 3946 1711; x_wconf 82' lang='grc' dir='ltr'>πτε-</span> 
     </span>
    </p>
   </div>
   <div class='ocr_carea' id='block_1_32' title="bbox 2379 1741 3945 1814">
    <p class='ocr_par' dir='ltr' id='par_1_32' title="bbox 2379 1741 3945 1814">
     <span class='ocr_line' id='line_1_32' title="bbox 2379 1741 3945 1814; baseline 0.004 -22"><span class='ocrx_word' id='word_1_231' title='bbox 2379 1745 2512 1812; x_wconf 91' lang='grc' dir='ltr'>ροῖς,</span> <span class='ocrx_word' id='word_1_232' title='bbox 2537 1742 2672 1811; x_wconf 79' lang='grc' dir='ltr'>πρὸς</span> <span class='ocrx_word' id='word_1_233' title='bbox 2698 1741 2793 1811; x_wconf 84' lang='grc' dir='ltr'><strong>τὴν</strong></span> <span class='ocrx_word' id='word_1_234' title='bbox 2830 1741 3003 1805; x_wconf 77' lang='grc' dir='ltr'>ὀξεῖαν</span> <span class='ocrx_word' id='word_1_235' title='bbox 3051 1742 3262 1813; x_wconf 75' lang='grc' dir='ltr'>κίνησιν</span> <span class='ocrx_word' id='word_1_236' title='bbox 3291 1746 3659 1814; x_wconf 77' lang='grc' dir='ltr'><strong>κεχρημένων,</strong></span> <span class='ocrx_word' id='word_1_237' title='bbox 3688 1748 3810 1807; x_wconf 80' lang='grc' dir='ltr'>πῶς</span> <span class='ocrx_word' id='word_1_238' title='bbox 3831 1751 3945 1802; x_wconf 77' lang='grc' dir='ltr'><strong>ὰπ-</strong></span> 
     </span>
    </p>
   </div>
   <div class='ocr_carea' id='block_1_33' title="bbox 718 1812 2271 1908">
    <p class='ocr_par' dir='ltr' id='par_1_33' title="bbox 718 1812 2271 1896">
     <span class='ocr_line' id='line_1_33' title="bbox 718 1812 2271 1896; baseline 0.013 -36"><span class='ocrx_word' id='word_1_239' title='bbox 718 1814 794 1865; x_wconf 78' lang='lat' dir='ltr'><strong>sic</strong></span> <span class='ocrx_word' id='word_1_240' title='bbox 831 1812 1247 1886; x_wconf 84' lang='lat' dir='ltr'><strong>loqttitur(nnm.</strong></span> <span class='ocrx_word' id='word_1_241' title='bbox 1272 1819 1394 1887; x_wconf 73' lang='grc'><strong>132)</strong></span> <span class='ocrx_word' id='word_1_242' title='bbox 1419 1838 1431 1871; x_wconf 92' lang='lat'><strong>:</strong></span> <span class='ocrx_word' id='word_1_243' title='bbox 1452 1822 1687 1891; x_wconf 84' lang='grc' dir='ltr'>Χρυσίου</span> <span class='ocrx_word' id='word_1_244' title='bbox 1712 1824 1803 1876; x_wconf 76' lang='grc' dir='ltr'><strong>καὶ</strong></span> <span class='ocrx_word' id='word_1_245' title='bbox 1832 1826 2091 1894; x_wconf 78' lang='grc' dir='ltr'>ἀργυρίου</span> <span class='ocrx_word' id='word_1_246' title='bbox 2114 1827 2271 1896; x_wconf 83' lang='grc' dir='ltr'>θῆκαι</span> 
     </span>
    </p>
   </div>
   <div class='ocr_carea' id='block_1_34' title="bbox 2370 1812 3947 1908">
    <p class='ocr_par' dir='ltr' id='par_1_34' title="bbox 2379 1812 3947 1908">
     <span class='ocr_line' id='line_1_34' title="bbox 2379 1812 3947 1908; baseline 0.004 -22"><span class='ocrx_word' id='word_1_247' title='bbox 2379 1834 2654 1887; x_wconf 84' lang='grc' dir='ltr'>εστέλλετο</span> <span class='ocrx_word' id='word_1_248' title='bbox 2682 1834 2739 1887; x_wconf 82' lang='grc' dir='ltr'>τὸ</span> <span class='ocrx_word' id='word_1_249' title='bbox 2761 1834 2942 1908; x_wconf 74' lang='grc' dir='ltr'>ἕτερον</span> <span class='ocrx_word' id='word_1_250' title='bbox 2966 1812 3198 1899; x_wconf 56' lang='grc' dir='ltr'>τούτωνς</span> <span class='ocrx_word' id='word_1_251' title='bbox 3241 1836 3365 1890; x_wconf 78' lang='lat' dir='ltr'><strong>Post</strong></span> <span class='ocrx_word' id='word_1_252' title='bbox 3405 1852 3585 1890; x_wconf 89' lang='lat' dir='ltr'><strong>vocem</strong></span> <span class='ocrx_word' id='word_1_253' title='bbox 3637 1839 3947 1908; x_wconf 75' lang='grc' dir='ltr'>φαινόμενα</span> 
     </span>
    </p>
   </div>
   <div class='ocr_carea' id='block_1_35' title="bbox 718 1902 2275 1988">
    <p class='ocr_par' dir='ltr' id='par_1_35' title="bbox 718 1902 2275 1988">
     <span class='ocr_line' id='line_1_35' title="bbox 718 1902 2275 1988; baseline 0.012 -35"><span class='ocrx_word' id='word_1_254' title='bbox 718 1902 811 1954; x_wconf 77' lang='grc' dir='ltr'>καὶ</span> <span class='ocrx_word' id='word_1_255' title='bbox 834 1903 1057 1975; x_wconf 81' lang='grc' dir='ltr'>ὲσθῆτος</span> <span class='ocrx_word' id='word_1_256' title='bbox 1107 1908 1451 1974; x_wconf 68' lang='grc' dir='ltr'>πολυτελοῦς,</span> <span class='ocrx_word' id='word_1_257' title='bbox 1488 1912 1581 1963; x_wconf 70' lang='grc' dir='ltr'><strong>καὶ</strong></span> <span class='ocrx_word' id='word_1_258' title='bbox 1630 1911 1788 1966; x_wconf 81' lang='grc' dir='ltr'>λίθων</span> <span class='ocrx_word' id='word_1_259' title='bbox 1820 1914 2275 1988; x_wconf 74' lang='grc' dir='ltr'>βαρυτίμιι›ν,ἓως</span> 
     </span>
    </p>
   </div>
   <div class='ocr_carea' id='block_1_36' title="bbox 720 1995 2273 2079">
    <p class='ocr_par' dir='ltr' id='par_1_36' title="bbox 720 1995 2273 2079">
     <span class='ocr_line' id='line_1_36' title="bbox 720 1995 2273 2079; baseline 0.012 -33"><span class='ocrx_word' id='word_1_260' title='bbox 720 1996 819 2063; x_wconf 80' lang='grc' dir='ltr'><strong>μὲν</strong></span> <span class='ocrx_word' id='word_1_261' title='bbox 857 1995 921 2048; x_wconf 81' lang='grc' dir='ltr'>ἂν</span> <span class='ocrx_word' id='word_1_262' title='bbox 974 1996 1071 2070; x_wconf 77' lang='grc' dir='ltr'><strong>ἔχῃ</strong></span> <span class='ocrx_word' id='word_1_263' title='bbox 1116 2000 1185 2051; x_wconf 78' lang='grc' dir='ltr'>τὰ</span> <span class='ocrx_word' id='word_1_264' title='bbox 1230 2004 1510 2072; x_wconf 78' lang='grc' dir='ltr'>κειμήλια,</span> <span class='ocrx_word' id='word_1_265' title='bbox 1538 2002 1739 2075; x_wconf 80' lang='grc' dir='ltr'>πολλῆς</span> <span class='ocrx_word' id='word_1_266' title='bbox 1772 2006 2012 2073; x_wconf 81' lang='grc' dir='ltr'>ἀξιοῦται</span> <span class='ocrx_word' id='word_1_267' title='bbox 2040 2010 2273 2079; x_wconf 84' lang='grc' dir='ltr'>σπουδῆς</span> 
     </span>
    </p>
   </div>
   <div class='ocr_carea' id='block_1_37' title="bbox 720 2087 2274 2169">
    <p class='ocr_par' dir='ltr' id='par_1_37' title="bbox 720 2087 2274 2169">
     <span class='ocr_line' id='line_1_37' title="bbox 720 2087 2274 2169; baseline 0.009 -30"><span class='ocrx_word' id='word_1_268' title='bbox 720 2088 810 2139; x_wconf 74' lang='grc' dir='ltr'><strong>καὶ</strong></span> <span class='ocrx_word' id='word_1_269' title='bbox 838 2087 1180 2157; x_wconf 73' lang='grc' dir='ltr'>ἐπιμελείας·</span> <span class='ocrx_word' id='word_1_270' title='bbox 1214 2093 1271 2145; x_wconf 81' lang='grc' dir='ltr'>ἐν</span> <span class='ocrx_word' id='word_1_271' title='bbox 1326 2095 1492 2158; x_wconf 76' lang='grc' dir='ltr'>οἴκοις</span> <span class='ocrx_word' id='word_1_272' title='bbox 1540 2096 1752 2167; x_wconf 77' lang='grc' dir='ltr'>ὀχυροῖς</span> <span class='ocrx_word' id='word_1_273' title='bbox 1801 2098 2135 2169; x_wconf 78' lang='grc' dir='ltr'>ἀποκείμενα</span> <span class='ocrx_word' id='word_1_274' title='bbox 2183 2104 2274 2153; x_wconf 77' lang='grc' dir='ltr'><strong>ἐπὶ</strong></span> 
     </span>
    </p>
   </div>
   <div class='ocr_carea' id='block_1_38' title="bbox 716 2178 2271 2260">
    <p class='ocr_par' dir='ltr' id='par_1_38' title="bbox 716 2178 2271 2260">
     <span class='ocr_line' id='line_1_38' title="bbox 716 2178 2271 2260; baseline 0.009 -31"><span class='ocrx_word' id='word_1_275' title='bbox 716 2178 930 2247; x_wconf 74' lang='grc' dir='ltr'>υψηλῶν</span> <span class='ocrx_word' id='word_1_276' title='bbox 958 2181 1156 2245; x_wconf 80' lang='grc' dir='ltr'>τόπων,</span> <span class='ocrx_word' id='word_1_277' title='bbox 1179 2186 1271 2235; x_wconf 78' lang='grc' dir='ltr'><strong>καὶ</strong></span> <span class='ocrx_word' id='word_1_278' title='bbox 1296 2185 1501 2255; x_wconf 75' lang='grc' dir='ltr'>μοχλοὶ,</span> <span class='ocrx_word' id='word_1_279' title='bbox 1538 2187 1631 2239; x_wconf 76' lang='grc' dir='ltr'>καὶ</span> <span class='ocrx_word' id='word_1_280' title='bbox 1656 2187 1819 2253; x_wconf 84' lang='grc' dir='ltr'>κλεῖς,</span> <span class='ocrx_word' id='word_1_281' title='bbox 1843 2189 1933 2240; x_wconf 74' lang='grc' dir='ltr'><strong>καὶ</strong></span> <span class='ocrx_word' id='word_1_282' title='bbox 1965 2192 2271 2260; x_wconf 82' lang='grc' dir='ltr'>σφραγῖδες,</span> 
     </span>
    </p>
   </div>
   <div class='ocr_carea' id='block_1_39' title="bbox 716 2267 2274 2349">
    <p class='ocr_par' dir='ltr' id='par_1_39' title="bbox 716 2267 2274 2349">
     <span class='ocr_line' id='line_1_39' title="bbox 716 2267 2274 2349; baseline 0.008 -28"><span class='ocrx_word' id='word_1_283' title='bbox 716 2267 810 2321; x_wconf 53' lang='grc' dir='ltr'><strong>καὶ</strong></span> <span class='ocrx_word' id='word_1_284' title='bbox 829 2268 1084 2337; x_wconf 80' lang='grc' dir='ltr'>φύλακες,</span> <span class='ocrx_word' id='word_1_285' title='bbox 1111 2274 1202 2325; x_wconf 81' lang='grc' dir='ltr'><strong>καί</strong></span> <span class='ocrx_word' id='word_1_286' title='bbox 1230 2273 1405 2326; x_wconf 86' lang='grc' dir='ltr'>πάντα</span> <span class='ocrx_word' id='word_1_287' title='bbox 1428 2274 1496 2327; x_wconf 82' lang='grc' dir='ltr'><strong>τὰ</strong></span> <span class='ocrx_word' id='word_1_288' title='bbox 1514 2276 1648 2345; x_wconf 84' lang='grc' dir='ltr'>πρὸς</span> <span class='ocrx_word' id='word_1_289' title='bbox 1669 2276 1962 2346; x_wconf 77' lang='grc' dir='ltr'>ἀσφάλειαν</span> <span class='ocrx_word' id='word_1_290' title='bbox 1983 2280 2075 2333; x_wconf 71' lang='grc' dir='ltr'><strong>καὶ</strong></span> <span class='ocrx_word' id='word_1_291' title='bbox 2107 2281 2274 2349; x_wconf 80' lang='grc' dir='ltr'>φυλα-</span> 
     </span>
    </p>
   </div>
   <div class='ocr_carea' id='block_1_40' title="bbox 716 2359 2270 2437">
    <p class='ocr_par' dir='ltr' id='par_1_40' title="bbox 716 2359 2270 2437">
     <span class='ocr_line' id='line_1_40' title="bbox 716 2359 2270 2437; baseline 0.012 -27"><span class='ocrx_word' id='word_1_292' title='bbox 716 2359 815 2429; x_wconf 77' lang='grc' dir='ltr'>κὴν</span> <span class='ocrx_word' id='word_1_293' title='bbox 838 2361 1213 2433; x_wconf 83' lang='grc' dir='ltr'>ὲπινοούμενα.</span> <span class='ocrx_word' id='word_1_294' title='bbox 1262 2365 1507 2419; x_wconf 82' lang='grc' dir='ltr'>Ἐπειδὰν</span> <span class='ocrx_word' id='word_1_295' title='bbox 1536 2365 1592 2420; x_wconf 85' lang='grc' dir='ltr'><strong>δὲ</strong></span> <span class='ocrx_word' id='word_1_296' title='bbox 1620 2370 1768 2434; x_wconf 83' lang='grc' dir='ltr'>κενά,</span> <span class='ocrx_word' id='word_1_297' title='bbox 1802 2379 1905 2426; x_wconf 90' lang='lat' dir='ltr'><strong>etc.</strong></span> <span class='ocrx_word' id='word_1_298' title='bbox 1935 2370 2050 2437; x_wconf 84' lang='lat' dir='ltr'><strong>Quo</strong></span> <span class='ocrx_word' id='word_1_299' title='bbox 2087 2388 2270 2427; x_wconf 85' lang='lat' dir='ltr'><strong>exem-</strong></span> 
     </span>
    </p>
   </div>
   <div class='ocr_carea' id='block_1_41' title="bbox 718 2452 2272 2528">
    <p class='ocr_par' dir='ltr' id='par_1_41' title="bbox 718 2452 2272 2528">
     <span class='ocr_line' id='line_1_41' title="bbox 718 2452 2272 2528; baseline 0.014 -30"><span class='ocrx_word' id='word_1_300' title='bbox 718 2452 807 2516; x_wconf 80' lang='lat' dir='ltr'><strong>plo</strong></span> <span class='ocrx_word' id='word_1_301' title='bbox 830 2455 1108 2521; x_wconf 81' lang='lat' dir='ltr'><strong>perspicue</strong></span> <span class='ocrx_word' id='word_1_302' title='bbox 1136 2456 1401 2524; x_wconf 87' lang='lat' dir='ltr'><strong>probatur</strong></span> <span class='ocrx_word' id='word_1_303' title='bbox 1448 2461 1795 2527; x_wconf 86' lang='lat' dir='ltr'><strong>interpretem</strong></span> <span class='ocrx_word' id='word_1_304' title='bbox 1826 2461 2177 2528; x_wconf 83' lang='grc' dir='ltr'>ὲλλειπτικῶς</span> <span class='ocrx_word' id='word_1_305' title='bbox 2200 2466 2272 2519; x_wconf 88' lang='lat' dir='ltr'><strong>si-</strong></span> 
     </span>
    </p>
   </div>
   <div class='ocr_carea' id='block_1_42' title="bbox 718 2543 2272 2622">
    <p class='ocr_par' dir='ltr' id='par_1_42' title="bbox 718 2543 2272 2622">
     <span class='ocr_line' id='line_1_42' title="bbox 718 2543 2272 2622; baseline 0.01 -29"><span class='ocrx_word' id='word_1_306' title='bbox 718 2543 824 2595; x_wconf 78' lang='lat' dir='ltr'><strong>mul</strong></span> <span class='ocrx_word' id='word_1_307' title='bbox 862 2553 917 2597; x_wconf 87' lang='lat' dir='ltr'><strong>et</strong></span> <span class='ocrx_word' id='word_1_308' title='bbox 940 2546 1167 2602; x_wconf 86' lang='lat' dir='ltr'><strong>obscure</strong></span> <span class='ocrx_word' id='word_1_309' title='bbox 1204 2547 1435 2603; x_wconf 88' lang='lat' dir='ltr'><strong>locutum</strong></span> <span class='ocrx_word' id='word_1_310' title='bbox 1489 2550 1680 2607; x_wconf 78' lang='lat' dir='ltr'><strong>fuisse.</strong></span> <span class='ocrx_word' id='word_1_311' title='bbox 1738 2552 1870 2607; x_wconf 84' lang='lat' dir='ltr'><strong>Nam</strong></span> <span class='ocrx_word' id='word_1_312' title='bbox 1900 2555 2153 2622; x_wconf 88' lang='lat' dir='ltr'><strong>postilla,</strong></span> <span class='ocrx_word' id='word_1_313' title='bbox 2179 2558 2272 2609; x_wconf 81' lang='grc' dir='ltr'><strong>καὶ</strong></span> 
     </span>
    </p>
   </div>
   <div class='ocr_carea' id='block_1_43' title="bbox 715 2634 2274 2709">
    <p class='ocr_par' dir='ltr' id='par_1_43' title="bbox 715 2634 2274 2709">
     <span class='ocr_line' id='line_1_43' title="bbox 715 2634 2274 2709; baseline 0.009 -24"><span class='ocrx_word' id='word_1_314' title='bbox 715 2634 922 2703; x_wconf 79' lang='grc' dir='ltr'>μοχλοὶ,</span> <span class='ocrx_word' id='word_1_315' title='bbox 962 2637 1054 2689; x_wconf 84' lang='grc' dir='ltr'><strong>καὶ</strong></span> <span class='ocrx_word' id='word_1_316' title='bbox 1114 2637 1279 2702; x_wconf 86' lang='grc' dir='ltr'>κλεῖς,</span> <span class='ocrx_word' id='word_1_317' title='bbox 1307 2649 1436 2704; x_wconf 88' lang='lat' dir='ltr'><strong>etc.,</strong></span> <span class='ocrx_word' id='word_1_318' title='bbox 1492 2641 1693 2709; x_wconf 78' lang='lat' dir='ltr'><strong>aliquid</strong></span> <span class='ocrx_word' id='word_1_319' title='bbox 1743 2640 2089 2709; x_wconf 87' lang='lat' dir='ltr'><strong>supplendum</strong></span> <span class='ocrx_word' id='word_1_320' title='bbox 2155 2659 2274 2699; x_wconf 86' lang='lat' dir='ltr'><strong>esse</strong></span> 
     </span>
    </p>
   </div>
   <div class='ocr_carea' id='block_1_44' title="bbox 713 2729 2273 2793">
    <p class='ocr_par' dir='ltr' id='par_1_44' title="bbox 713 2729 2273 2793">
     <span class='ocr_line' id='line_1_44' title="bbox 713 2729 2273 2793; baseline 0.01 -17"><span class='ocrx_word' id='word_1_321' title='bbox 713 2741 877 2779; x_wconf 81' lang='lat' dir='ltr'><strong>nemo</strong></span> <span class='ocrx_word' id='word_1_322' title='bbox 908 2742 1012 2781; x_wconf 91' lang='lat' dir='ltr'><strong>non</strong></span> <span class='ocrx_word' id='word_1_323' title='bbox 1042 2729 1217 2793; x_wconf 86' lang='lat' dir='ltr'><strong>videt;</strong></span> <span class='ocrx_word' id='word_1_324' title='bbox 1248 2745 1349 2783; x_wconf 85' lang='lat' dir='ltr'><strong>nec</strong></span> <span class='ocrx_word' id='word_1_325' title='bbox 1378 2743 1601 2785; x_wconf 88' lang='lat' dir='ltr'><strong>necesse</strong></span> <span class='ocrx_word' id='word_1_326' title='bbox 1632 2731 1803 2785; x_wconf 88' lang='lat' dir='ltr'><strong>habeo</strong></span> <span class='ocrx_word' id='word_1_327' title='bbox 1835 2732 1899 2786; x_wconf 90' lang='lat' dir='ltr'><strong>de</strong></span> <span class='ocrx_word' id='word_1_328' title='bbox 1942 2734 2273 2791; x_wconf 81' lang='lat' dir='ltr'><strong>obscuritate</strong></span> 
     </span>
    </p>
   </div>
   <div class='ocr_carea' id='block_1_45' title="bbox 715 2816 2271 2894">
    <p class='ocr_par' dir='ltr' id='par_1_45' title="bbox 715 2816 2271 2894">
     <span class='ocr_line' id='line_1_45' title="bbox 715 2816 2271 2894; baseline 0.011 -31"><span class='ocrx_word' id='word_1_329' title='bbox 715 2816 916 2881; x_wconf 74' lang='lat' dir='ltr'><strong>dicere,</strong></span> <span class='ocrx_word' id='word_1_330' title='bbox 947 2832 1067 2872; x_wconf 89' lang='lat' dir='ltr'><strong>cum</strong></span> <span class='ocrx_word' id='word_1_331' title='bbox 1121 2832 1185 2873; x_wconf 86' lang='lat' dir='ltr'><strong>ea</strong></span> <span class='ocrx_word' id='word_1_332' title='bbox 1238 2832 1335 2889; x_wconf 89' lang='lat' dir='ltr'><strong>per</strong></span> <span class='ocrx_word' id='word_1_333' title='bbox 1371 2834 1431 2875; x_wconf 85' lang='lat' dir='ltr'><strong>se</strong></span> <span class='ocrx_word' id='word_1_334' title='bbox 1484 2822 1620 2876; x_wconf 86' lang='lat' dir='ltr'><strong>satis</strong></span> <span class='ocrx_word' id='word_1_335' title='bbox 1674 2832 1870 2891; x_wconf 90' lang='lat' dir='ltr'><strong>pateat.</strong></span> <span class='ocrx_word' id='word_1_336' title='bbox 1908 2823 2057 2879; x_wconf 82' lang='lat' dir='ltr'><strong>Alius</strong></span> <span class='ocrx_word' id='word_1_337' title='bbox 2097 2826 2271 2894; x_wconf 86' lang='lat' dir='ltr'><strong>quivis</strong></span> 
     </span>
    </p>
   </div>
   <div class='ocr_carea' id='block_1_46' title="bbox 714 2909 2270 2989">
    <p class='ocr_par' dir='ltr' id='par_1_46' title="bbox 714 2909 2270 2989">
     <span class='ocr_line' id='line_1_46' title="bbox 714 2909 2270 2989; baseline 0.007 -28"><span class='ocrx_word' id='word_1_338' title='bbox 714 2909 947 2977; x_wconf 80' lang='lat' dir='ltr'><strong>scriptor</strong></span> <span class='ocrx_word' id='word_1_339' title='bbox 976 2910 1203 2979; x_wconf 81' lang='lat' dir='ltr'><strong>diligens</strong></span> <span class='ocrx_word' id='word_1_340' title='bbox 1240 2912 1311 2966; x_wconf 86' lang='lat' dir='ltr'><strong>ita</strong></span> <span class='ocrx_word' id='word_1_341' title='bbox 1336 2914 1644 2983; x_wconf 87' lang='lat' dir='ltr'><strong>scripsisset</strong></span> <span class='ocrx_word' id='word_1_342' title='bbox 1684 2934 1696 2967; x_wconf 92' lang='lat'><strong>:</strong></span> <span class='ocrx_word' id='word_1_343' title='bbox 1731 2918 1965 2989; x_wconf 75' lang='grc' dir='ltr'>Χρυσίου</span> <span class='ocrx_word' id='word_1_344' title='bbox 1991 2918 2082 2971; x_wconf 79' lang='grc' dir='ltr'><strong>καὶ</strong></span> <span class='ocrx_word' id='word_1_345' title='bbox 2110 2920 2270 2989; x_wconf 84' lang='grc' dir='ltr'>ἀργυ-</span> 
     </span>
    </p>
   </div>
   <div class='ocr_carea' id='block_1_47' title="bbox 717 2985 2268 3077">
    <p class='ocr_par' dir='ltr' id='par_1_47' title="bbox 717 2985 2268 3077">
     <span class='ocr_line' id='line_1_47' title="bbox 717 2985 2268 3077; baseline 0.006 -26"><span class='ocrx_word' id='word_1_346' title='bbox 717 3000 831 3068; x_wconf 78' lang='grc' dir='ltr'>ρίου</span> <span class='ocrx_word' id='word_1_347' title='bbox 852 2999 1015 3071; x_wconf 77' lang='grc' dir='ltr'>θῆκαι</span> <span class='ocrx_word' id='word_1_348' title='bbox 1047 3002 1137 3055; x_wconf 80' lang='grc' dir='ltr'><strong>καὶ</strong></span> <span class='ocrx_word' id='word_1_349' title='bbox 1164 3002 1388 3072; x_wconf 78' lang='grc' dir='ltr'>ἐσθῆτος</span> <span class='ocrx_word' id='word_1_350' title='bbox 1424 3004 1762 3066; x_wconf 84' lang='grc' dir='ltr'>πολυτελοῦς,</span> <span class='ocrx_word' id='word_1_351' title='bbox 1784 2985 1882 3058; x_wconf 60' lang='lat' dir='ltr'><strong>3.5a</strong></span> <span class='ocrx_word' id='word_1_352' title='bbox 1904 3007 2065 3059; x_wconf 78' lang='grc' dir='ltr'>λίθων</span> <span class='ocrx_word' id='word_1_353' title='bbox 2104 2985 2268 3077; x_wconf 81' lang='grc' dir='ltr'>βαρυ-</span> 
     </span>
    </p>
   </div>
   <div class='ocr_carea' id='block_1_48' title="bbox 713 3093 2270 3166">
    <p class='ocr_par' dir='ltr' id='par_1_48' title="bbox 713 3093 2270 3166">
     <span class='ocr_line' id='line_1_48' title="bbox 713 3093 2270 3166; baseline 0.004 -22"><span class='ocrx_word' id='word_1_354' title='bbox 713 3093 908 3162; x_wconf 82' lang='grc' dir='ltr'>τίμων,</span> <span class='ocrx_word' id='word_1_355' title='bbox 963 3095 1069 3154; x_wconf 75' lang='grc' dir='ltr'>ἕως</span> <span class='ocrx_word' id='word_1_356' title='bbox 1131 3096 1231 3165; x_wconf 83' lang='grc' dir='ltr'><strong>μὲν</strong></span> <span class='ocrx_word' id='word_1_357' title='bbox 1284 3097 1350 3148; x_wconf 81' lang='grc' dir='ltr'><strong>ἂν</strong></span> <span class='ocrx_word' id='word_1_358' title='bbox 1405 3096 1568 3165; x_wconf 81' lang='grc' dir='ltr'>ἔχωσι</span> <span class='ocrx_word' id='word_1_359' title='bbox 1625 3096 1693 3149; x_wconf 82' lang='grc' dir='ltr'>τὰ</span> <span class='ocrx_word' id='word_1_360' title='bbox 1738 3098 2011 3166; x_wconf 87' lang='grc' dir='ltr'>κειμήλια,</span> <span class='ocrx_word' id='word_1_361' title='bbox 2060 3099 2270 3162; x_wconf 77' lang='grc' dir='ltr'>πολλοῖς</span> 
     </span>
    </p>
   </div>
   <div class='ocr_carea' id='block_1_49' title="bbox 712 3162 2338 3261">
    <p class='ocr_par' dir='ltr' id='par_1_49' title="bbox 712 3162 2338 3261">
     <span class='ocr_line' id='line_1_49' title="bbox 712 3162 2338 3261; baseline 0.006 -28"><span class='ocrx_word' id='word_1_362' title='bbox 712 3182 1075 3245; x_wconf 57' lang='grc' dir='ltr'>ἀξιοῦνται...</span> <span class='ocrx_word' id='word_1_363' title='bbox 1132 3162 1580 3255; x_wconf 68' lang='grc' dir='ltr'>ατοοκεεμεναι....</span> <span class='ocrx_word' id='word_1_364' title='bbox 1631 3162 1989 3257; x_wconf 75' lang='grc' dir='ltr'>ἐπινοοῦμενα</span> <span class='ocrx_word' id='word_1_365' title='bbox 2051 3162 2338 3261; x_wconf 50' lang='grc' dir='ltr'>προσῇ-0</span> 
     </span>
    </p>
   </div>
   <div class='ocr_carea' id='block_1_50' title="bbox 713 3273 2267 3347">
    <p class='ocr_par' dir='ltr' id='par_1_50' title="bbox 713 3273 2267 3347">
     <span class='ocr_line' id='line_1_50' title="bbox 713 3273 2267 3347; baseline 0.009 -22"><span class='ocrx_word' id='word_1_366' title='bbox 713 3273 901 3328; x_wconf 79' lang='grc' dir='ltr'>θενται</span> <span class='ocrx_word' id='word_1_367' title='bbox 936 3292 950 3325; x_wconf 90' lang='lat'><strong>:</strong></span> <span class='ocrx_word' id='word_1_368' title='bbox 1009 3277 1150 3345; x_wconf 89' lang='lat' dir='ltr'><strong>quod</strong></span> <span class='ocrx_word' id='word_1_369' title='bbox 1199 3276 1271 3330; x_wconf 87' lang='lat' dir='ltr'><strong>ita</strong></span> <span class='ocrx_word' id='word_1_370' title='bbox 1315 3277 1655 3347; x_wconf 83' lang='lat' dir='ltr'><strong>interpretari</strong></span> <span class='ocrx_word' id='word_1_371' title='bbox 1693 3278 1975 3335; x_wconf 87' lang='lat' dir='ltr'><strong>licuisset:</strong></span> <span class='ocrx_word' id='word_1_372' title='bbox 2016 3300 2034 3332; x_wconf 85' lang='grc' dir='ltr'><strong>ι</strong></span> <span class='ocrx_word' id='word_1_373' title='bbox 2075 3281 2267 3339; x_wconf 78' lang='lat' dir='ltr'><strong>Theca:</strong></span> 
     </span>
    </p>
   </div>
   <div class='ocr_carea' id='block_1_51' title="bbox 714 3364 2264 3439">
    <p class='ocr_par' dir='ltr' id='par_1_51' title="bbox 714 3364 2264 3439">
     <span class='ocr_line' id='line_1_51' title="bbox 714 3364 2264 3439; baseline 0.01 -26"><span class='ocrx_word' id='word_1_374' title='bbox 714 3364 827 3416; x_wconf 68' lang='grc' dir='ltr'>ιιιπί</span> <span class='ocrx_word' id='word_1_375' title='bbox 851 3374 905 3419; x_wconf 90' lang='lat' dir='ltr'><strong>et</strong></span> <span class='ocrx_word' id='word_1_376' title='bbox 938 3366 1144 3435; x_wconf 78' lang='lat' dir='ltr'><strong>argenti</strong></span> <span class='ocrx_word' id='word_1_377' title='bbox 1171 3368 1440 3436; x_wconf 84' lang='lat' dir='ltr'><strong>vestisque</strong></span> <span class='ocrx_word' id='word_1_378' title='bbox 1468 3380 1791 3437; x_wconf 82' lang='lat' dir='ltr'><strong>sumptuosae</strong></span> <span class='ocrx_word' id='word_1_379' title='bbox 1815 3380 1869 3424; x_wconf 87' lang='lat' dir='ltr'><strong>et</strong></span> <span class='ocrx_word' id='word_1_380' title='bbox 1910 3373 2264 3439; x_wconf 78' lang='lat' dir='ltr'><strong>pretiosorum</strong></span> 
     </span>
    </p>
   </div>
   <div class='ocr_carea' id='block_1_52' title="bbox 719 3454 2264 3530">
    <p class='ocr_par' dir='ltr' id='par_1_52' title="bbox 719 3454 2264 3530">
     <span class='ocr_line' id='line_1_52' title="bbox 719 3454 2264 3530; baseline 0.009 -27"><span class='ocrx_word' id='word_1_381' title='bbox 719 3454 1235 3522; x_wconf 84' lang='lat' dir='ltr'><strong>lapidum,quandiu</strong></span> <span class='ocrx_word' id='word_1_382' title='bbox 1286 3457 1639 3525; x_wconf 81' lang='lat' dir='ltr'><strong>suppellectili</strong></span> <span class='ocrx_word' id='word_1_383' title='bbox 1696 3462 1927 3527; x_wconf 88' lang='lat' dir='ltr'><strong>pretiosa</strong></span> <span class='ocrx_word' id='word_1_384' title='bbox 1975 3462 2264 3530; x_wconf 87' lang='lat' dir='ltr'><strong>replentur,</strong></span> 
     </span>
    </p>
   </div>
   <div class='ocr_carea' id='block_1_53' title="bbox 715 3543 2267 3615">
    <p class='ocr_par' dir='ltr' id='par_1_53' title="bbox 715 3543 2267 3615">
     <span class='ocr_line' id='line_1_53' title="bbox 715 3543 2267 3615; baseline 0.008 -20"><span class='ocrx_word' id='word_1_385' title='bbox 715 3543 891 3597; x_wconf 76' lang='lat' dir='ltr'><strong>studio</strong></span> <span class='ocrx_word' id='word_1_386' title='bbox 953 3544 1117 3598; x_wconf 86' lang='lat' dir='ltr'><strong>multo</strong></span> <span class='ocrx_word' id='word_1_387' title='bbox 1148 3554 1306 3613; x_wconf 85' lang='lat' dir='ltr'><strong>atque</strong></span> <span class='ocrx_word' id='word_1_388' title='bbox 1349 3547 1621 3615; x_wconf 77' lang='lat' dir='ltr'><strong>diligentia</strong></span> <span class='ocrx_word' id='word_1_389' title='bbox 1671 3558 2035 3614; x_wconf 79' lang='lat' dir='ltr'><strong>asservantur,</strong></span> <span class='ocrx_word' id='word_1_390' title='bbox 2084 3566 2146 3604; x_wconf 91' lang='lat' dir='ltr'><strong>ac</strong></span> <span class='ocrx_word' id='word_1_391' title='bbox 2182 3568 2267 3607; x_wconf 86' lang='lat' dir='ltr'><strong>se-</strong></span> 
     </span>
    </p>
   </div>
   <div class='ocr_carea' id='block_1_54' title="bbox 714 3634 2267 3705">
    <p class='ocr_par' dir='ltr' id='par_1_54' title="bbox 714 3634 2267 3705">
     <span class='ocr_line' id='line_1_54' title="bbox 714 3634 2267 3705; baseline 0.008 -21"><span class='ocrx_word' id='word_1_392' title='bbox 714 3634 1058 3701; x_wconf 78' lang='lat' dir='ltr'><strong>ponunturin</strong></span> <span class='ocrx_word' id='word_1_393' title='bbox 1094 3638 1225 3691; x_wconf 87' lang='lat' dir='ltr'><strong>tntis</strong></span> <span class='ocrx_word' id='word_1_394' title='bbox 1266 3637 1460 3691; x_wconf 62' lang='lat' dir='ltr'><strong>mdium</strong></span> <span class='ocrx_word' id='word_1_395' title='bbox 1489 3639 1730 3705; x_wconf 90' lang='lat' dir='ltr'><strong>partibus</strong></span> <span class='ocrx_word' id='word_1_396' title='bbox 1753 3649 1806 3694; x_wconf 90' lang='lat' dir='ltr'><strong>et</strong></span> <span class='ocrx_word' id='word_1_397' title='bbox 1841 3640 1891 3693; x_wconf 93' lang='lat' dir='ltr'><strong>in</strong></span> <span class='ocrx_word' id='word_1_398' title='bbox 1933 3643 2161 3697; x_wconf 77' lang='lat' dir='ltr'><strong>excelsis</strong></span> <span class='ocrx_word' id='word_1_399' title='bbox 2187 3642 2267 3698; x_wconf 88' lang='lat' dir='ltr'><strong>lo-</strong></span> 
     </span>
    </p>
   </div>
   <div class='ocr_carea' id='block_1_55' title="bbox 713 3728 2269 3804">
    <p class='ocr_par' dir='ltr' id='par_1_55' title="bbox 713 3728 2269 3804">
     <span class='ocr_line' id='line_1_55' title="bbox 713 3728 2269 3804; baseline 0.009 -27"><span class='ocrx_word' id='word_1_400' title='bbox 713 3728 824 3790; x_wconf 87' lang='lat' dir='ltr'><strong>cis;</strong></span> <span class='ocrx_word' id='word_1_401' title='bbox 857 3728 1284 3796; x_wconf 83' lang='lat' dir='ltr'><strong>adhibenturque</strong></span> <span class='ocrx_word' id='word_1_402' title='bbox 1333 3741 1533 3795; x_wconf 88' lang='lat' dir='ltr'><strong>vectes,</strong></span> <span class='ocrx_word' id='word_1_403' title='bbox 1570 3732 1762 3797; x_wconf 83' lang='lat' dir='ltr'><strong>claves,</strong></span> <span class='ocrx_word' id='word_1_404' title='bbox 1799 3752 1819 3785; x_wconf 71' lang='grc' dir='ltr'><strong>ι</strong></span> <span class='ocrx_word' id='word_1_405' title='bbox 1849 3744 1953 3791; x_wconf 86' lang='lat' dir='ltr'><strong>etc.</strong></span> <span class='ocrx_word' id='word_1_406' title='bbox 2021 3735 2148 3804; x_wconf 83' lang='lat' dir='ltr'><strong>Legi</strong></span> <span class='ocrx_word' id='word_1_407' title='bbox 2181 3750 2269 3804; x_wconf 90' lang='lat' dir='ltr'><strong>po-</strong></span> 
     </span>
    </p>
   </div>
   <div class='ocr_carea' id='block_1_56' title="bbox 717 3810 2263 3883">
    <p class='ocr_par' dir='ltr' id='par_1_56' title="bbox 717 3810 2263 3883">
     <span class='ocr_line' id='line_1_56' title="bbox 717 3810 2263 3883; baseline 0.01 -16"><span class='ocrx_word' id='word_1_408' title='bbox 717 3828 821 3869; x_wconf 84' lang='lat' dir='ltr'><strong>test</strong></span> <span class='ocrx_word' id='word_1_409' title='bbox 848 3832 907 3869; x_wconf 89' lang='lat' dir='ltr'><strong>ea</strong></span> <span class='ocrx_word' id='word_1_410' title='bbox 942 3833 1102 3883; x_wconf 81' lang='lat' dir='ltr'><strong>quam</strong></span> <span class='ocrx_word' id='word_1_411' title='bbox 1139 3810 1201 3871; x_wconf 83' lang='lat' dir='ltr'><strong>ad</strong></span> <span class='ocrx_word' id='word_1_412' title='bbox 1239 3821 1377 3873; x_wconf 87' lang='lat' dir='ltr'><strong>hunc</strong></span> <span class='ocrx_word' id='word_1_413' title='bbox 1403 3820 1577 3875; x_wconf 88' lang='lat' dir='ltr'><strong>locum</strong></span> <span class='ocrx_word' id='word_1_414' title='bbox 1607 3825 1783 3878; x_wconf 87' lang='lat' dir='ltr'><strong>addidi</strong></span> <span class='ocrx_word' id='word_1_415' title='bbox 1818 3836 1961 3880; x_wconf 89' lang='lat' dir='ltr'><strong>nota.</strong></span> <span class='ocrx_word' id='word_1_416' title='bbox 2020 3826 2128 3882; x_wconf 81' lang='lat' dir='ltr'><strong>Nec</strong></span> <span class='ocrx_word' id='word_1_417' title='bbox 2154 3829 2263 3883; x_wconf 78' lang='lat' dir='ltr'><strong>dis-</strong></span> 
     </span>
    </p>
   </div>
   <div class='ocr_carea' id='block_1_57' title="bbox 714 3908 2261 3988">
    <p class='ocr_par' dir='ltr' id='par_1_57' title="bbox 714 3908 2261 3988">
     <span class='ocr_line' id='line_1_57' title="bbox 714 3908 2261 3988; baseline 0.01 -27"><span class='ocrx_word' id='word_1_418' title='bbox 714 3908 895 3963; x_wconf 88' lang='lat' dir='ltr'><strong>simile</strong></span> <span class='ocrx_word' id='word_1_419' title='bbox 950 3911 1110 3977; x_wconf 89' lang='lat' dir='ltr'><strong>illud,</strong></span> <span class='ocrx_word' id='word_1_420' title='bbox 1161 3927 1267 3980; x_wconf 89' lang='lat' dir='ltr'><strong>quo</strong></span> <span class='ocrx_word' id='word_1_421' title='bbox 1313 3916 1666 3980; x_wconf 83' lang='lat' dir='ltr'><strong>explanantur</strong></span> <span class='ocrx_word' id='word_1_422' title='bbox 1718 3919 1876 3971; x_wconf 85' lang='lat' dir='ltr'><strong>verba</strong></span> <span class='ocrx_word' id='word_1_423' title='bbox 1926 3918 2039 3974; x_wconf 69' lang='lat' dir='ltr'><strong>haec</strong></span> <span class='ocrx_word' id='word_1_424' title='bbox 2088 3923 2261 3988; x_wconf 85' lang='lat' dir='ltr'><strong>(num.</strong></span> 
     </span>
    </p>
   </div>
   <div class='ocr_carea' id='block_1_58' title="bbox 716 4003 2267 4075">
    <p class='ocr_par' dir='ltr' id='par_1_58' title="bbox 716 4003 2267 4075">
     <span class='ocr_line' id='line_1_58' title="bbox 716 4003 2267 4075; baseline 0.006 -20"><span class='ocrx_word' id='word_1_425' title='bbox 716 4003 838 4073; x_wconf 74' lang='grc'>135)</span> <span class='ocrx_word' id='word_1_426' title='bbox 882 4020 895 4055; x_wconf 91' lang='lat'><strong>:</strong></span> <span class='ocrx_word' id='word_1_427' title='bbox 932 4004 996 4058; x_wconf 78' lang='lat' dir='ltr'><strong>In</strong></span> <span class='ocrx_word' id='word_1_428' title='bbox 1026 4007 1108 4059; x_wconf 79' lang='lat' dir='ltr'><strong>die</strong></span> <span class='ocrx_word' id='word_1_429' title='bbox 1142 4018 1315 4059; x_wconf 78' lang='lat' dir='ltr'><strong>autem</strong></span> <span class='ocrx_word' id='word_1_430' title='bbox 1344 4006 1441 4059; x_wconf 79' lang='lat' dir='ltr'><strong>illa</strong></span> <span class='ocrx_word' id='word_1_431' title='bbox 1472 4006 1785 4075; x_wconf 80' lang='lat' dir='ltr'><strong>splendesch</strong></span> <span class='ocrx_word' id='word_1_432' title='bbox 1809 4009 1874 4074; x_wconf 82' lang='grc'><strong>⁸⁵,</strong></span> <span class='ocrx_word' id='word_1_433' title='bbox 1902 4020 2007 4063; x_wconf 89' lang='lat' dir='ltr'><strong>etc.</strong></span> <span class='ocrx_word' id='word_1_434' title='bbox 2048 4029 2063 4065; x_wconf 88' lang='lat'><strong>:</strong></span> <span class='ocrx_word' id='word_1_435' title='bbox 2116 4014 2267 4065; x_wconf 81' lang='grc' dir='ltr'>Καθὸ</span> 
     </span>
    </p>
   </div>
   <div class='ocr_carea' id='block_1_59' title="bbox 713 4097 2265 4173">
    <p class='ocr_par' dir='ltr' id='par_1_59' title="bbox 713 4097 2265 4173">
     <span class='ocr_line' id='line_1_59' title="bbox 713 4097 2265 4173; baseline 0.005 -26"><span class='ocrx_word' id='word_1_436' title='bbox 713 4097 851 4148; x_wconf 76' lang='grc' dir='ltr'>καὶὸ</span> <span class='ocrx_word' id='word_1_437' title='bbox 882 4100 1161 4168; x_wconf 81' lang='grc' dir='ltr'>προφήτης</span> <span class='ocrx_word' id='word_1_438' title='bbox 1206 4098 1338 4167; x_wconf 85' lang='grc' dir='ltr'>πρὸς</span> <span class='ocrx_word' id='word_1_439' title='bbox 1370 4099 1495 4161; x_wconf 78' lang='grc' dir='ltr'>τοὺς</span> <span class='ocrx_word' id='word_1_440' title='bbox 1546 4102 1603 4153; x_wconf 80' lang='grc' dir='ltr'><strong>ἐν</strong></span> <span class='ocrx_word' id='word_1_441' title='bbox 1653 4099 1834 4171; x_wconf 80' lang='grc' dir='ltr'>ἔργοις</span> <span class='ocrx_word' id='word_1_442' title='bbox 1878 4101 1974 4171; x_wconf 81' lang='grc' dir='ltr'>μὲν</span> <span class='ocrx_word' id='word_1_443' title='bbox 2014 4106 2265 4173; x_wconf 85' lang='grc' dir='ltr'>πονηροῖς</span> 
     </span>
    </p>
   </div>
   <div class='ocr_carea' id='block_1_60' title="bbox 710 4184 2261 4261">
    <p class='ocr_par' dir='ltr' id='par_1_60' title="bbox 710 4184 2261 4261">
     <span class='ocr_line' id='line_1_60' title="bbox 710 4184 2261 4261; baseline 0.008 -26"><span class='ocrx_word' id='word_1_444' title='bbox 710 4184 888 4248; x_wconf 71' lang='grc' dir='ltr'>ὄντας,</span> <span class='ocrx_word' id='word_1_445' title='bbox 919 4187 1231 4255; x_wconf 73' lang='grc' dir='ltr'>ἐπείγοντας</span> <span class='ocrx_word' id='word_1_446' title='bbox 1258 4188 1314 4241; x_wconf 81' lang='grc' dir='ltr'>δὲ</span> <span class='ocrx_word' id='word_1_447' title='bbox 1345 4188 1441 4258; x_wconf 83' lang='grc' dir='ltr'><strong>τὴν</strong></span> <span class='ocrx_word' id='word_1_448' title='bbox 1474 4189 1684 4261; x_wconf 76' lang='grc' dir='ltr'>ἡμέραν</span> <span class='ocrx_word' id='word_1_449' title='bbox 1717 4192 1814 4261; x_wconf 79' lang='grc' dir='ltr'>τῆς</span> <span class='ocrx_word' id='word_1_450' title='bbox 1840 4192 2261 4257; x_wconf 85' lang='grc' dir='ltr'>ἀνταποδόσεως.</span> 
     </span>
    </p>
   </div>
   <div class='ocr_carea' id='block_1_61' title="bbox 712 4276 2262 4353">
    <p class='ocr_par' dir='ltr' id='par_1_61' title="bbox 712 4276 2262 4353">
     <span class='ocr_line' id='line_1_61' title="bbox 712 4276 2262 4353; baseline 0.006 -23"><span class='ocrx_word' id='word_1_451' title='bbox 712 4276 849 4338; x_wconf 84' lang='grc' dir='ltr'>Ἵνα,</span> <span class='ocrx_word' id='word_1_452' title='bbox 882 4288 987 4331; x_wconf 84' lang='lat' dir='ltr'><strong>etc.</strong></span> <span class='ocrx_word' id='word_1_453' title='bbox 1039 4296 1057 4328; x_wconf 80' lang='grc' dir='ltr'><strong>ι</strong></span> <span class='ocrx_word' id='word_1_454' title='bbox 1089 4280 1545 4345; x_wconf 85' lang='lat' dir='ltr'><strong>Quemadmodum</strong></span> <span class='ocrx_word' id='word_1_455' title='bbox 1576 4292 1629 4337; x_wconf 89' lang='lat' dir='ltr'><strong>et</strong></span> <span class='ocrx_word' id='word_1_456' title='bbox 1679 4284 1936 4353; x_wconf 87' lang='lat' dir='ltr'><strong>propheta</strong></span> <span class='ocrx_word' id='word_1_457' title='bbox 1968 4286 2018 4340; x_wconf 90' lang='lat' dir='ltr'><strong>in</strong></span> <span class='ocrx_word' id='word_1_458' title='bbox 2056 4302 2147 4341; x_wconf 88' lang='lat' dir='ltr'><strong>eos</strong></span> <span class='ocrx_word' id='word_1_459' title='bbox 2179 4287 2262 4339; x_wconf 92' lang='lat' dir='ltr'><strong>in-</strong></span> 
     </span>
    </p>
   </div>
   <div class='ocr_carea' id='block_1_62' title="bbox 708 4368 2263 4443">
    <p class='ocr_par' dir='ltr' id='par_1_62' title="bbox 708 4368 2263 4443">
     <span class='ocr_line' id='line_1_62' title="bbox 708 4368 2263 4443; baseline 0.006 -20"><span class='ocrx_word' id='word_1_460' title='bbox 708 4368 939 4434; x_wconf 82' lang='lat' dir='ltr'><strong>vehitur,</strong></span> <span class='ocrx_word' id='word_1_461' title='bbox 968 4370 1056 4439; x_wconf 90' lang='lat' dir='ltr'><strong>qui</strong></span> <span class='ocrx_word' id='word_1_462' title='bbox 1085 4371 1292 4427; x_wconf 87' lang='lat' dir='ltr'><strong>etiamsi</strong></span> <span class='ocrx_word' id='word_1_463' title='bbox 1341 4375 1393 4428; x_wconf 90' lang='lat' dir='ltr'><strong>in</strong></span> <span class='ocrx_word' id='word_1_464' title='bbox 1442 4376 1695 4443; x_wconf 89' lang='lat' dir='ltr'><strong>operibus</strong></span> <span class='ocrx_word' id='word_1_465' title='bbox 1740 4372 2020 4443; x_wconf 79' lang='lat' dir='ltr'><strong>ﬂagitiosis</strong></span> <span class='ocrx_word' id='word_1_466' title='bbox 2077 4392 2263 4433; x_wconf 85' lang='lat' dir='ltr'><strong>versa-</strong></span> 
     </span>
    </p>
   </div>
   <div class='ocr_carea' id='block_1_63' title="bbox 2377 1926 3945 1995">
    <p class='ocr_par' dir='ltr' id='par_1_63' title="bbox 2377 1926 3945 1995">
     <span class='ocr_line' id='line_1_63' title="bbox 2377 1926 3945 1995; baseline 0.004 -17"><span class='ocrx_word' id='word_1_467' title='bbox 2377 1926 2595 1980; x_wconf 87' lang='lat' dir='ltr'><strong>verbum</strong></span> <span class='ocrx_word' id='word_1_468' title='bbox 2622 1926 2835 1995; x_wconf 89' lang='lat' dir='ltr'><strong>aliquod</strong></span> <span class='ocrx_word' id='word_1_469' title='bbox 2858 1938 3158 1995; x_wconf 77' lang='lat' dir='ltr'><strong>exspectas,</strong></span> <span class='ocrx_word' id='word_1_470' title='bbox 3189 1932 3279 1981; x_wconf 85' lang='lat' dir='ltr'><strong>sed</strong></span> <span class='ocrx_word' id='word_1_471' title='bbox 3313 1928 3440 1981; x_wconf 90' lang='lat' dir='ltr'><strong>illud</strong></span> <span class='ocrx_word' id='word_1_472' title='bbox 3467 1929 3559 1981; x_wconf 88' lang='lat' dir='ltr'><strong>tihi</strong></span> <span class='ocrx_word' id='word_1_473' title='bbox 3584 1929 3945 1984; x_wconf 85' lang='lat' dir='ltr'><strong>divinandum</strong></span> 
     </span>
    </p>
   </div>
   <div class='ocr_carea' id='block_1_64' title="bbox 2376 2015 3944 2090">
    <p class='ocr_par' dir='ltr' id='par_1_64' title="bbox 2376 2015 3944 2090">
     <span class='ocr_line' id='line_1_64' title="bbox 2376 2015 3944 2090; baseline 0.003 -20"><span class='ocrx_word' id='word_1_474' title='bbox 2376 2017 2591 2085; x_wconf 90' lang='lat' dir='ltr'><strong>reliquit</strong></span> <span class='ocrx_word' id='word_1_475' title='bbox 2625 2016 2906 2085; x_wconf 85' lang='lat' dir='ltr'><strong>interpres.</strong></span> <span class='ocrx_word' id='word_1_476' title='bbox 2924 2015 3122 2071; x_wconf 83' lang='lat' dir='ltr'><strong>Ibidem</strong></span> <span class='ocrx_word' id='word_1_477' title='bbox 3151 2020 3377 2088; x_wconf 82' lang='lat' dir='ltr'><strong>legimus</strong></span> <span class='ocrx_word' id='word_1_478' title='bbox 3403 2020 3572 2074; x_wconf 53' lang='lat' dir='ltr'><strong>nam:</strong></span> <span class='ocrx_word' id='word_1_479' title='bbox 3596 2020 3734 2090; x_wconf 87' lang='grc' dir='ltr'>ὅπερ</span> <span class='ocrx_word' id='word_1_480' title='bbox 3759 2016 3944 2085; x_wconf 83' lang='grc' dir='ltr'>εἷπον,</span> 
     </span>
    </p>
   </div>
   <div class='ocr_carea' id='block_1_65' title="bbox 2373 2100 3946 2183">
    <p class='ocr_par' dir='ltr' id='par_1_65' title="bbox 2373 2100 3946 2183">
     <span class='ocr_line' id='line_1_65' title="bbox 2373 2100 3946 2183; baseline 0.006 -23"><span class='ocrx_word' id='word_1_481' title='bbox 2373 2100 2627 2179; x_wconf 63' lang='grc' dir='ltr'>δυνάμεις</span> <span class='ocrx_word' id='word_1_482' title='bbox 2681 2112 3061 2180; x_wconf 84' lang='grc' dir='ltr'>ὑπερκόσμιαι,</span> <span class='ocrx_word' id='word_1_483' title='bbox 3099 2113 3195 2183; x_wconf 78' lang='grc' dir='ltr'><strong>τῆς</strong></span> <span class='ocrx_word' id='word_1_484' title='bbox 3248 2116 3532 2182; x_wconf 81' lang='grc' dir='ltr'><strong>ἐγγυτάτω</strong></span> <span class='ocrx_word' id='word_1_485' title='bbox 3576 2117 3823 2179; x_wconf 79' lang='grc' dir='ltr'>στάσεως</span> <span class='ocrx_word' id='word_1_486' title='bbox 3851 2116 3946 2170; x_wconf 77' lang='grc' dir='ltr'><strong>διὰ</strong></span> 
     </span>
    </p>
   </div>
   <div class='ocr_carea' id='block_1_66' title="bbox 2374 2200 3939 2278">
    <p class='ocr_par' dir='ltr' id='par_1_66' title="bbox 2374 2200 3939 2278">
     <span class='ocr_line' id='line_1_66' title="bbox 2374 2200 3939 2278; baseline 0.007 -27"><span class='ocrx_word' id='word_1_487' title='bbox 2374 2200 2472 2270; x_wconf 82' lang='grc' dir='ltr'>τὴν</span> <span class='ocrx_word' id='word_1_488' title='bbox 2500 2201 2556 2253; x_wconf 85' lang='grc' dir='ltr'>ὲν</span> <span class='ocrx_word' id='word_1_489' title='bbox 2587 2202 2840 2271; x_wconf 82' lang='grc' dir='ltr'>ἁγιασμῷ</span> <span class='ocrx_word' id='word_1_490' title='bbox 2869 2203 3142 2273; x_wconf 85' lang='grc' dir='ltr'>ἀκρότητα</span> <span class='ocrx_word' id='word_1_491' title='bbox 3175 2206 3578 2276; x_wconf 80' lang='grc' dir='ltr'>κατηξιωμέναι</span> <span class='ocrx_word' id='word_1_492' title='bbox 3596 2224 3608 2236; x_wconf 94' lang='grc'><strong>·</strong></span> <span class='ocrx_word' id='word_1_493' title='bbox 3637 2203 3711 2261; x_wconf 76' lang='grc' dir='ltr'>ὧν</span> <span class='ocrx_word' id='word_1_494' title='bbox 3740 2210 3797 2278; x_wconf 78' lang='grc' dir='ltr'>ἡ,</span> <span class='ocrx_word' id='word_1_495' title='bbox 3826 2218 3939 2262; x_wconf 86' lang='lat' dir='ltr'><strong>etc.</strong></span> 
     </span>
    </p>
   </div>
   <div class='ocr_carea' id='block_1_67' title="bbox 2375 2292 3940 2370">
    <p class='ocr_par' dir='ltr' id='par_1_67' title="bbox 2375 2292 3940 2370">
     <span class='ocr_line' id='line_1_67' title="bbox 2375 2292 3940 2370; baseline 0.005 -25"><span class='ocrx_word' id='word_1_496' title='bbox 2375 2292 2476 2346; x_wconf 85' lang='lat' dir='ltr'><strong>Tot</strong></span> <span class='ocrx_word' id='word_1_497' title='bbox 2511 2294 2815 2363; x_wconf 82' lang='lat' dir='ltr'><strong>participia,</strong></span> <span class='ocrx_word' id='word_1_498' title='bbox 2846 2300 3008 2349; x_wconf 85' lang='lat' dir='ltr'><strong>verbo</strong></span> <span class='ocrx_word' id='word_1_499' title='bbox 3038 2297 3309 2365; x_wconf 83' lang='lat' dir='ltr'><strong>destituta,</strong></span> <span class='ocrx_word' id='word_1_500' title='bbox 3347 2299 3479 2352; x_wconf 85' lang='lat' dir='ltr'><strong>nihil</strong></span> <span class='ocrx_word' id='word_1_501' title='bbox 3512 2302 3805 2370; x_wconf 87' lang='lat' dir='ltr'><strong>quidquam</strong></span> <span class='ocrx_word' id='word_1_502' title='bbox 3832 2300 3940 2354; x_wconf 83' lang='lat' dir='ltr'><strong>Ba-</strong></span> 
     </span>
    </p>
   </div>
   <div class='ocr_carea' id='block_1_68' title="bbox 2372 2385 3937 2459">
    <p class='ocr_par' dir='ltr' id='par_1_68' title="bbox 2372 2385 3937 2459">
     <span class='ocr_line' id='line_1_68' title="bbox 2372 2385 3937 2459; baseline 0.004 -20"><span class='ocrx_word' id='word_1_503' title='bbox 2372 2385 2619 2439; x_wconf 76' lang='lat' dir='ltr'><strong>lsilianum</strong></span> <span class='ocrx_word' id='word_1_504' title='bbox 2646 2387 2957 2455; x_wconf 63' lang='lat' dir='ltr'><strong>praeferunt,</strong></span> <span class='ocrx_word' id='word_1_505' title='bbox 2990 2403 3086 2443; x_wconf 90' lang='lat' dir='ltr'><strong>nec</strong></span> <span class='ocrx_word' id='word_1_506' title='bbox 3114 2404 3302 2459; x_wconf 85' lang='lat' dir='ltr'><strong>parum</strong></span> <span class='ocrx_word' id='word_1_507' title='bbox 3335 2390 3532 2445; x_wconf 86' lang='lat' dir='ltr'><strong>habent</strong></span> <span class='ocrx_word' id='word_1_508' title='bbox 3558 2393 3937 2447; x_wconf 79' lang='lat' dir='ltr'><strong>obscuritatis.</strong></span> 
     </span>
    </p>
   </div>
   <div class='ocr_carea' id='block_1_69' title="bbox 2372 2476 3935 2551">
    <p class='ocr_par' dir='ltr' id='par_1_69' title="bbox 2372 2476 3935 2551">
     <span class='ocr_line' id='line_1_69' title="bbox 2372 2476 3935 2551; baseline 0.006 -23"><span class='ocrx_word' id='word_1_509' title='bbox 2372 2476 2451 2529; x_wconf 85' lang='lat' dir='ltr'><strong>Ad</strong></span> <span class='ocrx_word' id='word_1_510' title='bbox 2485 2476 2623 2530; x_wconf 92' lang='lat' dir='ltr'><strong>idem</strong></span> <span class='ocrx_word' id='word_1_511' title='bbox 2648 2492 2817 2546; x_wconf 84' lang='lat' dir='ltr'><strong>genus</strong></span> <span class='ocrx_word' id='word_1_512' title='bbox 2852 2478 3081 2547; x_wconf 89' lang='lat' dir='ltr'><strong>pertinet</strong></span> <span class='ocrx_word' id='word_1_513' title='bbox 3114 2481 3264 2542; x_wconf 90' lang='lat' dir='ltr'><strong>illud,</strong></span> <span class='ocrx_word' id='word_1_514' title='bbox 3312 2496 3417 2548; x_wconf 88' lang='lat' dir='ltr'><strong>quo</strong></span> <span class='ocrx_word' id='word_1_515' title='bbox 3452 2482 3618 2534; x_wconf 90' lang='lat' dir='ltr'><strong>utitur</strong></span> <span class='ocrx_word' id='word_1_516' title='bbox 3652 2483 3935 2551; x_wconf 85' lang='lat' dir='ltr'><strong>interpres</strong></span> 
     </span>
    </p>
   </div>
   <div class='ocr_carea' id='block_1_70' title="bbox 2374 2566 3939 2641">
    <p class='ocr_par' dir='ltr' id='par_1_70' title="bbox 2374 2566 3939 2641">
     <span class='ocr_line' id='line_1_70' title="bbox 2374 2566 3939 2641; baseline 0.006 -24"><span class='ocrx_word' id='word_1_517' title='bbox 2374 2566 2440 2619; x_wconf 84' lang='lat' dir='ltr'><strong>ad</strong></span> <span class='ocrx_word' id='word_1_518' title='bbox 2478 2567 2809 2635; x_wconf 85' lang='lat' dir='ltr'><strong>explananda</strong></span> <span class='ocrx_word' id='word_1_519' title='bbox 2840 2568 2924 2619; x_wconf 86' lang='lat' dir='ltr'><strong>illa</strong></span> <span class='ocrx_word' id='word_1_520' title='bbox 2960 2569 3128 2635; x_wconf 87' lang='lat' dir='ltr'><strong>(num.</strong></span> <span class='ocrx_word' id='word_1_521' title='bbox 3160 2569 3284 2637; x_wconf 70' lang='grc' dir='ltr'><strong>ΞΗ)</strong></span> <span class='ocrx_word' id='word_1_522' title='bbox 3314 2588 3327 2623; x_wconf 90' lang='lat'><strong>:</strong></span> <span class='ocrx_word' id='word_1_523' title='bbox 3356 2571 3423 2622; x_wconf 81' lang='lat' dir='ltr'><strong>Et</strong></span> <span class='ocrx_word' id='word_1_524' title='bbox 3444 2574 3789 2641; x_wconf 82' lang='lat' dir='ltr'><strong>quodcunque</strong></span> <span class='ocrx_word' id='word_1_525' title='bbox 3809 2593 3939 2627; x_wconf 85' lang='lat' dir='ltr'><strong>con-</strong></span> 
     </span>
    </p>
   </div>
   <div class='ocr_carea' id='block_1_71' title="bbox 2372 2657 3938 2736">
    <p class='ocr_par' dir='ltr' id='par_1_71' title="bbox 2372 2657 3938 2736">
     <span class='ocr_line' id='line_1_71' title="bbox 2372 2657 3938 2736; baseline 0.004 -27"><span class='ocrx_word' id='word_1_526' title='bbox 2372 2660 2548 2709; x_wconf 76' lang='lat' dir='ltr'><strong>silium</strong></span> <span class='ocrx_word' id='word_1_527' title='bbox 2578 2657 2798 2709; x_wconf 75' lang='grc' dir='ltr'><strong>ἰηὶενὶιὶδ</strong></span> <span class='ocrx_word' id='word_1_528' title='bbox 2815 2658 2882 2721; x_wconf 66' lang='grc'><strong>⁸9,</strong></span> <span class='ocrx_word' id='word_1_529' title='bbox 2913 2668 3017 2711; x_wconf 89' lang='lat' dir='ltr'><strong>etc.</strong></span> <span class='ocrx_word' id='word_1_530' title='bbox 3050 2676 3063 2711; x_wconf 89' lang='lat'><strong>:</strong></span> <span class='ocrx_word' id='word_1_531' title='bbox 3102 2659 3310 2727; x_wconf 85' lang='grc' dir='ltr'>Ὥσπερ</span> <span class='ocrx_word' id='word_1_532' title='bbox 3338 2661 3444 2730; x_wconf 72' lang='grc' dir='ltr'><strong>γὰρ</strong></span> <span class='ocrx_word' id='word_1_533' title='bbox 3474 2664 3521 2712; x_wconf 79' lang='grc' dir='ltr'>οἱ</span> <span class='ocrx_word' id='word_1_534' title='bbox 3543 2666 3607 2730; x_wconf 83' lang='grc' dir='ltr'>τῇ</span> <span class='ocrx_word' id='word_1_535' title='bbox 3644 2665 3938 2736; x_wconf 77' lang='grc' dir='ltr'>προσθήκῃ</span> 
     </span>
    </p>
   </div>
   <div class='ocr_carea' id='block_1_72' title="bbox 2371 2747 3941 2826">
    <p class='ocr_par' dir='ltr' id='par_1_72' title="bbox 2371 2747 3941 2826">
     <span class='ocr_line' id='line_1_72' title="bbox 2371 2747 3941 2826; baseline 0.006 -27"><span class='ocrx_word' id='word_1_536' title='bbox 2371 2749 2467 2817; x_wconf 79' lang='grc' dir='ltr'>τῆς</span> <span class='ocrx_word' id='word_1_537' title='bbox 2491 2747 2621 2818; x_wconf 73' lang='grc' dir='ltr'>ὕλης</span> <span class='ocrx_word' id='word_1_538' title='bbox 2656 2750 2752 2818; x_wconf 76' lang='grc' dir='ltr'><strong>τῆς</strong></span> <span class='ocrx_word' id='word_1_539' title='bbox 2787 2750 3099 2823; x_wconf 79' lang='grc' dir='ltr'>καιομένης,</span> <span class='ocrx_word' id='word_1_540' title='bbox 3131 2752 3221 2803; x_wconf 75' lang='grc' dir='ltr'><strong>ἐπὶ</strong></span> <span class='ocrx_word' id='word_1_541' title='bbox 3262 2753 3321 2806; x_wconf 85' lang='grc' dir='ltr'><strong>τὸ</strong></span> <span class='ocrx_word' id='word_1_542' title='bbox 3351 2752 3533 2823; x_wconf 76' lang='grc' dir='ltr'>μεῖζον</span> <span class='ocrx_word' id='word_1_543' title='bbox 3564 2756 3807 2823; x_wconf 72' lang='grc' dir='ltr'>αἴροντες</span> <span class='ocrx_word' id='word_1_544' title='bbox 3834 2758 3941 2826; x_wconf 79' lang='grc' dir='ltr'>τὴν</span> 
     </span>
    </p>
   </div>
   <div class='ocr_carea' id='block_1_73' title="bbox 2373 2838 3935 2916">
    <p class='ocr_par' dir='ltr' id='par_1_73' title="bbox 2373 2838 3935 2916">
     <span class='ocr_line' id='line_1_73' title="bbox 2373 2838 3935 2916; baseline 0.007 -26"><span class='ocrx_word' id='word_1_545' title='bbox 2373 2838 2565 2908; x_wconf 80' lang='grc' dir='ltr'>φλόγα,</span> <span class='ocrx_word' id='word_1_546' title='bbox 2598 2840 2757 2905; x_wconf 76' lang='grc' dir='ltr'>οὕτω,</span> <span class='ocrx_word' id='word_1_547' title='bbox 2788 2853 2893 2897; x_wconf 90' lang='lat' dir='ltr'><strong>etc.</strong></span> <span class='ocrx_word' id='word_1_548' title='bbox 2923 2843 3116 2898; x_wconf 81' lang='lat' dir='ltr'><strong>Deesse</strong></span> <span class='ocrx_word' id='word_1_549' title='bbox 3149 2844 3349 2915; x_wconf 79' lang='lat' dir='ltr'><strong>aliquid</strong></span> <span class='ocrx_word' id='word_1_550' title='bbox 3378 2857 3497 2914; x_wconf 89' lang='lat' dir='ltr'><strong>post</strong></span> <span class='ocrx_word' id='word_1_551' title='bbox 3523 2862 3704 2902; x_wconf 89' lang='lat' dir='ltr'><strong>vocem</strong></span> <span class='ocrx_word' id='word_1_552' title='bbox 3734 2848 3935 2916; x_wconf 80' lang='grc' dir='ltr'>φλόγα,</span> 
     </span>
    </p>
   </div>
   <div class='ocr_carea' id='block_1_74' title="bbox 2374 2930 3933 3006">
    <p class='ocr_par' dir='ltr' id='par_1_74' title="bbox 2374 2930 3933 3006">
     <span class='ocr_line' id='line_1_74' title="bbox 2374 2930 3933 3006; baseline 0.01 -29"><span class='ocrx_word' id='word_1_553' title='bbox 2374 2930 2557 2983; x_wconf 70' lang='lat' dir='ltr'><strong>vident</strong></span> <span class='ocrx_word' id='word_1_554' title='bbox 2612 2946 2820 2985; x_wconf 88' lang='lat' dir='ltr'><strong>omnes.</strong></span> <span class='ocrx_word' id='word_1_555' title='bbox 2892 2933 3151 2989; x_wconf 86' lang='lat' dir='ltr'><strong>Similiter</strong></span> <span class='ocrx_word' id='word_1_556' title='bbox 3202 2950 3321 2990; x_wconf 90' lang='lat' dir='ltr'><strong>cum</strong></span> <span class='ocrx_word' id='word_1_557' title='bbox 3386 2937 3777 3006; x_wconf 89' lang='lat' dir='ltr'><strong>interpretatur</strong></span> <span class='ocrx_word' id='word_1_558' title='bbox 3840 2941 3933 2994; x_wconf 86' lang='lat' dir='ltr'><strong>illa</strong></span> 
     </span>
    </p>
   </div>
   <div class='ocr_carea' id='block_1_75' title="bbox 2374 3022 3933 3095">
    <p class='ocr_par' dir='ltr' id='par_1_75' title="bbox 2374 3022 3933 3095">
     <span class='ocr_line' id='line_1_75' title="bbox 2374 3022 3933 3095; baseline 0.01 -26"><span class='ocrx_word' id='word_1_559' title='bbox 2374 3022 2539 3088; x_wconf 86' lang='lat' dir='ltr'><strong>(num.</strong></span> <span class='ocrx_word' id='word_1_560' title='bbox 2574 3022 2696 3090; x_wconf 70' lang='lat'><strong>29.6)</strong></span> <span class='ocrx_word' id='word_1_561' title='bbox 2737 3042 2749 3074; x_wconf 88' lang='lat'><strong>:</strong></span> <span class='ocrx_word' id='word_1_562' title='bbox 2808 3022 2947 3086; x_wconf 79' lang='lat' dir='ltr'><strong>Quia</strong></span> <span class='ocrx_word' id='word_1_563' title='bbox 2976 3027 3223 3091; x_wconf 83' lang='lat' dir='ltr'><strong>parvulus</strong></span> <span class='ocrx_word' id='word_1_564' title='bbox 3265 3041 3419 3083; x_wconf 80' lang='lat' dir='ltr'><strong>natus</strong></span> <span class='ocrx_word' id='word_1_565' title='bbox 3474 3042 3549 3084; x_wconf 81' lang='lat' dir='ltr'><strong>est</strong></span> <span class='ocrx_word' id='word_1_566' title='bbox 3576 3034 3720 3086; x_wconf 81' lang='lat' dir='ltr'><strong>nobis</strong></span> <span class='ocrx_word' id='word_1_567' title='bbox 3740 3034 3808 3095; x_wconf 81' lang='lat'><strong>“,</strong></span> <span class='ocrx_word' id='word_1_568' title='bbox 3848 3035 3933 3086; x_wconf 89' lang='lat' dir='ltr'><strong>sui</strong></span> 
     </span>
    </p>
   </div>
   <div class='ocr_carea' id='block_1_76' title="bbox 2375 3110 3937 3189">
    <p class='ocr_par' dir='ltr' id='par_1_76' title="bbox 2375 3110 3937 3189">
     <span class='ocr_line' id='line_1_76' title="bbox 2375 3110 3937 3189; baseline 0.01 -29"><span class='ocrx_word' id='word_1_569' title='bbox 2375 3124 2476 3161; x_wconf 90' lang='lat' dir='ltr'><strong>non</strong></span> <span class='ocrx_word' id='word_1_570' title='bbox 2535 3110 2810 3164; x_wconf 86' lang='lat' dir='ltr'><strong>dissimilis</strong></span> <span class='ocrx_word' id='word_1_571' title='bbox 2839 3120 2920 3164; x_wconf 90' lang='lat' dir='ltr'><strong>est</strong></span> <span class='ocrx_word' id='word_1_572' title='bbox 2970 3113 3259 3183; x_wconf 88' lang='lat' dir='ltr'><strong>interpres,</strong></span> <span class='ocrx_word' id='word_1_573' title='bbox 3289 3119 3366 3172; x_wconf 91' lang='lat' dir='ltr'><strong>sic</strong></span> <span class='ocrx_word' id='word_1_574' title='bbox 3413 3119 3671 3189; x_wconf 86' lang='lat' dir='ltr'><strong>loquens:</strong></span> <span class='ocrx_word' id='word_1_575' title='bbox 3709 3117 3882 3185; x_wconf 77' lang='grc' dir='ltr'>Οὗτος</span> <span class='ocrx_word' id='word_1_576' title='bbox 3906 3126 3937 3176; x_wconf 78' lang='grc' dir='ltr'>ὁ</span> 
     </span>
    </p>
   </div>
   <div class='ocr_carea' id='block_1_77' title="bbox 2369 3197 3936 3281">
    <p class='ocr_par' dir='ltr' id='par_1_77' title="bbox 2369 3197 3936 3281">
     <span class='ocr_line' id='line_1_77' title="bbox 2369 3197 3936 3281; baseline 0.014 -32"><span class='ocrx_word' id='word_1_577' title='bbox 2369 3197 2464 3267; x_wconf 84' lang='grc' dir='ltr'>τὴν</span> <span class='ocrx_word' id='word_1_578' title='bbox 2503 3201 2742 3270; x_wconf 80' lang='grc' dir='ltr'>μεγάλην</span> <span class='ocrx_word' id='word_1_579' title='bbox 2782 3202 2973 3274; x_wconf 78' lang='grc' dir='ltr'>βουλὴν</span> <span class='ocrx_word' id='word_1_580' title='bbox 2998 3205 3104 3275; x_wconf 74' lang='grc' dir='ltr'>’τὴν</span> <span class='ocrx_word' id='word_1_581' title='bbox 3136 3207 3625 3281; x_wconf 83' lang='grc' dir='ltr'>ἀποκεκρυμμένην</span> <span class='ocrx_word' id='word_1_582' title='bbox 3674 3216 3781 3267; x_wconf 84' lang='grc' dir='ltr'>ἀπὸ</span> <span class='ocrx_word' id='word_1_583' title='bbox 3818 3218 3936 3271; x_wconf 78' lang='grc' dir='ltr'><strong>τῶν</strong></span> 
     </span>
    </p>
   </div>
   <div class='ocr_carea' id='block_1_78' title="bbox 2368 3288 3929 3377">
    <p class='ocr_par' dir='ltr' id='par_1_78' title="bbox 2368 3288 3929 3377">
     <span class='ocr_line' id='line_1_78' title="bbox 2368 3288 3929 3377; baseline 0.01 -35"><span class='ocrx_word' id='word_1_584' title='bbox 2368 3288 2575 3343; x_wconf 83' lang='grc' dir='ltr'>αἰώνων</span> <span class='ocrx_word' id='word_1_585' title='bbox 2605 3294 2875 3364; x_wconf 83' lang='grc' dir='ltr'>γνωρίσας</span> <span class='ocrx_word' id='word_1_586' title='bbox 2903 3298 3022 3358; x_wconf 78' lang='grc' dir='ltr'>ταῖς</span> <span class='ocrx_word' id='word_1_587' title='bbox 3064 3297 3275 3368; x_wconf 81' lang='grc' dir='ltr'>ἑτέραις</span> <span class='ocrx_word' id='word_1_588' title='bbox 3301 3305 3513 3367; x_wconf 88' lang='grc' dir='ltr'>γενεαῖς</span> <span class='ocrx_word' id='word_1_589' title='bbox 3566 3306 3639 3373; x_wconf 79' lang='grc' dir='ltr'>μὴ</span> <span class='ocrx_word' id='word_1_590' title='bbox 3682 3324 3929 3377; x_wconf 61' lang='grc' dir='ltr'>φανερω.</span> 
     </span>
    </p>
   </div>
   <div class='ocr_carea' id='block_1_79' title="bbox 2368 3381 3935 3463">
    <p class='ocr_par' dir='ltr' id='par_1_79' title="bbox 2368 3381 3935 3463">
     <span class='ocr_line' id='line_1_79' title="bbox 2368 3381 3935 3463; baseline 0.008 -27"><span class='ocrx_word' id='word_1_591' title='bbox 2368 3383 2587 3437; x_wconf 58' lang='grc' dir='ltr'>θεῖσαν</span> <span class='ocrx_word' id='word_1_592' title='bbox 2646 3381 2799 3450; x_wconf 72' lang='grc' dir='ltr'>οὗτος</span> <span class='ocrx_word' id='word_1_593' title='bbox 2845 3390 2873 3440; x_wconf 88' lang='grc' dir='ltr'><strong>ό</strong></span> <span class='ocrx_word' id='word_1_594' title='bbox 2915 3389 3239 3457; x_wconf 84' lang='grc' dir='ltr'>ἀναγγείλας</span> <span class='ocrx_word' id='word_1_595' title='bbox 3295 3393 3387 3443; x_wconf 85' lang='grc' dir='ltr'><strong>καὶ</strong></span> <span class='ocrx_word' id='word_1_596' title='bbox 3459 3393 3775 3463; x_wconf 79' lang='grc' dir='ltr'>φανερώσας</span> <span class='ocrx_word' id='word_1_597' title='bbox 3839 3400 3935 3449; x_wconf 72' lang='grc' dir='ltr'><strong>τὸν</strong></span> 
     </span>
    </p>
   </div>
   <div class='ocr_carea' id='block_1_80' title="bbox 2367 3475 3934 3550">
    <p class='ocr_par' dir='ltr' id='par_1_80' title="bbox 2367 3475 3934 3550">
     <span class='ocr_line' id='line_1_80' title="bbox 2367 3475 3934 3550; baseline 0.009 -23"><span class='ocrx_word' id='word_1_598' title='bbox 2367 3475 2764 3546; x_wconf 80' lang='grc' dir='ltr'>ἀνεξιχνίαστον</span> <span class='ocrx_word' id='word_1_599' title='bbox 2794 3480 2983 3533; x_wconf 79' lang='grc' dir='ltr'>ἑαυτοῦ</span> <span class='ocrx_word' id='word_1_600' title='bbox 3022 3481 3249 3536; x_wconf 81' lang='grc' dir='ltr'>πλοῦτον</span> <span class='ocrx_word' id='word_1_601' title='bbox 3291 3486 3347 3537; x_wconf 80' lang='grc' dir='ltr'>ὲν</span> <span class='ocrx_word' id='word_1_602' title='bbox 3384 3488 3496 3548; x_wconf 91' lang='grc' dir='ltr'>τοῖς</span> <span class='ocrx_word' id='word_1_603' title='bbox 3524 3486 3752 3550; x_wconf 72' lang='grc' dir='ltr'>ἔθνεσιν,</span> <span class='ocrx_word' id='word_1_604' title='bbox 3788 3484 3934 3541; x_wconf 72' lang='grc' dir='ltr'>εἷναι</span> 
     </span>
    </p>
   </div>
   <div class='ocr_carea' id='block_1_81' title="bbox 2364 3568 3939 3650">
    <p class='ocr_par' dir='ltr' id='par_1_81' title="bbox 2364 3568 3939 3650">
     <span class='ocr_line' id='line_1_81' title="bbox 2364 3568 3939 3650; baseline 0.008 -31"><span class='ocrx_word' id='word_1_605' title='bbox 2364 3568 2432 3620; x_wconf 81' lang='grc' dir='ltr'>τὰ</span> <span class='ocrx_word' id='word_1_606' title='bbox 2456 3568 2580 3640; x_wconf 80' lang='grc' dir='ltr'>ἔθνη</span> <span class='ocrx_word' id='word_1_607' title='bbox 2616 3572 3022 3644; x_wconf 83' lang='grc' dir='ltr'>συγκληρονόμα</span> <span class='ocrx_word' id='word_1_608' title='bbox 3052 3577 3144 3629; x_wconf 77' lang='grc' dir='ltr'><strong>καὶ</strong></span> <span class='ocrx_word' id='word_1_609' title='bbox 3180 3576 3467 3649; x_wconf 81' lang='grc' dir='ltr'>σύσσωμα·</span> <span class='ocrx_word' id='word_1_610' title='bbox 3495 3578 3655 3631; x_wconf 83' lang='grc' dir='ltr'>αὐτοῦ</span> <span class='ocrx_word' id='word_1_611' title='bbox 3678 3579 3787 3650; x_wconf 76' lang='grc' dir='ltr'>γὰρ</span> <span class='ocrx_word' id='word_1_612' title='bbox 3806 3580 3939 3633; x_wconf 79' lang='grc' dir='ltr'>τού-</span> 
     </span>
    </p>
   </div>
   <div class='ocr_carea' id='block_1_82' title="bbox 2367 3658 3930 3740">
    <p class='ocr_par' dir='ltr' id='par_1_82' title="bbox 2367 3658 3930 3740">
     <span class='ocr_line' id='line_1_82' title="bbox 2367 3658 3930 3740; baseline 0.01 -28"><span class='ocrx_word' id='word_1_613' title='bbox 2367 3658 2557 3724; x_wconf 76' lang='grc' dir='ltr'>του,οὗ</span> <span class='ocrx_word' id='word_1_614' title='bbox 2584 3666 2615 3734; x_wconf 82' lang='grc' dir='ltr'>ἡ</span> <span class='ocrx_word' id='word_1_615' title='bbox 2656 3666 2795 3737; x_wconf 86' lang='grc' dir='ltr'>ἀρχή</span> <span class='ocrx_word' id='word_1_616' title='bbox 2840 3669 2953 3720; x_wconf 76' lang='grc' dir='ltr'>ἐστι</span> <span class='ocrx_word' id='word_1_617' title='bbox 2984 3671 3074 3721; x_wconf 76' lang='grc' dir='ltr'>ἐπὶ</span> <span class='ocrx_word' id='word_1_618' title='bbox 3099 3668 3192 3723; x_wconf 80' lang='grc' dir='ltr'><strong>τοῦ</strong></span> <span class='ocrx_word' id='word_1_619' title='bbox 3229 3670 3374 3740; x_wconf 78' lang='grc' dir='ltr'>ὤμου</span> <span class='ocrx_word' id='word_1_620' title='bbox 3404 3673 3590 3737; x_wconf 86' lang='grc' dir='ltr'>αὑτοῦ,</span> <span class='ocrx_word' id='word_1_621' title='bbox 3624 3674 3930 3737; x_wconf 81' lang='grc' dir='ltr'>τουτέστιν,</span> 
     </span>
    </p>
   </div>
   <div class='ocr_carea' id='block_1_83' title="bbox 2367 3750 3927 3837">
    <p class='ocr_par' dir='ltr' id='par_1_83' title="bbox 2367 3750 3927 3837">
     <span class='ocr_line' id='line_1_83' title="bbox 2367 3750 3927 3837; baseline 0.012 -35"><span class='ocrx_word' id='word_1_622' title='bbox 2367 3750 2399 3819; x_wconf 79' lang='grc' dir='ltr'><strong>ἡ</strong></span> <span class='ocrx_word' id='word_1_623' title='bbox 2432 3751 2671 3821; x_wconf 82' lang='grc' dir='ltr'>βασιλεία</span> <span class='ocrx_word' id='word_1_624' title='bbox 2725 3760 2815 3809; x_wconf 76' lang='grc' dir='ltr'>καὶ</span> <span class='ocrx_word' id='word_1_625' title='bbox 2844 3760 2876 3827; x_wconf 80' lang='grc' dir='ltr'><strong>ἡ</strong></span> <span class='ocrx_word' id='word_1_626' title='bbox 2931 3760 3155 3829; x_wconf 78' lang='grc' dir='ltr'>δύναμις</span> <span class='ocrx_word' id='word_1_627' title='bbox 3184 3764 3241 3815; x_wconf 86' lang='grc' dir='ltr'>ὲν</span> <span class='ocrx_word' id='word_1_628' title='bbox 3272 3764 3346 3833; x_wconf 81' lang='grc' dir='ltr'><strong>τῷ</strong></span> <span class='ocrx_word' id='word_1_629' title='bbox 3378 3766 3610 3837; x_wconf 83' lang='grc' dir='ltr'>σταυρῷ.</span> <span class='ocrx_word' id='word_1_630' title='bbox 3652 3768 3777 3819; x_wconf 80' lang='grc' dir='ltr'>Ἐπὶ</span> <span class='ocrx_word' id='word_1_631' title='bbox 3808 3768 3927 3821; x_wconf 84' lang='grc' dir='ltr'>τοῦ.</span> 
     </span>
    </p>
   </div>
   <div class='ocr_carea' id='block_1_84' title="bbox 2366 3839 3927 3924">
    <p class='ocr_par' dir='ltr' id='par_1_84' title="bbox 2366 3839 3927 3924">
     <span class='ocr_line' id='line_1_84' title="bbox 2366 3839 3927 3924; baseline 0.011 -30"><span class='ocrx_word' id='word_1_632' title='bbox 2366 3839 2518 3896; x_wconf 89' lang='lat' dir='ltr'><strong>Nunc</strong></span> <span class='ocrx_word' id='word_1_633' title='bbox 2559 3844 2749 3898; x_wconf 86' lang='lat' dir='ltr'><strong>omitto</strong></span> <span class='ocrx_word' id='word_1_634' title='bbox 2800 3849 3077 3917; x_wconf 81' lang='lat' dir='ltr'><strong>participia</strong></span> <span class='ocrx_word' id='word_1_635' title='bbox 3125 3851 3546 3921; x_wconf 70' lang='grc' dir='ltr'>ἰΙΙε,γνωρίσας,</span> <span class='ocrx_word' id='word_1_636' title='bbox 3573 3858 3927 3924; x_wconf 75' lang='grc' dir='ltr'>ἀναγγείλας,</span> 
     </span>
    </p>
   </div>
   <div class='ocr_carea' id='block_1_85' title="bbox 2367 3936 3927 4014">
    <p class='ocr_par' dir='ltr' id='par_1_85' title="bbox 2367 3936 3927 4014">
     <span class='ocr_line' id='line_1_85' title="bbox 2367 3936 3927 4014; baseline 0.01 -24"><span class='ocrx_word' id='word_1_637' title='bbox 2367 3936 2705 4009; x_wconf 84' lang='grc' dir='ltr'>φανερώσας,</span> <span class='ocrx_word' id='word_1_638' title='bbox 2736 3953 2853 4007; x_wconf 65' lang='lat' dir='ltr'><strong>qua:</strong></span> <span class='ocrx_word' id='word_1_639' title='bbox 2911 3941 3159 3995; x_wconf 82' lang='lat' dir='ltr'><strong>videntur</strong></span> <span class='ocrx_word' id='word_1_640' title='bbox 3220 3944 3494 3998; x_wconf 88' lang='lat' dir='ltr'><strong>indelinite</strong></span> <span class='ocrx_word' id='word_1_641' title='bbox 3540 3951 3710 4014; x_wconf 87' lang='lat' dir='ltr'><strong>posita</strong></span> <span class='ocrx_word' id='word_1_642' title='bbox 3762 3968 3777 4003; x_wconf 89' lang='lat'><strong>:</strong></span> <span class='ocrx_word' id='word_1_643' title='bbox 3832 3956 3927 4005; x_wconf 75' lang='lat' dir='ltr'><strong>sed</strong></span> 
     </span>
    </p>
   </div>
   <div class='ocr_carea' id='block_1_86' title="bbox 2364 4029 3930 4100">
    <p class='ocr_par' dir='ltr' id='par_1_86' title="bbox 2364 4029 3930 4100">
     <span class='ocr_line' id='line_1_86' title="bbox 2364 4029 3930 4100; baseline 0.007 -18"><span class='ocrx_word' id='word_1_644' title='bbox 2364 4043 2547 4098; x_wconf 68' lang='lat' dir='ltr'><strong>quaero</strong></span> <span class='ocrx_word' id='word_1_645' title='bbox 2576 4031 2701 4100; x_wconf 87' lang='lat' dir='ltr'><strong>quid</strong></span> <span class='ocrx_word' id='word_1_646' title='bbox 2757 4030 2858 4087; x_wconf 88' lang='lat' dir='ltr'><strong>sibi</strong></span> <span class='ocrx_word' id='word_1_647' title='bbox 2897 4032 3024 4086; x_wconf 86' lang='lat' dir='ltr'><strong>velit</strong></span> <span class='ocrx_word' id='word_1_648' title='bbox 3061 4033 3206 4098; x_wconf 90' lang='lat' dir='ltr'><strong>illttd,</strong></span> <span class='ocrx_word' id='word_1_649' title='bbox 3246 4029 3403 4088; x_wconf 83' lang='grc' dir='ltr'>εἶναι.</span> <span class='ocrx_word' id='word_1_650' title='bbox 3429 4034 3542 4089; x_wconf 76' lang='lat' dir='ltr'><strong>Nan</strong></span> <span class='ocrx_word' id='word_1_651' title='bbox 3573 4038 3714 4090; x_wconf 91' lang='lat' dir='ltr'><strong>enim</strong></span> <span class='ocrx_word' id='word_1_652' title='bbox 3769 4042 3930 4093; x_wconf 72' lang='lat' dir='ltr'><strong>video</strong></span> 
     </span>
    </p>
   </div>
   <div class='ocr_carea' id='block_1_87' title="bbox 2363 4126 3926 4197">
    <p class='ocr_par' dir='ltr' id='par_1_87' title="bbox 2363 4126 3926 4197">
     <span class='ocr_line' id='line_1_87' title="bbox 2363 4126 3926 4197; baseline 0.007 -25"><span class='ocrx_word' id='word_1_653' title='bbox 2363 4134 2468 4190; x_wconf 90' lang='lat' dir='ltr'><strong>quo</strong></span> <span class='ocrx_word' id='word_1_654' title='bbox 2498 4132 2732 4192; x_wconf 82' lang='lat' dir='ltr'><strong>regatur,</strong></span> <span class='ocrx_word' id='word_1_655' title='bbox 2767 4134 2821 4178; x_wconf 90' lang='lat' dir='ltr'><strong>et</strong></span> <span class='ocrx_word' id='word_1_656' title='bbox 2849 4126 2918 4178; x_wconf 88' lang='lat' dir='ltr'><strong>ad</strong></span> <span class='ocrx_word' id='word_1_657' title='bbox 2940 4126 3079 4193; x_wconf 92' lang='lat' dir='ltr'><strong>quod</strong></span> <span class='ocrx_word' id='word_1_658' title='bbox 3108 4126 3295 4179; x_wconf 83' lang='lat' dir='ltr'><strong>referri</strong></span> <span class='ocrx_word' id='word_1_659' title='bbox 3322 4128 3509 4195; x_wconf 89' lang='lat' dir='ltr'><strong>possit.</strong></span> <span class='ocrx_word' id='word_1_660' title='bbox 3539 4129 3787 4197; x_wconf 80' lang='lat' dir='ltr'><strong>Scriptor</strong></span> <span class='ocrx_word' id='word_1_661' title='bbox 3813 4130 3926 4183; x_wconf 82' lang='lat' dir='ltr'><strong>lor-</strong></span> 
     </span>
    </p>
   </div>
   <div class='ocr_carea' id='block_1_88' title="bbox 2365 4212 3918 4293">
    <p class='ocr_par' dir='ltr' id='par_1_88' title="bbox 2365 4212 3918 4293">
     <span class='ocr_line' id='line_1_88' title="bbox 2365 4212 3918 4293; baseline 0.01 -31"><span class='ocrx_word' id='word_1_662' title='bbox 2365 4217 2508 4266; x_wconf 86' lang='lat' dir='ltr'><strong>tasse</strong></span> <span class='ocrx_word' id='word_1_663' title='bbox 2538 4212 2704 4267; x_wconf 89' lang='lat' dir='ltr'><strong>voluit</strong></span> <span class='ocrx_word' id='word_1_664' title='bbox 2755 4216 2989 4283; x_wconf 81' lang='lat' dir='ltr'><strong>suppleri</strong></span> <span class='ocrx_word' id='word_1_665' title='bbox 3041 4218 3135 4269; x_wconf 89' lang='lat' dir='ltr'><strong>has</strong></span> <span class='ocrx_word' id='word_1_666' title='bbox 3186 4217 3317 4270; x_wconf 88' lang='lat' dir='ltr'><strong>duas</strong></span> <span class='ocrx_word' id='word_1_667' title='bbox 3363 4233 3544 4284; x_wconf 75' lang='lat' dir='ltr'><strong>voces,</strong></span> <span class='ocrx_word' id='word_1_668' title='bbox 3580 4223 3658 4285; x_wconf 77' lang='grc' dir='ltr'>εἰς</span> <span class='ocrx_word' id='word_1_669' title='bbox 3702 4223 3764 4276; x_wconf 89' lang='grc' dir='ltr'><strong>τό</strong></span> <span class='ocrx_word' id='word_1_670' title='bbox 3792 4226 3918 4293; x_wconf 80' lang='lat' dir='ltr'><strong>(a):</strong></span> 
     </span>
    </p>
   </div>
   <div class='ocr_carea' id='block_1_89' title="bbox 2363 4302 3921 4380">
    <p class='ocr_par' dir='ltr' id='par_1_89' title="bbox 2363 4302 3921 4380">
     <span class='ocr_line' id='line_1_89' title="bbox 2363 4302 3921 4380; baseline 0.012 -27"><span class='ocrx_word' id='word_1_671' title='bbox 2363 4302 2501 4369; x_wconf 92' lang='lat' dir='ltr'><strong>quod</strong></span> <span class='ocrx_word' id='word_1_672' title='bbox 2540 4302 2609 4355; x_wconf 86' lang='lat' dir='ltr'><strong>ita</strong></span> <span class='ocrx_word' id='word_1_673' title='bbox 2642 4303 3064 4373; x_wconf 89' lang='lat' dir='ltr'><strong>interpretabere</strong></span> <span class='ocrx_word' id='word_1_674' title='bbox 3098 4321 3114 4359; x_wconf 91' lang='lat'><strong>:</strong></span> <span class='ocrx_word' id='word_1_675' title='bbox 3152 4324 3171 4357; x_wconf 79' lang='grc' dir='ltr'><strong>ι</strong></span> <span class='ocrx_word' id='word_1_676' title='bbox 3210 4318 3270 4363; x_wconf 89' lang='lat' dir='ltr'><strong>ut</strong></span> <span class='ocrx_word' id='word_1_677' title='bbox 3306 4305 3496 4365; x_wconf 84' lang='lat' dir='ltr'><strong>tierent</strong></span> <span class='ocrx_word' id='word_1_678' title='bbox 3527 4324 3712 4380; x_wconf 79' lang='lat' dir='ltr'><strong>gentes</strong></span> <span class='ocrx_word' id='word_1_679' title='bbox 3742 4318 3921 4370; x_wconf 85' lang='lat' dir='ltr'><strong>cohae-</strong></span> 
     </span>
    </p>
   </div>
   <div class='ocr_carea' id='block_1_90' title="bbox 2366 4390 3924 4469">
    <p class='ocr_par' dir='ltr' id='par_1_90' title="bbox 2366 4390 3924 4469">
     <span class='ocr_line' id='line_1_90' title="bbox 2366 4390 3924 4469; baseline 0.01 -26"><span class='ocrx_word' id='word_1_680' title='bbox 2366 4390 2525 4445; x_wconf 87' lang='lat' dir='ltr'><strong>redes</strong></span> <span class='ocrx_word' id='word_1_681' title='bbox 2558 4403 2611 4445; x_wconf 90' lang='lat' dir='ltr'><strong>ct</strong></span> <span class='ocrx_word' id='word_1_682' title='bbox 2640 4395 3071 4461; x_wconf 83' lang='lat' dir='ltr'><strong>concorporales.</strong></span> <span class='ocrx_word' id='word_1_683' title='bbox 3092 4416 3111 4447; x_wconf 72' lang='grc' dir='ltr'><strong>ι</strong></span> <span class='ocrx_word' id='word_1_684' title='bbox 3145 4398 3379 4465; x_wconf 81' lang='lat' dir='ltr'><strong>Accedit,</strong></span> <span class='ocrx_word' id='word_1_685' title='bbox 3401 4404 3540 4469; x_wconf 87' lang='lat' dir='ltr'><strong>quod</strong></span> <span class='ocrx_word' id='word_1_686' title='bbox 3570 4402 3713 4468; x_wconf 89' lang='lat' dir='ltr'><strong>illud,</strong></span> <span class='ocrx_word' id='word_1_687' title='bbox 3755 4406 3924 4459; x_wconf 74' lang='grc' dir='ltr'>αὑτοῦ</span> 
     </span>
    </p>
   </div>
   <div class='ocr_carea' id='block_1_91' title="bbox 710 4462 3923 4565">
    <p class='ocr_par' dir='ltr' id='par_1_91' title="bbox 710 4462 3923 4565">
     <span class='ocr_line' id='line_1_91' title="bbox 710 4462 3923 4565; baseline 0.009 -53"><span class='ocrx_word' id='word_1_688' title='bbox 710 4469 917 4523; x_wconf 88' lang='lat' dir='ltr'><strong>rentur,</strong></span> <span class='ocrx_word' id='word_1_689' title='bbox 949 4462 1295 4519; x_wconf 88' lang='lat' dir='ltr'><strong>nihilominus</strong></span> <span class='ocrx_word' id='word_1_690' title='bbox 1320 4476 1494 4519; x_wconf 89' lang='lat' dir='ltr'><strong>tamen</strong></span> <span class='ocrx_word' id='word_1_691' title='bbox 1520 4467 1659 4520; x_wconf 92' lang='lat' dir='ltr'><strong>diem</strong></span> <span class='ocrx_word' id='word_1_692' title='bbox 1694 4467 2063 4525; x_wconf 86' lang='lat' dir='ltr'><strong>retributionis</strong></span> <span class='ocrx_word' id='word_1_693' title='bbox 2106 4486 2261 4541; x_wconf 80' lang='lat' dir='ltr'><strong>urge-</strong></span> <span class='ocrx_word' id='word_1_694' title='bbox 2294 4510 2338 4565; x_wconf 66' lang='grc' dir='ltr'><strong>Β</strong></span> <span class='ocrx_word' id='word_1_695' title='bbox 2370 4483 2470 4554; x_wconf 73' lang='grc' dir='ltr'>γὰρ</span> <span class='ocrx_word' id='word_1_696' title='bbox 2496 4484 2708 4547; x_wconf 80' lang='grc' dir='ltr'>τούτου,</span> <span class='ocrx_word' id='word_1_697' title='bbox 2740 4486 3012 4542; x_wconf 85' lang='lat' dir='ltr'><strong>indeﬁnite</strong></span> <span class='ocrx_word' id='word_1_698' title='bbox 3039 4505 3248 4558; x_wconf 86' lang='lat' dir='ltr'><strong>quoque</strong></span> <span class='ocrx_word' id='word_1_699' title='bbox 3297 4495 3524 4557; x_wconf 88' lang='lat' dir='ltr'><strong>positum</strong></span> <span class='ocrx_word' id='word_1_700' title='bbox 3557 4508 3698 4555; x_wconf 77' lang='lat' dir='ltr'><strong>esse</strong></span> <span class='ocrx_word' id='word_1_701' title='bbox 3733 4498 3923 4551; x_wconf 62' lang='lat' dir='ltr'><strong>viden-</strong></span> 
     </span>
    </p>
   </div>
   <div class='ocr_carea' id='block_1_92' title="bbox 707 4554 2263 4629">
    <p class='ocr_par' dir='ltr' id='par_1_92' title="bbox 707 4554 2263 4629">
     <span class='ocr_line' id='line_1_92' title="bbox 707 4554 2263 4629; baseline 0.006 -22"><span class='ocrx_word' id='word_1_702' title='bbox 707 4554 855 4608; x_wconf 83' lang='lat' dir='ltr'><strong>bant.</strong></span> <span class='ocrx_word' id='word_1_703' title='bbox 894 4554 961 4609; x_wconf 83' lang='lat' dir='ltr'><strong>Ut</strong></span> <span class='ocrx_word' id='word_1_704' title='bbox 993 4558 1143 4626; x_wconf 86' lang='lat' dir='ltr'><strong>quid,</strong></span> <span class='ocrx_word' id='word_1_705' title='bbox 1186 4578 1203 4609; x_wconf 81' lang='grc'><strong>›</strong></span> <span class='ocrx_word' id='word_1_706' title='bbox 1242 4568 1348 4612; x_wconf 85' lang='lat' dir='ltr'><strong>etc.</strong></span> <span class='ocrx_word' id='word_1_707' title='bbox 1372 4558 1531 4613; x_wconf 82' lang='lat' dir='ltr'><strong>Certe</strong></span> <span class='ocrx_word' id='word_1_708' title='bbox 1565 4559 1782 4613; x_wconf 88' lang='lat' dir='ltr'><strong>verbum</strong></span> <span class='ocrx_word' id='word_1_709' title='bbox 1829 4560 2043 4629; x_wconf 90' lang='lat' dir='ltr'><strong>aliquod</strong></span> <span class='ocrx_word' id='word_1_710' title='bbox 2067 4564 2263 4617; x_wconf 80' lang='lat' dir='ltr'><strong>excidit</strong></span> 
     </span>
    </p>
   </div>
   <div class='ocr_carea' id='block_1_93' title="bbox 706 4644 2260 4724">
    <p class='ocr_par' dir='ltr' id='par_1_93' title="bbox 706 4644 2260 4724">
     <span class='ocr_line' id='line_1_93' title="bbox 706 4644 2260 4724; baseline 0.008 -27"><span class='ocrx_word' id='word_1_711' title='bbox 706 4644 1007 4713; x_wconf 83' lang='lat' dir='ltr'><strong>interpreti,</strong></span> <span class='ocrx_word' id='word_1_712' title='bbox 1052 4649 1140 4716; x_wconf 90' lang='lat' dir='ltr'><strong>qui</strong></span> <span class='ocrx_word' id='word_1_713' title='bbox 1175 4650 1317 4703; x_wconf 81' lang='lat' dir='ltr'><strong>aliud</strong></span> <span class='ocrx_word' id='word_1_714' title='bbox 1364 4650 1606 4721; x_wconf 82' lang='lat' dir='ltr'><strong>cogitans</strong></span> <span class='ocrx_word' id='word_1_715' title='bbox 1655 4652 1954 4706; x_wconf 87' lang='lat' dir='ltr'><strong>orationem</strong></span> <span class='ocrx_word' id='word_1_716' title='bbox 2012 4654 2260 4724; x_wconf 80' lang='lat' dir='ltr'><strong>imperfe-</strong></span> 
     </span>
    </p>
   </div>
   <div class='ocr_carea' id='block_1_94' title="bbox 706 4739 2256 4813">
    <p class='ocr_par' dir='ltr' id='par_1_94' title="bbox 706 4739 2256 4813">
     <span class='ocr_line' id='line_1_94' title="bbox 706 4739 2256 4813; baseline 0.006 -23"><span class='ocrx_word' id='word_1_717' title='bbox 706 4748 845 4790; x_wconf 86' lang='lat' dir='ltr'><strong>ctam</strong></span> <span class='ocrx_word' id='word_1_718' title='bbox 876 4739 1108 4808; x_wconf 80' lang='lat' dir='ltr'><strong>reliquit.</strong></span> <span class='ocrx_word' id='word_1_719' title='bbox 1138 4741 1193 4794; x_wconf 83' lang='grc' dir='ltr'>ιιι</span> <span class='ocrx_word' id='word_1_720' title='bbox 1234 4743 1564 4811; x_wconf 77' lang='lat' dir='ltr'><strong>explicandis</strong></span> <span class='ocrx_word' id='word_1_721' title='bbox 1619 4744 1725 4799; x_wconf 90' lang='lat' dir='ltr'><strong>illis</strong></span> <span class='ocrx_word' id='word_1_722' title='bbox 1753 4761 1766 4796; x_wconf 90' lang='lat'><strong>:</strong></span> <span class='ocrx_word' id='word_1_723' title='bbox 1815 4742 1937 4797; x_wconf 83' lang='lat' dir='ltr'><strong>Non</strong></span> <span class='ocrx_word' id='word_1_724' title='bbox 1967 4748 2256 4813; x_wconf 81' lang='lat' dir='ltr'><strong>pulabitur,</strong></span> 
     </span>
    </p>
   </div>
   <div class='ocr_carea' id='block_1_95' title="bbox 705 4828 2251 4907">
    <p class='ocr_par' dir='ltr' id='par_1_95' title="bbox 705 4828 2251 4907">
     <span class='ocr_line' id='line_1_95' title="bbox 705 4828 2251 4907; baseline 0.008 -27"><span class='ocrx_word' id='word_1_725' title='bbox 705 4844 866 4895; x_wconf 76' lang='lat' dir='ltr'><strong>neque</strong></span> <span class='ocrx_word' id='word_1_726' title='bbox 903 4828 1134 4895; x_wconf 81' lang='lat' dir='ltr'><strong>fodietur</strong></span> <span class='ocrx_word' id='word_1_727' title='bbox 1198 4834 1417 4899; x_wconf 80' lang='lat' dir='ltr'><strong>amplius</strong></span> <span class='ocrx_word' id='word_1_728' title='bbox 1440 4833 1508 4897; x_wconf 80' lang='grc'><strong>⁸⁸,</strong></span> <span class='ocrx_word' id='word_1_729' title='bbox 1563 4833 1637 4886; x_wconf 86' lang='lat' dir='ltr'><strong>ita</strong></span> <span class='ocrx_word' id='word_1_730' title='bbox 1687 4851 1746 4889; x_wconf 91' lang='lat' dir='ltr'><strong>se</strong></span> <span class='ocrx_word' id='word_1_731' title='bbox 1795 4836 2045 4906; x_wconf 78' lang='lat' dir='ltr'><strong>exprimit</strong></span> <span class='ocrx_word' id='word_1_732' title='bbox 2083 4838 2251 4907; x_wconf 89' lang='lat' dir='ltr'><strong>(num.</strong></span> 
     </span>
    </p>
   </div>
   <div class='ocr_carea' id='block_1_96' title="bbox 704 4919 2259 5000">
    <p class='ocr_par' dir='ltr' id='par_1_96' title="bbox 704 4919 2259 5000">
     <span class='ocr_line' id='line_1_96' title="bbox 704 4919 2259 5000; baseline 0.014 -30"><span class='ocrx_word' id='word_1_733' title='bbox 704 4920 827 4989; x_wconf 75' lang='lat' dir='ltr'><strong>H7)</strong></span> <span class='ocrx_word' id='word_1_734' title='bbox 860 4938 873 4974; x_wconf 94' lang='lat'><strong>:</strong></span> <span class='ocrx_word' id='word_1_735' title='bbox 906 4920 999 4985; x_wconf 76' lang='grc' dir='ltr'><strong>Εἰς</strong></span> <span class='ocrx_word' id='word_1_736' title='bbox 1021 4919 1112 4974; x_wconf 75' lang='grc' dir='ltr'><strong>οὖν</strong></span> <span class='ocrx_word' id='word_1_737' title='bbox 1139 4924 1239 4994; x_wconf 85' lang='grc' dir='ltr'><strong>τὴν</strong></span> <span class='ocrx_word' id='word_1_738' title='bbox 1267 4924 1613 4996; x_wconf 80' lang='grc' dir='ltr'>ἀγεώργητον</span> <span class='ocrx_word' id='word_1_739' title='bbox 1643 4924 1817 4997; x_wconf 76' lang='grc' dir='ltr'>ψυχὴν</span> <span class='ocrx_word' id='word_1_740' title='bbox 1866 4927 1997 4981; x_wconf 86' lang='grc' dir='ltr'>πολὺ</span> <span class='ocrx_word' id='word_1_741' title='bbox 2025 4929 2084 4979; x_wconf 67' lang='grc' dir='ltr'>τὸ</span> <span class='ocrx_word' id='word_1_742' title='bbox 2125 4930 2259 5000; x_wconf 81' lang='grc' dir='ltr'>πλῆ-</span> 
     </span>
    </p>
   </div>
   <div class='ocr_carea' id='block_1_97' title="bbox 703 5011 2257 5089">
    <p class='ocr_par' dir='ltr' id='par_1_97' title="bbox 703 5011 2257 5089">
     <span class='ocr_line' id='line_1_97' title="bbox 703 5011 2257 5089; baseline 0.009 -27"><span class='ocrx_word' id='word_1_743' title='bbox 703 5011 792 5074; x_wconf 87' lang='grc' dir='ltr'><strong>θος</strong></span> <span class='ocrx_word' id='word_1_744' title='bbox 822 5014 929 5067; x_wconf 84' lang='grc' dir='ltr'><strong>τῶν</strong></span> <span class='ocrx_word' id='word_1_745' title='bbox 960 5015 1255 5087; x_wconf 82' lang='grc' dir='ltr'>μεριμνῶν.</span> <span class='ocrx_word' id='word_1_746' title='bbox 1290 5018 1399 5080; x_wconf 83' lang='grc' dir='ltr'>Διό,</span> <span class='ocrx_word' id='word_1_747' title='bbox 1434 5030 1539 5075; x_wconf 85' lang='lat' dir='ltr'><strong>etc.</strong></span> <span class='ocrx_word' id='word_1_748' title='bbox 1588 5018 1652 5072; x_wconf 76' lang='lat' dir='ltr'><strong>Et</strong></span> <span class='ocrx_word' id='word_1_749' title='bbox 1710 5019 1793 5071; x_wconf 87' lang='lat' dir='ltr'><strong>hic</strong></span> <span class='ocrx_word' id='word_1_750' title='bbox 1836 5035 2047 5089; x_wconf 88' lang='lat' dir='ltr'><strong>quoque</strong></span> <span class='ocrx_word' id='word_1_751' title='bbox 2108 5032 2257 5076; x_wconf 84' lang='lat' dir='ltr'><strong>curta</strong></span> 
     </span>
    </p>
   </div>
   <div class='ocr_carea' id='block_1_98' title="bbox 701 5108 2255 5181">
    <p class='ocr_par' dir='ltr' id='par_1_98' title="bbox 701 5108 2255 5181">
     <span class='ocr_line' id='line_1_98' title="bbox 701 5108 2255 5181; baseline 0.006 -23"><span class='ocrx_word' id='word_1_752' title='bbox 701 5114 781 5158; x_wconf 87' lang='lat' dir='ltr'><strong>est</strong></span> <span class='ocrx_word' id='word_1_753' title='bbox 809 5116 861 5158; x_wconf 79' lang='lat' dir='ltr'><strong>et</strong></span> <span class='ocrx_word' id='word_1_754' title='bbox 884 5108 1068 5159; x_wconf 87' lang='lat' dir='ltr'><strong>mutila</strong></span> <span class='ocrx_word' id='word_1_755' title='bbox 1102 5111 1295 5163; x_wconf 84' lang='lat' dir='ltr'><strong>oratio.</strong></span> <span class='ocrx_word' id='word_1_756' title='bbox 1333 5110 1560 5164; x_wconf 83' lang='lat' dir='ltr'><strong>Verbum</strong></span> <span class='ocrx_word' id='word_1_757' title='bbox 1602 5112 1646 5165; x_wconf 90' lang='lat' dir='ltr'><strong>si</strong></span> <span class='ocrx_word' id='word_1_758' title='bbox 1672 5111 1942 5181; x_wconf 86' lang='lat' dir='ltr'><strong>suppleas,</strong></span> <span class='ocrx_word' id='word_1_759' title='bbox 1976 5114 2050 5166; x_wconf 90' lang='lat' dir='ltr'><strong>ita</strong></span> <span class='ocrx_word' id='word_1_760' title='bbox 2084 5112 2255 5167; x_wconf 90' lang='lat' dir='ltr'><strong>inter-</strong></span> 
     </span>
    </p>
   </div>
   <div class='ocr_carea' id='block_1_99' title="bbox 698 5199 2252 5273">
    <p class='ocr_par' dir='ltr' id='par_1_99' title="bbox 698 5199 2252 5273">
     <span class='ocr_line' id='line_1_99' title="bbox 698 5199 2252 5273; baseline 0.005 -22"><span class='ocrx_word' id='word_1_761' title='bbox 698 5199 899 5265; x_wconf 81' lang='lat' dir='ltr'><strong>pretari</strong></span> <span class='ocrx_word' id='word_1_762' title='bbox 959 5200 1185 5256; x_wconf 81' lang='lat' dir='ltr'><strong>licebit:</strong></span> <span class='ocrx_word' id='word_1_763' title='bbox 1230 5223 1249 5253; x_wconf 78' lang='grc' dir='ltr'><strong>ι</strong></span> <span class='ocrx_word' id='word_1_764' title='bbox 1298 5202 1483 5271; x_wconf 83' lang='lat' dir='ltr'><strong>itaque</strong></span> <span class='ocrx_word' id='word_1_765' title='bbox 1530 5205 1713 5273; x_wconf 81' lang='lat' dir='ltr'><strong>ingens</strong></span> <span class='ocrx_word' id='word_1_766' title='bbox 1772 5220 2021 5257; x_wconf 83' lang='lat' dir='ltr'><strong>curarum</strong></span> <span class='ocrx_word' id='word_1_767' title='bbox 2078 5213 2252 5259; x_wconf 86' lang='lat' dir='ltr'><strong>turma</strong></span> 
     </span>
    </p>
   </div>
   <div class='ocr_carea' id='block_1_100' title="bbox 698 5290 2254 5366">
    <p class='ocr_par' dir='ltr' id='par_1_100' title="bbox 698 5290 2254 5366">
     <span class='ocr_line' id='line_1_100' title="bbox 698 5290 2254 5366; baseline 0.004 -24"><span class='ocrx_word' id='word_1_768' title='bbox 698 5290 900 5343; x_wconf 82' lang='lat' dir='ltr'><strong>invadit</strong></span> <span class='ocrx_word' id='word_1_769' title='bbox 935 5292 985 5343; x_wconf 93' lang='lat' dir='ltr'><strong>in</strong></span> <span class='ocrx_word' id='word_1_770' title='bbox 1005 5294 1239 5366; x_wconf 63' lang='lat' dir='ltr'><strong>animant</strong></span> <span class='ocrx_word' id='word_1_771' title='bbox 1265 5296 1539 5349; x_wconf 87' lang='lat' dir='ltr'><strong>incultam.</strong></span> <span class='ocrx_word' id='word_1_772' title='bbox 1580 5314 1595 5345; x_wconf 79' lang='grc' dir='ltr'><strong>ι</strong></span> <span class='ocrx_word' id='word_1_773' title='bbox 1628 5296 1717 5349; x_wconf 86' lang='lat' dir='ltr'><strong>Illa</strong></span> <span class='ocrx_word' id='word_1_774' title='bbox 1762 5315 1774 5349; x_wconf 89' lang='lat'><strong>:</strong></span> <span class='ocrx_word' id='word_1_775' title='bbox 1828 5294 1918 5347; x_wconf 73' lang='lat' dir='ltr'><strong>Vw</strong></span> <span class='ocrx_word' id='word_1_776' title='bbox 1945 5298 2031 5364; x_wconf 78' lang='lat' dir='ltr'><strong>qui</strong></span> <span class='ocrx_word' id='word_1_777' title='bbox 2062 5298 2254 5349; x_wconf 78' lang='lat' dir='ltr'><strong>intelli-</strong></span> 
     </span>
    </p>
   </div>
   <div class='ocr_carea' id='block_1_101' title="bbox 692 5388 2253 5456">
    <p class='ocr_par' dir='ltr' id='par_1_101' title="bbox 692 5388 2253 5456">
     <span class='ocr_line' id='line_1_101' title="bbox 692 5388 2253 5456; baseline 0.003 -18"><span class='ocrx_word' id='word_1_778' title='bbox 692 5398 865 5454; x_wconf 84' lang='lat' dir='ltr'><strong>gentes</strong></span> <span class='ocrx_word' id='word_1_779' title='bbox 889 5389 1009 5441; x_wconf 80' lang='lat' dir='ltr'><strong>estis</strong></span> <span class='ocrx_word' id='word_1_780' title='bbox 1054 5388 1105 5441; x_wconf 85' lang='lat' dir='ltr'><strong>in</strong></span> <span class='ocrx_word' id='word_1_781' title='bbox 1138 5390 1509 5456; x_wconf 73' lang='lat' dir='ltr'><strong>nobismetipsis</strong></span> <span class='ocrx_word' id='word_1_782' title='bbox 1544 5389 1607 5451; x_wconf 69' lang='lat'><strong>‘7,</strong></span> <span class='ocrx_word' id='word_1_783' title='bbox 1652 5391 1985 5455; x_wconf 72' lang='lat' dir='ltr'><strong>explicantur</strong></span> <span class='ocrx_word' id='word_1_784' title='bbox 2012 5392 2112 5443; x_wconf 88' lang='lat' dir='ltr'><strong>hoc</strong></span> <span class='ocrx_word' id='word_1_785' title='bbox 2144 5407 2253 5442; x_wconf 86' lang='lat' dir='ltr'><strong>mo-</strong></span> 
     </span>
    </p>
   </div>
   <div class='ocr_carea' id='block_1_102' title="bbox 693 5478 2252 5551">
    <p class='ocr_par' dir='ltr' id='par_1_102' title="bbox 693 5478 2252 5551">
     <span class='ocr_line' id='line_1_102' title="bbox 693 5478 2252 5551; baseline 0.001 -19"><span class='ocrx_word' id='word_1_786' title='bbox 693 5478 761 5532; x_wconf 87' lang='lat' dir='ltr'><strong>do</strong></span> <span class='ocrx_word' id='word_1_787' title='bbox 788 5480 958 5545; x_wconf 87' lang='lat' dir='ltr'><strong>(nutu.</strong></span> <span class='ocrx_word' id='word_1_788' title='bbox 994 5479 1117 5549; x_wconf 61' lang='grc'>175)</span> <span class='ocrx_word' id='word_1_789' title='bbox 1158 5500 1168 5531; x_wconf 90' lang='lat'><strong>:</strong></span> <span class='ocrx_word' id='word_1_790' title='bbox 1202 5485 1263 5534; x_wconf 85' lang='grc' dir='ltr'><strong>Οἱ</strong></span> <span class='ocrx_word' id='word_1_791' title='bbox 1295 5484 1389 5551; x_wconf 83' lang='grc' dir='ltr'><strong>μὲν</strong></span> <span class='ocrx_word' id='word_1_792' title='bbox 1419 5484 1525 5535; x_wconf 78' lang='grc' dir='ltr'>ἀπὸ</span> <span class='ocrx_word' id='word_1_793' title='bbox 1549 5480 1682 5535; x_wconf 81' lang='grc' dir='ltr'>Θεοῦ</span> <span class='ocrx_word' id='word_1_794' title='bbox 1718 5482 1865 5542; x_wconf 73' lang='grc' dir='ltr'>ὄντες</span> <span class='ocrx_word' id='word_1_795' title='bbox 1913 5482 2139 5535; x_wconf 83' lang='grc' dir='ltr'>τοιοῦτοι</span> <span class='ocrx_word' id='word_1_796' title='bbox 2161 5498 2172 5509; x_wconf 78' lang='lat'><strong>&#39;</strong></span> <span class='ocrx_word' id='word_1_797' title='bbox 2205 5483 2252 5533; x_wconf 80' lang='grc' dir='ltr'>οἱ</span> 
     </span>
    </p>
   </div>
   <div class='ocr_carea' id='block_1_103' title="bbox 768 5594 2023 5663">
    <p class='ocr_par' dir='ltr' id='par_1_103' title="bbox 768 5594 2023 5663">
     <span class='ocr_line' id='line_1_103' title="bbox 768 5594 2023 5663; baseline 0.005 -18"><span class='ocrx_word' id='word_1_798' title='bbox 768 5594 813 5624; x_wconf 69' lang='grc'><strong>⁸³</strong></span> <span class='ocrx_word' id='word_1_799' title='bbox 836 5594 933 5647; x_wconf 82' lang='lat' dir='ltr'><strong>lsa.</strong></span> <span class='ocrx_word' id='word_1_800' title='bbox 965 5612 1039 5653; x_wconf 75' lang='lat' dir='ltr'><strong>III.</strong></span> <span class='ocrx_word' id='word_1_801' title='bbox 1065 5596 1151 5650; x_wconf 72' lang='lat'><strong>9.6.</strong></span> <span class='ocrx_word' id='word_1_802' title='bbox 1229 5599 1272 5627; x_wconf 77' lang='grc'><strong>⁸⁵</strong></span> <span class='ocrx_word' id='word_1_803' title='bbox 1304 5599 1400 5653; x_wconf 82' lang='lat' dir='ltr'><strong>lsa.</strong></span> <span class='ocrx_word' id='word_1_804' title='bbox 1432 5615 1502 5662; x_wconf 89' lang='lat' dir='ltr'><strong>tv,</strong></span> <span class='ocrx_word' id='word_1_805' title='bbox 1531 5600 1565 5650; x_wconf 68' lang='lat'><strong>‘2</strong></span> <span class='ocrx_word' id='word_1_806' title='bbox 1678 5599 1721 5629; x_wconf 69' lang='lat'><strong><em>3“</em></strong></span> <span class='ocrx_word' id='word_1_807' title='bbox 1749 5597 1847 5651; x_wconf 78' lang='lat' dir='ltr'><strong>lsn.</strong></span> <span class='ocrx_word' id='word_1_808' title='bbox 1881 5614 1929 5663; x_wconf 80' lang='grc' dir='ltr'><strong>ν,</strong></span> <span class='ocrx_word' id='word_1_809' title='bbox 1972 5598 2023 5651; x_wconf 87' lang='grc' dir='ltr'>ϐ.</span> 
     </span>
    </p>
   </div>
   <div class='ocr_carea' id='block_1_104' title="bbox 693 5664 1065 5727">
    <p class='ocr_par' dir='ltr' id='par_1_104' title="bbox 693 5664 1065 5727">
     <span class='ocr_line' id='line_1_104' title="bbox 693 5664 1065 5727; baseline 0.019 -13"><span class='ocrx_word' id='word_1_810' title='bbox 693 5666 734 5697; x_wconf 74' lang='grc'><strong>³¹</strong></span> <span class='ocrx_word' id='word_1_811' title='bbox 778 5664 874 5717; x_wconf 83' lang='lat' dir='ltr'><strong>lsa.</strong></span> <span class='ocrx_word' id='word_1_812' title='bbox 904 5682 955 5727; x_wconf 70' lang='grc' dir='ltr'><strong>κ,</strong></span> <span class='ocrx_word' id='word_1_813' title='bbox 976 5667 1065 5722; x_wconf 63' lang='lat'><strong>‘20.</strong></span> 
     </span>
    </p>
   </div>
   <div class='ocr_carea' id='block_1_105' title="bbox 2117 5599 2427 5655">
    <p class='ocr_par' dir='ltr' id='par_1_105' title="bbox 2117 5599 2427 5655">
     <span class='ocr_line' id='line_1_105' title="bbox 2117 5599 2427 5655; baseline 0.01 -3"><span class='ocrx_word' id='word_1_814' title='bbox 2117 5599 2312 5653; x_wconf 67' lang='lat' dir='ltr'><strong>&quot;ibid.</strong></span> <span class='ocrx_word' id='word_1_815' title='bbox 2342 5604 2427 5655; x_wconf 73' lang='grc' dir='ltr'><strong>ΞΗ.</strong></span> 
     </span>
    </p>
   </div>
   <div class='ocr_carea' id='block_1_106' title="bbox 2368 4577 3918 4657">
    <p class='ocr_par' dir='ltr' id='par_1_106' title="bbox 2368 4577 3918 4657">
     <span class='ocr_line' id='line_1_106' title="bbox 2368 4577 3918 4657; baseline 0.009 -30"><span class='ocrx_word' id='word_1_816' title='bbox 2368 4584 2476 4628; x_wconf 89' lang='lat' dir='ltr'><strong>tur.</strong></span> <span class='ocrx_word' id='word_1_817' title='bbox 2515 4577 2620 4632; x_wconf 76' lang='lat' dir='ltr'><strong>Nec</strong></span> <span class='ocrx_word' id='word_1_818' title='bbox 2656 4577 2897 4633; x_wconf 89' lang='lat' dir='ltr'><strong>absimile</strong></span> <span class='ocrx_word' id='word_1_819' title='bbox 2924 4590 3025 4646; x_wconf 89' lang='lat' dir='ltr'><strong>est,</strong></span> <span class='ocrx_word' id='word_1_820' title='bbox 3054 4581 3199 4649; x_wconf 90' lang='lat' dir='ltr'><strong>quod</strong></span> <span class='ocrx_word' id='word_1_821' title='bbox 3264 4582 3487 4651; x_wconf 73' lang='lat' dir='ltr'><strong>legimus</strong></span> <span class='ocrx_word' id='word_1_822' title='bbox 3523 4587 3574 4638; x_wconf 88' lang='lat' dir='ltr'><strong>in</strong></span> <span class='ocrx_word' id='word_1_823' title='bbox 3606 4587 3690 4638; x_wconf 85' lang='lat' dir='ltr'><strong>illa</strong></span> <span class='ocrx_word' id='word_1_824' title='bbox 3740 4591 3918 4657; x_wconf 73' lang='lat' dir='ltr'><strong>(nutu.</strong></span> 
     </span>
    </p>
   </div>
   <div class='ocr_carea' id='block_1_107' title="bbox 2366 4668 3919 4744">
    <p class='ocr_par' dir='ltr' id='par_1_107' title="bbox 2366 4668 3919 4744">
     <span class='ocr_line' id='line_1_107' title="bbox 2366 4668 3919 4744; baseline 0.008 -23"><span class='ocrx_word' id='word_1_825' title='bbox 2366 4668 2517 4736; x_wconf 70' lang='lat' dir='ltr'><strong>MS):</strong></span> <span class='ocrx_word' id='word_1_826' title='bbox 2551 4668 2617 4721; x_wconf 81' lang='lat' dir='ltr'><strong>Et</strong></span> <span class='ocrx_word' id='word_1_827' title='bbox 2643 4670 2737 4721; x_wconf 85' lang='lat' dir='ltr'><strong>erit</strong></span> <span class='ocrx_word' id='word_1_828' title='bbox 2766 4670 2819 4722; x_wconf 80' lang='lat' dir='ltr'><strong>in</strong></span> <span class='ocrx_word' id='word_1_829' title='bbox 2852 4673 2933 4725; x_wconf 76' lang='lat' dir='ltr'><strong>die</strong></span> <span class='ocrx_word' id='word_1_830' title='bbox 2961 4671 3077 4735; x_wconf 71' lang='lat' dir='ltr'><strong>illa,</strong></span> <span class='ocrx_word' id='word_1_831' title='bbox 3110 4689 3210 4725; x_wconf 83' lang='lat' dir='ltr'><strong>non</strong></span> <span class='ocrx_word' id='word_1_832' title='bbox 3235 4676 3371 4727; x_wconf 79' lang='lat' dir='ltr'><strong>ultra</strong></span> <span class='ocrx_word' id='word_1_833' title='bbox 3392 4677 3668 4744; x_wconf 74' lang='lat' dir='ltr'><strong>adjiciatur</strong></span> <span class='ocrx_word' id='word_1_834' title='bbox 3693 4681 3761 4742; x_wconf 74' lang='lat'><strong>9&#39;,</strong></span> <span class='ocrx_word' id='word_1_835' title='bbox 3785 4691 3919 4734; x_wconf 88' lang='lat' dir='ltr'><strong>etc.:</strong></span> 
     </span>
    </p>
   </div>
   <div class='ocr_carea' id='block_1_108' title="bbox 2363 4760 3921 4837">
    <p class='ocr_par' dir='ltr' id='par_1_108' title="bbox 2363 4760 3921 4837">
     <span class='ocr_line' id='line_1_108' title="bbox 2363 4760 3921 4837; baseline 0.008 -26"><span class='ocrx_word' id='word_1_836' title='bbox 2363 4760 2582 4822; x_wconf 79' lang='grc' dir='ltr'>Τούτοις</span> <span class='ocrx_word' id='word_1_837' title='bbox 2603 4760 2975 4831; x_wconf 87' lang='grc' dir='ltr'>προστιθέντες</span> <span class='ocrx_word' id='word_1_838' title='bbox 3004 4761 3188 4836; x_wconf 82' lang='grc' dir='ltr'>ὥσπερ</span> <span class='ocrx_word' id='word_1_839' title='bbox 3219 4767 3401 4828; x_wconf 82' lang='grc' dir='ltr'>παῖδες</span> <span class='ocrx_word' id='word_1_840' title='bbox 3429 4767 3639 4837; x_wconf 84' lang='grc' dir='ltr'>ἀνόητοι</span> <span class='ocrx_word' id='word_1_841' title='bbox 3679 4772 3789 4833; x_wconf 85' lang='grc' dir='ltr'>τοῖς</span> <span class='ocrx_word' id='word_1_842' title='bbox 3822 4771 3921 4823; x_wconf 82' lang='grc' dir='ltr'><strong>ἀν·</strong></span> 
     </span>
    </p>
   </div>
   <div class='ocr_carea' id='block_1_109' title="bbox 2364 4848 3919 4926">
    <p class='ocr_par' dir='ltr' id='par_1_109' title="bbox 2364 4848 3919 4926">
     <span class='ocr_line' id='line_1_109' title="bbox 2364 4848 3919 4926; baseline 0.008 -27"><span class='ocrx_word' id='word_1_843' title='bbox 2364 4848 2756 4917; x_wconf 82' lang='grc' dir='ltr'>δραποδισταῖς,</span> <span class='ocrx_word' id='word_1_844' title='bbox 2786 4852 2833 4902; x_wconf 81' lang='grc' dir='ltr'>οἳ</span> <span class='ocrx_word' id='word_1_845' title='bbox 2866 4851 3137 4916; x_wconf 84' lang='grc' dir='ltr'>πολλάκις,</span> <span class='ocrx_word' id='word_1_846' title='bbox 3156 4864 3258 4908; x_wconf 86' lang='lat' dir='ltr'><strong>etc.</strong></span> <span class='ocrx_word' id='word_1_847' title='bbox 3282 4854 3477 4908; x_wconf 84' lang='lat' dir='ltr'><strong>Ibidem</strong></span> <span class='ocrx_word' id='word_1_848' title='bbox 3498 4874 3511 4909; x_wconf 91' lang='lat'><strong>:</strong></span> <span class='ocrx_word' id='word_1_849' title='bbox 3532 4857 3919 4926; x_wconf 81' lang='grc' dir='ltr'>Ιῐροστιθέντες</span> 
     </span>
    </p>
   </div>
   <div class='ocr_carea' id='block_1_110' title="bbox 2364 4934 3916 5015">
    <p class='ocr_par' dir='ltr' id='par_1_110' title="bbox 2364 4934 3916 5015">
     <span class='ocr_line' id='line_1_110' title="bbox 2364 4934 3916 5015; baseline 0.008 -25"><span class='ocrx_word' id='word_1_850' title='bbox 2364 4934 2454 4992; x_wconf 81' lang='grc' dir='ltr'><strong>οὖν</strong></span> <span class='ocrx_word' id='word_1_851' title='bbox 2484 4943 2721 4994; x_wconf 86' lang='grc' dir='ltr'>κάκεῖνοι</span> <span class='ocrx_word' id='word_1_852' title='bbox 2750 4945 2859 5006; x_wconf 92' lang='grc' dir='ltr'>τοῖς</span> <span class='ocrx_word' id='word_1_853' title='bbox 2883 4944 3154 4997; x_wconf 82' lang='grc' dir='ltr'>ἀδικοῦσι·</span> <span class='ocrx_word' id='word_1_854' title='bbox 3184 4944 3275 4996; x_wconf 73' lang='grc' dir='ltr'>καὶ</span> <span class='ocrx_word' id='word_1_855' title='bbox 3289 4946 3464 5015; x_wconf 87' lang='grc' dir='ltr'>ἡμεῖς,</span> <span class='ocrx_word' id='word_1_856' title='bbox 3483 4958 3584 5001; x_wconf 89' lang='lat' dir='ltr'><strong>etc.</strong></span> <span class='ocrx_word' id='word_1_857' title='bbox 3612 4948 3720 5002; x_wconf 89' lang='lat' dir='ltr'><strong>Sub</strong></span> <span class='ocrx_word' id='word_1_858' title='bbox 3754 4948 3916 5002; x_wconf 73' lang='lat' dir='ltr'><strong>tinent</strong></span> 
     </span>
    </p>
   </div>
   <div class='ocr_carea' id='block_1_111' title="bbox 2364 5034 3916 5105">
    <p class='ocr_par' dir='ltr' id='par_1_111' title="bbox 2364 5034 3916 5105">
     <span class='ocr_line' id='line_1_111' title="bbox 2364 5034 3916 5105; baseline 0.007 -20"><span class='ocrx_word' id='word_1_859' title='bbox 2364 5036 2556 5100; x_wconf 86' lang='lat' dir='ltr'><strong>capitis</strong></span> <span class='ocrx_word' id='word_1_860' title='bbox 2613 5034 2678 5087; x_wconf 75' lang='lat' dir='ltr'><strong>l4</strong></span> <span class='ocrx_word' id='word_1_861' title='bbox 2724 5036 2799 5089; x_wconf 86' lang='lat' dir='ltr'><strong>sic</strong></span> <span class='ocrx_word' id='word_1_862' title='bbox 2855 5037 3092 5105; x_wconf 86' lang='lat' dir='ltr'><strong>loquitur</strong></span> <span class='ocrx_word' id='word_1_863' title='bbox 3149 5038 3449 5104; x_wconf 89' lang='lat' dir='ltr'><strong>interpres:</strong></span> <span class='ocrx_word' id='word_1_864' title='bbox 3502 5042 3563 5092; x_wconf 84' lang='lat' dir='ltr'><strong>Ui</strong></span> <span class='ocrx_word' id='word_1_865' title='bbox 3595 5042 3649 5093; x_wconf 79' lang='grc' dir='ltr'><strong>δὲ</strong></span> <span class='ocrx_word' id='word_1_866' title='bbox 3680 5040 3771 5091; x_wconf 77' lang='grc' dir='ltr'><strong>τὸν</strong></span> <span class='ocrx_word' id='word_1_867' title='bbox 3792 5041 3916 5095; x_wconf 84' lang='grc' dir='ltr'>νοῦν</span> 
     </span>
    </p>
   </div>
   <div class='ocr_carea' id='block_1_112' title="bbox 2364 5118 3912 5201">
    <p class='ocr_par' dir='ltr' id='par_1_112' title="bbox 2364 5118 3912 5201">
     <span class='ocr_line' id='line_1_112' title="bbox 2364 5118 3912 5201; baseline 0.006 -25"><span class='ocrx_word' id='word_1_868' title='bbox 2364 5118 2569 5177; x_wconf 77' lang='grc' dir='ltr'>ἑαυτῶν</span> <span class='ocrx_word' id='word_1_869' title='bbox 2592 5126 2994 5199; x_wconf 80' lang='grc' dir='ltr'>κεκαθαρμένον</span> <span class='ocrx_word' id='word_1_870' title='bbox 3021 5130 3248 5199; x_wconf 78' lang='grc' dir='ltr'>ἔχοντες,</span> <span class='ocrx_word' id='word_1_871' title='bbox 3280 5130 3337 5193; x_wconf 87' lang='grc' dir='ltr'>ὃς</span> <span class='ocrx_word' id='word_1_872' title='bbox 3376 5131 3696 5201; x_wconf 78' lang='grc' dir='ltr'>ὀνομάζεται</span> <span class='ocrx_word' id='word_1_873' title='bbox 3753 5133 3912 5189; x_wconf 76' lang='grc' dir='ltr'>Σιών.</span> 
     </span>
    </p>
   </div>
   <div class='ocr_carea' id='block_1_113' title="bbox 2372 5215 3912 5287">
    <p class='ocr_par' dir='ltr' id='par_1_113' title="bbox 2372 5215 3912 5287">
     <span class='ocr_line' id='line_1_113' title="bbox 2372 5215 3912 5287; baseline 0.006 -20"><span class='ocrx_word' id='word_1_874' title='bbox 2372 5215 2610 5287; x_wconf 75' lang='grc' dir='ltr'>Ἐπειδὴ,</span> <span class='ocrx_word' id='word_1_875' title='bbox 2642 5226 2745 5272; x_wconf 87' lang='lat' dir='ltr'><strong>etc.</strong></span> <span class='ocrx_word' id='word_1_876' title='bbox 2782 5220 2939 5273; x_wconf 89' lang='lat' dir='ltr'><strong>Plura</strong></span> <span class='ocrx_word' id='word_1_877' title='bbox 2995 5223 3253 5275; x_wconf 88' lang='lat' dir='ltr'><strong>adnotare</strong></span> <span class='ocrx_word' id='word_1_878' title='bbox 3280 5221 3433 5274; x_wconf 77' lang='lat' dir='ltr'><strong>facile</strong></span> <span class='ocrx_word' id='word_1_879' title='bbox 3462 5234 3565 5287; x_wconf 89' lang='lat' dir='ltr'><strong>est,</strong></span> <span class='ocrx_word' id='word_1_880' title='bbox 3605 5239 3728 5276; x_wconf 90' lang='lat' dir='ltr'><strong>cum</strong></span> <span class='ocrx_word' id='word_1_881' title='bbox 3760 5239 3912 5278; x_wconf 90' lang='lat' dir='ltr'><strong>com-</strong></span> 
     </span>
    </p>
   </div>
   <div class='ocr_carea' id='block_1_114' title="bbox 2360 5310 3913 5381">
    <p class='ocr_par' dir='ltr' id='par_1_114' title="bbox 2360 5310 3913 5381">
     <span class='ocr_line' id='line_1_114' title="bbox 2360 5310 3913 5381; baseline 0.006 -24"><span class='ocrx_word' id='word_1_882' title='bbox 2360 5310 2659 5361; x_wconf 88' lang='lat' dir='ltr'><strong>mentarius</strong></span> <span class='ocrx_word' id='word_1_883' title='bbox 2688 5311 2955 5366; x_wconf 88' lang='lat' dir='ltr'><strong>similibus</strong></span> <span class='ocrx_word' id='word_1_884' title='bbox 2976 5312 3232 5381; x_wconf 80' lang='lat' dir='ltr'><strong>exemplis</strong></span> <span class='ocrx_word' id='word_1_885' title='bbox 3265 5312 3492 5368; x_wconf 78' lang='lat' dir='ltr'><strong>refertus</strong></span> <span class='ocrx_word' id='word_1_886' title='bbox 3514 5315 3611 5375; x_wconf 86' lang='lat' dir='ltr'><strong>sit;</strong></span> <span class='ocrx_word' id='word_1_887' title='bbox 3637 5317 3726 5367; x_wconf 89' lang='lat' dir='ltr'><strong>sed</strong></span> <span class='ocrx_word' id='word_1_888' title='bbox 3766 5316 3913 5377; x_wconf 89' lang='lat' dir='ltr'><strong>nolo,</strong></span> 
     </span>
    </p>
   </div>
   <div class='ocr_carea' id='block_1_115' title="bbox 2360 5398 3910 5473">
    <p class='ocr_par' dir='ltr' id='par_1_115' title="bbox 2360 5398 3910 5473">
     <span class='ocr_line' id='line_1_115' title="bbox 2360 5398 3910 5473; baseline 0.007 -26"><span class='ocrx_word' id='word_1_889' title='bbox 2360 5411 2415 5447; x_wconf 88' lang='grc' dir='ltr'><strong>ιιι</strong></span> <span class='ocrx_word' id='word_1_890' title='bbox 2453 5398 2705 5467; x_wconf 84' lang='lat' dir='ltr'><strong>loquendi</strong></span> <span class='ocrx_word' id='word_1_891' title='bbox 2737 5418 2949 5471; x_wconf 91' lang='lat' dir='ltr'><strong>quoque</strong></span> <span class='ocrx_word' id='word_1_892' title='bbox 2974 5404 3039 5457; x_wconf 88' lang='lat' dir='ltr'><strong>de</strong></span> <span class='ocrx_word' id='word_1_893' title='bbox 3063 5405 3281 5472; x_wconf 86' lang='lat' dir='ltr'><strong>reliquis</strong></span> <span class='ocrx_word' id='word_1_894' title='bbox 3310 5406 3451 5460; x_wconf 81' lang='lat' dir='ltr'><strong>vitiis</strong></span> <span class='ocrx_word' id='word_1_895' title='bbox 3485 5408 3714 5473; x_wconf 82' lang='lat' dir='ltr'><strong>supersit</strong></span> <span class='ocrx_word' id='word_1_896' title='bbox 3739 5407 3910 5461; x_wconf 88' lang='lat' dir='ltr'><strong>locus.</strong></span> 
     </span>
    </p>
   </div>
   <div class='ocr_carea' id='block_1_116' title="bbox 2360 5485 3911 5564">
    <p class='ocr_par' dir='ltr' id='par_1_116' title="bbox 2360 5485 3911 5564">
     <span class='ocr_line' id='line_1_116' title="bbox 2360 5485 3911 5564; baseline 0.009 -27"><span class='ocrx_word' id='word_1_897' title='bbox 2360 5485 2472 5541; x_wconf 82' lang='lat' dir='ltr'><strong>Non</strong></span> <span class='ocrx_word' id='word_1_898' title='bbox 2510 5506 2725 5557; x_wconf 85' lang='lat' dir='ltr'><strong>possum</strong></span> <span class='ocrx_word' id='word_1_899' title='bbox 2752 5501 2926 5549; x_wconf 84' lang='lat' dir='ltr'><strong>tamen</strong></span> <span class='ocrx_word' id='word_1_900' title='bbox 2954 5495 3080 5563; x_wconf 85' lang='lat' dir='ltr'><strong>quin</strong></span> <span class='ocrx_word' id='word_1_901' title='bbox 3111 5496 3355 5562; x_wconf 77' lang='lat' dir='ltr'><strong>adjiciam</strong></span> <span class='ocrx_word' id='word_1_902' title='bbox 3391 5495 3563 5549; x_wconf 85' lang='lat' dir='ltr'><strong>locum</strong></span> <span class='ocrx_word' id='word_1_903' title='bbox 3597 5496 3911 5564; x_wconf 82' lang='lat' dir='ltr'><strong>quemdam,</strong></span> 
     </span>
    </p>
   </div>
   <div class='ocr_carea' id='block_1_117' title="bbox 2534 5608 3914 5680">
    <p class='ocr_par' dir='ltr' id='par_1_117' title="bbox 2534 5608 3914 5680">
     <span class='ocr_line' id='line_1_117' title="bbox 2534 5608 3914 5680; baseline 0.008 -20"><span class='ocrx_word' id='word_1_904' title='bbox 2534 5608 2577 5638; x_wconf 65' lang='grc'><strong>⁸⁸</strong></span> <span class='ocrx_word' id='word_1_905' title='bbox 2615 5608 2710 5662; x_wconf 83' lang='lat' dir='ltr'><strong>lsa.</strong></span> <span class='ocrx_word' id='word_1_906' title='bbox 2746 5627 2817 5678; x_wconf 77' lang='lat' dir='ltr'><strong>vt,</strong></span> <span class='ocrx_word' id='word_1_907' title='bbox 2845 5611 2896 5665; x_wconf 87' lang='grc'><strong>6.</strong></span> <span class='ocrx_word' id='word_1_908' title='bbox 2982 5612 3153 5671; x_wconf 71' lang='lat' dir='ltr'><strong>89~lsa.</strong></span> <span class='ocrx_word' id='word_1_909' title='bbox 3182 5629 3299 5680; x_wconf 74' lang='lat' dir='ltr'><strong>vm,</strong></span> <span class='ocrx_word' id='word_1_910' title='bbox 3340 5615 3416 5668; x_wconf 86' lang='lat' dir='ltr'><strong>l0.</strong></span> <span class='ocrx_word' id='word_1_911' title='bbox 3528 5615 3572 5645; x_wconf 64' lang='lat'><strong>9“</strong></span> <span class='ocrx_word' id='word_1_912' title='bbox 3602 5612 3704 5667; x_wconf 84' lang='lat' dir='ltr'><strong>lsa.</strong></span> <span class='ocrx_word' id='word_1_913' title='bbox 3744 5630 3823 5680; x_wconf 65' lang='grc' dir='ltr'>ιχ,</span> <span class='ocrx_word' id='word_1_914' title='bbox 3858 5613 3914 5671; x_wconf 78' lang='lat'><strong>0&#39;.</strong></span> 
     </span>
    </p>
   </div>
   <div class='ocr_carea' id='block_1_118' title="bbox 2982 5612 3416 5681">
    <p class='ocr_par' dir='ltr' id='par_1_118' title="bbox 2982 5612 3416 5681">
     <span class='ocr_line' id='line_1_118' title="bbox 2982 5612 3416 5681; baseline 0.002 -16"><span class='ocrx_word' id='word_1_915' title='bbox 2982 5612 3153 5671; x_wconf 73' lang='lat' dir='ltr'><strong>89~lsa.</strong></span> <span class='ocrx_word' id='word_1_916' title='bbox 3182 5629 3299 5681; x_wconf 69' lang='lat' dir='ltr'><strong>rm,</strong></span> <span class='ocrx_word' id='word_1_917' title='bbox 3340 5615 3416 5668; x_wconf 86' lang='lat' dir='ltr'><strong>l0.</strong></span> 
     </span>
    </p>
   </div>
   <div class='ocr_carea' id='block_1_119' title="bbox 768 5757 2445 5832">
    <p class='ocr_par' dir='ltr' id='par_1_119' title="bbox 768 5757 2445 5832">
     <span class='ocr_line' id='line_1_119' title="bbox 768 5757 2445 5832; baseline 0.006 -23"><span class='ocrx_word' id='word_1_918' title='bbox 768 5757 847 5814; x_wconf 71' lang='grc' dir='ltr'><strong>(α)</strong></span> <span class='ocrx_word' id='word_1_919' title='bbox 885 5758 1009 5810; x_wconf 70' lang='lat' dir='ltr'><strong>Vide</strong></span> <span class='ocrx_word' id='word_1_920' title='bbox 1039 5757 1401 5814; x_wconf 73' lang='lat' dir='ltr'><strong>Praefationem</strong></span> <span class='ocrx_word' id='word_1_921' title='bbox 1435 5763 1560 5814; x_wconf 77' lang='lat' dir='ltr'><strong>tonti</strong></span> <span class='ocrx_word' id='word_1_922' title='bbox 1589 5762 1650 5827; x_wconf 79' lang='lat' dir='ltr'><strong>ll,</strong></span> <span class='ocrx_word' id='word_1_923' title='bbox 1683 5764 1814 5829; x_wconf 73' lang='lat' dir='ltr'><strong>apud</strong></span> <span class='ocrx_word' id='word_1_924' title='bbox 1854 5782 1946 5817; x_wconf 64' lang='lat' dir='ltr'><strong>nus</strong></span> <span class='ocrx_word' id='word_1_925' title='bbox 1984 5765 2063 5825; x_wconf 65' lang='lat' dir='ltr'><strong>lli,</strong></span> <span class='ocrx_word' id='word_1_926' title='bbox 2151 5782 2253 5817; x_wconf 72' lang='lat' dir='ltr'><strong>‘.l\’.</strong></span> <span class='ocrx_word' id='word_1_927' title='bbox 2292 5766 2445 5819; x_wconf 64' lang='lat' dir='ltr'><strong>litui.</strong></span> 
     </span>
    </p>
   </div>
  </div>
