4088 6310
1267 375 1328 426 D.
1370 374 1513 428 JUL.
1555 376 1885 429 GARNERII
1925 377 2313 430 PREFATIO.

3243 398 3398 435 CC‘lK

170 488 255 544 ubi
279 490 645 557 explanantur
681 482 770 539 illa
800 486 970 554 (num.
996 485 1121 553 306)
1157 504 1169 539 :
1203 487 1511 543 Audiuimus
1570 501 1745 542 conlu-
1776 494 1821 550 Α
1850 490 2053 544 duisset
2078 488 2475 559 perspicuitati.
2529 487 2625 541 llic
2650 490 2798 545 locus
2829 490 2882 542 in
2921 491 3060 542 notis
3087 490 3402 544 illustratur.

170 583 379 636 meliam
408 579 563 632 Moab
586 593 605 631 :
628 580 1029 632 contumeliosus
1079 580 1225 634 valde
1254 581 1320 642 θ’,
1352 589 1459 633 etc.
1494 581 1585 635 Est
1646 598 1740 634 an-

175 685 278 727 tem
306 671 572 736 ejusmodi
603 687 618 724 :
648 672 757 725 Ka‘t
795 669 1026 736 ἐνταῦοα
1054 671 1231 723 τοίνυν
1263 670 1463 739 πολλὴν
1488 674 1599 734 τοῖς
1623 673 1740 724 ἐπι-

170 762 468 833 στρέψασιν
511 764 827 835 ἐμφήναντα
868 765 1207 835 χρηστότητα
1231 763 1298 815 τὰ
1341 765 1622 833 εἰρημένα,
1647 767 1740 818 ἀπ’

169 855 334 923 ἄλλης
389 855 566 925 ἀρχῆς
625 856 696 909 τὰ
744 852 1043 924 πικρότερα
1098 857 1257 910 πάλιν
1309 855 1737 910 ὲπανατείνεται.

171 945 344 1008 Quem
375 943 556 997 locum
586 961 706 1001 cum
748 943 992 998 crederet
1035 943 1389 1000 Combelisius
1423 946 1738 999 mendosum

170 1047 312 1096 esse,
345 1048 475 1087 eum
531 1037 609 1089 sic
659 1033 1048 1089 emendandum
1094 1035 1325 1099 censuit,
1374 1036 1572 1107 πολλὴν
1627 1037 1738 1098 τοῖς

167 1125 562 1198 ἐπιστρέψασιν
619 1125 866 1194 ἐμφήνας
907 1125 1004 1198 τὴν
1061 1125 1401 1197 χρηστότητα
1457 1128 1608 1200 παρὰ
1649 1125 1736 1189 τά,

167 1216 450 1283 additque,
500 1233 518 1262 ‹
573 1213 663 1267 Sic
711 1215 842 1269 mihi
908 1219 1122 1271 videtur
1176 1215 1359 1270 Basilii
1407 1219 1737 1273 restituenda

168 1307 350 1367 lectio,
380 1320 448 1359 ac
475 1304 782 1361 soloecismo
815 1307 1108 1370 liberanda,
1151 1308 1237 1360 cui
1268 1308 1311 1361 is
1346 1310 1565 1365 minime
1602 1309 1738 1366 solet

167 1411 284 1450 esse
316 1396 610 1451 obnoxius.
641 1416 659 1448 ι
691 1397 824 1454 Τυω
881 1402 1073 1454 deinde
1103 1401 1245 1454 hunc
1272 1400 1442 1456 locum
1474 1413 1640 1467 recte,
1681 1413 1739 1458 ut

169 1489 412 1559 putabat,
454 1490 786 1560 feliciterque
828 1501 1129 1546 correctum
1172 1492 1250 1547 sic
1288 1493 1679 1563 interpretatur
1717 1512 1729 1548 :

175 1598 194 1632 ο
223 1578 326 1638 Ubi
351 1597 454 1653 per
482 1598 544 1638 ea
570 1598 690 1653 quae
714 1584 855 1637 dicta
889 1592 1033 1651 sunt,
1069 1582 1158 1650 iis,
1187 1586 1278 1654 qui
1325 1591 1735 1647 convertuntur.

170 1672 397 1727 multam
431 1672 725 1727 insinuavit
754 1671 1028 1727 lenitatem
1043 1689 1106 1729 ac
1136 1674 1500 1737 clementiam,
1534 1675 1600 1730 ab
1633 1676 1737 1731 alio

173 1783 363 1822 rursus
410 1766 680 1836 principio
712 1765 988 1820 acerbiora
1029 1767 1275 1823 intentat.
1309 1787 1327 1820 ι
1365 1766 1468 1823 Sed
1508 1784 1628 1824 eum
1658 1770 1737 1825 fe-

1847 580 1918 633 lta
1955 581 2146 650 legitur
2181 596 2322 632 nttm.
2355 577 2454 632 166
2479 577 2523 608 ³⁵
2555 593 2568 630 :
2602 578 2766 646 Τήρει
2794 580 2887 633 καὶ
2915 579 2996 632 ὅτι
3030 579 3112 641 τὸ,
3155 580 3211 631 ὲν
3244 577 3403 646 αὐτῇ,

1846 673 1983 725 κατὰ
2017 672 2113 742 τὴν
2143 670 2322 740 κοινὴν
2354 667 2637 739 συνήθειαν
2689 667 2916 737 εἴρηται·
2952 668 3027 732 ὼς
3065 668 3157 719 καὶ
3184 667 3406 719 ἐπὶτῶν

1849 764 2131 818 ἰδιωτικῶν
2156 762 2317 814 οῐκων
2355 761 2607 825 πολλάκις
2637 761 2760 823 τοὺς
2803 760 3162 830 ὑπερέχοντας
3212 759 3407 822 αὐτοὺς

1846 855 2343 931 προσαγορεύεσθαι
2368 855 2470 906 ὑπὸ
2491 856 2596 907 τῶν
2625 851 2968 908 ἐνοικούντων
2995 853 3235 925 σύνηθες.
3270 851 3406 914 Quid

1844 961 1946 1014 est,
2002 952 2047 1006 si
2090 965 2194 1004 non
2236 948 2336 1001 hoc
2393 944 2594 1013 ineptia
2645 945 2775 999 est?
2819 943 3085 997 Dissimile
3143 959 3246 997 non
3299 950 3405 1006 est,

1845 1042 1983 1109 quod
2017 1042 2220 1096 editum
2269 1037 2574 1092 invenimus
2602 1035 2655 1086 in
2705 1034 2791 1087 illa
2823 1039 2997 1105 (num.
3031 1032 3153 1103 175)
3181 1052 3194 1085 :
3221 1032 3286 1086 Et
3327 1034 3407 1086 in-

1845 1132 2088 1200 dignatus
2110 1143 2183 1186 est
2211 1133 2292 1183 ira
2324 1129 2580 1182 Dominus
2603 1126 2670 1190 ⁸³³,
2711 1135 2816 1180 etc.
2846 1128 2935 1180 Sic
2989 1128 3130 1182 enim
3175 1123 3407 1192 loquitur

1846 1225 2112 1290 interpres
2141 1241 2155 1276 :
2201 1223 2338 1291 Xe‘tp
2363 1221 2473 1292 γὰρ
2503 1218 2710 1290 Κυρίου
2739 1220 2771 1288 ή
2815 1217 3061 1287 ἁψαμένη
3107 1215 3208 1286 μού
3263 1215 3405 1273 ἐστι.

1844 1313 1953 1366 Καὶ
1999 1314 2054 1364 ἐν
2078 1310 2267 1379 τούτῳο
2292 1309 2533 1363 διαϐόλου
2581 1313 2735 1380 χεῖρα
2764 1307 3008 1374 λέγοντος
3053 1308 3108 1358 ἐν
3131 1305 3206 1375 τῷ
3231 1301 3408 1373 καιρῷ

1842 1403 1942 1473 τῆς
1976 1403 2267 1466 κολάσεως⁸
2306 1401 2366 1453 οὐ
2396 1402 2500 1471 μὴν
2531 1403 2607 1460 δὲ,
2634 1401 2766 1453 ἀλλὰ
2796 1395 3108 1451 ἀπόστειλον
3132 1397 3229 1466 τὴν
3251 1393 3409 1465 χεῖρά

1845 1513 1958 1561 σου,
1998 1496 2090 1548 καὶ
2114 1495 2245 1564 ἅψαι
2270 1493 2375 1547 τῶν
2410 1492 2578 1545 ὀστῶν
2601 1492 2784 1545 αὑτοῦ.
2815 1487 3130 1560 Τοιγαροῦν,
3163 1499 3269 1543 etc.
3300 1484 3410 1540 Nec

1842 1589 2140 1659 elegantius
2163 1588 2352 1642 scribit
2383 1588 2675 1654 interpres,
2699 1599 2819 1636 cum
2845 1583 3096 1651 explanat
3117 1581 3203 1634 illa
3231 1583 3402 1650 (num.

1843 1681 2004 1752 187):
2041 1678 2106 1734 Et
2140 1680 2272 1734 dixit
2301 1691 2320 1728 :
2378 1678 2514 1730 Ecce
2553 1677 2714 1746 tetigit
2759 1673 2854 1727 hoc
2884 1674 3024 1727 labia
3077 1687 3166 1728 tua
3198 1673 3266 1736 9’,
3298 1681 3406 1724 etc.

1844 1773 1970 1841 Ejus
2000 1774 2117 1826 hac
2167 1778 2294 1824 sunt
2341 1770 2498 1823 verba
2533 1784 2547 1820 :
2607 1764 2911 1838 Περιαιρῶν
2948 1763 3147 1836 [λόγος]
3185 1763 3254 1816 τὰ
3305 1760 3409 1828 ἔξω

174 1858 309 1912 tellit
362 1871 504 1910 vana
557 1854 846 1910 soloecismi
887 1857 1086 1926 imago.
1120 1857 1472 1924 Soloecismus
1502 1875 1606 1913 non
1630 1869 1734 1923 est,

1844 1864 1934 1916 τοῦ
1973 1863 2118 1917 θείου
2147 1863 2307 1933 νόμου
2345 1858 2758 1930 ἐπιτελούμενα,
2805 1858 2899 1909 καὶ
2930 1859 2994 1910 ὲκ
3018 1856 3126 1909 τῶν
3162 1856 3410 1926 ἀμαρτηο

171 1947 263 2002 sed
310 1947 552 2016 pessima
608 1946 860 2017 loquendi
904 1948 1062 2012 ratio,
1104 1947 1228 2000 huic
1252 1949 1481 2010 auctori,
1519 1958 1576 2000 ut
1605 1947 1740 2001 vidi-

173 2054 315 2103 mus,
375 2037 801 2108 perfamiliaris:
837 2053 940 2105 qua
981 2037 1280 2107 participiis
1338 2037 1541 2092 incerte
1578 2047 1740 2106 atque

175 2129 460 2187 indeﬁnite
524 2129 599 2183 uti
643 2127 797 2182 solet.
854 2126 1080 2198 Itaque,
1139 2137 1196 2182 ut
1244 2128 1378 2183 alias
1436 2144 1612 2198 saepe,
1665 2130 1740 2183 ita

171 2223 336 2276 etiam
397 2222 488 2276 hic
543 2221 882 2292 participium
947 2222 1026 2276 sic
1083 2221 1240 2276 debet
1298 2221 1497 2290 accipi,
1543 2231 1599 2274 ut
1651 2221 1740 2276 ali-

173 2312 297 2382 quid
366 2310 678 2367 necessario
750 2309 1102 2380 supplendum
1177 2308 1246 2364 sit
1311 2309 1379 2362 ad
1438 2308 1739 2364 orationem

170 2405 571 2460 absolvendam.
604 2402 714 2459 Nec
750 2411 1055 2459 erraturum
1105 2409 1254 2470 puto,
1309 2401 1399 2470 qui
1460 2400 1739 2456 existima-

175 2497 241 2548 rit
281 2511 447 2550 voces
499 2497 817 2566 ὲμφήναντα
855 2494 922 2546 τὰ
960 2494 1244 2563 εἰρημένα,
1293 2494 1381 2548 hic
1408 2495 1460 2548 in
1521 2493 1737 2548 modum

171 2601 330 2643 casus
387 2587 622 2641 absoluti
680 2586 881 2654 positas
931 2598 1099 2639 esse:
1149 2593 1264 2649 aut,
1305 2586 1350 2639 si
1402 2585 1592 2649 mavis,
1620 2599 1738 2638 mo-

173 2679 271 2733 dus
299 2678 610 2734 indeﬁnitus
640 2677 958 2748 ἐμφήναντα
979 2677 1080 2732 hoc
1101 2675 1239 2742 loco,
1275 2684 1332 2730 ut
1362 2675 1486 2730 alibi
1517 2677 1736 2746 passim,

174 2772 380 2839 positus
429 2779 511 2825 est
576 2787 672 2840 pro
727 2770 910 2837 finito,
971 2770 1258 2842 ὲνέφηναν,
1313 2770 1392 2825 sic
1455 2780 1656 2837 tamen,
1684 2777 1741 2824 ut

175 2863 529 2917 subaudiatur
563 2879 663 2919 vox
698 2864 884 2933 ἐπειδή
907 2902 921 2926 ,
971 2872 1062 2916 aut
1094 2863 1197 2917 alia
1238 2862 1450 2926 similis,
1486 2863 1628 2931 quod
1667 2863 1739 2916 ita

175 2955 312 3008 verti
368 2954 610 3023 poterit:
649 2974 668 3007 ι
708 2955 772 3009 Ει
801 2955 887 3009 hic
941 2955 1102 3023 igitur
1158 2963 1441 3022 postquam
1488 2969 1572 3018 ea,
1621 2968 1740 3022 qua:

178 3047 317 3099 dicta
350 3055 501 3109 sunt,
533 3045 757 3100 multum
787 3045 1139 3101 OStenderunt
1167 3045 1401 3098 lenitatis
1431 3054 1590 3113 atque
1632 3045 1740 3098 cle-

179 3139 414 3203 mentiae,
448 3138 517 3194 iis
551 3138 641 3207 qui
671 3153 728 3194 se
756 3145 1104 3201 convertunt,
1136 3151 1323 3190 rursus
1355 3136 1423 3191 ab
1450 3136 1554 3191 alio
1592 3136 1741 3204 prin-

1838 1955 2008 2017 τικῶς
2044 1955 2432 2024 πραττομένων
2476 1953 2771 2024 καθαίρων.
2822 1949 3066 2019 Scriptor
3123 1947 3283 2016 paulo
3311 1947 3412 2001 huc

1839 2046 2050 2100 manior
2073 2046 2303 2100 dixisset
2337 2060 2352 2098 :
2394 2044 2503 2096 Καὶ
2542 2044 2606 2096 τὰ
2648 2042 3034 2115 ἁμαρτητικῶς
3065 2041 3410 2115 πραττόμενα

1839 2138 2131 2208 καθαίρων.
2167 2157 2186 2190 ι
2214 2136 2313 2204 Qui
2340 2151 2520 2192 sermo
2547 2150 2766 2205 prorsus
2815 2136 2989 2188 abolet
3014 2151 3133 2204 qua:
3165 2135 3415 2188 commit-

1843 2240 2029 2284 tuntur
2056 2238 2250 2299 praeter
2278 2229 2514 2284 divinam
2542 2228 2737 2298 legem,
2776 2237 2938 2296 atque
2965 2234 3185 2296 peccata
3218 2239 3412 2293 expur-

1840 2331 1952 2392 gat.
1995 2343 2014 2374 ι
2069 2309 2324 2390 Ejusdem
2380 2319 2597 2388 generis
2656 2329 2735 2373 est
2766 2321 2926 2386 illud,
2972 2332 3080 2388 quo
3107 2316 3416 2386 explicatur

1840 2403 2158 2484 (num.217’)
2190 2411 2489 2467 versiculus
2516 2410 2754 2464 decimus
2773 2423 2826 2462 et
2853 2420 3077 2464 octavus
3099 2409 3360 2477 capit.vn:
3393 2425 3406 2459 :

1848 2528 1865 2560 ι
1892 2508 2028 2563 Ecce
2046 2522 2143 2577 ego
2167 2517 2220 2560 et
2238 2505 2386 2574 pueri
2415 2518 2550 2572 quos
2568 2501 2697 2555 mihi
2725 2501 2869 2555 dedit
2889 2501 3044 2563 Deus,
3072 2519 3091 2550 ι
3125 2500 3277 2554 Ἰδοὺ
3298 2494 3420 2552 οὖν’

1841 2597 1955 2666 ἐγὼ
1983 2596 2082 2650 καὶ
2104 2595 2176 2648 τὰ
2204 2594 2426 2658 παιδία,
2455 2592 2690 2646 δείκνυσι
2717 2592 2842 2654 τοὺς
2877 2590 3164 2652 ἐκλεκτοὺς
3191 2588 3406 2641 ἑαυτοῦ.

1844 2687 2010 2753 Διότι,
2046 2695 2153 2741 etc.
2181 2685 2356 2743 Scribi
2389 2686 2565 2752 potius
2609 2685 2911 2751 oportebat,
2935 2681 3024 2735 διὰ
3044 2680 3256 2745 τούτου,
3301 2669 3429 2736 ειε.ι

1843 2780 2028 2849 Itaque
2051 2793 2146 2846 per
2175 2776 2322 2839 illud,
2346 2794 2363 2828 ι
2387 2775 2526 2830 Ecce
2552 2789 2777 2844 ego»...
2811 2774 3012 2829 electos
3044 2789 3169 2827 suos
3199 2772 3408 2844 signifi-

1843 2883 1948 2927 cat.
1990 2869 2281 2927 Consimile
2334 2879 2452 2935 est,
2507 2869 2648 2939 quod
2720 2866 2915 2922 dicitur
2987 2865 3039 2918 in
3093 2865 3179 2917 illa
3235 2864 3405 2936 (num.

1840 2965 1966 3034 237)
2001 2983 2013 3018 :
2056 2962 2120 3015 Et
2151 2963 2246 3016 erit
2279 2978 2394 3014 cum
2424 2960 2856 3015 consummaverit
2895 2957 3146 3010 Dominus
3167 2956 3234 3025 ³³,
3265 2966 3406 3014 etc.:

1841 3055 1994 3106 Μετὰ
2018 3054 2078 3105 τὸ
2109 3053 2406 3123 προστάξαι
2446 3055 2556 3114 τοῖς
2586 3054 2643 3102 ὲν
2681 3049 3056 3122 Ἰερουσαλὴμ,
3098 3053 3320 3113 καὶτοῖς
3352 3053 3410 3104 ἐν

1843 3145 2126 3216 Σαμαρείᾳ
2177 3144 2494 3214 ὀλολυγμὸν,
2563 3145 2654 3197 καὶ
2705 3147 2769 3215 τῇ
2820 3145 2905 3196 ἐπ’
2957 3146 3137 3207 αὺτοῖς
3189 3145 3406 3216 ἀπειλῇ.

177 3232 314 3298 cipio
341 3231 680 3285 intentantur
710 3229 1001 3286 amariora.
1043 3247 1061 3281 ι
1088 3229 1329 3294 Quantas
1354 3238 1532 3282 autem
1589 3237 1738 3282 tene-

1844 3233 1987 3296 Οἷον.
2018 3236 2211 3306 Quaero
2240 3240 2364 3308 quid
2411 3239 2512 3294 sibi
2555 3239 2682 3295 velit
2709 3239 2856 3303 illud,
2890 3239 2983 3290 καὶ
3008 3241 3074 3308 τῇ
3102 3239 3186 3290 ἐπ’
3230 3240 3410 3299 αὐτοῖς

178 3319 298 3372 bras
332 3320 582 3373 mutilum
611 3319 740 3373 illud
769 3336 832 3374 ac
866 3321 1106 3389 ineptum
1139 3320 1546 3389 dicendigenus
1571 3317 1742 3375 oll'un-

178 3410 263 3462 dat
291 3410 477 3472 rebus,
502 3410 593 3464 vix
623 3411 728 3464 dici
763 3421 956 3480 potest.
987 3410 1236 3466 Profecto
1261 3412 1306 3466 si
1334 3413 1563 3480 scriptor
1585 3427 1739 3466 suum

176 3502 627 3556 commentarium
687 3503 910 3572 intelligi
973 3504 1238 3573 cupiebat,
1305 3518 1428 3557 eum
1484 3505 1743 3559 debuerat

177 3592 445 3663 aliquibus
500 3595 724 3651 scholiis
759 3595 1053 3651 illustrare.
1083 3596 1246 3653 Certe
1271 3597 1316 3652 si
1347 3611 1455 3651 non
1504 3596 1739 3662 aliunde,

178 3693 229 3736 at
255 3685 392 3741 satis
425 3695 607 3740 tamen
638 3685 795 3756 hujus
838 3689 1215 3744 commentarii
1236 3690 1515 3743 voesta.ex
1549 3703 1612 3744 eo
1647 3705 1740 3759 pa-

175 3785 328 3841 teret,
366 3777 512 3846 quod
569 3779 805 3846 scriptor
849 3795 953 3834 non
997 3779 1240 3834 absolvat
1291 3781 1616 3843 orationem,
1647 3780 1742 3833 sed

177 3867 379 3922 incerte
407 3879 464 3922 et
491 3871 763 3927 indefinite
786 3872 1058 3941 loquatur.
1092 3869 1227 3924 Nam
1257 3880 1317 3925 ut
1365 3872 1496 3925 nihil
1539 3881 1623 3926 est
1664 3870 1744 3925 fa-

178 3961 441 4016 miliarius
467 3962 596 4018 huic
626 3965 853 4025 auctori,
888 3964 961 4017 ita
991 3962 1123 4017 nihil
1152 3971 1236 4018 est
1269 3963 1446 4018 minus
1482 3966 1740 4020 usitatum

178 4058 309 4124 apud
335 4055 597 4110 Basilium
625 4054 894 4126 Magnum.

241 4150 329 4203 56.
366 4147 640 4218 Quidquid
671 4148 914 4203 vitiosum
941 4162 1024 4203 εει
1053 4148 1108 4203 in
1135 4148 1281 4204 hisce
1308 4152 1737 4216 commentariis,

176 4256 328 4296 omne
359 4243 409 4295 id
445 4242 707 4296 adnotare
730 4255 999 4310 nunquam
1025 4242 1154 4295 mihi
1183 4243 1458 4309 proposui.
1491 4243 1740 4312 Alioquin

175 4333 311 4385 enim
345 4342 494 4386 totus
516 4332 628 4387 fere
654 4331 781 4386 mihi
829 4332 1221 4386 exscribendus
1251 4330 1442 4387 fuisset
1463 4347 1741 4388 commen-

177 4425 362 4478 tarius.
389 4422 495 4477 Sed
520 4431 696 4477 tamen
721 4422 822 4476 alia
855 4423 1061 4493 aliquot
1086 4423 1204 4478 loca
1231 4423 1501 4492 subjicere
1528 4423 1742 4478 libitum

176 4525 274 4582 est,
305 4528 431 4585 qua}
471 4522 579 4566 tam
635 4512 862 4567 obscura
891 4522 1035 4577 sunt,
1092 4524 1306 4583 tamque
1339 4515 1556 4581 vitiosa,
1584 4523 1642 4569 ut
1673 4530 1738 4571 ex

178 4607 236 4660 iis
258 4605 406 4660 nulla
433 4604 656 4658 omnino
684 4604 870 4658 idonea
911 4606 1175 4660 sententia
1217 4607 1438 4660 extundi
1474 4622 1634 4677 posse
1672 4609 1743 4664 vi-

178 4699 384 4754 deatur.
427 4696 558 4750 Tale
580 4703 686 4762 est,
719 4695 859 4764 quod
882 4695 1012 4749 dicit
1045 4697 1311 4766 interpres
1347 4699 1399 4751 in
1431 4698 1524 4753 illa
1558 4699 1740 4770 (num.

179 4789 295 4858 16):
332 4789 467 4845 Haec
496 4788 622 4841 dicit
669 4785 923 4842 Dominus
948 4802 968 4841 :
1005 4785 1108 4842 Pro
1129 4805 1189 4843 eo
1214 4789 1352 4858 quod
1375 4791 1586 4846 elevata:
1625 4802 1743 4845 sunt

177 4891 296 4956 ﬁlia
324 4890 457 4945 Sion
481 4891 549 4955 ³⁸,
588 4900 694 4945 etc.
723 4889 1009 4958 Postquam
1043 4893 1186 4946 enim
1213 4895 1506 4950 insectatus
1531 4907 1607 4950 est
1631 4913 1743 4960 eos.

177 4984 260 5050 qui
292 4982 536 5050 reliquos
589 4991 962 5047 contemnunt,
1010 4985 1204 5038 desinit
1241 4986 1323 5039 his
1366 4987 1591 5041 verbis:
1635 4989 1741 5051 Οὓς

183 5076 320 5146 μένει
359 5076 417 5128 τὸ
451 5074 740 5146 ἀπειληθὲν
771 5075 968 5144 πτῶμα
1020 5077 1079 5128 τὸ
1108 5077 1192 5130 διὰ
1220 5079 1316 5147 τῆς
1343 5081 1757 5146 ταπεινώσεως,.

180 5168 233 5222 τὸ
273 5169 386 5222 ἀπὸ
427 5164 520 5217 τοῦ
554 5165 739 5234 ὕψους.
779 5167 887 5218 Καὶ
938 5166 1164 5235 Κύριος,
1200 5180 1304 5224 etc.
1341 5169 1518 5224 Nihilo
1551 5173 1742 5226 melius

181 5262 312 5328 quod
350 5259 545 5329 lcgitur
577 5274 728 5315 num.
781 5260 844 5311 87
877 5258 943 5311 ⁸⁸.
982 5258 1071 5313 Sic
1104 5270 1280 5314 autem
1312 5263 1529 5317 scribit:
1567 5263 1631 5315 Τί
1678 5264 1743 5316 ἄν

182 5352 265 5405 ἐπὶ
293 5354 367 5422 τῇ
391 5349 580 5404 τούτου
603 5349 701 5421 θέᾳ
732 5349 920 5404 παθεῖν
963 5352 1052 5404 τὸν
1075 5351 1288 5423 πτωχὸν
1325 5354 1492 5423 δῆμον
1519 5357 1742 5422 ἐκεῖνον,

183 5442 269 5496 τὴν
290 5443 430 5507 τέως
452 5441 519 5496 τὰ
572 5440 745 5513 μικρά
770 5441 1112 5513 θαυμάζοντα
1170 5445 1296 5509 τοὺς
1343 5444 1546 5498 ἑαυτῶν
1582 5447 1745 5516 ὑπερ-

185 5539 412 5607 έχοντας.
446 5534 590 5590 Sane
605 5533 765 5589 aliter
788 5533 998 5592 locutus
1029 5538 1216 5594 fuisset
1239 5541 1491 5608 scriptor,
1513 5539 1602 5609 qui
1630 5552 1746 5594 stu-

247 5744 290 5774 ⁹²
323 5741 422 5797 lsa.
452 5758 566 5804 va.
594 5741 651 5796 6.
731 5741 776 5773 ⁹³
809 5741 907 5794 Isa.
950 5757 1027 5806 Ill,
1085 5743 1168 5795 16.
1245 5740 1413 5794 “lsa.
1465 5757 1518 5794 ιι.
1562 5743 1641 5796 Η.

187 5808 229 5844 ’³
257 5813 380 5867 ibid.
459 5815 548 5868 I7.
634 5811 780 5865 'lsa.
820 5828 893 5876 χι,
932 5812 1009 5868 12.
1087 5815 1105 5845 ²
1139 5814 1239 5866 Ian.
1277 5831 1388 5870 λιιι,
1435 5813 1513 5865 ll.

1721 5743 1882 5797 "Ian.
1921 5760 1970 5808 ι’,
2006 5743 2084 5798 Η.

1840 3329 2059 3403 ἀπειλῇ.
2094 3330 2385 3400 Interpres,
2441 3330 2485 3384 si
2518 3331 2616 3384 sibi
2650 3340 2902 3383 constare
2945 3329 3123 3392 vellet,
3173 3329 3411 3384 scribere

1843 3422 2134 3490 debuerat,
2162 3424 2257 3477 καὶ
2293 3424 2429 3494 μετὰ
2463 3423 2560 3493 τὴν
2602 3424 2687 3475 ἐπ’
2723 3423 2905 3486 αὐτοῖς
2929 3423 3173 3494 ἀπειλήν.
3207 3443 3224 3474 ι
3267 3423 3411 3477 POSt-

1843 3531 2002 3583 quam
2041 3516 2307 3584 sculptilia
2340 3531 2460 3583 qua:
2499 3525 2656 3569 erant
2692 3516 2745 3569 in
2793 3513 3094 3569 Jerusalem
3128 3527 3182 3569 et
3229 3517 3278 3568 in
3314 3516 3412 3568 Sa—

1841 3605 2036 3669 maria,
2087 3605 2295 3658 ululare
2334 3604 2483 3674 jussa
2532 3613 2676 3667 sunt,
2732 3606 2920 3673 eisque
2977 3605 3254 3658 intentata:
3285 3614 3412 3657 stmt

1844 3699 2022 3762 minae,
2055 3706 2158 3749 etc.
2196 3715 2213 3748 ι
2261 3696 2574 3763 Exemplum
2607 3696 2749 3750 aliud
2783 3696 3118 3766 proferemus
3143 3711 3205 3752 ex
3242 3699 3412 3749 inter-

1842 3790 2140 3854 pretatione
2166 3790 2455 3840 verborum
2487 3787 2697 3842 illorum
2755 3788 2928 3858 (num.
2973 3788 3142 3858 242):
3195 3785 3261 3838 Et
3313 3786 3408 3839 erit

1842 3877 2014 3932 lumen
2049 3875 2220 3932 Israel
2252 3880 2305 3932 in
2329 3881 2516 3949 ignem,
2541 3889 2588 3934 et
2621 3880 2970 3947 sanctiﬁcabit
3002 3881 3150 3932 illum
3172 3880 3237 3945 θ’,
3264 3887 3367 3933 etc.
3393 3900 3403 3933 :

1841 3969 2143 4032 Φάσκοντες
2172 3971 2270 4042 τὴν
2307 3973 2405 4042 μὲν
2434 3971 2653 4025 ἀστείαν
2679 3971 2800 4026 τινὰ
2854 3965 3015 4034 εἶναι,
3063 3970 3155 4022 καὶ
3191 3969 3281 4023 ἐπὶ
3317 3968 3407 4022 τὸν

1844 4063 2125 4116 σπουδαῖον
2152 4063 2369 4116 πίπτειν
2413 4065 2594 4134 γέρως
2638 4060 2802 4116 οὖσαν
2838 4061 3078 4128 ἀξίωσιν·
3109 4062 3169 4114 τὸ
3200 4061 3278 4114 δέ.
3306 4061 3408 4113 Su-

1842 4157 2020 4225 spicor
2048 4171 2153 4210 non
2180 4155 2486 4220 defuturos,
2536 4155 2733 4223 quibus
2764 4155 2995 4210 tenebrae
3021 4156 3127 4209 sint
3156 4155 3272 4207 haec
3304 4154 3406 4205 tria

1841 4250 2000 4304 verba
2030 4286 2046 4312 ,
2073 4246 2252 4320 γέρως
2294 4242 2458 4300 οὖσαν
2497 4245 2740 4310 ἀξίωσιν.
2782 4244 2893 4300 Nec
2925 4239 3211 4299 dilucidius
3240 4245 3408 4312 expli-

1843 4351 2033 4394 cantur
2069 4339 2154 4394 illa
2190 4339 2361 4409 (num.
2394 4338 2518 4406 249)
2553 4353 2567 4392 :
2604 4339 2671 4392 Et
2717 4337 2909 4392 levabit
2940 4338 3143 4406 signum
3185 4337 3238 4388 in
3280 4352 3406 4403 gen-

1843 4447 1916 4488 tes
1939 4436 1977 4489 ί.
2010 4433 2084 4488 lta
2114 4449 2243 4504 ergo
2287 4435 2474 4489 scribit
2505 4435 2770 4501 interpres
2799 4446 2814 4484 :
2855 4429 2925 4480 Ἦ
2947 4429 3025 4481 ὅτι
3065 4427 3168 4499 πρὸ
3196 4427 3287 4480 τοῦ
3313 4427 3406 4492 ξε-

1843 4528 1984 4580 λίνου
2019 4527 2250 4599 σταυροῦ
2277 4528 2458 4597 νοητός
2492 4544 2574 4589 τις
2613 4525 2690 4594 τῷ
2719 4524 2906 4592 κόσμῳ
2932 4521 3090 4578 παντὶ
3127 4519 3409 4571 συνεσταύ-

1850 4637 2040 4692 ρωται.
2066 4621 2147 4674 Ad
2173 4619 2390 4673 verbum
2422 4635 2436 4670 :
2478 4637 2496 4669 ι
2529 4619 2655 4670 Sive
2685 4615 2827 4686 quod
2871 4624 2993 4668 ante
3033 4613 3262 4681 ligneam
3294 4625 3408 4662 cru-

1847 4728 1962 4766 cem
1991 4711 2343 4782 intelligibilis
2366 4709 2608 4778 quadam
2642 4721 2748 4760 una
2779 4721 2896 4761 cum
2928 4714 3042 4759 tcto
3063 4700 3261 4756 mundo
3286 4717 3409 4756 cru-

1847 4807 2000 4858 cilixa
2041 4815 2144 4859 est.
2183 4824 2200 4857 ι
2249 4804 2386 4869 Quid
2413 4811 2520 4866 est,
2571 4814 2775 4870 quaeso,
2809 4799 2984 4867 inepte
3013 4795 3178 4863 loqui,
3213 4795 3256 4849 si
3308 4795 3408 4846 hoc

1849 4913 1951 4951 non
1981 4897 2111 4951 est?
2143 4896 2254 4949 Hoc
2292 4905 2492 4956 autem,
2540 4893 2582 4948 si
2611 4891 2849 4946 divinare
2872 4890 3014 4953 licet,
3040 4888 3218 4942 dicere
3244 4887 3407 4939 voluit

1849 4993 2153 5060 interpres:
2191 5007 2209 5039 ι
2247 4988 2375 5042 Sive
2403 4987 2544 5056 quod
2581 4992 2704 5038 ante
2728 4984 2958 5052 ligneam
2995 4980 3137 5033 illam
3169 4993 3406 5040 crucem,

1847 5085 2026 5138 crucis
2052 5080 2329 5148 cujusdam
2356 5078 2708 5146 intelligibilis
2732 5076 2908 5143 imago
2939 5088 3002 5126 ac
3027 5073 3195 5140 ﬁgura
3222 5070 3274 5123 in
3300 5077 3410 5121 toto

1852 5174 2050 5228 mundo
2083 5173 2397 5226 haberetur.
2422 5191 2446 5220 ι
2466 5169 2694 5223 Basilius
2725 5181 2831 5221 non
2857 5165 2927 5218 ita
2951 5163 3092 5231 loqui
3121 5163 3289 5215 solet:
3317 5159 3409 5212 sed

1850 5268 1921 5318 ita
1955 5265 2234 5318 enucleate
2264 5262 2411 5326 dicit,
2446 5272 2503 5315 ut
2531 5257 2664 5313 hihil
2699 5259 2808 5313 ullo
2835 5271 2968 5327 opus
2996 5255 3065 5310 sit
3092 5251 3300 5319 (Εθίρο
3346 5251 3410 5305 ad

1847 5357 2269 5424 intelligendum.
2303 5354 2430 5407 Item
2459 5353 2587 5423 quid
2623 5351 2723 5405 sibi
2750 5350 2915 5403 velint
2942 5362 3062 5418 qua:
3086 5346 3337 5400 dicuntur
3359 5343 3410 5394 in

1848 5450 1974 5502 illud
2011 5452 2180 5514 (ιιιιιιι.
2209 5445 2330 5512 267)
2356 5463 2368 5500 ;
2401 5445 2464 5498 Et
2484 5444 2697 5513 perdant
2726 5442 2976 5508 iniuriam
2999 5438 3293 5504 iniquorum
3318 5473 3331 5493 ,
3360 5443 3408 5484 ct

1851 5539 2220 5598 contumeliam
2243 5539 2582 5605 superborum
2609 5533 2897 5587 humiliabo
2924 5534 2967 5598 ’,
2983 5540 3286 5601 promptum
3307 5541 3410 5578 non

2165 5744 2209 5773 9‘
2242 5743 2370 5796 ὶΙιὶιΙ.
2401 5741 2487 5794 ‘23.
2567 5743 2608 5769 9’
2638 5739 2738 5795 Im,
2777 5757 2846 5805 ιι,
2879 5739 2909 5790 7
3028 5737 3071 5768 9”
3108 5735 3207 5786 lsa.
3239 5748 3291 5795 ι,
3326 5731 3410 5785 ta.
