4080 6314
687 356 821 395 CCXV

2050 337 2579 393 l’llOLEGOMI‘LNA.

682 466 765 507 est
796 462 1118 521 caujectare.
1181 450 1303 502 llaec
1339 460 1515 504 autem
1570 460 1689 503 sunt
1731 470 1743 502 :
1814 452 1949 503 Ἀλλ’
1982 452 2090 504 ἀπὸ
2133 455 2251 515 ἑνὸς
2278 466 2323 519 Α
2354 450 2577 505 recurrit
2637 451 2687 503 iu
2750 446 3139 501 commentario
3168 483 3185 500 .
3249 456 3305 497 ut
3364 444 3667 499 satietatem
3731 456 3935 496 creare

683 544 1079 616 αμαρτήματος
1092 540 1413 603 διατατικῶς
1438 543 1522 607 ἐφ’
1546 541 1642 594 ὅλα
1677 540 1745 593 τὰ
1783 541 1895 613 εἴδη
1931 540 2029 611 τῆς
2055 543 2249 605 κακίας

684 636 963 701 ἐξακούειν
998 634 1263 705 προσήκει
1295 633 1395 701 τῆς
1452 632 1679 704 ὕϐρεως.
1722 634 1785 685 Ol
1812 636 1939 706 γάρ.
1973 641 2077 687 etc.
2120 635 2252 687 Rur-

686 745 799 796 sus,
823 730 866 784 si
905 727 1248 795 interpretari
1288 725 1442 789 velis,
1476 726 1542 780 ad
1592 724 1933 792 conjecturas
1972 725 2250 795 confugias

690 834 910 875 trucesse
947 831 1050 873 est.
1109 817 1219 873 Nec
1255 817 1396 871 forte
1430 817 1569 871 male
1615 820 1978 887 augurabere.
2028 817 2072 870 si
2107 818 2252 872 dicas

689 910 840 973 illud,
868 909 930 963 τὸ
981 908 1305 979 ἁμάρτημα,
1349 907 1699 975 supplemlum
1749 923 1869 962 esse
1892 914 2014 959 ante
2044 921 2248 971 vocem,

690 1000 917 1073 ὓόρεως.
947 1015 1003 1056 ut
1030 1001 1210 1054 verbis
1262 1001 1346 1056 his
1373 1002 1457 1054 hic
1485 998 1656 1053 subsit
1684 1014 1872 1056 sensus
1908 1016 1920 1051 :
1961 1018 1979 1049 ι
2025 997 2127 1053 Sed
2159 1014 2253 1067 par

688 1106 772 1147 est
802 1092 1136 1147 contumeliae
1161 1105 1435 1162 peccatum
1462 1092 1534 1145 ita
1567 1090 1927 1162 interpretari,
1964 1100 2021 1143 ut
2050 1092 2119 1147 ab
2148 1106 2254 1145 uno

691 1196 909 1254 peccato
932 1185 998 1238 ad
1024 1187 1208 1240 omnia
1237 1184 1487 1253 nequitia:
1514 1200 1708 1252 genera
1738 1183 2059 1237 extendatur
2085 1185 2251 1251 signi-

693 1275 890 1328 ficatio.
927 1294 947 1326 ι
981 1275 1086 1329 Sed
1118 1291 1298 1346 qua-ro
1348 1288 1414 1327 an
1457 1275 1681 1338 homini,
1718 1289 1824 1327 non
1873 1274 1993 1327 dico
2043 1270 2252 1337 Graeco,

691 1367 784 1419 sed
821 1367 1078 1431 barbaro,
1114 1369 1184 1419 ita
1219 1366 1361 1433 loqui
1396 1364 1603 1421 liceat?

758 1458 850 1511 57.
883 1460 1089 1512 Addant
1118 1467 1170 1511 et
1196 1456 1321 1521 alia,
1348 1473 1464 1527 quae
1493 1453 1929 1527 peregrinitatem
1964 1452 2036 1506 ita
2070 1461 2255 1522 aperte

688 1544 854 1604 n’ent.
892 1560 952 1597 ea
1005 1554 1056 1593 ut
1094 1557 1282 1603 nemo.
1338 1545 1434 1598 nisi
1470 1542 1812 1612 przejudicata
1847 1542 2028 1610 Opinio
2056 1542 2251 1605 obstet,

692 1632 962 1684 Basiliana
992 1632 1211 1686 dixerit.
1244 1633 1310 1687 Et
1335 1632 1587 1702 quoniam
1610 1630 1677 1684 de
1699 1632 1886 1685 ordine
1913 1632 1964 1684 in
1990 1629 2250 1699 ejusmodi

693 1725 851 1778 rebus
906 1739 1010 1777 non
1065 1726 1288 1778 umltum
1344 1723 1695 1778 laborandum
1743 1737 1859 1787 est;
1921 1732 1980 1777 ut
2021 1722 2256 1792 quidque

2352 552 2542 607 possit.

2421 629 2511 686 58.
2549 629 2835 697 Postquam
2896 627 2961 681 de
2995 627 3171 681 verbis
3218 625 3393 692 deque
3444 640 3630 681 eorum
3668 631 3935 677 construi-

2351 722 2530 776 ctione
2560 722 2997 788 disceptavimus,
3047 719 3307 788 reliquum
3343 728 3424 770 est
3448 731 3504 773 ut
3542 722 3608 776 de
3631 717 3935 774 sententiis

2353 810 2482 878 ipsis
2513 812 2711 878 aliquid
2741 812 3003 865 dicamus.
3057 806 3195 862 Sunt
3240 816 3414 861 autent
3460 811 3713 864 nonnulla
3740 851 3757 872 ,
3800 822 3935 875 quae

2353 904 2432 958 sic
2456 902 2690 957 fabulam
2738 904 2971 970 sapiunt,
3024 908 3082 952 nt
3111 915 3175 953 ea
3208 900 3351 954 Patri
3384 901 3701 968 gravissimo
3757 900 3934 954 tribui

2355 1008 2457 1047 non
2494 1008 2650 1062 posse
2695 993 2995 1048 videantur.
3031 990 3245 1060 Insigne
3272 1002 3375 1054 est,
3406 992 3543 1059 quod
3575 1003 3832 1046 narratur
3864 992 3939 1044 de

2354 1083 2714 1139 dannouihus.
2751 1085 2854 1138 Sed
2894 1086 3235 1151 interpretem
3262 1084 3432 1150 ipsum
3461 1080 3646 1135 audire
3676 1092 3932 1151 prastat,

2355 1181 2482 1236 illud
2517 1185 2688 1252 fnum.
2734 1178 2827 1247 25)
2852 1197 2864 1232 :
2890 1179 3079 1233 Plenus
3110 1192 3225 1229 sum
3257 1177 3298 1244 ³,
3331 1176 3723 1245 explanantem.
3766 1195 3784 1227 ι
3807 1176 3937 1229 Ihe-

2355 1289 2540 1329 mones
2567 1273 2783 1343 quidem
2826 1283 3011 1342 utpote
3037 1270 3402 1339 voluptatibus
3434 1266 3820 1338 affectibusqne
3842 1272 3933 1322 in-

2354 1365 2658 1435 dulgentes,
2685 1379 2749 1417 ex
2785 1364 3022 1419 victimis
3050 1377 3153 1417 non
3213 1362 3345 1415 nihil
3374 1360 3589 1428 capiunt
3631 1360 3937 1430 voluptatis

2356 1470 2421 1510 ac
2445 1454 2809 1511 emolumenti.
2848 1454 3054 1523 Quippe
3094 1454 3217 1508 dum
3252 1452 3629 1517 incenduntur,
3699 1451 3936 1521 sanguis

2355 1564 2451 1619 per
2474 1549 2805 1604 adustionem
2855 1548 3187 1602 convertitur
3218 1544 3270 1597 in
3307 1557 3601 1612 vaporem,
3654 1540 3848 1609 sicque
3878 1545 3933 1594 in

2356 1643 2626 1712 ejusmodi
2684 1639 2922 1695 minutas
2980 1648 3161 1707 partes
3196 1635 3463 1693 resolutus
3498 1635 3549 1688 in
3573 1648 3760 1688 eorum
3796 1638 3935 1687 sub-

2356 1735 2607 1789 stantiam
2634 1733 2798 1789 subit.
2832 1748 2850 1782 )
2876 1727 2931 1782 Id
2965 1730 3183 1797 quidem
3221 1727 3501 1783 ridiculum
3524 1734 3605 1779 est
3638 1738 3735 1794 per
3766 1737 3933 1787 sese;

692 1814 921 1878 primam
964 1817 1014 1867 in
1050 1824 1279 1868 mentem
1312 1815 1539 1877 venerit,
1590 1814 1663 1869 ita
1714 1816 1945 1886 primum
1995 1828 2257 1882 propone-

2362 1828 2455 1883 sed
2484 1825 2637 1897 longe
2671 1822 2841 1893 magis
2882 1820 3105 1874 ridicula
3131 1831 3212 1875 est
3239 1819 3572 1888 comparatio
3598 1832 3684 1882 ea,
3717 1830 3835 1885 qua
3866 1816 3936 1869 ad

693 1922 834 1961 ntus.
884 1907 1007 1960 Dico
1037 1907 1196 1975 igitur
1224 1920 1381 1960 voces
1431 1905 1735 1963 desinentes
1773 1909 1823 1960 in
1854 1904 1993 1967 τέον,
2023 1921 2260 1976 σημειω-

691 1999 831 2061 τὲον,
864 1998 1100 2067 νοητέον,
1134 1998 1449 2070 χωριστέον,
1486 2010 1539 2054 et
1570 2000 1670 2054 alia
1726 1999 1776 2053 id
1800 2013 1965 2067 genus
1997 1999 2257 2067 permulta

694 2092 890 2155 passim
942 2105 1229 2145 occurrere
1278 2091 1328 2143 iu
1369 2092 1472 2145 hoc.
1506 2089 1897 2145 commentario
1920 2129 1935 2152 ,
1972 2089 2024 2143 in
2060 2088 2260 2146 Basilio

697 2197 823 2235 vero
870 2183 1023 2252 longe
1070 2184 1261 2238 rarius.
1314 2182 1540 2238 Basilius
1579 2182 1661 2255 ita
1710 2180 1885 2255 jungit
1938 2183 2258 2237 infinitivum

640 2308 643 2313 η
698 2274 1079 2342 prmpositioni,
1117 2286 1173 2326 ut
1205 2289 1268 2327 eo
1303 2273 1554 2343 loquendi
1613 2288 1809 2345 genere
1847 2286 2009 2341 parce
2032 2280 2255 2325 utatur:

697 2376 748 2417 at
786 2366 989 2420 auctori
1021 2375 1203 2420 nostro
1228 2366 1329 2421 hac
1366 2368 1575 2422 dicendi
1600 2366 1826 2421 formula
1858 2364 1990 2418 nihil
2029 2361 2259 2416 familia-

697 2458 827 2510 rius.
859 2455 1023 2525 Cujus
1084 2459 1297 2526 generis
1341 2466 1425 2512 est
1473 2457 1642 2510 illud:
1689 2455 1839 2507 Ἐπεὶ
1883 2449 1976 2507 οὖν
2024 2453 2083 2505 οὐ
2132 2470 2260 2523 μετ-

695 2547 998 2620 εὸλήθησαν
1030 2549 1138 2602 ἀπὸ
1162 2548 1256 2602 τοῦ
1285 2548 1456 2601 ἄδικοι
1490 2542 1648 2606 εἶναι,
1682 2547 1777 2599 καὶ
1804 2545 1991 2601 σκολιὰ
2018 2546 2161 2619 ἔχειν
2190 2544 2260 2600 τὰ

695 2640 995 2693 ἐπιϐούλια.
1034 2639 1160 2693 Item
1216 2640 1374 2696 illud:
1414 2638 1568 2711 Παρὰ
1619 2638 1701 2707 τὸ,
1755 2640 1849 2692 καὶ
1884 2639 1949 2693 ὲκ
2000 2639 2262 2711 στόματος

692 2729 786 2786 τοῦ
807 2730 941 2782 Θεοῦ
969 2730 1219 2797 λέγεσθαι
1258 2730 1697 2802 προεληλυθέναι.
1726 2728 1854 2785 IIem
1884 2730 2013 2787 illud
2044 2748 2059 2787 :
2095 2731 2262 2804 Ὑπὲρ

692 2819 789 2874 τοῦ
814 2822 978 2873 πᾶσιν
1017 2820 1192 2873 αὐτῶν
1220 2821 1289 2873 τὰ
1324 2824 1589 2892 πρόσωπα
1607 2818 1744 2875 εἶναι
1781 2825 2086 2894 καταφανῆ.
2130 2823 2260 2878 Item

699 2913 827 2967 illud
859 2934 870 2967 :
897 2913 1145 2966 Τοσαῦτα
1174 2915 1254 2978 εἰς
1284 2913 1345 2967 τὸ
1396 2914 1723 2986 σαφέστερον
1752 2914 2074 2985 νοηθῆναι...
2122 2914 2261 2968 κατὰ

697 3004 826 3060 τὸ...
856 3009 934 3070 εἰς
954 3006 1032 3074 τὸ,
1053 3006 1264 3078 ἡμέρας
1290 3007 1384 3077 μὲν
1411 3004 1651 3070 σκιάζειν
1675 3007 1870 3070 αὐτοὺς
1890 3005 1987 3077 τὴν
2007 3005 2257 3077 νεφέλην.

700 3099 826 3151 Item
866 3101 992 3152 illud
1031 3119 1043 3152 :
1075 3100 1229 3153 Κατὰ
1278 3100 1340 3152 τὸ
1369 3099 1868 3171 ἐμπεριειληφέναι.
1932 3098 2061 3154 Item
2095 3098 2255 3154 illud:

701 3183 847 3251 Ἐξω
887 3188 1052 3258 ἐσμὲν
1110 3188 1205 3241 τοῦ
1246 3188 1629 3251 ταλανίζεσθαι
1675 3193 1767 3243 ἐπὶ
1822 3194 1936 3253 τοῖς
1980 3189 2260 3253 τοιούτοις.

651 3357 654 3360 .
699 3280 830 3335 ltetn
858 3280 985 3336 illud
1008 3299 1021 3335 :
1053 3279 1150 3333 Διὰ
1171 3280 1277 3353 γὰρ
1298 3279 1357 3333 τὸ
1372 3279 1659 3350 χαίροντας
1676 3283 1869 3344 αὐτοὺς
1896 3282 1989 3332 καὶ
2013 3281 2261 3351 ὑϐρίζονο

700 3387 800 3436 τας
824 3374 1059 3443 τρέχειν.
1083 3376 1161 3427 Ad
1186 3375 1325 3428 idem
1358 3388 1546 3444 genus,
1588 3388 1707 3427 cum
1735 3373 1802 3427 de
1833 3372 2099 3425 inlinitivo
2124 3387 2260 3440 quo-

700 3478 801 3530 qtte
833 3476 1046 3531 agatur,
1078 3466 1308 3531 pertinet
1336 3466 1567 3533 quodam
1593 3465 1751 3518 modo
1781 3475 1834 3517 et
1863 3463 1989 3515 illud
2021 3484 2031 3517 :
2066 3462 2263 3517 Οὐκέτι

700 3554 854 3625 ἡτοῦ
901 3556 1313 3624 ἐγκαταλείπειν
1367 3556 1459 3609 τὸν
1489 3555 1691 3626 Κύριον
1744 3554 1987 3626 ἁμαρτία
2038 3556 2257 3627 ἐνεργη-

703 3650 970 3720 θήσεται..
1029 3649 1151 3705 Haec
1204 3649 1384 3713 retuli,
1443 3664 1550 3703 non
1594 3646 1738 3719 quoll
1785 3656 1964 3718 putem
1999 3645 2261 3715 ejusmodi

700 3741 941 3807 «exempla
971 3742 1116 3795 nulla
1158 3752 1373 3797 exstare
1399 3741 1540 3811 apud
1584 3743 1815 3811 optimos
1852 3755 2095 3810 quosque
2114 3740 2263 3797 scri-

699 3842 879 3899 ptores
910 3848 924 3883 :
959 3834 1055 3887 sed
1088 3833 1230 3901 quod
1264 3833 1456 3887 horum
1487 3849 1615 3887 usus
1640 3832 1973 3901 frequentior
1995 3831 2161 3886 multo
2193 3831 2264 3885 sit

698 3917 753 3970 in
788 3927 971 3972 nostro
1002 3926 1236 3980 auctore,
1268 3934 1427 3989 quam
1468 3922 1522 3973 in
1559 3920 1776 3975 Basilio.
1823 3920 1889 3974 Et
1915 3921 2058 3989 quad
2090 3922 2261 3989 magis

700 4023 914 4064 titovere
936 4010 1112 4075 debet,
1138 4025 1239 4064 non
1276 4025 1448 4080 pauca
1474 4020 1602 4065 sunt
1639 4011 1710 4065 ita
1744 4024 1904 4075 nova,
1931 4011 2001 4063 ita
2028 4010 2259 4072 insolita,

698 4111 755 4153 ut
780 4101 973 4155 similia
1015 4102 1141 4155 alibi
1172 4103 1414 4157 nancisci
1462 4102 1676 4158 difﬁcile
1700 4104 1794 4158 sit.
1821 4101 2009 4169 Qualia
2030 4102 2261 4158 fortasse

616 4262 619 4263 ν
702 4193 787 4246 illa
828 4216 840 4247 ι
881 4192 1040 4263 Παρὰ
1071 4193 1155 4258 τὺ,
1184 4196 1277 4247 καὶ
1317 4196 1380 4248 ἐκ
1412 4195 1673 4266 στόματος
1718 4194 1812 4249 τοῦ
1843 4193 1976 4248 Θεοῦ
2008 4193 2260 4263 λέγεσθαι

700 4285 1117 4355 προεληλυθέναι
1144 4303 1159 4318 ο
1199 4284 1303 4350 ἔξω
1354 4288 1521 4357 ἐσμὲν
1575 4287 1669 4341 τοῦ
1701 4286 2096 4351 ταλανίζεσθαι·
2142 4288 2170 4340 ὁ
2206 4287 2263 4341 δὲ

697 4380 1015 4449 ἐπιστήμων
1073 4378 1212 4433 κατὰ
1263 4377 1324 4431 τὸ
1385 4380 1866 4451 ὲμπεριειληφὲναι
1895 4380 1963 4434 τὰ
1996 4381 2263 4449 ἀναγκαῖα

2361 1920 2411 1972 id
2452 1915 2786 1982 probandum
2814 1913 2999 1967 utitur.
3030 1911 3159 1980 Ejus
3205 1912 3319 1964 hare
3345 1911 3502 1964 verba
3535 1922 3655 1964 sunt
3687 1929 3703 1965 :
3742 1929 3763 1962 ι
3796 1908 3936 1965 0m-

2361 2007 2489 2060 niuo
2527 2008 2670 2060 enim
2724 2004 2817 2060 toti
2858 2001 3147 2073 vaporibus
3188 1998 3442 2063 aluntur,
3495 2015 3599 2052 non
3639 2000 3788 2068 quod
3835 2014 3937 2053 eos

2358 2096 2638 2160 mandant,
2686 2107 2778 2150 aut
2802 2093 3048 2162 injiciant
3097 2091 3150 2145 in
3179 2099 3420 2143 ventrem
3442 2126 3458 2152 ,
3483 2087 3575 2141 sed
3606 2088 3840 2155 perinde
3875 2096 3937 2140 ut
3979 2156 3987 2162 _

2358 2187 2667 2243 animalium
2715 2188 2829 2259 pili,
2864 2202 3103 2256 ungues,
3153 2193 3209 2240 et
3253 2193 3584 2252 quaecunque
3632 2187 3764 2234 sunt
3808 2177 3935 2247 ejus

2359 2284 2606 2352 generis,
2642 2282 2708 2335 ad
2744 2295 2895 2335 suam
2918 2288 3084 2334 totam
3110 2275 3539 2332 constituendam
3566 2269 3934 2327 substantiam

2360 2364 2674 2428 alimentum
2732 2370 3030 2439 excipiunt.
3104 2366 3440 2434 Quapropter
3484 2363 3637 2417 avide
3689 2362 3935 2430 gaudent

2362 2465 2668 2532 nidoribus,
2697 2478 2759 2517 ac
2784 2462 2988 2517 fumum
3013 2475 3078 2516 ex
3104 2461 3262 2515 thure
3281 2456 3630 2528 prodeuntem
3666 2465 3934 2523 tanquam

2358 2556 2460 2611 sibi
2491 2555 2557 2610 ad
2579 2554 2889 2609 alimoniam
2908 2551 3368 2609 accommodatum
3392 2546 3701 2605 exsorbent.
3726 2544 3795 2600 Et
3820 2543 3934 2599 for-

2363 2660 2505 2705 tasse
2529 2649 2580 2703 in
2609 2647 2931 2703 animalibus
2972 2647 3113 2699 inest
3135 2643 3311 2713 aliqua
3350 2657 3474 2699 cum
3504 2638 3933 2695 daemonicorum

2363 2756 2648 2811 corporum
2712 2737 3130 2810 proprietatibus
3174 2733 3534 2789 necessitudo.
3605 2732 3781 2785 Porro
3836 2727 3931 2795 qui

2363 2834 2501 2886 votis
2548 2832 2850 2885 daemonum
2894 2827 3172 2895 explendis
3218 2825 3459 2887 student,
3500 2820 3591 2875 alii
3620 2818 3764 2872 aliud
3795 2814 3933 2870 οπε-

2365 2932 2510 2985 runt,
2544 2929 2794 2989 tanquam
2822 2918 2902 2973 eis
2925 2918 2991 2971 ad
3025 2916 3333 2971 alimoniam
3375 2911 3865 2969 accommodatius.
3892 2920 3931 2963 τ

2364 3010 2574 3077 Graeca,
2605 3026 2669 3065 ne
2694 3010 2902 3080 longior
2924 3021 3117 3071 essem,
3155 3021 3260 3061 non
3315 3005 3567 3075 apposui;
3619 3003 3712 3058 sed
3737 3019 3767 3056 a
3796 3017 3934 3073 quo-

2367 3100 2497 3161 libet
2537 3105 2637 3175 legi
2684 3111 2999 3175 possunteo
3044 3114 3203 3170 quem
3245 3098 3357 3152 dixi
3396 3098 3534 3152 loco.
3575 3095 3737 3162 Quid,
3782 3096 3935 3164 quod

2369 3210 2557 3266 parum
2588 3194 2775 3249 habuit
2818 3193 3047 3261 scriptor
3100 3188 3357 3261 praclara
3382 3186 3472 3242 illa
3522 3184 3689 3241 semel
3747 3184 3935 3240 επιειὶ-

2367 3287 2550 3342 visse?
2587 3286 2745 3341 Dicas
2806 3299 2929 3340 eum
2984 3283 3085 3339 hoc
3114 3290 3422 3339 commento
3451 3293 3789 3350 summopere
3829 3278 3931 3332 de—

2365 3375 2617 3428 lectatum
2644 3390 2763 3430 esse
2786 3414 2802 3439 ,
2831 3384 2886 3428 et
2908 3374 3257 3438 timuisse,ne
3279 3372 3324 3426 si
3351 3372 3515 3426 semel
3535 3380 3737 3424 tantum
3762 3367 3933 3422 dixis-

2365 3475 2465 3531 set,
2500 3467 2729 3520 lectores
2753 3466 2981 3534 fugeret.
3008 3464 3113 3520 Sed
3137 3480 3323 3519 rursus
3360 3462 3656 3517 audiendus
3676 3469 3779 3513 est.
3799 3458 3935 3526 Ejus

2365 3558 2526 3628 igitur
2557 3557 2671 3611 haec
2694 3566 2837 3623 sunt,
2882 3556 2969 3609 illa
3009 3557 3180 3625 (num.
3223 3554 3387 3625 236):
3421 3552 3655 3615 Ululate,
3707 3550 3933 3618 sculpti-

2364 3649 2457 3714 tia,
2483 3648 2535 3701 in
2564 3645 2861 3700 Jerusalem
2879 3645 2922 3709 ⁸,
2940 3654 3070 3708 etc.,
3089 3644 3495 3713 interpretantis
3519 3660 3532 3695 :
3561 3661 3579 3693 ι
3598 3641 3929 3707 Quoniam,»

2367 3740 2558 3806 inquit,
2612 3737 2813 3808 «lignis
2866 3736 2933 3790 ah
2989 3734 3242 3790 humanis
3290 3732 3537 3788 manibus
3582 3731 3813 3787 formam
3865 3746 3931 3785 ac

2369 3833 2593 3899 ﬁguram
2637 3830 3046 3885 habentibus....
3078 3838 3172 3882 aut
3203 3827 3424 3896 reliquis
3459 3824 3633 3891 idolis,
3663 3840 3928 3894 quacun-

2365 3938 2469 3991 que
2499 3924 2601 3975 alia
2640 3931 2861 3977 suntex
2901 3922 3133 3991 pretiosa
3166 3920 3248 3975 vel
3289 3920 3375 3975 vili
3414 3920 3633 3974 materia
3654 3919 3821 3983 facta,
3861 3929 3919 3974 et

2365 4027 2486 4081 quas
2508 4027 2537 4064 a
2565 4012 2814 4081 gentibus
2846 4014 3163 4077 adorantur,
3197 4011 3426 4065 latenter
3452 4010 3694 4065 assident
3746 4011 3933 4079 prasi-

2364 4104 2458 4157 des
2478 4101 2694 4171 quidam
2724 4104 3016 4163 daemones,
3039 4116 3103 4155 ex
3135 4102 3360 4170 impuris
3400 4101 3571 4155 sacris
3602 4101 3931 4170 voluptatem

2362 4194 2658 4263 capientes.
2714 4190 3178 4257 Quemadmodum
3216 4191 3355 4244 enim
3392 4192 3445 4243 in
3492 4190 3625 4246 locis
3676 4192 3932 4247 macello-

2365 4300 2504 4349 rum,
2539 4285 2626 4339 ubi
2655 4298 2817 4338 cruor
2850 4292 2903 4336 et
2933 4283 3151 4354 sanguis
3179 4284 3292 4353 jam
3321 4293 3606 4353 corruptus
3634 4285 3929 4349 invenitur,

2365 4391 2530 4431 canes
2580 4374 2821 4445 cupediis
2865 4375 3036 4430 dediti
3082 4386 3527 4432 commorantur:
3563 4377 3634 4431 ita
3656 4378 3932 4431 et‘dzmo—

699 4468 777 4532 εις
808 4470 1183 4541 μακαριότητα
1204 4468 1557 4541 Θεωρὴματα,
1589 4468 1728 4539 μετὰ
1758 4471 1882 4533 τοὺς
1915 4470 2015 4541 ἤδη
2032 4470 2257 4533 ἑκτικῶς

2367 4484 2461 4524 nes
2494 4467 2629 4539 gulae
2656 4468 2977 4535 servientes,
3020 4467 3345 4537 voluptatem
3384 4482 3450 4523 ex
3488 4469 3745 4538 sanguine
3765 4480 3830 4520 ac
3853 4467 3931 4520 ni-

701 4561 792 4613 καὶ
820 4559 1028 4629 παγίως
1056 4561 1299 4630 συνέχειν
1354 4561 1410 4614 ὲν
1444 4558 1641 4630 ἑαυτῷ.
1683 4559 1835 4625 Quod
1867 4568 2045 4613 autem
2082 4562 2260 4615 notavi

698 4650 886 4705 ultimo
912 4651 1046 4713 loco,
1084 4650 1263 4703 οὐκέτι
1322 4653 1354 4722 ἡ
1386 4650 1479 4705 τοῦ
1505 4648 1915 4719 ἐγκαταλείπειν
1940 4649 2031 4703 τὸν
2057 4651 2260 4722 Κύριον

697 4741 939 4811 ἁμαρτία
969 4742 1414 4813 ὲνεργηθήσεται,
1441 4745 1505 4798 de
1528 4758 1593 4797 eo
1620 4741 2069 4813 habeofpolliceri,
2101 4743 2258 4797 talem

698 4832 947 4901 loquendi
1000 4835 1210 4886 modum
1262 4835 1314 4887 in
1354 4835 1602 4904 genuinis
1634 4833 1815 4888 Basilii
1845 4834 2101 4903 operibus
2125 4848 2259 4886 nus-

697 4936 856 4989 quam
882 4924 1126 4991 reperiri.
1161 4924 1303 4983 Leve
1338 4926 1603 4981 videbitur
1626 4926 1765 4995 quod
1801 4925 2025 4991 addam;
2063 4925 2259 4978 addere

699 5025 874 5067 tamen
895 5012 1200 5084 libe1,quod
1225 5016 1289 5069 ad
1316 5032 1428 5070 rem
1454 5016 1649 5075 faciat:
1671 5030 2075 5086 nempe,\'ocem
2098 5031 2261 5069 κατα-

697 5104 879 5177 νόησις
920 5120 1043 5159 raro
1067 5108 1372 5161 'admodunt
1420 5108 1664 5163 adhiberi
1696 5123 1727 5163 a
1765 5107 1993 5175 Basilio,
2034 5122 2097 5163 ea
2132 5124 2259 5164 vero

698 5211 829 5250 voce
882 5197 1225 5267 interpretem
1277 5200 1352 5253 uti
1408 5215 1568 5269 quam
1620 5199 2075 5270 frequentissime.
2147 5200 2258 5257 Hoc

699 5288 836 5342 idem
868 5287 975 5341 fere
1028 5289 1229 5341 dictum
1260 5290 1501 5345 volumus
1528 5292 1592 5345 de
1616 5290 1728 5355 illo,
1772 5291 2094 5363 διορατικός.
2153 5292 2259 5347 Nec

696 5377 853 5431 aliter
884 5378 1217 5432 sentiendum
1244 5380 1310 5433 de
1344 5395 1472 5434 voce
1513 5382 1854 5451 ἡγεμονικὸς.
1898 5382 2022 5435 Seio
2043 5380 2257 5449 quidem

697 5468 837 5523 hanc
864 5483 1055 5523 vocem
1087 5481 1143 5523 ut
1172 5487 1198 5525 a
1232 5471 1448 5532 Basilio,
1484 5472 1553 5525 ita
1588 5487 1616 5525 a
1644 5473 1979 5540 politioribus
2027 5474 2259 5541 scripto-

698 5563 847 5617 ribus
874 5561 1107 5617 libenter
1142 5565 1385 5633 usurpari
1418 5578 1429 5615 :
1462 5565 1554 5619 sed
1594 5578 1654 5618 ea
1689 5579 1789 5619 vox
1822 5574 1929 5619 tam
1957 5565 2261 5634 frequenter

768 5753 785 5782 ³
815 5750 975 5811 lsa.t.
1023 5752 1101 5805 ll.
1166 5757 1187 5781 θ
1219 5750 1319 5804 lsa.
1356 5765 1408 5817 tt,
1440 5750 1519 5825 ιο.

2368 4561 2496 4616 dore
2528 4562 2919 4616 sacrificiorum
2950 4570 3255 4629 captantes,
3291 4561 3433 4613 circa
3463 4573 3585 4613 aras
3613 4566 3930 4625 statuasque

2364 4652 2466 4707 sibi
2494 4661 2844 4707 consecratas
2869 4649 3195 4704 volutantur.
3252 4648 3415 4703 Forte
3438 4648 3579 4703 enim
3612 4646 3932 4702 nutriuntur

2366 4744 2526 4800 etiam
2560 4758 2745 4799 eorum
2774 4754 3002 4809 corpora
3027 4779 3043 4803 ,
3092 4754 3212 4808 qua:
3252 4738 3396 4792 aeria
3442 4748 3566 4792 sunt
3613 4746 3705 4791 aut
3737 4737 3927 4807 ignita,

2365 4848 2457 4891 aut
2503 4851 2569 4890 ex
2614 4846 2839 4903 utroque
2889 4832 3157 4886 elemento
3206 4829 3594 4899 composita....
3650 4828 3788 4884 llinc
3834 4831 3927 4900 qui

2368 4938 2656 4983 vescuntur
2689 4923 2997 4993 idolothytis
3024 4964 3038 4988 ,
3100 4922 3386 4992 partieipes
3442 4921 3694 4975 dicuntur
3726 4935 3927 4976 mensa:

2365 5018 2771 5072 daemoniorum.
2798 5014 2930 5070 Cum
2958 5014 3101 5067 enim
3121 5012 3337 5066 victima
3368 5010 3587 5066 offertur
3610 5012 3771 5075 idolo,
3796 5027 3923 5080 por-

2366 5108 2440 5161 tio
2474 5106 2651 5175 aliqua
2674 5106 2837 5161 etiam
2866 5102 3124 5158 assidenti
3148 5103 3378 5157 d:emoni
3405 5102 3734 5156 destinatur:
3759 5116 3906 5170 quan

2364 5199 2651 5267 doquidem
2698 5195 3018 5252 daemonium
3068 5204 3123 5249 et
3147 5208 3213 5247 ex
3258 5193 3519 5263 sanguine
3550 5193 3641 5261 qui
3663 5190 3829 5245 veluti
3868 5190 3925 5243 in

2364 5305 2544 5343 aerem
2575 5304 2763 5343 versus
2784 5296 2885 5351 est,
2935 5294 2990 5342 et
3015 5300 3083 5340 ex
3140 5285 3294 5354 adipe
3322 5282 3717 5354 suffumigante,
3775 5289 3830 5335 et
3859 5295 3925 5334 ex

2366 5382 2586 5451 reliquis
2606 5378 2931 5435 holocaustis
2954 5386 3157 5447 partem
3193 5378 3483 5447 quamdam
3511 5374 3611 5430 sibi
3637 5371 3919 5435 assumit,i

2367 5483 2470 5526 etc.
2504 5471 2679 5540 Legas
2711 5469 2873 5523 velim
2898 5468 3085 5523 Grznca
3116 5466 3171 5521 in
3202 5467 3323 5537 ipso
3356 5462 3766 5521 commentario.
3802 5461 3925 5517 Haze

2367 5564 2578 5635 quidem
2647 5573 2919 5632 utcunque
2980 5558 3254 5617 toleranda
3309 5565 3488 5615 essent
3544 5556 3683 5628 apud
3716 5564 3922 5627 poetas,
