4088 6310
1283 379 1342 430 D.
1385 378 1532 433 JUL.
1574 382 1901 436 CARNERII
1940 386 2328 443 PREFATIO.

3272 414 3425 455 CCXXI

201 500 293 545 aut
324 494 468 562 apud
486 494 727 560 jocosum
762 491 1079 558 scriptorem
1114 490 1407 545 Luciauum
1444 512 1459 547 :
1493 504 1547 546 at
1584 499 1771 552 eadem
1803 505 1847 558 Α
1879 501 2050 567 ipsum
2085 504 2354 571 coarguit.
2399 501 2571 558 Filios
2610 507 2761 574 genui
2796 514 2847 558 et
2876 510 3101 563 exaltari
3126 512 3167 562 ⁸.
3197 510 3435 565 Genera-

202 586 249 633 in
282 582 503 638 Patrum
556 581 877 651 gravissimo
906 580 1105 636 Basilio
1136 582 1259 650 quis
1289 583 1473 637 ferat?
1507 582 1629 639 Scio
1649 588 1766 656 qui-

200 677 317 730 dem
344 673 590 729 cmlestia
618 675 859 743 quardam
896 688 1122 743 corpora
1157 676 1360 745 angelis
1394 690 1425 730 a
1452 676 1766 746 quibusdam

200 768 457 822 Patribus
514 763 718 820 Grecis
768 767 973 822 tribui:
1025 765 1117 820 sed
1161 768 1357 831 nullus,
1406 768 1548 837 quod
1577 769 1766 839 sciam,

201 854 470 923 misatudi
511 870 682 925 nugas
725 870 961 925 unquam
1016 858 1266 925 garrivit.
1315 859 1565 914 Arbitror
1588 870 1766 920 autem

199 946 460 1001 Basiliam
512 961 542 1001 a
602 952 766 1004 tantis
816 948 1184 1005 deliramentis
1242 954 1478 1008 maxime
1526 958 1765 1013 omnium

201 1038 577 1097 abhorruisse.
619 1041 714 1097 Vir
754 1056 998 1097 summus
1024 1058 1092 1099 ne
1139 1044 1341 1113 optima
1367 1044 1604 1113 quidem,
1647 1065 1769 1119 qua:

201 1141 318 1185 erat
355 1132 478 1201 ejus
544 1132 805 1187 mirabilis
832 1135 991 1202 copia
1028 1134 1258 1198 dicendi,
1314 1146 1561 1205 repetere
1609 1142 1765 1196 solet.

204 1224 489 1289 Quomodo
518 1239 646 1292 ergo
671 1224 752 1275 sui
787 1236 894 1277 tam
946 1225 1221 1282 dissimilis
1246 1242 1364 1283 esse
1386 1230 1579 1298 potuit,
1605 1242 1660 1286 ut
1684 1246 1766 1287 se-

202 1315 300 1367 niel
332 1325 391 1369 et
415 1314 610 1367 iterum
633 1311 802 1366 aniles
824 1311 1037 1370 fabulas
1067 1318 1415 1372 narraverit?
1443 1316 1573 1390 Legi
1602 1321 1767 1376 etiam

202 1412 425 1470 possunt
444 1442 462 1467 ,
517 1416 636 1471 qua:
681 1402 933 1457 dicuntur
961 1406 1027 1460 de
1055 1404 1319 1462 Calvaria:
1341 1408 1461 1463 loco
1483 1420 1643 1478 atque
1673 1428 1768 1465 no-

200 1498 369 1557 mine,
404 1509 515 1548 non
548 1494 731 1564 procul
764 1495 832 1551 ab
866 1495 1018 1552 initio
1049 1498 1245 1567 capitis
1282 1498 1474 1566 quinti.
1508 1499 1602 1554 llis
1623 1511 1768 1558 certe

199 1585 327 1638 nihil
356 1585 611 1655 lepidius,
638 1587 769 1643 nihil
798 1586 1047 1643 facetius.

260 1675 352 1732 59.
379 1675 535 1733 Hunc
562 1680 652 1747 qui
680 1680 730 1731 in
770 1677 1019 1731 manibus
1042 1684 1126 1730 est
1157 1680 1603 1735 commentarium
1634 1695 1756 1738 cum

198 1768 612 1839 lnterpretarer,
651 1783 681 1822 a
718 1768 978 1838 plagiario
1027 1769 1333 1824 confectum
1365 1786 1486 1826 esse
1523 1757 1766 1842 suspica-

197 1861 310 1913 har.
342 1859 560 1913 Etenim
596 1873 700 1913 non
733 1873 855 1913 raro
880 1861 1067 1914 eadem
1100 1859 1375 1929 propheta
1401 1863 1518 1918 loca
1553 1839 1635 1919 bis
1678 1874 1773 1919 aut
1799 1839 1842 1893 Β

201 1961 278 2003 lcr
310 1949 576 2020 explanat
623 1952 887 2020 scriptor;
938 1952 1009 2006 ob
1060 1951 1221 2023 idque
1269 1952 1401 2008 mihi
1446 1954 1500 2009 in
1534 1965 1767 2010 mentem

198 2043 452 2100 veniebat
480 2060 604 2100 eum
633 2044 735 2099 alia
758 2045 969 2101 aliunde
1000 2048 1312 2117 sumpsisse.
1343 2046 1620 2122 Exempla,
1645 2067 1766 2107 cum

197 2136 352 2192 obvia
389 2138 524 2205 sint,
575 2139 764 2193 inutile
797 2139 959 2194 luerit
999 2140 1179 2209 aliqua
1222 2142 1483 2211 proferre.
1525 2145 1770 2214 Augebat

199 2230 588 2299 suspicionem,
638 2231 783 2298 quod
815 2230 1127 2297 scriptionis
1165 2244 1336 2299 genus
1361 2232 1579 2285 Eusebii
1628 2234 1769 2302 stylo

198 2337 359 2388 quam
394 2320 645 2389 proxime
670 2321 897 2375 accedit.
929 2319 1136 2375 Norant
1167 2321 1309 2376 enim
1345 2323 1437 2392 qui
1481 2323 1768 2378 Eusebium

203 2416 280 2469 vel
314 2414 673 2485 primoribus,
704 2422 763 2468 ut
792 2415 1014 2484 dicitur,
1041 2416 1208 2473 labris
1246 2416 1560 2487 attigerunt,
1607 2431 1768 2487 quam

200 2510 244 2561 ri
276 2508 550 2565 fanﬁliare
575 2509 651 2565 sit
674 2509 979 2567 nominibus
1023 2515 1077 2568 in
1121 2528 1216 2576 κος
1265 2512 1630 2566 desinentibus
1657 2510 1768 2577 uti;

204 2602 252 2655 id
280 2604 456 2671 quod,
497 2613 555 2657 ut
574 2605 902 2669 monuimus,
933 2621 1037 2663 non
1064 2604 1302 2659 insolens
1322 2602 1451 2656 facit
1480 2604 1767 2671 interpres.

205 2696 377 2751 Voces
436 2678 639 2748 multas
679 2710 815 2763 quas
850 2696 1138 2750 inusitatas
1185 2692 1324 2762 apud
1355 2691 1610 2747 Basiliam
1651 2707 1772 2748 esse

201 2797 251 2840 et
293 2802 468 2843 novas
521 2788 800 2856 putabam,
831 2787 883 2841 in
921 2787 1154 2842 Eusebio
1186 2786 1365 2857 legere
1397 2786 1769 2841 memineram.

203 2877 326 2944 Ejus
361 2878 580 2949 generis
619 2886 747 2932 sunt
776 2892 951 2945 voces,
988 2876 1335 2950 ἀσεϐήματα,
1382 2875 1523 2931 κατὰ
1572 2891 1770 2949 συναρ-

203 2971 405 3042 mini,
438 2970 805 3043 δεκάπληγος,
831 2979 937 3026 etc.
968 2969 1081 3025 lmo
1121 2985 1227 3025 non
1265 2970 1430 3025 verba
1459 2968 1650 3033 solum,
1677 2968 1770 3022 sed

204 3063 503 3118 sententias
538 3065 701 3117 etiam
758 3064 900 3133 ipsas
952 3062 1018 3116 ab
1073 3060 1302 3115 Eusebio
1357 3060 1588 3114 mutuari
1640 3060 1769 3113 mihi

206 3156 511 3213 videbatur.
536 3156 625 3221 Et,
652 3164 707 3210 ut
741 3154 910 3220 multa
932 3153 1199 3216 omittam,
1231 3150 1464 3220 scriptor
1493 3150 1569 3204 ita
1603 3149 1771 3205 inter-

206 3256 451 3312 pretatur
479 3246 570 3300 illa
604 3248 777 3315 (num.
815 3242 943 3312 273)
978 3260 991 3297 :
1023 3238 1089 3294 Et
1106 3243 1203 3296 erit
1226 3240 1460 3311 Babylon
1488 3256 1603 3311 qua:
1627 3256 1779 3294 voca-

207 3338 516 3408 turinclyta
540 3338 561 3369 '
602 3346 736 3401 etc.,
761 3344 821 3395 ut
842 3335 1060 3390 dubium
1095 3348 1201 3388 non
1238 3334 1493 3389 haberem
1522 3331 1651 3401 quin
1677 3345 1776 3386 no-

210 3430 417 3483 minum
452 3429 811 3499 quorumdam
841 3425 1309 3497 interpretationes
1347 3422 1660 3492 sumpsisset
1710 3421 1779 3476 ab

210 3522 463 3578 Eusebio.
497 3521 635 3589 Quid
660 3519 847 3591 plura?
896 3516 1353 3575 Commentarium
1394 3529 1540 3581 eum,
1564 3514 1655 3584 qui
1684 3530 1778 3569 no-

213 3618 354 3670 mine
410 3614 597 3671 Basilii
632 3611 1034 3678 circumfertur,
1069 3608 1330 3666 attentius
1355 3623 1476 3662 cum
1522 3606 1777 3677 legerem,

211 3710 571 3775 eumdemque
619 3721 739 3760 cum
790 3704 1008 3762 Eusebii
1053 3699 1445 3758 commentario
1494 3700 1779 3769 diligenter

212 3809 609 3863 compararem,
660 3795 803 3849 illius
845 3802 1120 3849 auctorem
1160 3797 1542 3859 purumputum
1574 3788 1781 3859 plagia-

216 3888 351 3941 rium
383 3900 514 3942 esse
556 3886 815 3956 comperi.
850 3884 983 3954 Ejus
1011 3885 1090 3939 rei
1117 3896 1261 3938 nunc
1289 3879 1569 3947 subjiciam
1596 3893 1781 3934 exem-

214 3978 295 4046 pla
329 3978 525 4042 multa,
576 3991 644 4031 ex
672 3975 870 4046 quibus
903 3975 1178 4030 constabit
1223 3971 1597 4044 imperfectum
1633 3969 1779 4023 illum

215 4070 266 4123 in
318 4069 517 4124 Isaiam
571 4066 1019 4122 commentarium
1052 4081 1156 4121 non
1217 4077 1413 4134 magno
1462 4061 1537 4116 illi
1580 4058 1781 4114 Basilio

213 4158 533 4213 Caesariensi
574 4158 851 4227 episcopo,
892 4155 989 4211 sed
1016 4154 1171 4210 alteri
1198 4154 1373 4210 cuivis
1396 4151 1643 4221 scriptori
1683 4148 1782 4225 tri-

216 4249 485 4303 buendnm
519 4262 659 4303 esse.
685 4247 966 4304 Neminem
997 4248 1143 4304 enim
1184 4256 1312 4317 puto
1344 4244 1613 4301 hominem
1644 4242 1776 4309 fore,

217 4327 301 4408 qui
335 4351 447 4395 tam
500 4340 718 4408 iniquus
747 4340 818 4395 sit
850 4356 1028 4395 rerum
1068 4340 1384 4405 aestimator,
1414 4346 1475 4392 ut
1522 4335 1779 4391 Basilium

219 4434 465 4504 Magnum
520 4432 662 4487 inter
691 4432 929 4503 insignes
970 4431 1256 4501 plagiarios
1305 4444 1588 4485 recensere
1626 4428 1775 4483 velit.

1878 590 2040 643 tionis
2069 594 2186 647 dua:
2208 592 2418 659 species
2444 604 2587 656 sunt,
2624 609 2853 663 quarum
2886 595 2988 648 alia
3014 608 3095 649 est
3128 600 3215 653 illa
3240 614 3437 655 secuno

1870 680 1998 735 dum
2023 680 2187 738 Deum
2228 683 2424 748 forma,
2455 698 2574 752 qua:
2597 701 2663 740 ex
2692 683 2946 756 operibus
2971 694 3024 739 et
3054 700 3119 739 ex
3150 692 3438 744 mandato-

1872 788 1992 829 rum
2025 776 2369 846 perceptione
2393 775 2673 844 periicitur
2702 793 2843 849 :qua
2876 778 3085 833 ratione
3118 777 3311 837 Paulus
3350 782 3403 836 di

1870 864 2106 932 scipulos
2138 882 2266 923 suos
2297 881 2393 936 per
2424 865 2771 938 Erangelium
2810 868 2999 941 gignit.
3048 886 3068 920 ι
3118 866 3316 924 Eadem
3357 888 3441 925 re-

1869 955 2049 1023 peries
2080 970 2179 1012 suo
2212 959 2331 1013 loco
2359 958 2497 1026 apud
2523 957 3009 1026 pseudo-Basilium
3039 959 3090 1011 in
3109 960 3293 1013 eadem
3318 973 3441 1028 pro-

1868 1048 2044 1117 phetae
2064 1051 2222 1104 verba
2245 1054 2415 1120 (num.
2432 1048 2546 1118 15),
2564 1047 2732 1103 Filios
2750 1052 2900 1119 genui
2919 1060 2964 1104 et
2990 1052 3238 1106 exaltaoi.
3255 1049 3442 1106 Moneo

1870 1150 2071 1203 tamen,
2121 1142 2211 1196 ubi
2258 1143 2458 1213 legitur
2484 1139 2536 1193 in
2570 1140 2823 1203 Eusebio,
2858 1142 3161 1214 μαρτυρίαν
3208 1141 3439 1212 ἐλέγχει,

1869 1235 1974 1303 legi
2025 1235 2164 1304 apud
2198 1233 2709 1305 pseudo-Basilium,
2759 1234 3031 1305 ἁμαρτίαν
3056 1236 3289 1306 ἐλέγχει.
3332 1232 3441 1289 Sed

1867 1328 2115 1384 mendum
2136 1343 2255 1385 esse
2280 1330 2514 1384 arbitror
2546 1326 2911 1382 librariorum.
2942 1326 3057 1380 Non
3089 1330 3230 1382 enim
3258 1328 3442 1385 dubito

1866 1420 1996 1489 quin
2032 1418 2314 1489 legendum
2342 1420 2434 1485 sit,
2459 1419 2757 1492 ἁμαρτίαν,
2788 1428 2899 1472 tum
2928 1416 3071 1487 quod
3097 1433 3158 1471 ea
3184 1433 3285 1472 vox
3316 1433 3442 1474 sen-

1871 1509 2094 1565 tentiam
2124 1511 2294 1578 magis
2317 1511 2565 1564 idoneam
2591 1510 2806 1576 efficiat,
2827 1519 2937 1563 tum
2967 1510 3107 1579 quod
3127 1508 3440 1579 Proc0pius,

1865 1603 1955 1674 qui
1984 1611 2039 1659 et
2089 1602 2204 1671 ipse
2249 1615 2465 1671 quoque
2510 1600 2813 1655 Eusebiana
2863 1602 3059 1671 passim
3106 1601 3440 1671 compilavit,

1866 1697 2149 1765 scripserit
2180 1696 2368 1751 eodem
2410 1693 2603 1758 modo,
2621 1693 2898 1765 ἁμαρτίαν
2940 1692 3173 1763 ἐλέγχει.
3224 1692 3440 1749 Eusebii

1869 1786 2062 1842 iterum
2094 1787 2261 1841 verba
2295 1795 2439 1854 sunt,
2481 1786 2610 1842 illud
2640 1804 2656 1844 :
2690 1782 2887 1838 Eversa
2935 1801 2965 1836 a
2997 1783 3203 1852 populis
3230 1783 3441 1845 alienis,

1873 1876 2005 1929 sicut
2032 1876 2419 1929 tabernaculum
2440 1879 2493 1929 in
2520 1877 2723 1943 ninea',
2745 1886 2876 1942 etc.,
2895 1873 3443 1942 interpretantium;

1875 1966 2118 2041 φρουρὰν
2167 1966 2276 2020 τῶν
2304 1967 2361 2019 ἐν
2397 1969 2517 2030 ταῖς
2559 1967 2823 2036 ἀμπέλοις
2869 1968 3094 2039 καρπῶν
3142 1969 3197 2021 αἱ
3248 1967 3445 2040 σκηναὶ

1873 2061 2194 2133 πήγνυνται.
2228 2060 2393 2113 Ὅταν
2435 2059 2531 2129 μὲν
2555 2054 2648 2110 οὖν
2669 2056 2869 2128 εὑθηνῇ
2903 2060 3015 2121 τοῖς
3053 2058 3270 2121 οἰκείοις
3306 2075 3442 2131 καρ-

1873 2155 2059 2225 ποῖςή
2112 2151 2389 2223 ἄμπελος,
2432 2150 2855 2221 σπουδάζεταιή
2898 2148 3089 2221 σκηνὴ,
3129 2148 3222 2201 καὶ
3266 2149 3447 2220 πάσης

1873 2244 2119 2310 ἀξιοῦται
2175 2242 2513 2314 ἐπιμελείας·
2564 2242 2706 2296 ὥστε
2735 2242 2830 2295 ἀπ’
2870 2240 3041 2311 αὐτῆς
3096 2239 3447 2295 κατοπτεύειν

1872 2335 1964 2387 τὸν
1998 2333 2234 2403 φύλακα,
2276 2335 2482 2403 μήποτε
2510 2333 2781 2403 τρυγῶσιν
2810 2333 2977 2403 αὐτὴν
2991 2333 3042 2384 oi.
3080 2332 3450 2402 παραπορευό-

1878 2442 2025 2497 μενοι
2054 2424 2150 2496 τὴν
2174 2422 2313 2476 ὁδόν.
2340 2424 2506 2476 Ὅταν
2530 2422 2589 2476 δὲ
2620 2423 2864 2492 ἄκαρπος
2888 2416 2945 2494 ᾗ,
2976 2419 3256 2491 ἀμελεῖται
3280 2421 3449 2489 ἀναγ-

1874 2518 2044 2581 καίως
2088 2516 2184 2587 τῆς
2214 2513 2462 2586 ἀμπέλου
2503 2513 2572 2566 τά
2617 2511 2981 2582 φυλακτήρια.
3020 2509 3120 2564 Διά
3155 2509 3314 2562 τοῦτο
3353 2507 3447 2562 τοῦ

1886 2606 2277 2681 Ἰσραηλιτικοῦ
2310 2604 2440 2660 λαοῦ
2484 2603 2583 2675 τὴν
2607 2598 2992 2672 ἐγκατάλειψιν
3016 2599 3250 2665 ἀπειλεῖ,
3279 2600 3354 2665 ὡς
3372 2600 3449 2673 μὴ

1875 2698 2347 2770 καρποφοροῦντος
2366 2696 2436 2749 τά
2457 2694 2831 2749 ἐπιϐάλλοντα.
2849 2693 3175 2765 Φοϐηθῶμεν
3199 2686 3290 2747 οὖν
3308 2688 3449 2746 εἶναι

1874 2789 2132 2859 ἄκαρποι,
2189 2786 2262 2858 μὴ
2306 2784 2821 2858 ἐγκαταλειφθῶμεν
2863 2785 2967 2839 ὑπὸ
3011 2784 3109 2854 τῆς
3145 2783 3314 2854 ὀργῆς
3352 2771 3448 2836 τοῦ

1874 2880 2026 2936 Θεοῦ.
2061 2880 2135 2934 Τὸ
2172 2879 2440 2951 φυλάσσον
2470 2878 2712 2952 ήμᾶς,τὺ
2742 2877 2966 2948 Πνεῦμα
2992 2876 3053 2929 τὸ
3083 2876 3239 2945 ἅγιόν
3280 2877 3445 2930 ἐστιν.

1878 2976 2045 3029 Ὅταν
2064 2973 2161 3045 μὲν
2175 2970 2268 3027 οὖν
2311 2975 2635 3044 καρποφορῇ
2664 2972 2699 3040 ἡ
2735 2968 2881 3040 ψυχὴ
2912 2967 3038 3034 ἀξια
3066 2967 3177 3022 τῶν
3216 2964 3451 3021 αίωνίων

1876 3066 2186 3135 ἀποθηκῶν,
2222 3064 2529 3134 παραμένει
2581 3061 2678 3115 καὶ
2712 3061 2993 3131 φυλάσσει,
3030 3062 3124 3117 καὶ
3167 3059 3451 3132 πόρρωθεν

1877 3155 2128 3226 ἀπείργει
2155 3155 2254 3217 τὰς
2291 3152 2385 3206 τοῦ
2422 3151 2602 3223 μονιοῦ
2638 3152 2731 3206 τοῦ
2762 3152 2960 3224 ἀγρίου
2986 3151 3296 3214 ἐπιϐουλάς·
3322 3151 3451 3204 ὅταν

1875 3246 1932 3300 δὲ
1964 3244 2237 3317 σταφυλὴν
2274 3244 2435 3316 χολῆς
2462 3247 2701 3316 γεωργῇ,
2733 3244 2827 3296 καὶ
2863 3242 3057 3313 βότρυν
3096 3241 3313 3313 πικρίας
3360 3244 3450 3295 ἐκ·

1877 3339 2037 3412 φέρῃ,
2062 3336 2525 3409 ἐγκαταλιμπάνει
2556 3337 2656 3409 τὴν
2696 3335 2946 3406 ἄκαρπον
2974 3334 3173 3404 ψυχήν·
3210 3334 3304 3387 καὶ
3324 3332 3448 3386 τότε

1874 3431 1979 3484 ὑπὸ
2019 3429 2220 3494 παντὸς
2267 3429 2526 3499 λογισμοῦ
2567 3426 2864 3501 θηριώδους
2898 3426 2991 3481 καὶ
3037 3426 3218 3496 πάσης
3255 3424 3450 3495 ἀλόγου

1875 3520 2169 3590 ἐπιθυμίας
2204 3522 2606 3573 καταπεσείται.
2634 3517 2905 3587 Πολλαχοῦ
2935 3520 3029 3569 καὶ¹
3044 3515 3317 3588 τροπικῶς
3346 3517 3455 3586 ἀμ-

1877 3612 2092 3665 πελῶνα
2129 3610 2220 3664 τὸν
2260 3610 2477 3680 Ἰσραὴλ
2525 3611 2553 3661 ό
2588 3610 2743 3677 λόγος
2791 3607 3205 3679 προσαγορεύει·
3249 3607 3325 3670 ὡς
3366 3608 3447 3661 τό·

1880 3703 2177 3771 Ἄμπελον
2216 3699 2285 3764 ἐξ
2314 3701 2612 3770 Αἰγύπτου
2651 3698 2934 3769 μετήρας·
2972 3700 3085 3762 καὶ,
3145 3698 3454 3768 Ἀμπελὼν

1876 3791 2128 3863 ἐγενήθη
2156 3789 2238 3858 τῷ
2273 3790 2653 3862 ἠγαπημένῳ·
2681 3791 2796 3857 καὶ,
2872 3791 3017 3860 Ἐγὼ
3053 3790 3121 3845 δὲ
3147 3789 3454 3859 ἐφύτευσὰ

1877 3901 1951 3939 σε
1973 3883 2246 3953 ἄμπελον
2276 3884 2676 3952 καρποφόρον,
2709 3882 2915 3938 πᾶσαν
2949 3881 3267 3949 ἀληθινήν.
3305 3882 3369 3935 Et
3395 3882 3453 3934 δέ

1876 3977 1905 4030 ὁ
1952 3975 2168 4047 Ἰσραὴλ
2200 3973 2480 4045 ἀμπελὼν,
2536 3972 2712 4043 σκηνὴ
2746 3972 2846 4041 τῆς
2886 3972 3132 4041 ἀμπέλου
3179 3971 3381 4044 ταύτης
3422 3974 3455 4026 ὁ

1877 4064 2024 4132 οἶκος
2053 4068 2193 4137 τάχα
2211 4069 2240 4120 ό
2259 4064 2370 4118 τοῦ·
2388 4061 2852 4131 ναοῦ.”Σκήνωμα
2875 4062 2982 4133 γὰρ
3013 4062 3195 4134 δόξης
3216 4064 3451 4134 ἐλέγετο,

1882 4157 1979 4211 καὶ
2029 4156 2341 4224 σκήνωμα,
2385 4149 2457 4208 οὗ
2496 4152 2962 4223 κατεσκήνωσεν
2993 4156 3065 4209 ἐν
3099 4154 3451 4224 ἀνθρώποις.
3494 4172 3496 4174 ν

1879 4250 2029 4313 Ἕως
2071 4248 2172 4319 μὲν
2198 4243 2291 4301 οὖν
2322 4248 2411 4299 ὅτε
2440 4245 2612 4299 ἐποίει
2630 4247 2840 4316 καρπὸν
2872 4245 3063 4310 πολὺν,
3093 4245 3189 4297 καὶ
3213 4247 3247 4317 ἡ
3282 4245 3455 4317 σκηνὴ

1879 4340 1970 4395 διὰ
1990 4342 2090 4412 τὴν
2113 4339 2223 4393 τῶν
2260 4336 2490 4410 καρπῶν
2519 4337 2763 4410 φυλακὴν
2792 4340 3156 4408 συνειστήκει·
3180 4339 3303 4391 ἐπεὶ
3343 4337 3399 4391 δὲ
3426 4340 3455 4392 ὀ

1884 4432 2158 4501 φυτεύσας
2179 4432 2348 4502 αὐτὴν
2371 4430 2550 4502 ἔμεινε
2586 4430 2678 4485 τοῦ
2713 4430 2936 4500 ποιῆσαι
2970 4430 3261 4503 σταφυλὴν,
3277 4432 3457 4503 ἐποίη-

219 4524 532 4592 Exemplum
567 4522 799 4592 primum
835 4537 901 4575 ex
933 4524 1048 4591 ipso
1085 4519 1371 4574 Eusebiani
1403 4519 1774 4573 commentarii

1879 4544 1939 4580 σε
1984 4526 2079 4579 καὶ
2122 4523 2385 4587 ἀκάνθας,
2420 4520 2509 4589 αἶς
2540 4524 2633 4578 τὸν
2680 4523 2888 4594 Κύριον
2922 4523 3321 4593 ἐστεφάνωσαν,
3362 4525 3457 4576 καὶ

218 4616 361 4668 initio
396 4625 600 4682 petam.
641 4611 733 4667 Sic
761 4611 926 4681 igitur
956 4611 1193 4680 loquitur
1230 4607 1492 4663 Eusebius
1527 4624 1541 4661 :
1576 4606 1777 4661 Σύνθε-

213 4722 296 4769 τος
328 4708 358 4758 ὁ
382 4704 674 4776 ἄνθρωπος
705 4705 769 4757 ἐκ
798 4702 973 4774 ψυχῆς
1001 4701 1093 4756 καὶ
1132 4700 1398 4770 σώματος·
1429 4701 1463 4770 ἡ
1494 4700 1630 4772 σάρξ
1675 4700 1783 4754 ἀπὸ

214 4797 303 4868 τῆς
326 4797 457 4867 γῆς,
486 4799 523 4866 ἠ
556 4794 703 4866 ψυχὴ
742 4794 991 4865 οὐρανία.
1037 4793 1189 4847 Ἐπεὶ
1221 4786 1314 4845 οὖν
1339 4791 1476 4861 πρὸς
1499 4790 1783 4863 ἀμφότερα

214 4887 389 4942 αὐτῶν
415 4888 450 4956 ἡ
469 4886 759 4954 συγγένειά
783 4888 952 4951 ἐστιν,
988 4884 1079 4939 ἐπὶ
1104 4883 1211 4938 τῶν
1244 4882 1587 4937 οἰκειοτάτων
1619 4881 1783 4936 αὑτοῦ

217 4982 305 5052 τὴν
324 4978 636 5052 μαρτυρίαν
661 4978 887 5048 ἐλέγχει.
912 4976 1081 5042 Υιοὺς
1094 4974 1391 5047 ἐγέννησα
1417 4974 1517 5029 καί
1541 4975 1779 5043 ὕψωσα.

219 5073 251 5124 Γ
254 5075 524 5143 εννήσεως
555 5069 669 5143 εἴδη
688 5070 800 5135 δύο,
823 5072 857 5141 ἡ
894 5069 990 5139 μὲν
1024 5070 1057 5139 ἡ
1090 5069 1231 5122 κατά
1253 5069 1385 5122 Θεὸν
1416 5068 1695 5140 μόρφωσις
1724 5064 1784 5133 ἐξ

219 5162 388 5233 ἔργων
447 5163 546 5215 καὶ
584 5160 894 5232 παραδοχῆς
941 5159 1224 5229 δογμάτων
1257 5158 1667 5230 ἐπιτελουμένη·
1709 5158 1784 5222 ὡς

220 5255 376 5326 γεννᾲ
421 5252 635 5317 Παῦλος
694 5252 760 5306 δι’
798 5250 1130 5323 Εὐαγγελίου
1184 5253 1307 5315 τοὺς
1381 5251 1626 5323 μαθητάς
1680 5252 1780 5303 αὑ-

221 5342 329 5396 τοῦ.
362 5362 382 5395 ι
416 5344 591 5399 Homo
616 5356 683 5396 ex
724 5342 902 5396 anima
939 5353 1002 5397 et,
1023 5357 1252 5408 corpore
1280 5344 1605 5397 constitutus
1651 5354 1777 5397 est:

224 5447 343 5486 raro
388 5447 454 5487 ex
512 5443 679 5497 terra,
715 5432 893 5487 anima
934 5433 1170 5489 cmlestis
1213 5433 1447 5488 exsistit.
1484 5434 1621 5501 Quia
1652 5450 1780 5490 vero

225 5539 338 5575 tum
353 5536 585 5594 utroque
607 5539 796 5578 eorum
830 5526 1206 5593 cognationem
1240 5524 1402 5577 habet
1426 5525 1605 5590 homo,
1631 5524 1777 5579 circa

227 5629 286 5667 ca
320 5631 431 5685 qua:
474 5617 575 5687 ipsi
607 5616 845 5670 maxime
884 5617 1099 5687 propria
1140 5625 1289 5680 sunt,
1320 5615 1628 5670 testimonio
1680 5633 1776 5673 suo

296 5794 427 5852 ’ἔδει
477 5815 596 5865 xm,
643 5798 723 5852 l9.
805 5798 824 5829 ⁶
863 5798 963 5853 isa.
1003 5814 1040 5864 ι,
1074 5798 1127 5853 2.
1208 5799 1393 5854 'a’bid.
1444 5799 1499 5854 8.

1881 4613 2125 4686 ἐστράφη
2179 4615 2327 4667 πᾶσα
2378 4614 2457 4676 είς
2488 4612 2734 4684 πικρίαν·
2778 4611 3001 4681 ἐποίησε
3042 4610 3149 4682 γὰρ
3184 4609 3457 4680 σταφυλὴν

1882 4707 2046 4780 χολῆς
2068 4707 2163 4760 καὶ
2196 4706 2391 4779 βότρυν
2412 4705 2661 4777 πικρίας.
2688 4704 2779 4757 Διὸ
2809 4703 2997 4765 καὶείς
3022 4704 3082 4757 τὸ
3113 4702 3309 4775 βρῶμα
3326 4701 3457 4755 ἐδω-

1883 4818 1985 4855 καν
2035 4798 2113 4871 τῷ
2164 4798 2354 4872 Κυρίῳ
2405 4798 2590 4869 χολήν.
2641 4797 2739 4850 Διά
2785 4793 2943 4849 τοῦτο
2994 4792 3387 4865 ἐγκατελείφθη
3419 4795 3453 4863 ἡ

1885 4890 2056 4961 σκηνὴ
2092 4888 2186 4942 τοῦ
2224 4887 2566 4960 ἀμπελῶνος.
2623 4885 2779 4941 Ἰδοὺ
2827 4886 2957 4956 γὰρ,
3008 4886 3195 4956 φησὶν,
3224 4885 3457 4953 ἀφίεται

1882 4982 2023 5052 ὑμῖν
2050 4984 2082 5035 ό
2107 4976 2276 5047 ὀἶκος
2306 4979 2473 5045 ὑμῶν
2500 4979 2738 5047 ἕρημος.
2759 4976 2890 5030 Τότε
2912 4973 3205 5047 ἐπληρώθη
3237 4976 3269 5045 ἡ
3302 4975 3459 5029 ἀπει-

1881 5072 1947 5142 λὴ
1984 5070 2144 5141 αὕτη·
2170 5068 2640 5140 Ἐγκατελείφθη
2682 5066 2792 5136 γὰρ
2826 5066 2905 5131 ὡς
2934 5062 3135 5130 σκηνὴ
3168 5061 3238 5116 ἐν
3272 5062 3461 5130 ἀμπε-

1880 5164 2049 5219 λῶνι.
2075 5163 2167 5229 Ἐξ
2192 5162 2403 5215 ἐκείνου
2428 5161 2613 5214 λοιπὸν
2631 5161 2724 5214 καὶ
2750 5162 2867 5223 ταῖς
2886 5157 3137 5227 νεφέλαις
3160 5154 3459 5208 ἐνετείλατο

1879 5254 1974 5308 τοῦ
2006 5252 2082 5324 μὴ
2111 5252 2298 5323 βρέξαι
2333 5253 2426 5304 ἐπὶ
2451 5252 2542 5305 τὸν
2595 5249 2910 5322 ἀμπελῶνα.
2955 5247 3058 5299 Διά
3085 5244 3245 5299 τοῦτο
3271 5243 3456 5297 οὐκέτι

1882 5346 2156 5417 προφῆται
2196 5345 2325 5414 παρ’
2367 5342 2571 5406 αὐτοῖς,
2600 5339 2782 5394 οὐκέτι
2834 5337 3064 5410 οὐρανία
3100 5336 3279 5406 χάρις·
3321 5334 3459 5389 ἀλλά

1884 5438 2106 5508 γέγονεν
2157 5437 2237 5498 είς
2268 5435 2460 5507 χέρσον
2492 5438 2585 5489 καὶ
2628 5432 3025 5502 καταπάτημα,
3050 5428 3104 5482 οἴ
3130 5445 3188 5483 τε
3215 5424 3457 5499 φραγμηὶ

1883 5528 1979 5581 τοῦ
2019 5525 2149 5581 ναοῦ
2180 5528 2390 5581 ἐκείνου
2422 5525 2828 5599 καθῃρέθησαν,
2862 5524 2892 5576 ὁ
2916 5518 3329 5594 ύπερασπισμὺς
3351 5518 3459 5571 τῶν

1884 5618 2055 5688 ἀγίων
2082 5619 2381 5691 δυνάμεων,
2419 5619 2520 5675 κάν
2536 5635 2587 5673 τι
2621 5616 2963 5690 ἐργάσωνται
2984 5612 3123 5668 κατά
3158 5611 3249 5665 τὸν
3268 5609 3453 5680 νόμον»
