4088 6310
666 388 841 427 CGSXII

2018 369 2548 427 PROLEGOMENA.

663 493 742 557 εἰς
774 490 1047 544 ἀπώλειάν
1077 491 1211 544 ἐστι.
1251 489 1381 557 Quae
1409 491 1484 545 sic
1517 490 1710 546 Latine
1746 490 1974 546 reddidit
1997 495 2080 549 vir
2132 493 2230 545 im-

2342 498 2557 544 tuamur
2595 506 2606 540 :
2652 507 2668 538 ι
2697 488 2893 542 deinde
2919 488 3060 556 quod
3107 487 3330 555 legimus
3366 483 3416 540 in
3445 481 3693 543 Eusebio,
3723 501 3882 538 κατα-

665 599 849 637 meusa
873 585 1104 651 quadam
1137 583 1394 637 doctrina:
1443 584 1597 650 c0pia
1637 584 1952 649 instruetus,
2001 585 2091 654 qui
2118 597 2230 636 ma-

666 687 826 742 gnam
862 671 1150 727 Eusebiani
1192 673 1564 728 commentarii
1607 686 1812 743 partem
1843 688 1909 728 ex
1940 676 2120 730 multis
2141 688 2232 728 ca-

667 764 806 817 tenis
834 763 1114 818 collectam
1153 765 1297 819 haud
1339 765 1412 818 ita
1457 764 1665 832 pridem
1712 766 1922 822 edidit:
1971 785 1988 818 ι
2021 768 2102 821 Ad
2135 781 2229 820 cu-

664 853 890 909 stodiam
941 854 1211 912 fructuum
1257 857 1312 910 in
1369 857 1544 912 vineis
1602 859 1940 916 nascentium
1996 860 2232 930 figuntur

666 947 914 1004 tentoria.
938 950 1073 1004 Cum
1102 963 1231 1019 ergo
1261 949 1413 1004 vinea
1469 953 1706 1022 propriis
1752 951 2019 1005 fructibus
2068 952 2232 1021 probe

665 1039 929 1095 instructa
972 1051 1075 1104 est,
1117 1044 1263 1096 omni
1291 1057 1422 1111 cura
1455 1052 1511 1099 et
1549 1042 1908 1100 sollicitudine
1941 1046 2229 1100 tentorium

665 1142 943 1196 servatur;
1003 1133 1076 1187 ita
1125 1142 1182 1188 ut
1213 1144 1394 1192 custos
1440 1137 1723 1206 diligenter
1781 1136 2095 1205 prospiciat,
2142 1151 2226 1202 ne,

667 1224 756 1292 qui
793 1225 843 1278 in
879 1224 960 1278 via
996 1236 1342 1293 praetereunt,
1369 1229 1575 1283 fructus
1605 1227 1722 1296 ejus
1745 1228 2054 1297 decerpant.
2096 1229 2229 1282 Cum

664 1323 843 1368 autem
891 1318 1047 1370 vinea
1105 1317 1438 1376 infructuosa
1477 1327 1579 1386 est,
1617 1319 1749 1374 illud
1802 1335 1832 1374 a
1873 1319 2114 1385 custode,
2172 1327 2231 1372 ut

663 1415 1084 1462 consentaneum
1116 1418 1216 1472 est,
1263 1409 1572 1480 negligitur.
1620 1411 2229 1479 Quamobrem'lsraeli-

666 1494 830 1550 ticum
857 1499 1108 1567 p0pulum
1137 1499 1450 1553 derelictum
1487 1502 1554 1554 iri
1605 1502 2006 1566 interminatur,
2043 1511 2231 1571 utpote

665 1587 754 1655 qui
793 1596 1209 1642 consentaneum
1239 1588 1473 1645 fructum
1508 1605 1612 1647 non
1639 1593 1872 1648 emittat.
1909 1593 2227 1648 Timendum

663 1677 842 1745 itaque
876 1679 1029 1733 nobis
1061 1689 1162 1744 est,
1193 1695 1261 1735 ne
1292 1681 1611 1739 infructuosi
1643 1685 1833 1750 simus,
1867 1694 1926 1740 ut
1962 1700 2028 1739 ne
2060 1701 2122 1740 ex
2151 1687 2230 1740 ira

663 1765 760 1821 Dei
785 1767 1118 1824 deseramur.
1137 1769 1368 1841 Spiritus
1398 1783 1615 1828 sanctus
1638 1786 1721 1828 est
1747 1775 1837 1845 qui
1856 1790 1952 1831 nos
1974 1777 2225 1832 custodit.

2331 585 2601 645 πεσεῖται,
2645 597 2662 629 ι
2700 580 2931 646 decidet,
2982 595 3000 629 ι
3032 578 3171 645 apud
3218 572 3708 645 pseudo-Basiliutn
3743 589 3882 640 vero,

2329 674 2751 735 καταπατεῖται,
2789 690 2808 721 σ
2837 670 3201 726 conculcatur.
3244 687 3260 719 ι
3315 669 3420 723 Sed
3447 679 3499 723 et
3542 667 3652 720 haec
3679 678 3886 729 quoque

2329 765 2470 823 inter
2508 765 2848 821 librariorum
2871 772 3052 817 errata
3089 763 3417 818 numeranda
3443 776 3560 816 esse
3587 766 3736 829 puto.
3761 753 3884 808 Nam

2329 857 2373 911 si
2422 858 2493 911 ita
2541 856 2706 911 verba
2750 853 2967 907 Eusebii
2994 853 3287 909 secundum
3315 863 3502 904 eorum
3528 853 3633 905 vim
3656 848 3884 904 nativam

2329 948 2674 1016 interpretari
2705 946 2860 1009 velis,
2908 962 2926 994 ι
2961 955 3021 998 ιιι
3051 959 3117 999 ne
3163 947 3229 1000 ab
3263 942 3344 997 ira
3378 939 3470 994 Dei
3500 942 3834 1003 deseramur,
3863 955 3880 988 ι

2328 1039 2382 1094 id
2412 1038 2594 1092 nescio
2614 1038 2882 1106 quomodo
2900 1035 3037 1090 male
3063 1047 3238 1090 sonat.
3264 1035 3349 1100 Et,
3375 1035 3517 1104 quod
3552 1035 3772 1100 gravius
3789 1041 3885 1095 est,

2327 1132 2539 1188 videtur
2564 1129 2828 1187 Eusebius
2856 1145 2962 1185 non
2997 1128 3154 1181 aliter
3177 1129 3418 1184 scribere
3438 1125 3885 1193 debuisse,quam

2328 1221 2655 1291 ἐπισκοπῆς,
2702 1231 2762 1275 ιιι
2813 1220 3075 1276 orationis
3131 1227 3312 1287 partes
3369 1218 3580 1288 possint
3645 1215 3790 1269 inter
3836 1231 3890 1270 se

2329 1314 2623 1369 cohaerere.
2676 1309 2896 1366 Dixerat
2941 1311 3084 1366 enim
3135 1308 3287 1378 prius
3361 1309 3565 1362 servari
3620 1305 3888 1360 fructuum

2330 1413 2573 1473 tempore
2609 1401 2900 1457 tentorium
2949 1402 3141 1466 vincte,
3179 1411 3412 1467 tuncque
3453 1402 3731 1455 custodem
3765 1414 3887 1465 pro-

2329 1498 2558 1566 spicere,
2611 1508 2699 1557 ne,
2737 1495 2829 1564 qui
2863 1495 2915 1547 in
2953 1493 3110 1546 vinea
3139 1498 3482 1560 praetereunt,
3532 1490 3746 1546 fructus
3778 1491 3890 1559 ejus

2329 1589 2666 1656 decerpant:
2719 1586 2917 1654 negligi
2972 1599 3103 1638 vero
3151 1583 3318 1636 vineae
3373 1581 3706 1636 munimenta
3773 1592 3890 1654 post

2329 1679 2692 1736 vendemiam.
2733 1677 3038 1733 Verisimile
3075 1675 3238 1746 igitur
3266 1675 3325 1728 fit
3352 1689 3497 1738 eum,
3537 1673 3580 1726 si
3615 1674 3714 1727 sibi
3766 1691 3891 1728 con-

2330 1782 2474 1827 stare
2488 1770 2676 1834 voluit,
2705 1770 3008 1839 scripsisse,
3026 1768 3352 1839 ὲπισκοπῆς,
3369 1783 3433 1822 eo
3466 1766 3671 1821 scilicet
3694 1781 3887 1818 sensu:

663 1863 797 1918 Cum
827 1863 989 1932 igitur
1011 1864 1190 1917 anima
1235 1863 1440 1921 fructus
1468 1876 1799 1922 aeternorum
1845 1869 2224 1935 penuariorum
2257 1848 2303 1909 Β
2332 1862 2792 1931 Quemadmodum
2835 1862 2878 1917 si
2911 1863 3068 1916 vinea
3117 1862 3449 1916 infructuosa
3492 1869 3594 1925 est,
3633 1875 3742 1914 non
3767 1873 3884 1925 pro-

662 1956 853 2020 dignos
889 1954 1113 2022 profert,
1145 1965 1258 2010 tum
1293 1968 1576 2024 permanet
1605 1957 1692 2013 ille
1719 1968 1922 2023 custos,
1955 1969 2009 2015 et
2037 1961 2227 2032 singu-

660 2039 792 2093 laris
819 2039 916 2094 feri
955 2041 1176 2099 insidias
1221 2045 1405 2113 procul
1456 2047 1656 2112 abigit;
1694 2061 1816 2101 cum
1846 2060 2025 2105 autem
2064 2067 2221 2106 uvam

661 2130 806 2186 fellis
828 2143 882 2186 et
913 2133 1128 2189 botrum
1160 2137 1538 2191 amaritudinis
1563 2138 1792 2206 profert,
1839 2141 2225 2198 infructuosam

661 2227 894 2280 animam
931 2227 1018 2280 ille
1062 2229 1304 2282 deserit:
1340 2239 1394 2284 et
1431 2239 1559 2285 tunc
1610 2231 1665 2286 in
1716 2236 1965 2304 quemvis
2008 2237 2224 2288 brutum

660 2314 978 2385 cogitatum,
1028 2323 1081 2370 et
1115 2317 1166 2370 in
1214 2320 1460 2387 quamvis
1495 2321 1921 2378 irrationabilem
1967 2327 2227 2396 concupi-

666 2408 931 2462 scentiam
968 2409 1169 2466 decidit
1221 2413 1329 2468 illa.
1371 2413 1694 2482 Plerumque
1742 2430 1903 2486 porro
1950 2415 2226 2487 Scriptura

661 2495 914 2554 lsraelem
947 2501 1158 2556 vineam
1210 2505 1414 2572 tropice
1451 2515 1757 2575 nuncupat;
1810 2518 1888 2574 ut,
1925 2506 2143 2564 Vineam
2167 2528 2231 2566 ea:

664 2588 896 2660 £gypto
923 2595 1238 2647 transtulisti
1264 2596 1317 2660 ⁸;
1350 2605 1403 2650 et
1436 2616 1450 2653 :
1491 2595 1654 2653 Vinea
1682 2603 1823 2670 facta
1851 2613 1925 2656 est
1958 2605 2147 2657 dilecto
2171 2607 2226 2668 9;

664 2693 718 2736 et
749 2700 764 2735 :
793 2683 907 2752 Ego
935 2695 1107 2738 autem
1131 2687 1364 2756 plantavi
1391 2699 1438 2744 te
1475 2693 1677 2745 vineam
1701 2694 2047 2761 fructuosam,
2068 2707 2228 2748 totam

663 2789 835 2828 veram
865 2775 932 2830 ".
968 2775 1116 2842 Quod
1152 2779 1195 2832 si
1226 2778 1388 2834 Israel
1423 2783 1574 2836 vinea
1606 2784 1787 2848 fuerit,
1821 2787 2228 2842 tabernaculum

659 2881 793 2922 sane
822 2865 937 2935 ejus
972 2869 1161 2924 domus
1214 2872 1393 2942 templi
1438 2874 1542 2927 erit
1584 2892 1599 2929 :
1646 2891 1770 2931 nam
1813 2875 2230 2932 Tabernaculum

664 2957 848 3026 gloria:
890 2961 931 2991 ¹¹
963 2961 1193 3027 dicitur;
1228 2973 1282 3017 et
1318 2981 1332 3018 :
1384 2962 1818 3034 Tabernaculum,
1851 2971 1936 3022 ubi
1975 2971 2228 3026 habitavit

662 3048 718 3099 in
765 3049 1058 3104 hominibus
1112 3053 1175 3107 ¹².
1233 3053 1415 3109 Donec
1471 3056 1651 3127 itaque
1713 3060 1938 3112 multum
1996 3062 2228 3116 fructum

660 3136 898 3204 protulit,
930 3137 1332 3194 tabernaculum
1357 3145 1422 3197 ad
1466 3144 1737 3199 fructuum
1769 3150 2067 3202 custodiam
2098 3152 2226 3206 sub—

663 3230 833 3295 stitit;
865 3232 989 3300 quia
1023 3249 1153 3317 vero
1193 3232 1282 3304 qui
1336 3236 1597 3306 plantavit
1620 3253 1763 3305 eam,
1795 3242 2131 3310 exspectavit
2169 3251 2228 3297 ut

663 3321 867 3378 faceret
899 3341 1080 3390 uvam,
1113 3325 1241 3382 fecit
1276 3339 1454 3383 autem
1487 3332 1694 3398 spinas,
1726 3335 1920 3402 quibus
1949 3335 2229 3390 Dominum

665 3421 1082 3475 coronaverunt,
1137 3423 1242 3466 tota
1277 3431 1534 3471 conversa
1570 3430 1652 3474 est
1686 3422 1737 3474 in
1778 3425 2228 3479 amaritudinem:

662 3496 793 3553 fecit
819 3500 962 3554 enim
994 3517 1148 3555 uvam
1182 3502 1324 3559 fellis
1374 3516 1424 3560 et
1471 3509 1686 3562 botrum
1730 3514 2106 3568 amaritudinis
2145 3516 2227 3568 ":

666 3590 896 3659 ideoque
918 3590 969 3643 in
1005 3602 1186 3660 potum
1224 3593 1449 3651 Domino
1497 3596 1568 3650 fel
1600 3598 1896 3665 dederunt;
1929 3615 1988 3654 ea
2014 3618 2142 3656 sane
2166 3606 2232 3656 de

665 3699 830 3738 causa
887 3687 1290 3741 tabernaculum
1339 3691 1460 3744 vita:
1511 3691 1824 3747 derelictum
1875 3698 2029 3749 est':
2084 3710 2228 3761 nam,

669 3774 712 3826 Ιί
718 3791 820 3837 cce,
855 3776 1042 3843 inquit,
1065 3780 1388 3848 relinquetur
1404 3784 1539 3838 vobis
1563 3788 1746 3840 domus
1763 3796 1928 3840 vestra
1946 3789 2147 3842 deserta
2165 3788 2229 3844 η.

662 3863 816 3920 Tunc
849 3881 973 3921 vere
1003 3869 1214 3936 impleta
1258 3882 1342 3924 est
1378 3875 1466 3927 illa
1507 3879 1886 3946 comminatio;
1915 3883 2114 3936 etenim
2142 3884 2235 3938 de-

666 3959 851 4012 relicta
902 3958 997 4013 Eat
1023 3962 1156 4015 sicut
1200 3964 1595 4020 tabernaculum
1625 3971 1683 4022 in
1730 3973 1878 4025 vinea
1925 3975 1988 4025 ¹⁵.
2030 3974 2237 4032 Exinde

665 4066 798 4105 vero
830 4053 1062 4108 nubibus
1101 4055 1374 4109 mandavit
1407 4073 1473 4112 ne
1509 4059 1756 4127 pluerent
1798 4077 1958 4131 super
1997 4066 2230 4122 vineam.

663 4139 870 4197 Idcirco
902 4158 1006 4197 non
1037 4143 1174 4197 ultra
1211 4146 1484 4215 prophetae
1525 4164 1690 4218 penes
1746 4151 1866 4206 illos
1922 4163 2068 4218 sunt,
2128 4172 2232 4210 non

667 4232 907 4289 caelestis
934 4236 1139 4304 gratia;
1181 4237 1274 4291 sed
1318 4253 1572 4295 conversa
1598 4251 1682 4296 est
1715 4243 1765 4295 in
1815 4245 2023 4298 aridam
2076 4256 2131 4301 et
2178 4247 2230 4300 in

671 4325 1169 4394 ronculcationem;
1201 4344 1355 4397 sepes
1383 4332 1563 4400 templi
1598 4333 1743 4388 illius
1773 4334 2061 4390 destructa:
2088 4347 2231 4403 sunt,

671 4434 770 4472 nec
820 4434 928 4472 non
978 4430 1286 4476 sanctarum
1319 4425 1576 4479 virtutum
1625 4427 2121 4496 propugnaculum:
2173 4446 2234 4487 ac

2328 1955 2489 2024 spicit
2515 1960 2717 2016 custos,
2749 1951 2842 2004 sed
2867 1965 2986 2006 eam
3014 1952 3190 2021 potius
3213 1951 3410 2005 deserit
3436 1966 3449 2002 :
3484 1952 3557 2004 ita
3587 1950 3885 2004 timendum

2327 2056 2429 2111 cst,
2461 2059 2527 2099 ne
2572 2059 2688 2108 nos,
2719 2044 2762 2098 si
2814 2044 3133 2100 infructuosi
3180 2044 3366 2106 simus,
3413 2042 3747 2107 inspectione
3799 2041 3888 2093 Dei

2328 2136 2702 2191 destituamnr.
2738 2135 3042 2192 Lectionem
3088 2134 3313 2187 alteram
3350 2132 3560 2186 defendi
3598 2147 3706 2185 non
3735 2147 3893 2198 posse

2330 2227 2583 2282 arbitror.
2617 2226 2770 2294 Quod
2826 2237 2882 2279 ut
2927 2223 3277 2293 intelligatur,
3327 2223 3459 2277 satis
3509 2229 3594 2276 est
3645 2222 3690 2275 si
3731 2222 3892 2273 verba

2329 2316 2546 2370 Eusebii
2589 2319 2938 2377 ascribamus,
2968 2328 3087 2382 quae
3121 2315 3234 2367 haec
3258 2323 3382 2368 sunt
3413 2332 3426 2367 :
3464 2315 3572 2367 Καὶ
3605 2313 3730 2365 τότε
3781 2311 3889 2364 ὑπὸ

2330 2406 2527 2468 παντὸς
2575 2405 2830 2472 λογισμοῦ
2865 2403 3160 2473 Θηριώδους
3192 2405 3286 2458 καὶ
3329 2405 3508 2474 πάσης
3533 2403 3733 2470 ἀλόγου
3783 2403 3898 2453 ὲπι-

2330 2495 2527 2566 θυμίας
2579 2496 2988 2548 καταπεσεῖται.
3043 2494 3177 2550 Nam
3224 2495 3352 2548 illud
3405 2495 3657 2561 loquendi
3707 2508 3898 2562 genus,

2328 2589 2715 2639 καταπεσεῖται
2763 2586 2868 2640 ὑπὸ
2914 2584 3198 2657 λογισμοῦ,
3223 2603 3241 2634 ι
3276 2586 3472 2637 incidet
3511 2583 3564 2635 in
3611 2584 3896 2651 cogitatio-

2330 2693 2473 2741 nem,
2513 2696 2532 2728 ι
2568 2679 2805 2743 ineptum
2841 2691 2959 2731 esse
2980 2687 3034 2730 et
3070 2678 3318 2728 vitiosum
3348 2673 3551 2737 vident,
3583 2683 3644 2727 ut
3679 2674 3896 2740 opinor,

2327 2784 2538 2823 omnes.
2599 2766 2774 2822 Scribi
2829 2767 3179 2836 oportuisset,
3233 2767 3626 2818 καταπεσείται
3679 2767 3761 2827 εἰς
3817 2764 3903 2815 λο-

2328 2862 2544 2932 γισμόν.
2579 2859 2801 2924 Contra,
2831 2875 3044 2924 vocem,
3066 2861 3478 2922 καταπατεῖται,
3509 2858 3637 2912 huic
3665 2858 3786 2911 loco
3807 2871 3904 2923 op.

2333 2955 2459 3008 time
2488 2952 2800 3018 convenire,
2842 2966 3023 3018 nemo,
3073 2952 3117 3007 si
3153 2952 3391 3006 animum
3427 2949 3740 3010 attenderit,
3768 2946 3905 3000 diii-

2332 3045 2552 3100 tebitur.
2598 3043 2801 3097 Caetera
2852 3057 3258 3112 persequamur.
3313 3040 3465 3104 Quod
3514 3040 3762 3105 sequitur
3793 3038 3907 3090 fra-

2331 3147 2604 3203 gmentum
2660 3134 2823 3186 breve
2879 3133 3095 3200 quidem
3133 3139 3216 3185 est
3259 3148 3272 3182 :
3334 3129 3385 3181 id
3431 3137 3608 3180 tamen
3642 3128 3908 3181 adnotare

2332 3240 2438 3278 non
2475 3224 2698 3293 pigebit.
2734 3223 2996 3276 Eusebius
3036 3221 3164 3274 illud
3199 3237 3213 3272 :
3249 3218 3524 3288 Principes
3550 3221 3629 3272 tui
3664 3236 3770 3272 non
3813 3219 3907 3271 ob-

2330 3326 2612 3385 temperant
2644 3315 2711 3380 ",
2748 3315 3130 3382 interpretans,
3166 3314 3354 3367 verbis
3392 3313 3500 3367 illis
3524 3313 3698 3366 utitur
3728 3327 3746 3367 :
3788 3311 3909 3380 Θεῷ

2329 3409 2664 3474 ἀπειθοῦσιν,
2715 3409 3053 3472 ἐκκλίνοντες
3092 3409 3186 3461 ἀπ’
3220 3405 3405 3469 αὑτοῦ,
3457 3406 3692 3468 καὶτοῖς
3726 3406 3910 3458 διατε-

2331 3501 2621 3571 ταγμένοις
2679 3499 2961 3553 ὑπἀὐτοῦ
3012 3498 3086 3568 μὴ
3126 3497 3472 3568 ἐμμένοντες,
3525 3515 3544 3546 ι
3587 3497 3694 3548 Deo
3753 3510 3912 3564 repu-

2331 3601 2518 3662 gnant,
2545 3593 2880 3647 declinantes
2908 3592 2975 3644 ab
3005 3605 3093 3656 eo,
3126 3601 3177 3644 et
3221 3591 3273 3642 in
3319 3588 3607 3656 praeceptis
3633 3589 3758 3653 ejus
3807 3603 3910 3639 non

2333 3690 2637 3735 manentes.
2668 3698 2685 3730 ι
2715 3679 2838 3733 Ηῖεο
2865 3680 2930 3730 ad
2958 3678 3178 3730 verbum
3199 3676 3376 3744 legere
3403 3682 3484 3727 est
3507 3673 3645 3741 apud
3669 3672 3912 3741 pseudo-

2335 3774 2592 3828 Basilium
2619 3774 2672 3826 in
2698 3773 2841 3826 hunc
2867 3771 3039 3839 ipsum
3064 3768 3213 3822 Isaia:
3237 3768 3419 3843 locum
3446 3770 3614 3832 (num.
3646 3764 3765 3835 49).
3805 3764 3914 3817 Eu-

2335 3866 2519 3922 sebius
2555 3868 2608 3919 in
2639 3862 2970 3934 explicandis
2999 3861 3106 3916 illis
3137 3877 3152 3914 :
3182 3858 3320 3926 Quid
3344 3875 3430 3912 vos
3469 3857 3667 3925 injuria
3705 3856 3915 3926 aﬂicitis

2335 3959 2582 4035 papulum
2641 3973 2810 4009 meum
2843 3956 2906 4019 ⁸⁸,
2945 3964 3074 4018 etc.,
3112 3953 3190 4007 sic
3250 3951 3484 4019 loquitur
3526 3965 3539 4000 :
3581 3948 3746 4012 Ἔθος
3802 3951 3917 4011 τοῖς

2336 4050 2580 4104 ἀδικοῦσι
2613 4050 2706 4102 καὶ
2725 4046 3138 4116 ἀποστεροῦσιν,
3156 4042 3370 4096 ἐπειδὰν
3395 4040 3734 4108 ἐγκαλῶνται

2335 4141 2442 4192 τῶν
2475 4140 2838 4207 ἠδικημένων,
2871 4137 3059 4205 ὕϐρεσι
3091 4135 3184 4188 καὶ
3206 4132 3491 4202 λοιδορίαις
3528 4131 3919 4200 καταισχῦνειν

2335 4232 2552 4292 αὐτοὺς,
2573 4227 2990 4292 ὲξευτελίζοντες
3020 4227 3113 4277 καὶ
3137 4224 3346 4292 πληγὰς
3374 4221 3749 4284 ἀπειλοῦντες.
3780 4223 3919 4276 Τοῦ·

2337 4338 2398 4374 το
2433 4316 2526 4372 οὖν
2564 4335 2722 4388 φησι,
2756 4316 2852 4386 τὴν
2880 4317 3006 4384 ὑμῖν
3051 4315 3431 4384 προσήκουσαν
3464 4314 3528 4363 ὲκ
3567 4316 3666 4380 τῆς
3697 4313 3920 4373 ἀδικίας

2337 4411 2598 4481 αἰσχύνην
2631 4407 2855 4477 ταύτην,
2881 4406 2945 4458 ὲκ
2970 4405 3066 4474 τῆς
3098 4402 3408 4474 τυραννίδος
3434 4401 3584 4471 ὑμῶν
3623 4405 3737 4464 τοῖς
3775 4420 3924 4456 πτω-

667 4508 877 4562 etiamsi
910 4511 1186 4580 quidpiam
1211 4515 1504 4569 secundum
1534 4495 1705 4586 legem
1726 4495 1920 4590 agant,
1953 4520 2006 4574 id
2044 4520 2147 4575 illis
2181 4522 2230 4576 in

2337 4508 2450 4575 χοϊς
2479 4502 2861 4572 περιτρέπετε.
2902 4518 2921 4551 ι
2960 4498 3075 4552 Mos
3114 4507 3199 4551 est
3230 4498 3295 4550 iis
3341 4499 3434 4563 qui
3477 4495 3732 4564 injuriatn
3783 4497 3918 4550 infe-

669 4599 962 4668 perniciem
1010 4604 1194 4657 vertit.
1244 4622 1263 4655 ι
1326 4604 1526 4658 Eodem
1579 4607 1738 4674 plane
1792 4609 1952 4664 modo
2000 4609 2237 4679 loquitur

677 4692 1141 4759 pseudo—Basilius
1198 4695 1371 4764 (num.
1404 4696 1496 4757 20)
1555 4697 1609 4750 in
1664 4697 1855 4753 iisdem
1903 4700 2239 4768 explicandis

667 4784 818 4840 Isaia:
844 4785 1019 4841 verbis
1051 4785 1116 4840 ¹⁶.
1147 4785 1243 4840 Cui
1274 4797 1474 4853 autem,
1519 4803 1720 4858 quaeso,
1768 4795 2082 4859 persuaderi
2143 4811 2241 4848 un-

661 4891 824 4943 quam
876 4877 1068 4945 poterit
1111 4887 1388 4933 oratorum
1435 4880 1924 4950 eloquentissimum
1979 4884 2236 4939 Basiliam

665 4965 750 5020 vel
783 4967 901 5036 ipso
926 4969 1298 5022 commentarii
1332 4971 1414 5023 sui
1441 4970 1593 5025 initio
1618 4971 1685 5024 ab
1706 4971 1933 5026 Eusebio
1965 4971 2238 5041 fragmen-

668 5067 780 5110 tum
807 5066 1017 5112 tantum
1035 5059 1134 5113 sibi
1165 5062 1500 5130 sumpsisse?
1519 5063 1819 5117 Notandum
1842 5064 2060 5118 variare
2088 5079 2235 5119 com-

671 5151 962 5205 mentarios
1015 5151 1068 5204 in
1125 5151 1354 5206 duobus.
1411 5154 1674 5218 Primum,
1730 5157 1872 5224 quod
1933 5156 2127 5223 legitur
2176 5155 2229 5208 in

668 5240 922 5305 Eusebio,
956 5243 1047 5314 Μὴ
1095 5244 1609 5316 ἐγκαταλειφθῶμεν
1646 5247 1751 5300 dub
1788 5250 1884 5319 τῆς
1923 5248 2089 5319 ὀργῆς
2136 5245 2230 5300 τοῦ

667 5331 826 5396 Θεοῦ,
863 5334 928 5387 ad
961 5337 1204 5403 verbum,
1245 5354 1265 5388 ι
1302 5352 1366 5391 ne
1399 5338 1465 5390 ab
1501 5339 1578 5390 ira
1628 5339 1720 5392 Dei
1756 5339 2090 5402 deseramur,
2127 5357 2145 5389 ι
2177 5339 2229 5390 in

668 5422 775 5475 alio
808 5438 934 5478 vero
958 5425 1272 5495 interprete,
1307 5429 1397 5499 Μὴ
1426 5427 1946 5500 ὲγκαταλειφθῶμεν
1986 5428 2090 5480 ὑπὸ
2138 5427 2237 5497 τῆς

669 5513 980 5584 ἐπισκοπῆς
1006 5517 1101 5570 τοῦ
1126 5518 1283 5583 Θεοῦ,
1320 5538 1337 5571 ι
1375 5529 1435 5573 ut
1466 5534 1532 5574 ne
1560 5521 1653 5574 Dei
1694 5519 2028 5590 inspectione
2077 5518 2240 5573 desti-

1733 5719 1775 5748 '°
1805 5717 1913 5771 Jer.
1957 5733 2009 5775 ιι,
2043 5715 2095 5769 2.

1660 5789 1699 5819 ’⁵
1741 5790 1870 5844 ibid.

1314 5719 1334 5749 ’
1363 5717 1460 5771 lsa.
1499 5734 1550 5774 γ.
1588 5719 1635 5771 1.

1255 5788 1298 5819 ³⁵
1325 5789 1429 5843 lsa.
1470 5806 1504 5854 I,
1528 5788 1578 5842 8.

745 5718 765 5748 "
815 5715 949 5770 Psal.
981 5717 1232 5773 Lxxtx.9.

673 5785 720 5818 “
765 5787 873 5843 Luc
930 5801 1050 5852 xui,
1080 5785 1165 5841 55.

2175 5716 2210 5745 ¹¹
2257 5712 2393 5766 l’sal.
2424 5729 2549 5777 xxv,
2579 5711 2630 5765 8.

1952 5789 1990 5818 ¹⁷
2021 5787 2146 5842 ibid.
2174 5784 2263 5842 23.

2342 4600 2489 4654 runt,
2539 4599 2592 4642 et
2642 4589 2934 4657 abripiunt,
2976 4595 3035 4639 ut
3082 4601 3205 4640 cum
3237 4599 3265 4637 a
3297 4584 3441 4638 laesis
3478 4584 3918 4652 expostulantur,

2343 4680 2690 4738 contumeliis
2737 4691 2793 4733 et
2829 4678 3091 4734 conviciis
3120 4678 3264 4744 ipsos
3300 4675 3656 4738 confundant,
3680 4675 3923 4744 vilipen-

2346 4777 2534 4831 dentes
2554 4791 2617 4831 ac
2642 4776 2824 4845 plagas
2846 4775 3261 4829 comminantes.
3298 4771 3411 4827 Hoc
3439 4772 3599 4841 igitur
3631 4772 3709 4825 ait
3741 4789 3754 4824 :
3783 4773 3924 4827 Con-

2348 4880 2629 4940 gruentem
2663 4868 2813 4922 vobis
2852 4882 2915 4919 ex
2948 4866 3092 4919 illata
3124 4863 3315 4933 injuria
3350 4865 3631 4934 pudorem,
3661 4866 3922 4934 tyranni-

2346 4977 2408 5015 ca
2440 4962 2490 5013 vi
2520 4969 2728 5014 utentes
2759 4959 2811 5010 in
2837 4972 3099 5027 pauperes
3122 4957 3457 5012 refunditis.»
3487 4955 3601 5018 Illa,
3628 4956 3800 5009 τοῦτο
3829 4951 3924 5008 civ

2344 5070 2499 5122 φησι,
2528 5053 2570 5105 si
2611 5049 2869 5117 excipias,
2918 5058 3112 5102 caetera
3145 5046 3210 5099 ad
3235 5047 3457 5100 verbum
3489 5045 3739 5099 invenies
3780 5044 3922 5113 apud

2340 5141 2837 5216 pseudo-Basilium
2903 5140 3074 5210 (num.
3132 5139 3279 5209 122),
3334 5138 3576 5192 eamdem
3635 5137 3923 5206 prophetae

2336 5235 2662 5291 sententiam
2712 5231 3117 5301 explanantem.
3179 5230 3452 5292 Invenies,
3500 5230 3752 5295 inquam,
3813 5242 3924 5281 non

2341 5327 2688 5381 continenter
2714 5322 2952 5391 quidem,
2972 5323 3066 5376 sed
3089 5322 3268 5376 verbis
3291 5319 3559 5375 nonnullis
3586 5318 3696 5371 inte
3710 5318 3921 5384 rjectis.

2345 5417 2412 5470 Et
2447 5413 2700 5484 quoniam
2734 5411 2898 5465 statui
2931 5413 3066 5466 nihil
3100 5412 3377 5483 praeterire
3411 5423 3622 5471 eorum,
3670 5422 3803 5476 quae
3835 5424 3921 5462 re-

2347 5508 2522 5578 perire
2553 5515 2760 5572 potero,
2785 5503 3036 5574 adjiciam
3082 5518 3249 5573 pauca
3281 5503 3461 5556 verba.
3497 5499 3720 5554 Eusebii
3760 5501 3925 5570 igitur

2715 5713 2755 5744 ¹²
2789 5711 2927 5767 Psal.
2957 5728 3159 5775 Lxxvu,
3205 5710 3290 5766 fit).
3375 5710 3412 5740 ”
3442 5711 3593 5762 Deut.
3625 5723 3810 5770 xuii,
3835 5704 3925 5759 5‘3.

2343 5783 2383 5813 ³⁸
2404 5785 2502 5838 lsa.
2540 5801 2617 5848 Ill,
2648 5782 2734 5837 15.
