4080 6314
701 384 892 427 εῦιιιν

2047 373 2574 431 PROLEGOMENA.

700 492 793 545 sed
818 492 861 544 si
896 490 1178 559 posterius,
1208 490 1424 553 nullius.
1463 494 1605 563 quod
1644 497 1892 566 equidem
1931 498 2118 563 sciam,
2162 512 2256 553 ex-

2359 496 2556 567 κτανθῇ
2593 497 2653 547 ἐκ
2702 494 2801 561 τῆς
2826 493 2999 564 ψυχῆς
3030 492 3188 546 οἱονεὶ
3242 492 3381 559 ξίφει
3418 491 3521 543 τινὶ
3559 488 3637 560 τῷ
3673 488 3927 560 τμητικῷ

701 582 935 651 einplum
989 596 1109 636 eum
1163 595 1467 639 excusaret.
1526 586 1656 654 Quis
1697 588 1863 655 enim,
1915 604 2113 658 quaso,
2150 601 2256 645 tam

703 671 1021 735 ineruditus,
1059 680 1166 725 tam
1215 674 1388 738 rudis,
1427 685 1640 745 tamque
1674 678 1885 733 dicendi
1934 680 2086 749 iunps
2134 681 2253 744 fuit,

702 767 908 812 utcum
953 759 1101 815 Isaiae
1151 761 1403 817 vaticinia
1449 766 1782 834 explanaret,
1828 770 1897 823 ob
1932 768 2255 839 imperitiam

699 851 767 902 ad
817 850 1035 905 Eusebii
1084 852 1138 904 in
1194 851 1437 909 Psalmos
1481 858 1928 913 commentarium
1979 874 2259 916 recurrere

698 949 920 995 coactus
952 942 1058 996 sit?
1084 942 1237 1009 Quod
1262 953 1464 1009 tamen,
1496 947 1708 1015 opinor,
1744 951 1979 1004 nondum
2018 952 2259 1005 auditum

697 1039 800 1096 est,
834 1046 929 1087 nec
960 1041 1141 1101 postea
1169 1035 1443 1100 audietur,
1476 1036 1528 1092 id
1554 1039 1872 1109 scriptorem
1908 1052 2147 1097 nostrum
2178 1041 2260 1097 fe-

698 1124 838 1179 cisse
862 1134 1095 1181 constat.
1123 1128 1379 1197 Exempla
1402 1130 1771 1200 supponimus.
1800 1133 2061 1190 Eusebius
2098 1135 2263 1205 igitur

698 1215 751 1268 in
799 1218 1204 1274 commentariis
1249 1220 1316 1273 iis
1363 1235 1498 1289 quos
1544 1223 1600 1276 in
1651 1221 1886 1278 Psalmos
1933 1228 2259 1296 composuit,

697 1308 783 1362 illa
810 1327 823 1364 :
846 1308 965 1364 Illic
994 1328 1147 1366 naves
1181 1324 1540 1381 pertranseunt
1566 1317 1633 1387 ”,
1679 1317 1989 1386 explanans,
2014 1319 2093 1374 sic
2122 1320 2259 1374 scri-

697 1404 847 1470 psit:
894 1404 1006 1456 Kal.
1053 1403 1196 1457 ἔστιν
1228 1406 1592 1477 ἐπαινούμενα
1629 1408 1786 1460 πλοῖα
1829 1409 1897 1462 τά
1923 1409 2262 1465 διαϐαίνοντα

692 1495 793 1565 τὴν
837 1496 1133 1561 θάλασσαν,
1183 1497 1320 1551 ἀλλά
1358 1498 1433 1569 μὴ
1482 1500 1882 1569 ὲναπομένοντα
1926 1502 2084 1571 αὐτῇ,
2129 1501 2263 1572 μηδὲ

696 1584 1210 1657 κατασατιτιςόμενα
1257 1590 1371 1651 τοῖς
1428 1586 1684 1660 κύμασιν.
1732 1591 1794 1642 Ol
1837 1588 1945 1659 γὰρ
2003 1591 2060 1642 ὲν
2100 1591 2264 1661 σαρκὶ

692 1678 865 1743 ὄντες,
901 1678 995 1731 καὶ
1058 1679 1132 1750 μὴ
1181 1680 1321 1733 κατά
1373 1680 1547 1750 σάρκα
1602 1682 2033 1753 στρατευόμενοι,
2091 1699 2261 1736 κατα·

695 1768 991 1833 πατοῦντες
1017 1769 1107 1822 τὸν
1136 1769 1377 1823 κλύδωνα
1405 1770 1497 1824 τοῦ
1524 1771 1657 1841 βίου,
1694 1774 1788 1825 καὶ
1820 1772 2135 1845 ὑψηλότεροι
2170 1772 2262 1825 αὑ‹

693 1857 790 1910 τοῦ
820 1857 990 1922 ὄντες,
1024 1858 1266 1912 ποιοῦσιν
1302 1834 1561 1931 ἐργασίαν
1597 1834 1653 1912 ὲν
1684 1860 1840 1913 ὕδασι
1866 1834 2085 1924 πολλοῖς
2137 1878 2259 1929 συγ·
2290 1834 2333 1893 Β

695 1948 1110 2014 καταϐαίνοντες
1173 1951 1265 2003 ἐπὶ
1314 1950 1391 2020 τῷ
1437 1950 1696 2020 κερδῆσαί
1740 1967 1893 2015 τινας
1951 1950 2058 2005 τῶν
2104 1951 2262 2021 βεϐυ-

695 2042 987 2113 θισμένων.
1023 2061 1042 2095 ι
1072 2041 1382 2096 Laudantur
1411 2055 1571 2111 porro
1609 2056 1771 2097 naves
1811 2058 1930 2112 qua:
1961 2058 2110 2097 mare
2131 2058 2259 2112 per-

703 2145 1005 2198 transeunt,
1039 2149 1145 2190 non
1202 2149 1331 2190 vero
1364 2149 1483 2204 quae
1513 2134 1584 2188 ibi
1624 2143 1962 2201 permanent,
2007 2135 2090 2190 vel
2139 2150 2260 2205 quae

696 2226 948 2282 ﬂuctibus
972 2227 1376 2297 demerguntur.
1416 2225 1550 2280 Nam
1591 2228 1679 2295 qui
1706 2228 1757 2280 in
1791 2242 1955 2282 carne
1986 2236 2128 2292 sunt,
2159 2243 2259 2283 nec

694 2318 992 2374 secundum
1022 2333 1242 2373 carnem
1276 2316 1530 2381 militant,
1565 2318 1689 2372 vita:
1717 2316 1933 2372 ﬂuctum
1969 2319 2258 2385 calcantes,

694 2426 869 2481 eoque
917 2412 1257 2483 superiores,
1326 2409 1528 2466 faciunt
1578 2410 1948 2479 Operationem
2001 2410 2053 2464 iu
2107 2413 2261 2481 aquis

695 2509 900 2575 multis,
931 2522 994 2563 ac
1023 2508 1372 2573 descendunt,
1406 2512 1464 2561 ut
1509 2521 1575 2560 ex
1615 2505 1880 2560 demersis
1922 2504 2129 2574 aliquos
2164 2505 2261 2559 lu-

693 2608 933 2653 crentur.
973 2615 993 2651 ι
1028 2597 1150 2653 Haec
1180 2598 1233 2651 in
1258 2594 1674 2666 pseudohBasilii
1706 2596 2111 2649 commentariis
2159 2594 2261 2649 hoc

690 2694 808 2759 ipso
825 2692 877 2747 in
897 2691 1166 2747 volumine
1181 2691 1340 2745 editis
1353 2689 1611 2755 invenies,
1628 2689 1670 2743 si
1692 2688 1834 2757 legas
1850 2705 1968 2760 qua:
1985 2692 2124 2746 dicta
2138 2700 2261 2746 sunt

690 2786 745 2840 in
777 2784 904 2839 illud
943 2783 1113 2851 (num.
1144 2780 1235 2849 93)
1262 2802 1273 2835 :
1299 2779 1363 2833 Et
1386 2795 1541 2849 super
1574 2796 1775 2834 omnem
1796 2799 1973 2837 navem
2012 2784 2174 2837 maris
2192 2784 2257 2842 ⁸³.

694 2876 958 2933 Eusebius
977 2889 1163 2931 rursus
1184 2873 1278 2929 illa
1302 2889 1316 2927 :
1342 2871 1406 2928 In
1424 2875 1679 2926 matutino
1701 2874 2071 2940 interﬁciebam
2087 2891 2260 2930 omnes

689 2977 984 3036 peccatores
1044 2976 1198 3022 terrae
1244 2965 1327 3030 ⁸⁸,
1401 2964 1765 3033 interpretans
1821 2966 1902 3019 sic
1952 2964 2190 3034 loquitur
2246 2985 2259 3021 :

692 3059 861 3112 Παντί
907 3076 1008 3112 που
1047 3058 1235 3129 δῆλον,
1274 3058 1356 3113 ὅτι
1397 3058 1456 3111 ὲν
1490 3056 1771 3127 αἰνίγματι
1817 3056 2243 3127 κεκαλυμμένως

2357 586 2500 657 λόγῳ
2535 586 2629 640 καὶ
2657 584 2991 653 ἀφανιστικῷ
3023 584 3127 636 τῶν
3158 581 3360 643 παθῶν,
3387 583 3478 634 καὶ
3514 581 3671 634 τοῦτο
3699 581 3928 651 γένηται

2359 682 2415 732 ὲν
2445 679 2645 749 πρωία,
2667 676 2930 740 τουτέστι,
2959 676 3097 729 κατά
3124 676 3220 745 τὴν
3249 677 3327 739 είς
3364 674 3425 727 τὸ
3450 675 3677 745 φανερὸν
3708 675 3928 729 ἀποκά-

2358 770 2515 840 λυψιν
2538 770 2666 840 (πᾶν
2687 769 2795 838 γάρ
2820 766 2880 820 τὸ
2906 766 3300 837 φανερούμενον
3327 766 3440 833 φῶς
3464 767 3621 833 ἐστι),
3655 765 3795 834 μετά
3828 765 3929 835 τὴν

2358 861 2416 914 έν
2437 859 2633 931 καρδίᾳ
2657 858 2917 929 μοιχείαν.
2939 857 3032 910 καὶ
3055 856 3146 909 ἐπὶ
3166 855 3261 927 τὴν
3287 856 3501 926 μείζονα
3520 855 3720 925 ταύτης
3738 858 3927 928 ἀμαρ·

2356 954 2475 1007 τίαν
2500 952 2723 1020 προάξει
2751 951 2842 1005 τὸν
2869 948 3170 1020 ἄνθρωπον,
3205 950 3339 1020 πρὸς
3363 950 3461 1020 τὴν
3486 949 3575 1003 διά
3602 948 3697 1001 τοῦ
3733 949 3927 1019 σώμα-

2358 1063 2447 1110 τος
2468 1045 2747 1117 ἐνέργειαν
2772 1042 2932 1097 αὐτὸν
2951 1041 3360 1112 ἐκκαλούμενος.
3393 1061 3410 1093 ι
3430 1041 3637 1096 Nemini
3668 1051 3800 1111 puto
3818 1056 3925 1095 non

2363 1138 2703 1192 manifestum
2740 1150 2859 1190 esse
2894 1137 3006 1190 lucc
3036 1135 3367 1205 aeuigmatice
3411 1135 3550 1189 dicta
3587 1134 3794 1198 fuisse;
3830 1148 3927 1188 ne—

2362 1244 2465 1299 que
2490 1230 2627 1283 enim
2669 1244 2729 1284 ea
2759 1239 2841 1283 est
2870 1227 2998 1281 dicti
3024 1227 3288 1281 sententia
3308 1265 3323 1291 ,
3353 1240 3438 1281 me
3471 1226 3779 1281 ineuntibus
3813 1224 3928 1279 sin-

2361 1321 2501 1390 gulis
2527 1320 2713 1375 diebus
2737 1321 2970 1374 humano
2991 1318 3249 1387 sanguine
3276 1331 3465 1370 manus
3485 1314 3711 1373 ladasse
3735 1331 3919 1370 meas:

2362 1412 2412 1466 id
2448 1411 2590 1465 enim
2624 1418 2976 1480 prteterquam
3006 1411 3146 1480 quod
3168 1410 3540 1464 detestandum
3559 1418 3719 1471 esset,
3748 1408 3925 1461 nulla-

2362 1514 2518 1560 tenus
2548 1502 2800 1558 credibile
2840 1510 2940 1556 est.
2972 1503 3245 1569 Quomodo
3273 1500 3411 1556 enim
3449 1499 3676 1568 singulis
3702 1501 3925 1553 matuti-

2362 1595 2444 1650 nis
2478 1609 2667 1649 omnes
2691 1603 3003 1663 peccatores
3030 1603 3183 1647 terra:
3216 1608 3372 1647 manu
3404 1592 3613 1660 prapria
3650 1588 3924 1644 conﬁcere

2363 1688 2672 1758 potuisset?
2700 1684 2883 1755 Neque
2903 1684 3045 1739 enim
3075 1697 3212 1737 unus
3236 1697 3420 1737 omnes
3445 1695 3701 1751 superare
3724 1680 3924 1732 valuis-

2360 1788 2462 1847 set,
2496 1794 2639 1844 cum,
2662 1788 2719 1833 ut
2744 1776 3035 1833 verisimile
3066 1783 3167 1839 est,
3191 1789 3382 1843 magna
3410 1782 3549 1828 esset
3572 1782 3919 1842 peccatorum

2359 1870 2643 1925 multitudo
2675 1889 2690 1921 :
2723 1884 2785 1923 ac
2807 1868 2853 1923 si
2890 1880 2983 1921 eos
3007 1866 3060 1921 in
3094 1863 3230 1918 bello
3260 1864 3509 1929 vicisset,
3558 1878 3663 1919 uno
3703 1866 3757 1917 in
3792 1880 3904 1917 ma-

2360 1962 2528 2014 tutino
2557 1975 2744 2016 omnes
2769 1956 3145 2020 interfecisset,
3179 1968 3353 2024 neque
3380 1952 3605 2021 singulis
3634 1956 3919 2009 matutinis

2360 2051 2501 2117 ipsos
2529 2052 2739 2119 propria
2776 2065 2936 2103 manu
2966 2047 3344 2103 interemisset.
3373 2043 3509 2110 Quid
3535 2044 3722 2111 itaque
3752 2044 3923 2113 signi-

2360 2142 2483 2196 ﬁcat
2527 2141 2689 2194 illud?
2722 2141 2991 2194 Attentius
3019 2147 3075 2193 et
3122 2136 3439 2207 prudentius
3483 2134 3622 2188 dicta
3655 2134 3923 2205 intelliga-

2361 2244 2502 2295 mus,
2538 2241 2605 2282 ne
2651 2229 2961 2297 prephctica
3005 2226 3220 2283 oracula
3268 2225 3531 2280 mendacii
3577 2238 3919 2290 accusemus,

2328 2376 2331 2378 .
2360 2322 2502 2390 quod
2531 2319 2686 2375 nefas
2712 2326 2875 2373 esset.
2907 2317 3109 2371 Civitas
3143 2317 3350 2371 Domini
3376 2326 3462 2372 est
3494 2317 3742 2372 humana:
3777 2326 3922 2371 stru-

2359 2423 2525 2467 cturae
2570 2408 2919 2478 compositio;
2957 2417 3262 2476 peccatores
3295 2418 3472 2462 autem
3502 2416 3660 2462 terra:
3691 2406 3728 2461 ii
3769 2416 3917 2471 sunt,

2359 2508 2423 2561 de
2450 2502 2643 2573 quibus
2670 2499 2921 2556 Salvator
2952 2500 3027 2553 ait
3056 2516 3070 2551 :
3107 2498 3182 2550 Ab
3201 2499 3337 2551 intus
3358 2514 3419 2552 ex
3438 2499 3593 2553 corde
3619 2507 3813 2553 exeunt
3834 2514 3924 2551 co-

2358 2597 2631 2665 gitationes
2666 2594 2817 2648 mala:
2841 2632 2857 2657 ,
2886 2590 3191 2657 homicidia,
3219 2588 3500 2653 adulteria,
3526 2590 3924 2658 fornicationes,

2361 2687 2532 2757 furta,
2576 2686 2713 2755 falsa
2766 2683 3095 2746 testimonia,
3148 2679 3475 2745 blasphemia:
3496 2681 3562 2735 ".
3614 2680 3743 2733 Hcce
3801 2692 3924 2737 sunt

2357 2772 2475 2851 qum
2504 2777 2839 2849 coinquinant
2880 2776 3155 2830 hominem.
3210 2771 3317 2827 llos
3382 2780 3559 2826 autem
3607 2784 3923 2840 peccatores

2358 2886 2425 2924 ex
2452 2879 2591 2925 terra
2618 2877 2789 2933 ortos,
2815 2866 2866 2921 id
2899 2875 3004 2929 est,
3037 2879 3102 2920 ex
3134 2875 3352 2918 terrena
3381 2877 3543 2917 carne
3575 2861 3921 2931 prodeuntes,

2362 2961 2485 3013 dum
2524 2957 2745 3025 singulae
2791 2957 2856 3012 de
2900 2954 3011 3011 Deo
3059 2954 3409 3025 cogitationes
3449 2953 3808 3016 exoriuntur,
3858 2969 3922 3007 ex

2363 3049 2575 3120 propria
2607 3057 2874 3102 structura
2902 3047 3060 3112 tollit,
3083 3047 3174 3116 qui
3210 3061 3328 3102 sese
3354 3054 3566 3116 purgat.
3600 3044 3924 3099 Matutinum

691 3152 935 3223 εἴρηταιο
980 3150 1041 3203 ού
1082 3150 1190 3223 γάρ
1223 3151 1304 3204 ὅτι
1356 3150 1475 3204 καθ’
1523 3151 1757 3222 ἑκάστην
1793 3150 1966 3221 ἀρχὴν
1998 3151 2095 3221 τῆς
2130 3150 2260 3222 ἡμέ-

2366 3153 2543 3199 autem
2568 3150 2624 3197 et
2645 3140 2934 3195 diluculum
2965 3141 3017 3193 in
3049 3143 3225 3194 anima
3267 3149 3383 3209 est,
3417 3144 3625 3211 quoties
3665 3142 3927 3198 salutaris

694 3260 793 3312 ρας
834 3245 1020 3314 αἵματι
1061 3243 1361 3313 ἀνθρώπων
1412 3241 1510 3306 τάς
1550 3245 1737 3315 χεῖρας
1795 3244 2164 3316 ἐμολυνόμην,
2201 3245 2261 3298 ού

691 3329 849 3385 τοῦτό
892 3348 1055 3402 φησιν
1098 3334 1126 3385 6
1167 3332 1342 3399 λόγος.
1379 3331 1548 3383 Τοῦτο
1589 3332 1730 3403 γὰρ,
1772 3335 1907 3403 πρὸς
1941 3334 2018 3404 τῷ
2061 3338 2261 3404 ἐναγεῖ,

691 3421 771 3473 ἔτι
817 3420 911 3474 καὶ¹
962 3420 1024 3473 τὸ
1054 3419 1320 3475 ἀπίθανον
1368 3417 1501 3490 ἔχει.
1548 3419 1671 3481 Πῶς
1731 3420 1840 3491 γάρ
1892 3422 2107 3475 πάντων
2141 3424 2265 3494 ἡδύ-

691 3530 820 3567 νατο
862 3513 984 3567 καθ’
1027 3514 1263 3587 ἑκάστην
1301 3514 1515 3586 πρωίαν
1555 3512 1809 3585 αύτόχειρ
1861 3514 2103 3584 γίνεσθαι
2156 3516 2265 3571 τῶν

690 3603 1027 3674 ἁμαρτωλῶν
1064 3607 1163 3675 τῆς
1199 3605 1335 3676 γῆςς
1364 3606 1439 3659 υύ
1474 3605 1581 3677 γάρ
1632 3606 2003 3677 περιγίνεσθαι
2038 3608 2262 3663 πάντων

690 3696 912 3749 δυνατὸν
929 3697 1047 3764 ἕνα,
1080 3698 1287 3751 πολλῶν
1319 3700 1427 3752 τῶν
1464 3698 1946 3768 ἐξαμαρτανόντων
1967 3700 2042 3761 ὡς
2091 3701 2151 3753 τὸ
2186 3703 2263 3753 εί-

692 3788 787 3854 κος
815 3788 1005 3854 όντων,
1050 3789 1144 3841 καὶ
1177 3791 1224 3842 εί
1268 3790 1485 3861 πολέμῳ
1512 3789 1689 3843 αὐτῶν
1730 3790 2134 3861 κατεκράτησεν
2156 3830 2172 3856 ,
2205 3793 2262 3845 έν

695 3883 793 3953 μιᾷ
825 3881 890 3937 ἂν
922 3882 1205 3936 ἀπέκτεινε
1233 3882 1412 3955 πρωίᾳ
1442 3884 1568 3946 τοὺς
1616 3881 1933 3954 σύμπαντας
1954 3922 1969 3947 ,
1998 3882 2116 3937 ἀλλ’
2142 3883 2262 3954 οὐχὶ

691 3973 814 4025 καθ’
850 3974 1085 4044 ἑκάστην
1134 3975 1346 4044 πρωίαν
1388 3975 1638 4045 αὐτόχειρ
1688 3974 1865 4029 αὐτῶν
1916 3976 2139 4044 ἐγίνετο.
2195 3978 2260 4031 Τί

690 4061 786 4119 οὖν
809 4065 966 4118 τοῦτό
1008 4067 1161 4130 esst;
1214 4063 1581 4136 Συνετώτερον
1616 4067 1723 4121 τῶν
1762 4066 2068 4137 λεγομένων
2095 4068 2258 4122 ἀκού-

692 4176 893 4229 σωμεν,
922 4158 1007 4212 ῐνα
1038 4158 1111 4230 μὴ
1144 4159 1611 4231 κατηγορήσωμεν
1646 4160 1734 4213 ἐπὶ
1777 4158 1966 4230 ψευδεῖ
1991 4158 2101 4211 τῶν
2129 4176 2261 4227 προ-

690 4247 935 4318 φητικῶν
966 4248 1193 4316 λογίων,
1242 4249 1271 4300 6
1307 4248 1380 4319 μὴ
1427 4248 1602 4318 θέμις.
1655 4248 1815 4310 Πόλις
1847 4248 1942 4302 τοῦ
1988 4250 2191 4321 Κυρίου
2224 4252 2257 4319 ή

693 4334 951 4401 σύστασις
994 4339 1109 4391 ἐστι
1150 4338 1251 4407 τῆς
1295 4337 1637 4411 ἀνθρωπίνης
1674 4342 2051 4410 κατασκευῆς·
2082 4342 2260 4411 ἀμαρ-

678 4426 847 4484 ,τωλοὶ
874 4427 968 4480 καὶ
990 4428 1113 4499 γῆς,
1150 4428 1275 4498 περὶ
1305 4420 1379 4481 ὧν
1414 4445 1577 4499 φησιν
1618 4430 1647 4481 6
1686 4427 1909 4499 Σωτὴρ,
1946 4430 2028 4483 ὅτι
2070 4431 2259 4484 Ἕσω-

2364 3236 2628 3307 dogmatis
2650 3242 2802 3291 ortus
2825 3232 3046 3299 accidit,
3076 3245 3182 3301 quo
3212 3248 3401 3290 omnes
3421 3236 3777 3305 cogitationes
3807 3252 3928 3305 qua:

2363 3338 2653 3400 sperantur
2692 3326 3068 3397 iniquitatem,
3097 3324 3164 3379 de
3190 3325 3365 3379 medio
3406 3326 3519 3379 tolli
3548 3339 3779 3396 oportet.
3810 3330 3927 3385 Nisi

2364 3420 2506 3473 enim
2536 3419 2694 3488 primi
2724 3419 2915 3473 anima:
2941 3425 3116 3472 motus
3146 3416 3212 3471 ad
3240 3414 3493 3469 malitiam
3520 3420 3926 3489 exscindantur,

2364 3507 2724 3563 necessarium
2779 3518 2865 3563 est
2932 3508 3211 3579 cupidines
3264 3508 3331 3562 ad
3399 3521 3534 3578 opus
3606 3512 3926 3577 procedere.

2361 3598 2601 3671 Exempli
2631 3613 2815 3668 causa,
2860 3607 3109 3670 peccator
3138 3609 3294 3655 terra:
3343 3608 3426 3657 est
3471 3601 3723 3671 cogitatio
3751 3600 3929 3657 forni-

2360 3690 2623 3745 cationem
2663 3703 2976 3759 suggerens,
3004 3705 3125 3759 qua:
3168 3690 3330 3745 eﬂlcit
3374 3699 3431 3744 ut
3473 3693 3594 3761 quis
3638 3694 3928 3749 mulierem

2362 3778 2614 3845 respiciat
2658 3777 2725 3831 ad
2767 3778 3251 3846 concupiscendum
3306 3792 3422 3830 eam
3459 3780 3505 3812 ³⁸
3540 3796 3553 3831 :
3594 3780 3711 3837 haec
3758 3798 3929 3852 porro

2361 3869 2463 3924 nisi
2499 3869 2552 3922 in
2584 3868 2762 3922 anima
2796 3868 3097 3931 occidatur,
3124 3880 3189 3921 ac
3220 3867 3427 3921 ratione
3452 3882 3549 3923 ceu
3580 3870 3757 3938 gladio
3779 3875 3931 3929 scin-

2359 3960 2518 4015 dente
2548 3968 2602 4015 et
2628 3956 2853 4015 allectus
2871 3957 3088 4013 tollente
3110 3957 3364 4021 caedatur,
3394 3957 3551 4027 idque
3574 3957 3627 4012 in
3657 3962 3928 4017 matutino

2358 4035 2641 4116 efﬁciatur,
2668 4050 2876 4107 scilicet
2905 4065 3028 4105 cum
3056 4049 3289 4120 primum
3314 4048 3400 4103 illa
3432 4050 3605 4120 palam
3630 4051 3931 4120 deprehen-

2359 4144 2499 4197 ditur
2533 4142 2687 4215 (nam
2711 4143 2925 4213 quidvis
2954 4142 3303 4211 conspicuum
3333 4143 3422 4196 lux
3446 4155 3527 4198 est
3550 4151 3747 4223 ),‘post
3775 4144 3927 4201 illam

2358 4235 2412 4289 in
2446 4235 2607 4292 Corde
2630 4234 3069 4298 fornicationem,
3107 4234 3172 4286 ad
3202 4234 3420 4301 gravius
3452 4235 3611 4289 etiam
3640 4249 3925 4303 peccatum

2358 4325 2446 4381 illa
2492 4326 2760 4382 hominem
2807 4324 3069 4387 deducet,
3105 4321 3158 4376 id
3207 4330 3289 4376 est
3335 4323 3402 4376 ad
3436 4336 3751 4394 corporeum
3786 4342 3925 4394 Opus

2354 4418 2620 4474 evocabit.
2659 4435 2679 4469 ι
2724 4413 2849 4469 Haec
2876 4414 2943 4469 ad
2976 4414 3191 4470 verbum
3242 4412 3491 4483 leguntur
3526 4416 3663 4486 apud
3698 4418 3929 4486 pseudo-

690 4523 794 4573 θεν
823 4518 891 4571 ἐκ
917 4516 1026 4587 τῆς
1053 4517 1298 4584 καρδίας
1321 4518 1663 4587 ἐξέρχονται
1685 4519 1962 4590 λογισμοί
1987 4521 2256 4589 πονηροί,

2359 4508 2614 4563 Basilium
2681 4520 2746 4561 eo
2787 4506 2838 4561 in
2892 4505 3042 4570 loco,
3117 4503 3205 4559 ubi
3260 4505 3447 4561 ultima
3497 4508 3613 4563 vice
3669 4510 3927 4579 explanat

689 4611 881 4677 φόνοι,
908 4607 1182 4679 μοιχεῖαι,
1236 4608 1519 4677 πορνεῖαι,
1565 4610 1812 4676 κλοπαί,
1846 4611 2254 4681 ψευδομαρτυ-

680 4702 828 4769 ρίαι,
852 4701 1255 4771 βλασφημίαι.
1294 4700 1483 4756 Ταῦτά
1516 4701 1647 4755 ἐστι
1676 4702 1749 4756 τὰ
1797 4702 2110 4757 κοινοῦντα
2150 4702 2257 4758 τὸν

688 4792 1021 4862 ἄνθρωπον.
1061 4793 1293 4856 Τούτους
1323 4793 1387 4865 δὴ
1427 4791 1553 4856 τοὺς
1585 4794 1649 4845 ὲκ
1690 4793 1790 4863 τῆς
1820 4796 2011 4867 γηῖνης
2058 4795 2258 4866 σαρκὸς

688 4887 992 4955 προϊόντας,
1033 4885 1152 4939 καθ’
1196 4887 1428 4953 ἑκάστην
1459 4886 1667 4941 ἔννοιαν
1704 4884 1803 4956 τὴν
1836 4889 1964 4960 περὶ
2004 4886 2138 4940 Θεοῦ
2173 4887 2257 4953 ἐξ·

688 4976 937 5047 αφανίζει
958 4980 1021 5031 ὲκ
1034 4976 1134 5049 τῆς
1152 4976 1285 5039 ιδίας
1306 4978 1614 5042 συστάσεως
1635 4980 1663 5031 6
1683 4977 1871 5031 ἑαυτὸν
1895 4979 2255 5049 ἐκκαθαίρων.

688 5068 874 5138 Πρωία
897 5063 989 5121 οῦν
1018 5070 1110 5121 καὶ
1131 5068 1324 5141 ὄρθρος
1351 5070 1408 5123 ὲν
1433 5069 1576 5140 ψυχῇ
1604 5070 1725 5123 καθ’
1741 5070 1979 5141 ἑκάστην
2003 5070 2259 5142 ἀνατολὴν

689 5160 953 5230 σωτηρίου
1009 5158 1248 5229 γίνεται⁶
1298 5162 1354 5214 ὲν
1485 5161 1896 5232 ὲξαφανίζεσθαι
1938 5164 2016 5216 δεῖ
2053 5163 2257 5227 πάντας

686 5252 811 5315 τοὺς
840 5251 1237 5323 ἐργαζομένους
1264 5255 1363 5325 τὴν
1406 5255 1633 5325 ἀνομίαν
1686 5253 1991 5325 λογισμούς.
2045 5255 2108 5307 El
2150 5254 2257 5324 γὰρ

692 5343 765 5413 μὴ
797 5342 865 5396 τά
916 5344 1106 5413 πρῶτα
1149 5344 1285 5416 πρὸς
1316 5346 1579 5416 πονηρίας
1624 5347 1899 5417 κινήματα
1940 5345 2038 5414 τῆς
2078 5344 2254 5415 ψυχῆς

688 5432 1003 5505 ὲκτμηθείη,
1032 5433 1244 5506 ἀνάγκη
1277 5438 1356 5498 είς
1385 5435 1539 5505 ἔργον
1583 5440 1933 5508 προχωρῆσαι
1966 5435 2063 5499 τὰς
2096 5433 2253 5486 ὲνθυ-

693 5523 902 5592 μήσειςο
934 5519 1075 5579 Οἷον-
1102 5526 1207 5596 γῆς
1250 5526 1567 5599 ἁμαρτωλός
1605 5528 1753 5581 ἔστιν
1788 5529 1815 5580 6
1861 5530 1958 5597 τὴν
2012 5524 2252 5599 μοιχείαν

692 5610 1004 5669 ὐποῦἀλλων
1037 5618 1309 5689 λογισμὸς,
1344 5620 1489 5681 ὅστις
1521 5619 1731 5691 ἐνεργεῖ
1762 5620 1822 5673 τὸ
1859 5620 2122 5691 ἐμϐλέψαι
2159 5636 2256 5687 γυ-

692 5704 839 5759 ναικὶ
869 5706 1004 5776 πρὸς
1026 5708 1087 5762 τὸ
1108 5710 1440 5783 ἐπιθυμῆσαι
1468 5712 1633 5783 αὐτῆς
1658 5731 1670 5743 ·
1700 5704 1849 5776 οὗτος
1878 5714 1971 5765 ὲάν
2013 5714 2087 5783 μὴ
2121 5714 2252 5765 ἁπο-

764 5820 808 5850 "
834 5816 969 5873 Psal.
1004 5836 1113 5889 am,
1140 5822 1227 5878 26.

1306 5825 1349 5856 ³³
1384 5823 1484 5882 lsa.
1520 5842 1577 5894 ll,
1610 5825 1692 5881 16.
1772 5826 1814 5857 ³⁵
1838 5825 1978 5882 Psal.
2018 5842 2066 5892 ε,
2092 5826 2141 5879 8.
2220 5824 2260 5855 ²¹¹

2359 5824 2476 5879 ιιιιι.
2506 5836 2592 5881 xv,
2628 5823 2712 5875 tu.
2789 5821 2833 5851 ³⁸
2861 5817 3043 5874 Matth.
3077 5832 3128 5883 ν,
3160 5817 3248 5873 28.

2357 4601 2445 4658 illa
2478 4601 2649 4669 (num.
2680 4597 2805 4669 165)
2832 4617 2844 4653 :
2884 4597 3072 4666 Itaque
3100 4612 3175 4651 υω
3204 4597 3272 4653 iis
3314 4600 3403 4669 qui
3437 4610 3653 4669 surgunt
3680 4618 3835 4657 mane
3852 4605 3922 4669 ",

2358 4702 2460 4749 etc.
2490 4690 2717 4747 Necesse
2774 4706 2877 4746 non
2934 4699 3063 4759 puto
3115 4692 3405 4762 quidquam
3472 4693 3692 4747 addere.
3748 4694 3925 4763 Spero

2360 4785 2505 4841 enim
2524 4798 2709 4838 omnes
2733 4784 2980 4838 homines
3005 4781 3137 4837 mihi
3163 4796 3499 4846 assensurus,
3526 4782 3922 4850 ineptissimam

2361 4876 2507 4932 illam
2552 4872 2939 4946 interpretandi
2988 4873 3247 4928 rationein
3293 4887 3397 4927 non
3437 4874 3627 4930 decere
3668 4889 3921 4945 magnum

2360 4970 2508 5024 illum
2538 4966 2824 5033 Basilium,
2846 4980 2947 5021 nec
2984 4968 3032 5021 ei
3058 4965 3165 5019 ullo
3199 4966 3355 5021 modo
3388 4967 3546 5022 tribui
3577 4982 3755 5035 posse.
3788 4968 3925 5024 Pro-

2364 5062 2529 5117 feram
2569 5069 2745 5117 tamen
2772 5068 2827 5114 et
2860 5059 3002 5113 aliud
3041 5058 3402 5113 testimonium
3434 5074 3463 5113 e
3503 5058 3706 5126 psalmo
3736 5074 3924 5118 cente-

2365 5154 2503 5209 simo
2541 5154 2697 5209 tertio
2743 5154 2817 5221 (ν.
2874 5151 2989 5219 54),
3038 5149 3127 5204 ubi
3180 5149 3447 5205 Eusebius
3490 5149 3541 5202 in
3590 5152 3925 5220 explicandis

2360 5244 2541 5301 verbis
2569 5245 2695 5310 illis,
2723 5244 3027 5298 Iucundum
3055 5243 3122 5296 sit
3160 5244 3210 5298 ei
3249 5242 3509 5312 eloquium
3546 5257 3743 5307 meum,
3784 5256 3918 5307 etc.,

2359 5336 2460 5391 hoc
2488 5349 2545 5391 se
2594 5336 2754 5391 modo
2792 5333 3048 5403 exprimit
3095 5352 3109 5390 :
3156 5332 3348 5387 Πολλοὶ
3383 5334 3523 5387 κατά
3564 5337 3922 5406 συναρπαγὴν

2358 5426 2823 5497 παρηλλαγμένως
2853 5425 2950 5487 τὰς
2983 5424 3191 5497 κρίσεις
3219 5424 3525 5495 ἐκφέρουσι,
3555 5425 3657 5495 πρὸ
3684 5407 3922 5498 καταλῖι-

2355 5518 2499 5587 ψεως
2512 5520 2609 5589 τῆς
2629 5518 2686 5583 ἐξ
2709 5517 2889 5571 ἱκανοῦ
2910 5518 3088 5585 λόγου,
3114 5518 3206 5571 καὶ
3231 5517 3502 5571 ὲπιπλεῖον
3524 5519 3920 5589 ἐρευνηθέντος,

2356 5613 2727 5683 ἐγγινομένης,
2761 5611 3133 5673 ἀϐασανίστως
3164 5612 3298 5664 κατά
3325 5610 3646 5683 προπέτειαν
3674 5613 3773 5675 τὰς
3796 5617 3921 5683 περὶ

2358 5705 2583 5758 ἑκάστου
2626 5704 2891 5776 δόγματος
2930 5702 3241 5773 ῥιπτοῦντες
3272 5704 3707 5767 συγκαταθέσεις.
3756 5704 3819 5756 Ἦ
3864 5705 3918 5757 6':

3327 5818 3371 5847 "
3398 5816 3495 5872 lsa.
3529 5833 3577 5881 ν,
3617 5817 3699 5870 ll.
