4088 6310
1269 347 1330 402 ῐ).
1372 348 1512 405 JUL.
1554 348 1877 402 GAIINERII
1917 349 2300 406 PRIEFATiO.

3223 368 3392 407 ερκκν

165 466 261 535 τῆς
302 465 649 537 διαλεκτικῆς
699 466 855 536 φύσις
899 466 1127 537 μάλιστα
1178 468 1525 520 πεπίστευται
1566 467 1712 521 ταῦτ(

1835 469 2110 523 centesimi
2164 467 2279 523 fuse
2339 478 2393 523 et
2442 469 2819 538 intempestive
2861 469 2960 524 sibi
3022 470 3392 540 explicandam

167 558 420 628 παρέχειν
451 557 744 625 δύνασθαι,
775 559 1000 629 διαιρεῖν
1027 560 1267 632 ἀκριῦῶς
1311 560 1404 622 τὰς
1450 559 1557 611 τῶν
1603 577 1736 630 πρα-

164 650 385 719 γμάτων
411 650 623 718 φύσεις,
657 651 839 704 καὶτὰ
862 653 1021 722 ὃμοια
1056 651 1357 723 γνωρίζειν,
1390 651 1484 704 καὶ
1516 650 1583 703 τὰ
1611 652 1733 703 ἐαυ-

162 740 257 810 τῆς
303 740 621 811 διακρίνειν.
673 743 869 813 Διόπερ
918 742 1168 805 συνειδὼς
1215 741 1390 812 ἐαυτῷ
1430 741 1529 812 τὴν
1581 740 1731 794 θείαν

163 832 503 905 διαλεκτικὴν
545 836 753 905 ἔχοντι,
791 836 973 904 ἔλεγεν
1017 838 1045 889 ὁ
1090 834 1251 887 Δαὸὶδ
1292 835 1372 896 τὸ,
1415 834 1726 901 Ἦδυνθείη

164 945 255 979 σοι
287 928 323 993 ἡ
347 928 598 998 διαλογὴ
623 948 759 998 μου.
809 931 869 983 'H
893 930 999 1000 γὰρ
1029 930 1133 981 τῶν
1156 929 1439 999 ἐριστικῶς
1467 929 1558 982 καὶ
1590 928 1730 996 φιλο-

162 1023 356 1085 νείκως
400 1022 837 1094 ἐπεμϐαινόντων
884 1026 992 1085 τοῖς
1052 1021 1337 1091 πράγμασι
1397 1019 1723 1088 διαλεκτικὴ,

162 1114 256 1182 οὐχ
302 1114 479 1183 ἡδεῖα,
523 1114 656 1166 ἀλλὰ
684 1111 1189 1185 παραπικραίνουσά
1213 1112 1295 1175 τίς
1322 1112 1489 1163 ἐστιν.
1528 1130 1544 1161 ι
1580 1110 1727 1166 Multi

162 1215 399 1272 quaestus
428 1220 589 1260 causa
624 1218 869 1274 perverse
896 1203 1097 1272 judicia
1134 1201 1353 1267 ferunt,
1400 1202 1495 1257 sed
1540 1211 1588 1255 et
1624 1216 1726 1254 an-

164 1306 376 1365 tequam
408 1313 505 1365 per
541 1306 849 1352 accuratum
896 1310 1120 1349 examen
1161 1306 1216 1348 et
1259 1294 1724 1364 perquisitionem,

162 1396 259 1449 qua
294 1382 362 1437 de
411 1398 470 1437 re
511 1394 700 1454 agatur
732 1382 1052 1451 intelligant,
1096 1392 1302 1437 temere
1337 1382 1561 1451 singulis
1602 1395 1726 1435 sen-

162 1474 344 1528 tentiis
377 1489 653 1529 assensum
685 1473 945 1542 praebent.
990 1474 1059 1527 At
1106 1489 1166 1529 ea
1200 1473 1494 1528 dialecticae
1533 1482 1723 1528 natura

159 1572 256 1630 est,
292 1574 351 1618 ut
381 1580 560 1618 rerum
590 1574 808 1617 naturas
831 1574 1083 1619 accurate
1115 1564 1495 1633 distinguendi,
1519 1574 1569 1618 et
1602 1579 1723 1633 qua

161 1657 222 1709 ad
266 1673 327 1711 se
382 1656 690 1724 pertineant
735 1656 1073 1711 discernendi
1119 1655 1425 1710 facultatem
1469 1666 1722 1726 praestare

161 1763 311 1819 posse
350 1756 584 1815 putetur.
635 1746 993 1815 Quamobrem
1046 1748 1212 1803 David
1263 1763 1385 1804 cum
1432 1762 1492 1803 se
1538 1748 1716 1802 divina

1836 562 2213 629 proposuisse?
2233 560 2356 615 Haec
2385 572 2533 617 certe
2559 563 2808 632 scriptori
2841 561 3042 615 ultima:
3072 562 3257 623 sortis.
3288 578 3391 615 non

1833 651 2029 705 oratori
2061 652 2248 722 prima:
2282 660 2422 707 nota;
2448 652 2498 706 in
2530 662 2761 708 mentem
2809 651 2993 708 venire
3029 660 3337 723 potuerunt.

1902 828 1991 883 6I.
2026 830 2242 886 Eusebii
2276 832 2696 888 commentarios
2740 841 2794 886 et
2824 832 3236 901 pseudo-Basilii
3264 848 3385 887 cum

1829 922 2142 987 considero,
2190 936 2295 975 non
2324 936 2542 990 possum
2599 924 2727 993 quin
2774 925 2987 978 credam
3023 923 3167 978 hunc
3206 924 3273 978 ab
3299 925 3387 977 illo

1829 1017 2114 1067 maximam
2146 1013 2234 1068 sui
2257 1016 2436 1082 operis
2474 1023 2681 1083 partem
2714 1018 2781 1070 ad
2815 1014 3034 1070 verbum
3070 1017 3382 1085 sumpsisSe.

1830 1105 1999 1159 Tanta
2027 1116 2109 1161 est
2129 1109 2273 1160 enim
2301 1106 2355 1162 in
2386 1117 2613 1177 utroque
2636 1109 3023 1163 commentario
3053 1109 3386 1163 convenien-

1829 1196 1904 1249 tia
1947 1196 2103 1267 styli,
2153 1206 2409 1267 tantaque
2445 1197 2775 1261 similitudo,
2824 1199 2876 1252 id
2913 1208 2972 1253 ut
3000 1198 3130 1253 mihi
3165 1198 3386 1254 minime

1827 1285 2045 1339 dubium
2078 1301 2200 1340 esse
2235 1286 2500 1341 videatur.
2530 1286 2635 1342 Sed
2677 1302 2798 1341 cum
2824 1303 2950 1358 pars
2986 1288 3242 1342 duntaxat
3275 1288 3385 1343 En-

1825 1376 2030 1430 sebiani
2069 1378 2440 1432 commentarii
2481 1378 2546 1433 ad
2596 1392 2693 1433 nos
2728 1381 3071 1448 pervenerit,
3105 1395 3265 1452 quam
3315 1396 3385 1436 ex

1824 1467 2030 1520 catenis
2082 1468 2342 1522 edendam
2410 1469 2618 1524 curavit
2684 1469 3151 1539 Montfauconius,
3204 1476 3381 1529 omnia

1822 1556 2235 1626 pseudo-Basilii
2290 1560 2430 1627 furta
2487 1562 2741 1632 detegere
2790 1563 2989 1618 frustm
3041 1580 3379 1627 conaremur.

1819 1650 2067 1703 Attamen
2103 1659 2296 1717 praeter
2322 1666 2385 1705 ea
2414 1668 2534 1718 qua
2557 1654 2664 1722 jam
2699 1655 3023 1722 notavimus,
3048 1665 3101 1711 et
3127 1657 3227 1713 alia
3248 1673 3382 1728 quu-

1820 1752 1925 1807 que
1968 1755 2071 1793 non
2112 1756 2277 1811 pauca
2320 1744 2508 1798 eodem
2549 1760 2616 1799 ex
2664 1745 2815 1802 fonte
2856 1748 2923 1802 ab
2975 1749 3157 1803 eodem
3189 1749 3381 1806 hausta

160 1838 440 1891 dialectica
493 1840 812 1893 instructum
854 1854 972 1894 esse
1024 1849 1407 1910 cognosceret,
1459 1838 1713 1892 dicebat:
1748 1829 1790 1885 Β
1818 1847 1938 1888 esse
1980 1834 2127 1889 nullo
2164 1837 2410 1908 negotio.
2457 1839 2559 1893 nisi
2615 1840 2769 1896 Valde
2814 1842 3008 1906 fallor,
3051 1845 3379 1913 pervincam.

157 1926 462 1981 Iucundum
491 1928 555 1980 sit
600 1929 693 1981 tibi
736 1928 995 1995 eloquium
1031 1946 1236 1993 meum,
1279 1930 1392 1983 sive
1434 1928 1715 1984 dialectica

160 2032 294 2073 mea.
328 2017 470 2073 Nam
502 2019 779 2075 dialectica
817 2035 1001 2076 eorum
1042 2020 1131 2089 qui
1164 2019 1458 2074 altercandi
1492 2035 1556 2077 ac
1586 2035 1716 2075 con-

159 2113 408 2166 tendendi
442 2113 619 2169 animo
645 2128 731 2168 res
759 2112 1138 2183 aggrediuntur
1158 2122 1307 2176 ,‘non
1330 2111 1585 2181 jucunda,
1621 2112 1715 2167 sed

157 2207 328 2275 potius
356 2220 685 2273 eanperaus
712 2216 813 2259 est.
850 2222 867 2256 ι
906 2203 969 2257 Ει
996 2204 1106 2259 haec
1130 2219 1346 2274 quoque
1380 2205 1713 2275 pseudo-Ba-

158 2298 303 2352 silius
336 2299 389 2352 in
416 2312 577 2352 suum
606 2297 1052 2351 commentarium
1094 2298 1387 2353 transferre
1428 2313 1530 2352 non
1560 2298 1713 2352 dubi-

158 2389 286 2444 tavit
322 2390 498 2457 (num.
534 2386 680 2458 I75),
721 2402 840 2442 cum
883 2387 995 2451 illa,
1043 2386 1133 2442 Va:
1180 2390 1270 2458 qui
1298 2388 1472 2442 dicitis
1516 2389 1712 2441 malum

158 2487 337 2534 bonum
354 2480 423 2546 “,
454 2486 583 2544 etc.,
606 2478 917 2548 explicaret.
938 2479 1251 2548 Exemplum
1272 2479 1514 2533 ultimum
1535 2489 1710 2549 petam

157 2586 184 2623 e
210 2569 419 2640 psalmo
447 2570 741 2624 centesimo
770 2572 1037 2637 secundo,
1082 2570 1237 2639 cujus
1276 2569 1484 2623 initium
1514 2572 1591 2625 sic
1626 2571 1710 2624 iu-

157 2674 484 2732 terpretatur
525 2662 828 2717 Eusebius:
868 2662 992 2725 Τοῖς
1040 2660 1188 2726 ὲντδς
1236 2661 1398 2716 αὐτοῦ
1444 2662 1713 2733 προστάσ-

157 2770 230 2807 σει
292 2753 541 2821 εὐλογεῖν
588 2752 647 2804 ea
691 2752 858 2822 ὄνομα
899 2752 1123 2824 Κυρίου,
1170 2753 1414 2808 τουτέστι
1448 2756 1513 2824 τῇ
1555 2752 1711 2820 φύσει

154 2845 253 2897 τῶν
296 2844 504 2898 ἔσωθεν
550 2841 910 2912 ἐξερχομένων
953 2842 1343 2911 διαλογισμῶν,
1384 2835 1458 2895 ὧν
1494 2840 1711 2893 διπλοῦν

155 2938 261 2989 ἐστι
315 2937 379 2989 τὸ
438 2935 647 3005 τάγμα.
695 2936 758 2987 Οἱ
807 2935 905 3005 μὲν
962 2934 1068 3002 γὰρ
1118 2932 1377 3002 μοχθηροί
1428 2932 1568 2993 είσι,
1618 2932 1712 3002 φό-

154 3046 244 3089 νοι,
278 3030 541 3098 μοιχεῖαι,
580 3025 802 3079 κλοπαί·
855 3025 903 3075 οἱ
941 3022 996 3074 δὲ
1035 3023 1237 3074 ἀστεῖοι
1294 3022 1387 3075 καὶ
1435 3023 1709 3094 σωτήριοι,

155 3122 560 3191 φιλανθρωπία,
608 3117 956 3187 σωφροσύνη,
988 3115 1048 3168 τὸ
1078 3117 1404 3170 κοινωνικόν.
1441 3110 1510 3188 ᾯ
1536 3118 1712 3170 τοίνυν

1821 1925 2023 1981 Monuit
2059 1927 2112 1981 in
2142 1929 2281 1982 notis
2305 1931 2419 1985 suis
2449 1931 2587 1986 idem
2608 1931 2712 1996 illo,
2737 1947 2895 2003 quem
2926 1949 3047 1988 mox
3080 1938 3376 2001 nominavi,

1819 2016 2122 2074 Bernartius
2165 2019 2614 2090 Montiauconius,
2670 2022 3055 2097 Hieronymum
3101 2027 3268 2082 multa
3310 2046 3375 2081 ex

1818 2110 2033 2167 Eusebii
2083 2114 2140 2167 in
2196 2112 2397 2168 Isaiam
2448 2118 2841 2171 commentario
2900 2120 2967 2172 ad
3013 2120 3230 2175 verbum
3264 2118 3378 2176 fere

1818 2202 2182 2271 convertisse,
2208 2220 2376 2275 eaque
2416 2206 2468 2261 in
2510 2221 2666 2261 suum
2717 2210 3057 2265 transtulisse
3087 2226 3103 2265 :
3138 2215 3280 2282 quod
3311 2229 3372 2269 es

1817 2294 2056 2351 locorum
2093 2298 2380 2354 collatione
2418 2298 2756 2370 perspicuum
2799 2312 2901 2357 est.
2942 2302 3082 2373 Ergo
3125 2304 3170 2359 si
3197 2316 3377 2362 osten-

1817 2389 1946 2442 dero
1982 2387 2144 2441 multa
2203 2389 2303 2459 legi
2338 2392 2476 2459 apud
2509 2391 2917 2464 Hieronymum,
2951 2410 3072 2465 qua:
3100 2406 3282 2466 aperte
3307 2414 3371 2453 ex

1816 2478 2228 2549 pseudo-Basilii
2262 2485 2671 2541 commentariis
2708 2501 2963 2556 expressa
2992 2489 3130 2555 sint,
3163 2489 3285 2559 jure
3313 2507 3374 2544 ac

1816 2573 2008 2626 merito
2039 2582 2261 2643 uterque
2293 2584 2404 2629 tum
2450 2574 2808 2649 Hieronymus
2851 2588 2961 2633 tum
2994 2582 3376 2649 pseudo-Basi-

1816 2663 1920 2720 lius
1962 2666 2076 2721 htec
2116 2667 2183 2722 ab
2233 2665 2463 2723 Eusebio
2523 2669 2819 2739 sumpsisse
2878 2673 3224 2740 putabuntur.
3267 2673 3375 2727 Nec

1816 2772 2141 2828 quemquam
2189 2760 2460 2815 dicturum
2499 2772 2656 2831 puto,
2691 2764 3072 2833 Hieronymum
3107 2764 3370 2834 ejusmodi

1815 2848 1929 2902 loca
1969 2863 2033 2902 ex
2078 2850 2178 2903 ltoc
2218 2852 2335 2921 ipso
2365 2854 2457 2923 qui
2499 2854 2684 2910 Basilii
2738 2857 2955 2911 nomine
2997 2854 3375 2913 circumfertur

1815 2939 2205 2992 commentario
2246 2942 2480 2995 mutuari
2526 2944 2803 3012 potuisse,
2846 2961 2967 3000 cum
3010 2946 3059 2999 id
3103 2962 3237 3017 opus
3270 2949 3371 3018 ipsi

1815 3037 2000 3083 notum
2030 3044 2133 3083 non
2159 3028 2322 3087 fuisse
2340 3034 2635 3088 videamus.
2675 3034 3031 3108 Ilieronymus
3056 3039 3198 3093 enim
3222 3038 3374 3095 Isaiae

1818 3120 2137 3190 interpretes
2162 3122 2213 3175 in
2245 3139 2343 3178 suo
2371 3125 2589 3196 prologo
2633 3142 2938 3191 recensens,
2969 3129 3083 3199 ejus
3105 3132 3195 3201 qui
3220 3129 3371 3187 Basi—

156 3181 319 3266 rtdrv-ra
343 3181 424 3263 ἱτὲι
458 3181 608 3272 me;
628 3181 978 3280 κατωρθωται
1005 3209 1083 3272 είς
1109 3208 1427 3279 ἑτοιμότητα
1452 3181 1545 3261 τοῦ
1574 3209 1712 3260 εὐλο-

1962 3181 1975 3190 .
2371 3181 2384 3193 ,
2524 3181 2553 3196 υ
2834 3181 2938 3191 κ
3113 3181 3195 3201 ,ν
3220 3181 3335 3187 __-_

1816 3208 1871 3261 Iii
1898 3225 2087 3265 nomen
2111 3212 2329 3281 praefert
2358 3216 2727 3271 commentarii
2748 3218 2942 3272 nullam
2973 3221 3187 3276 omnino
3216 3216 3369 3276 meit—

154 3297 258 3373 γεῖν
295 3305 357 3355 τδ
380 3302 561 3374 ὄνομα
581 3300 675 3355 τοῦ
706 3300 839 3355 Θεοῦ
876 3301 935 3355 τὺ
974 3300 1143 3368 ἅγιον,
1181 3294 1332 3363 οὗτος
1360 3300 1539 3363 καλῶς
1580 3317 1715 3369 συμ-

156 3393 570 3466 πραλαμὸάνει
606 3395 704 3465 τὴν
737 3393 881 3447 ἔνδον
918 3392 1183 3457 διάθεσιν,
1227 3393 1305 3456 είς
1325 3391 1422 3464 τὴν
1448 3391 1540 3446 τοῦ
1579 3388 1713 3445 Θεοῦ

155 3487 521 3559 εὐχαριστίαν.
587 3501 606 3534 ι
652 3481 861 3535 Nomini
928 3482 1133 3536 Domini
1164 3482 1515 3561 benedicere
1563 3481 1715 3550 jubet

156 3578 403 3633 interiora
440 3588 569 3639 sua,
599 3572 651 3626 id
690 3581 771 3625 est
815 3570 1166 3639 cogitationes
1195 3586 1341 3635 suas,
1371 3586 1489 3638 quae
1534 3573 1603 3624 ab
1633 3572 1713 3624 in-

156 3676 228 3718 tus
264 3661 606 3731 procedunt,
644 3674 866 3726 quarum
898 3658 1089 3727 duplex
1116 3669 1199 3714 est
1223 3659 1372 3713 ordo.
1402 3660 1531 3714 Alia!
1568 3660 1709 3713 enim

154 3771 315 3825 pravae
346 3760 518 3816 sunt,
558 3765 749 3820 nempe
781 3750 981 3813 caules,
1030 3749 1409 3806 fornicationes
1452 3762 1508 3808 et
1570 3752 1710 3808 furta

154 3855 487 3916 spectantes;
529 3842 647 3898 aliae
698 3857 827 3897 vero
861 3844 1075 3898 urbanae
1108 3854 1162 3897 et
1194 3843 1489 3908 salutares,
1520 3860 1711 3915 nempe

155 3939 476 4003 humanitas,
529 3936 882 4004 temperantia
918 3943 973 3989 et
1011 3934 1388 3989 communitas.
1443 3935 1491 3989 Is
1532 3937 1711 4005 itaque

158 4032 295 4099 cujus
325 4029 514 4085 omnia
548 4028 805 4081 interiora
838 4035 981 4081 recta
1010 4035 1206 4081 suntet
1236 4034 1420 4093 parata
1451 4026 1517 4079 ad
1549 4027 1710 4081 liene-

155 4123 425 4176 dicendum
467 4117 673 4173 nomini
718 4125 904 4170 sancto
939 4115 1069 4183 Dei,
1118 4115 1361 4170 interiori
1393 4129 1489 4169 suo
1513 4114 1705 4169 aII‘ectu

156 4223 280 4266 recte
310 4212 488 4264 utitur
520 4209 589 4262 ad
628 4208 918 4276 gratiarum
963 4208 1203 4261 actiones
1244 4206 1350 4260 Deo
1389 4208 1640 4276 agendas.
1680 4224 1701 4259 ι

155 4302 261 4358 li:ec
292 4301 525 4358 totidem
558 4294 777 4369 syllabis
805 4304 859 4350 et
882 4295 1102 4350 vocibus
1135 4297 1470 4367 reperiuntur
1492 4296 1704 4365 quidem

154 4399 272 4466 apud
300 4390 803 4465 pseudo—Basilium
836 4388 1005 4460 (num.
1032 4388 1178 4457 514),
1215 4392 1374 4443 verba
1416 4391 1502 4443 illa
1532 4405 1545 4441 :
1575 4388 1705 4442 Ideo

153 4499 304 4541 tenter
322 4504 477 4540 meus
504 4499 665 4549 super
686 4481 840 4536 Moab
862 4481 1011 4549 quasi
1033 4480 1236 4533 cithara
1261 4483 1463 4535 sonabit
1490 4483 1554 4547 ³⁸,
1573 4492 1701 4546 etc.,

154 4556 591 4646 interpretantem
633 4591 647 4627 :
688 4574 782 4629 sed
838 4574 916 4627 sic
962 4581 1176 4636 tamen,
1227 4580 1287 4625 ut
1341 4573 1393 4626 in
1437 4587 1502 4628 eo
1550 4573 1705 4642 paulo

152 4670 243 4722 sint
267 4668 498 4722 insiora.
538 4663 617 4718 Ex
643 4680 747 4733 quo
783 4664 860 4727 fit,
894 4674 950 4717 ut
988 4664 1240 4718 librarios
1281 4666 1371 4732 qui
1401 4665 1701 4720 Eusebiana

152 4765 573 4834 exscripserunt,
618 4756 817 4825 aliquid
855 4757 955 4810 hoc
1008 4756 1126 4810 loco
1168 4754 1412 4810 omisisse
1440 4757 1701 4826 suspicer.

152 4855 275 4908 Satis
300 4864 419 4917 est,
449 4852 507 4906 ni
549 4846 735 4911 fallor,
767 4848 881 4902 haec
914 4847 1188 4914 retulisse,
1218 4856 1275 4900 ut
1306 4846 1603 4916 imperfecti
1638 4848 1702 4901 il-

153 4947 235 5002 lius
263 4948 311 5000 in
354 4946 562 4999 Isaiam
596 4939 963 4995 commentarii
994 4938 1175 4993 νοθεία
1212 4940 1563 5006 ostendatur;
1604 4953 1703 4995 nec

154 5040 311 5094 multis
366 5037 560 5091 verbis
609 5048 743 5103 opus
790 5045 911 5086 esse
957 5032 1022 5086 ad
1087 5031 1137 5085 id
1178 5032 1512 5100 probandum
1555 5033 1700 5087 arbi-

155 5140 265 5185 trur.
292 5130 428 5185 Nam
466 5140 563 5182 res
608 5126 721 5194 ipsa
758 5123 985 5188 clamat,
1030 5125 1470 5179 facundissimum
1514 5136 1693 5180 orato-

156 5238 247 5276 rem
298 5221 603 5281 Basilium,
648 5217 691 5269 si
743 5216 930 5269 Isaiam
973 5215 1354 5285 interpretatus
1405 5227 1586 5281 esset,
1635 5217 1701 5271 de

155 5314 471 5384 compilando
504 5308 896 5366 commentario
922 5308 1134 5362 Eusebii
1164 5310 1219 5363 in
1247 5304 1486 5362 Psalmos
1520 5323 1584 5364 ne
1610 5323 1701 5364 co-

156 5409 419 5471 gilaturum
444 5402 671 5473 quidem
688 5402 869 5455 fuisse.
888 5402 1108 5463 Etvero,
1129 5411 1184 5453 ut
1217 5400 1482 5468 neluquar
1510 5405 1573 5455 de
1597 5417 1700 5455 cae-

158 5502 283 5564 teris,
322 5500 444 5569 quis
468 5496 575 5549 sibi
616 5493 770 5548 facile
795 5494 1133 5562 persuadebit
1152 5491 1398 5546 Basilium
1424 5491 1696 5562 Magnum,

157 5604 252 5645 cum
282 5593 471 5647 Isaiam
524 5587 872 5656 interpretari
913 5586 1217 5653 debuisset,
1259 5597 1463 5656 partem
1507 5590 1696 5657 psalmi

212 5769 246 5799 "
271 5771 361 5824 lsa.
386 5771 480 5826 20.
562 5769 607 5800 ’θ
643 5768 744 5822 Isn.
787 5782 891 5831 xvr,
924 5767 1007 5821 II.

1816 3298 2013 3352 tione‘m
2053 3299 2197 3353 facit.
2249 3299 2433 3371 Neque
2468 3317 2594 3359 vero
2624 3306 2769 3361 credi
2805 3308 2995 3365 merito
3037 3319 3211 3380 potest
3240 3310 3368 3365 Hie-

1816 3404 2068 3461 ronymus
2099 3390 2216 3446 ideo
2258 3392 2326 3447 de
2353 3393 2455 3448 hoc
2493 3399 2883 3451 commentario
2930 3408 3135 3468 tacere,
3170 3411 3231 3456 ut
3272 3416 3368 3457 sua

1813 3480 1955 3534 furta
2002 3482 2169 3549 celet;
2213 3500 2337 3539 cum
2392 3484 2458 3543 de
2510 3484 2811 3543 Eusebiano
2860 3491 3247 3547 commentario
3293 3492 3371 3547 Io-

1813 3584 2028 3640 quatur,
2074 3589 2105 3629 e
2147 3590 2252 3644 quo
2292 3576 2555 3645 permulta
2614 3589 2930 3636 convertere
2980 3597 3083 3637 non
3142 3583 3367 3639 dubitat.

1812 3663 2017 3720 Itursus
2070 3666 2266 3722 dixerit
2312 3683 2503 3731 nemo,
2554 3670 2852 3736 imperfecti
2910 3674 3051 3727 illius
3094 3689 3370 3731 commen-

1814 3757 1933 3813 tarii
1968 3768 2237 3814 auctorem
2278 3773 2339 3815 ea
2398 3775 2517 3831 qua:
2568 3760 2757 3817 Latine
2818 3763 2871 3817 in
2919 3764 3243 3839 Hieronymo
3288 3768 3367 3824 le-

1810 3861 1980 3920 gerat,
2001 3851 2186 3907 Graece
2214 3853 2526 3910 reddidisse.
2565 3853 2965 3913 Alienissimum
2993 3860 3136 3915 enim
3173 3860 3225 3915 id
3249 3876 3371 3917 esse

1811 3956 1839 3994 a
1879 3941 2189 3997 Graecorum
2246 3945 2488 4002 moribus
2528 3962 2739 4011 omnes,
2790 3962 2848 4004 ut
2890 3950 3104 4020 opinor,
3158 3953 3360 4009 sciunt.

1810 4032 2074 4089 Prasterea
2131 4049 2252 4088 cum
2307 4046 2580 4091 exstarent
2644 4041 2975 4109 temporibus
3043 4042 3148 4099 illis
3214 4046 3366 4100 multi

1810 4126 1981 4182 Graeci
2011 4127 2065 4181 in
2098 4126 2291 4183 Isaiam
2322 4132 2717 4199 commentarii,
2749 4133 2966 4189 dubium
2992 4151 3098 4191 non
3127 4146 3209 4192 est
3235 4140 3363 4208 quin

1808 4220 2042 4289 scriptor
2087 4221 2307 4279 Graecus
2355 4220 2572 4281 Graecos
2623 4225 2800 4297 potius
2862 4230 3165 4297 eompilarit
3206 4246 3365 4300 quam

1807 4327 1974 4367 unum
2001 4313 2234 4384 aliquem
2274 4315 2590 4387 scriptorem
2648 4317 2922 4372 Latinum.
2958 4319 3242 4391 Iteliquum
3282 4336 3366 4379 est

1808 4404 1968 4474 igitur
1994 4416 2051 4459 ut
2081 4416 2331 4474 uterque,
2386 4407 2746 4477 Hieronymus
2795 4420 2851 4465 et
2902 4412 3367 4483 pseudo-Basilius

1806 4495 1926 4551 loca
1962 4498 2049 4551 illa
2102 4498 2201 4553 sibi
2236 4501 2545 4553 communia
2584 4502 2652 4556 ab
2706 4500 2888 4572 aliquo
2936 4517 3206 4560 mutuatus
3242 4509 3313 4560 sit
3347 4524 3361 4561 :

1804 4597 1963 4651 quem
1985 4600 2086 4655 ego
2121 4582 2385 4641 aliirmare
2423 4603 2581 4659 posse
2619 4590 2807 4648 videor
2836 4595 2996 4649 alium
3031 4595 3097 4648 ab
3134 4596 3365 4653 Eusebio

1805 4688 1911 4728 non
1934 4690 2075 4738 esse,
2101 4686 2294 4731 cumet
2316 4677 2697 4750 Hieronymum
2726 4692 2778 4739 et
2801 4686 3167 4740 commentarii
3191 4689 3360 4743 Graeci

1806 4766 2122 4835 scriptorem
2186 4772 2353 4825 multa
2421 4774 2490 4829 ab
2543 4774 2775 4831 Eusebio
2816 4776 3110 4845 sumpsisse
3148 4780 3364 4836 aliunde

1804 4868 2036 4912 constet.
2069 4856 2187 4914 lam
2239 4861 2575 4931 proferamus
2602 4866 2867 4935 exempla,
2903 4868 3097 4937 quibus
3152 4878 3360 4925 utrum-

1804 4960 1910 5014 que
1943 4948 2009 5001 ab
2040 4950 2228 5005 eodem
2258 4951 2405 5008 fonte
2432 4954 2673 5011 hausisse
2703 4966 2853 5014 certo
2890 4962 3137 5029 c0gnosei
3173 4962 3360 5031 possit.

1804 5034 1899 5093 Sic
1923 5040 2085 5103 igitur
2113 5040 2352 5109 loquitur
2367 5044 2833 5112 pseudo-Basilius
2850 5047 2927 5120 (Ξ,
2957 5049 3044 5113 I3,
3075 5064 3222 5103 num.
3245 5051 3356 5121 9t):

1803 5130 1962 5201 Φέρει
1989 5132 2044 5184 δὲ
2075 5132 2134 5185 τὸ
2158 5134 2371 5205 δένδρον
2399 5136 2557 5189 τοῦτο
2586 5138 2817 5209 καρπὸν,
2844 5139 2979 5191 ἀλλὰ
3018 5138 3212 5211 χοίρων
3240 5159 3361 5214 τρο-

1805 5224 1933 5292 φήν.
1963 5221 2060 5274 Διὰ
2102 5224 2259 5277 τοῦτο
2302 5225 2515 5297 δένδρον
2545 5226 2803 5299 αἰσχύνης
2843 5228 3111 5299 ὠνόμασε.
3138 5230 3210 5282 Τὸ
3253 5232 3361 5302 γὰρ

1800 5309 1979 5367 Βασὰν
2001 5316 2078 5376 εἰς
2105 5316 2203 5385 τὴν
2227 5317 2487 5389 αίσχύνην
2516 5318 3037 5388 μεταλαμϐάνουσιν.
3068 5314 3165 5383 Ὧν
3197 5315 3287 5376 οὖν
3323 5325 3355 5392 ἠ

1802 5406 1927 5471 δόξα
1948 5407 2046 5477 τῆς
2083 5410 2454 5481 καρποφορίας
2478 5412 2704 5482 αἰσχύνη
2740 5412 2878 5479 ἐστὶ,
2910 5415 3000 5466 καὶ
3031 5413 3120 5465 ἐπὶ
3153 5413 3359 5477 τούτοις

1805 5496 1954 5552 ἔσται
1980 5500 2012 5570 ὴ
2048 5497 2226 5569 ἡμέρα
2254 5500 2347 5553 τοῦ
2390 5500 2613 5571 Κυρίου.
2632 5503 2759 5569 Quae
2786 5504 2863 5557 sic
2893 5518 3147 5571 expressa
3178 5503 3361 5573 legun-

1806 5599 1895 5645 tur
1925 5592 2061 5662 apud
2125 5590 2505 5663 Hieronymum
2565 5611 2684 5665 pag.
2745 5594 2837 5659 27,
2890 5596 3135 5657 liberius,
3174 5594 3223 5649 id
3254 5605 3359 5662 est,
