4080 6314
722 362 915 401 CCXX"

2074 350 2600 407 PROLEGOMENA.

725 460 1031 531 Hieronymi
1078 474 1228 516 more
1257 477 1270 512 :
1308 480 1326 513 ι
1367 461 1494 528 Qua:
1526 462 1625 517 etsi
1678 463 1900 520 fecerint
1933 467 2157 533 fructus,
2189 482 2281 538 pe-

2385 468 2551 522 ditqu
2600 482 2716 521 esse
2764 469 2833 522 ab
2883 467 3206 539 Hieronymo
3251 487 3737 541 παραφραστικως,
3784 484 3951 539 quem

723 566 908 604 corum
942 560 1067 605 sunt
1090 551 1411 606 alimenta...
1442 562 1493 607 et
1531 554 1910 624 interpretatur
1939 558 2190 630 αἰσχύνη,
2233 561 2283 613 id

723 643 1216 711 est,ignominia...
1270 642 1443 712 Super
1471 659 1662 700 omnes
1693 662 1822 716 ergo
1866 650 1957 717 qui
2002 651 2284 720 eriguntur

724 734 777 786 in
810 733 1136 801 superbiam,
1172 742 1226 789 et
1258 735 1461 789 faciunt
1500 750 1662 804 opera
1690 738 2012 809 ignominiaa,
2047 751 2203 810 atque
2230 742 2280 795 in

725 838 881 877 cinno
912 824 1193 877 libidinum
1224 824 1557 890 volutantur,
1607 825 1819 881 Domini
1863 830 2095 883 vindicta
2155 846 2284 885 cnn-

727 923 933 982 surget.
976 932 995 966 i
1034 914 1173 981 Quin
1210 925 1263 969 et
1292 913 1648 985 Hieronymus
1693 931 1814 971 cum
1850 920 2010 986 paulo
2052 932 2170 988 post
2203 921 2283 975 sic

725 1004 987 1059 scriberet
1022 1020 1036 1057 :
1070 1022 1090 1057 ι
1124 1005 1189 1058 Et
1212 1020 1354 1059 nunc
1374 1006 1519 1060 diem
1546 1004 1754 1060 Domini
1779 1023 1940 1077 super
1966 1010 2158 1063 cedros
2196 1010 2283 1064 Li-

724 1095 850 1149 bani
884 1110 1063 1150 sermo
1102 1096 1447 1163 propheticus
1500 1097 1890 1164 comminetur;
1932 1117 1949 1150 ι
1988 1100 2283 1167 respexisse

721 1188 935 1242 videtur
968 1188 1035 1242 ad
1089 1186 1275 1242 Graeca
1314 1186 1428 1250 illa,
1464 1201 1582 1255 qua:
1636 1188 1835 1243 ibidem
1880 1176 2169 1260 leguiitnr:
2217 1191 2285 1244 Ἠ

719 1278 817 1333 τοῦ
846 1280 1051 1351 Κυρίου
1094 1280 1279 1351 ἡμέρα
1317 1280 1553 1343 καὶτοῖς
1594 1280 1833 1351 δένδροις
1880 1286 1977 1352 τῆς
2024 1282 2284 1353 αἰσχύνης

722 1374 798 1438 ὡς
836 1374 1043 1445 φοϐερά
1098 1373 1421 1426 ἀπειλεῖται.
1460 1373 1929 1430 Pseudo-Basilius
1968 1392 2153 1431 rursus
2206 1376 2285 1429 sic

722 1468 961 1535 loquitur
993 1467 1067 1534 (5,
1114 1465 1167 1529 9,
1211 1482 1358 1519 num.
1421 1466 1542 1534 H5)
1578 1485 1590 1520 :
1624 1467 1833 1538 Ὥσπερ
1864 1469 2130 1523 ἐκεῖνοι...
2165 1468 2285 1537 οὐχὶ

724 1560 961 1629 ῥήμασιν
994 1558 1365 1629 εὐπροσώποις
1404 1560 1501 1629 τὴν
1535 1558 1818 1627 ἀσέλγειαν
1867 1559 2282 1614 συνεκάλυπτον.

722 1651 832 1704 Ποῦ
871 1651 977 1721 γάρ
1016 1653 1142 1713 εἱσι,
1178 1653 1364 1720 φησιν,
1392 1654 1441 1703 οἱ
1472 1651 1661 1721 ἄνδρες
1697 1651 1745 1703 oi
1777 1650 2102 1713 εἰσελθόντες
2136 1651 2285 1723 παρά

724 1743 837 1807 σοί;
877 1742 1138 1810 Ἐξάγαγε
1182 1743 1380 1805 αὐτοὺς
1413 1742 1547 1813 πρὸς
1582 1744 1747 1812 ἡμᾶς,
1772 1742 1857 1793 ἴνα
1880 1742 2060 1805 αὑτοῖς
2084 1760 2281 1810 συγγε-

2386 560 2551 612 multo
2595 569 2840 627 tempore
2921 562 3369 616 desideraverant.
3432 562 3791 635 Hieronymus
3823 579 3950 631 pag.

2384 647 2475 711 44,
2508 640 2560 702 in
2597 648 2753 702 verba
2794 648 2883 702 illa
2908 666 2921 701 :
2948 648 3076 702 Cum
3122 651 3345 705 abluerit
3382 651 3631 705 Dominus
3657 654 3845 706 sordes
3885 652 3953 720 [i-

2386 739 2576 792 liarum
2602 739 2731 794 Sion
2769 741 2834 805 ³¹,
2866 743 2943 796 sic
2972 743 3186 809 scripsit
3215 761 3227 795 :
3264 761 3283 794 ι
3325 743 3390 798 Ει
3428 753 3551 799 nota
3580 746 3722 813 quod
3750 746 3955 799 sordes

2385 832 2615 886 ﬁliarum
2644 833 2837 887 laVerit
2862 833 3058 901 spiritu
3084 833 3291 900 iudicii,
3310 836 3620 905 sanguinem
3647 844 3832 889 autem
3863 833 3955 888 Je-

2386 923 2616 978 rusalem
2692 925 2881 994 spiritu
2942 925 3353 980 combustionis.
3416 926 3565 992 Quod
3627 928 3772 980 enim
3832 926 3953 980 leve

2382 1023 2483 1077 est,
2521 1016 2773 1066 lavatur:
2820 1011 2960 1081 quod
3011 1014 3250 1082 gravius,
3280 1014 3543 1078 exuritur,
3596 1023 3725 1079 etc.,
3768 1031 3791 1065 ι
3829 1027 3954 1080 qua:

2384 1104 2510 1172 quin
2542 1118 2572 1158 e
2611 1100 2814 1157 Graecis
2846 1118 3099 1173 expressa
3154 1104 3283 1167 sint,
3336 1102 3565 1156 dubitari
3623 1118 3787 1172 posse
3842 1119 3953 1157 nnu

2386 1206 2534 1263 puto.
2563 1193 2667 1248 Sed
2700 1208 2820 1264 qua:
2882 1193 3003 1248 inse
3036 1192 3171 1248 dixit
3218 1192 3701 1259 pseudo-Basilius,
3754 1196 3954 1249 eadem

2387 1280 2744 1351 Hieronymus
2772 1281 3007 1336 breviter
3038 1283 3376 1351 perstrinxit.
3410 1281 3536 1352 Legi
3578 1292 3753 1352 potest
3780 1298 3955 1352 pseu-

2385 1373 2711 1427 do-Basilius
2759 1375 2811 1427 in
2870 1374 3013 1427 hunc
3068 1374 3241 1441 ipsum
3287 1372 3437 1427 Isaia:
3482 1374 3678 1429 locum.
3716 1373 3952 1428 Dubium

2386 1477 2599 1530 quoque
2628 1478 2733 1516 non
2773 1474 2855 1518 est
2882 1465 3011 1532 quin
3045 1461 3401 1534 Hieronymus
3426 1478 3545 1533 pag.
3570 1462 3637 1516 49
3669 1462 3957 1533 exemplar

2384 1552 2629 1608 Graecum
2684 1554 2935 1609 habuerit
2986 1558 3055 1610 ob
3109 1556 3315 1620 oculos,
3372 1572 3497 1610 cum
3537 1557 3623 1610 illa
3662 1570 3679 1606 :
3723 1555 3817 1609 γα
3863 1559 3957 1625 qui

2384 1644 2702 1712 conjungitis
2731 1644 2941 1696 domum
2976 1646 3044 1697 ad
3079 1646 3288 1699 domum
3311 1647 3378 1715 ³³,
3409 1657 3539 1710 etc.,
3569 1647 3637 1699 ita
3683 1647 3960 1715 interpre-

2388 1742 2594 1787 taretur
2624 1750 2639 1789 :
2671 1750 2690 1784 ι
2728 1731 2887 1787 Juxta
2920 1734 3272 1803 tr0pologiam
3311 1744 3494 1790 contra
3520 1735 3804 1789 hmreticos
3828 1736 3957 1803 qui-

722 1831 961 1902 νώμεθα.
1001 1808 1242 1902 Ἐκείνην
1276 1808 1702 1902 ἐμιμήσατο
1724 1832 1991 1902 ἁμαρτίαν
2009 1848 2021 1861 ⁸
2056 1808 2283 1904 ἠνγάρ

2388 1825 2510 1879 dam
2536 1831 2637 1879 hoc
2665 1824 2864 1877 dictum
2898 1825 3320 1879 arbitrantur....
3355 1836 3409 1879 et
3442 1828 3661 1881 audiunt
3692 1829 3793 1881 sub
3830 1827 3959 1879 aliis

722 1925 993 1995 ἁμαρτίαν
1020 1925 1216 1987 αὐτῶν,
1249 1925 1322 1988 ὡς
1346 1924 1591 1994 Σοδόμων
1624 1923 1951 1993 ἀνήγγειλάν
1979 1924 2070 1977 καὶ
2100 1926 2290 1994 ἐνεφά-

725 2034 900 2070 νισαν.
944 2016 1305 2085 Hieronymus
1349 2031 1469 2083 pag.
1503 2014 1571 2069 58
1610 2038 1621 2069 ;
1659 2032 1678 2065 ι
1718 2015 1784 2067 Ει
1816 2017 2082 2084 quomodo
2120 2014 2289 2068 Sodo-

726 2111 891 2172 mitte,
914 2125 1036 2163 cum
1062 2111 1205 2161 omni
1236 2108 1477 2162 libertate
1509 2117 1811 2176 peccantes,
1847 2117 1901 2162 et
1938 2122 2005 2160 ne
2033 2106 2287 2174 pudorem

726 2200 942 2269 quidem
972 2200 1135 2254 ullum
1170 2200 1424 2255 habentes
1446 2200 1497 2253 in
1527 2201 1748 2265 sceiere,
1776 2202 2027 2254 dixerunt
2053 2200 2119 2253 ad
2150 2198 2247 2253 Lot
2272 2214 2286 2252 :

725 2292 875 2345 Educ
904 2292 1047 2357 foras
1069 2292 1226 2355 viros,
1256 2300 1313 2343 ut
1344 2291 1743 2343 concumbamus
1771 2306 1885 2342 cum
1914 2290 1989 2342 eis
2022 2288 2086 2342 ³⁸.
2114 2288 2203 2343 Sic
2234 2296 2290 2343 et

729 2383 818 2437 isti
843 2382 1056 2452 publice
1086 2381 1501 2449 proclamantes,
1532 2395 1686 2433 suum
1713 2379 2076 2450 prmdicavere
2095 2393 2287 2450 pecca—

724 2484 859 2528 tum.
907 2491 926 2525 ι
957 2473 1144 2527 Priora
1188 2483 1367 2527 autem
1422 2471 1732 2542 Hieronymi
1786 2472 1949 2527 verba
1980 2473 2124 2526 credi
2160 2486 2287 2542 pos-

723 2576 852 2621 sunt
877 2579 1133 2635 expressa
1165 2563 1331 2619 fuisse
1364 2579 1431 2618 ex
1463 2563 1673 2619 Graecis
1707 2564 1810 2619 illis
1846 2579 1967 2633 quin
2004 2564 2191 2617 eodem
2232 2566 2285 2618 in

724 2657 843 2713 loco
880 2656 1127 2727 leguntur
1157 2671 1170 2707 :
1211 2656 1511 2726 Ἀμαρτίαν
1532 2656 1599 2724 ἢν
1638 2655 1760 2724 οὐχὶ
1778 2654 1953 2724 λάθρα
1977 2654 2099 2706 οὐδὲ
2127 2655 2287 2707 ὲπαι-

723 2748 1034 2820 σχυνόμενοι
1050 2748 1428 2817 πεποιήκασιν.
1446 2744 1910 2801 Pseudo-Basilius
1929 2745 2005 2813 (2),
2026 2746 2117 2809 23,
2138 2761 2283 2801 nunt.

724 2838 848 2908 129)
875 2856 889 2891 :
919 2838 1103 2889 Ἐοικε
1143 2836 1205 2888 τὸ
1237 2835 1517 2908 θέριστρον
1555 2835 1830 2905 ἐπίϐλημα
1866 2831 2006 2889 εἶναι
2058 2836 2283 2908 θερινὸν,

721 2929 797 2992 ὼς
819 2928 913 2981 καὶ
940 2926 1283 3000 περισαλλειν
1321 2928 1517 2987 δοκεῖν,
1552 2928 1646 2981 καὶ
1687 2928 1759 2999 μὴ
1808 2926 2057 2999 βαρύνειν
2104 2931 2161 2981 ὲν
2208 2927 2287 2999 τῷ

720 3019 991 3075 καύσωνι·
1045 3020 1121 3082 ὼς
1150 3020 1243 3071 καὶ
1290 3022 1347 3072 ὲν
1372 3023 1437 3091 τῇ
1487 3020 1703 3073 Γενέσει
1748 3019 2147 3090 μεμαθήκαμεν
2188 3018 2285 3087 τὴν

732 3110 1025 3163 Ῥεϐέκκαν
1058 3110 1521 3182 περιδαλλομένην
1556 3110 1617 3161 τὸ
1664 3109 1966 3180 θέριστρον.
2021 3108 2283 3177 Hierony-
2310 3142 2351 3199 ο

722 3218 841 3257 ntus
863 3218 983 3271 pag.
1016 3201 1122 3255 ως
1164 3220 1182 3253 ι
1217 3201 1427 3255 Habent
1466 3211 1522 3254 et
1556 3199 1824 3257 theristra.
1867 3212 1987 3267 quae
2032 3212 2127 3252 nos
2161 3199 2278 3268 pal-

726 3292 793 3343 lia
844 3304 1127 3359 possumus
1175 3290 1445 3358 appellare
1483 3305 1498 3341 :
1544 3303 1651 3357 quo
1682 3287 1929 3344 obvoluta
1958 3298 2041 3343 est
2087 3299 2141 3343 et
2168 3288 2277 3343 Re-

722 3384 954 3437 becca...
979 3381 1164 3437 Graece
1194 3380 1452 3453 θέριστρα
1489 3398 1503 3435 :
1535 3380 1603 3436 ab
1638 3395 1704 3435 eo
1726 3382 1867 3449 quod
1897 3381 1948 3433 in
1976 3380 2145 3449 θέρει,
2174 3380 2279 3434 hoc

719 3479 823 3532 est,
859 3472 911 3525 in
945 3480 1131 3526 aestate
1168 3482 1225 3526 et
1248 3482 1521 3536 caumate,
1544 3485 1771 3539 corpora
1798 3478 2089 3539 protegunt
2119 3468 2280 3522 femi-

721 3577 976 3617 narum.»
1014 3561 1487 3617 Pseudo-Basilius
1518 3579 1530 3615 :
1566 3561 1793 3632 Εἴρηται
1818 3560 1875 3614 δέ
1903 3577 2063 3623 τισιν,
2108 3560 2189 3614 ὅτι
2224 3560 2279 3612 αῖ

720 3653 862 3707 ἑπτά
882 3655 1157 3723 γυναῖκες,
1192 3653 1330 3706 ἑπτὰ
1349 3653 1633 3724 πνεύματά
1667 3656 1823 3717 εἰσιν,
1848 3653 1884 3707 ἃ
1913 3654 2104 3726 μικρὸν
2126 3651 2281 3705 ὓστε-

722 3764 814 3817 ρον
843 3746 873 3798 ό
906 3746 1065 3807 αὐτὸς
1092 3737 1245 3809 οὗτος
1266 3746 1551 3817 προφήτης
1582 3745 2033 3814 καταριθμεῖσθαι
2077 3745 2278 3815 μέλλει,

718 3838 794 3899 ὡς
832 3838 1329 3907 ἐπαναπαυόμενα
1364 3837 1462 3892 ἐπὶ
1493 3837 1608 3905 τὴν
1630 3836 1698 3890 ἐκ
1730 3835 1837 3904 τῆς
1850 3835 2020 3905 ῥίζης
2064 3837 2280 3891 Ἰεσσαὶ

718 3926 1078 3994 ἐξανθήσειν
1104 3928 1422 3996 μέλλοντα.
1451 3929 1690 3999 Πνεῦμα
1740 3930 1958 3999 σοφίας
2000 3929 2097 3985 καὶ
2135 3944 2284 3983 συν-

717 4016 926 4084 ὀσεως,
957 4017 1191 4087 πνεῦμα
1212 4016 1449 4085 ,ϐουλῆς
1481 4019 1577 4072 καὶ
1620 4021 1848 4088 ὶσχύος,
1874 4020 2109 4090 πνεῦμα
2136 4019 2281 4090 τνὼ-

717 4124 871 4174 σεως
910 4110 1006 4162 καῖ
1032 4111 1361 4177 εὐσεϐείας,
1402 4110 1636 4180 πνεῦμα
1678 4114 1863 4181 φόϐου
1904 4113 2069 4167 Θεοῦ.
2105 4113 2281 4185 Ἀπερ

718 4198 885 4252 διὰτὸ
917 4200 1120 4262 πάντας
1163 4200 1425 4265 ἐκκλῖναι,
1470 4201 1562 4254 καὶ
1612 4200 1729 4271 ἃμα
1774 4200 2157 4272 ἀχρειωθῆναι,
2184 4202 2283 4256 οὐκ

720 4289 908 4359 εχοντα
953 4283 997 4357 ᾧ
1040 4290 1490 4343 ὲπαναπαύσεται
1528 4291 1848 4364 ἀγαπητῶς,
1896 4291 1991 4344 τοῦ
2025 4293 2167 4346 κατά
2192 4294 2283 4347 τὸν

720 4377 923 4447 Κύριον
966 4378 1251 4452 ἀνθρώπου
1306 4379 1601 4451 λαϐόμενα,
1647 4381 1875 4436 ποιεῖτά
1934 4382 2283 4454 ἀναγεγραμ-

2386 1916 2565 1971 verbis
2592 1933 2607 1971 :
2634 1916 2825 1969 Audite
2858 1916 2990 1980 lucc,
3033 1921 3187 1969 duces
3229 1916 3412 1969 domus
3442 1916 3626 1979 Jacob,
3659 1929 3707 1969 et
3752 1919 3960 1970 residui

2386 2010 2569 2060 domus
2599 2005 2789 2070 Israel,
2820 2007 2909 2074 qui
2960 2006 3334 2060 abominamini
3377 2006 3662 2073 judicium,
3685 2018 3733 2059 et
3762 2012 3954 2058 omnia

2390 2104 2533 2147 recta
2570 2096 2885 2163 pervertitis,
2908 2097 2997 2163 qui
3024 2096 3298 2161 aediﬁcatis
3326 2093 3454 2148 Sion
3487 2097 3541 2147 in
3580 2097 3957 2164 sanguiuibus,

2386 2194 2432 2238 et
2455 2182 2750 2238 Jerusalem
2781 2186 2838 2237 in
2861 2187 3131 2256 iniquitate
3159 2186 3225 2239 ”.
3262 2184 3353 2239 lsti
3386 2188 3571 2239 domos
3598 2186 3870 2249 domibus,
3906 2190 3957 2239 iul

2386 2286 2489 2337 est,
2516 2275 2763 2343 dogmata
2794 2278 3128 2344 coniungunt
3164 2278 3501 2345 dogmatibus
3536 2295 3548 2329 :
3586 2278 3780 2346 quibus
3813 2280 3956 2332 dici—

2391 2371 2479 2416 tur
2500 2376 2600 2431 per
2632 2360 2910 2417 Micharam
2958 2381 2970 2415 :
3028 2361 3207 2418 Nolite
3254 2368 3518 2433 (edi/imre
3565 2368 3618 2421 in
3674 2370 3832 2421 domo
3880 2371 3959 2419 ri-

2385 2471 2501 2508 sum
2534 2454 2578 2486 ⁸⁸
2607 2471 2622 2507 :
2652 2468 2718 2509 ne
2756 2471 2919 2526 supra
2955 2456 3356 2512 fundamentum
3398 2459 3598 2514 Christi
3629 2462 3772 2529 quod
3812 2475 3955 2530 apo-

2387 2546 2557 2602 stolus
2592 2547 2789 2600 Paulus
2834 2548 3030 2616 posuit,
3051 2558 3105 2603 et
3130 2550 3180 2604 in
3210 2564 3317 2619 quo
3352 2550 3647 2605 debuerant
3674 2551 3962 2606 cdilicare

2388 2652 2601 2703 aurum,
2634 2648 2934 2705 argentum,
2980 2640 3182 2707 lapides
3239 2644 3498 2708 pretiosos
3522 2683 3539 2708 ,
3612 2657 3643 2697 e
3676 2644 3963 2696 contrario

2386 2729 2653 2785 :ediﬂcent
2684 2730 2846 2800 ligna,
2874 2730 3074 2793 fenum,
3104 2732 3372 2799 stipulam.
3400 2749 3422 2784 ι
3443 2732 3777 2787 Ascribimus
3803 2733 3962 2787 Cra:-

2386 2836 2449 2877 ca
2476 2831 2536 2876 ut
2556 2836 2676 2876 cum
2712 2821 3143 2891 Hieronymianis
3167 2823 3372 2892 possint
3394 2824 3714 2893 coinparari.
3750 2822 3828 2875 ita
3859 2824 3911 2890 ig
3938 2845 3963 2862 ι

2387 2922 2475 2968 tur
2503 2914 2691 2969 eadem
2727 2914 3004 2984 prophetae
3051 2916 3213 2969 verba
3250 2914 3501 2981 explanat
3556 2914 3957 2980 pseudo-Basi-

2386 3006 2488 3058 lius
2517 3006 2689 3074 (num.
2732 3005 2854 3074 152)
2888 3022 2902 3058 :
2934 3006 3167 3059 Δυνατὸν
3196 3005 3250 3059 δὲ
3268 3004 3343 3076 τῷ
3375 3003 3642 3074 φιλοπόνῳ
3680 3005 3830 3057 κατά
3872 3006 3962 3057 ἀνι

2386 3096 2604 3165 αγωγὴν
2626 3097 2719 3148 ἐπὶ
2740 3097 2918 3150 πλεῖον
2939 3098 3090 3165 ἀγειν
3114 3098 3171 3150 τὸ
3204 3098 3311 3151 ἀπὸ
3341 3096 3439 3168 τῆς
3462 3096 3797 3167 προφητείας
3820 3100 3929 3168 χρὴ
3940 3128 3965 3137 -

2385 3204 2561 3258 σιμον.
2617 3185 2846 3240 Δύναται
2901 3190 3008 3259 γὰρ
3061 3190 3209 3241 οἰκία
3238 3189 3468 3242 ἑκάστου
3508 3188 3744 3243 νοεῖσθαι
3772 3190 3844 3241 τά
3870 3188 3964 3239 δό-

2378 3297 2630 3351 γματα...
2667 3282 2820 3334 Ὅσοι
2846 3274 2938 3331 οὖν
2970 3279 3031 3331 τὸ
3054 3279 3148 3347 τῆς
3177 3278 3407 3341 πίστεως
3444 3280 3637 3347 δόγμα,
3665 3280 3806 3349 ὅπερ
3841 3279 3961 3349 ἔχει

2380 3371 2623 3443 θεμέλιον
2647 3372 2739 3427 καὶ
2766 3369 2938 3442 ἀρχὴν
2964 3370 3056 3423 τὸν
3078 3368 3279 3441 Κύριον
3292 3368 3445 3436 ἡμῶν
3470 3367 3672 3437 Ἰησοῦν
3695 3369 3961 3437 Χριστὸν,

2378 3464 2638 3535 δόγμασιν
2661 3466 2957 3538 ἀλλοτρίοις
2983 3463 3078 3517 καὶ
3104 3462 3273 3530 ξένοις
3294 3462 3392 3531 τῆς
3411 3458 3717 3521 θεοσεϐείας
3735 3460 3959 3514 ἐπισυν-

2380 3556 2705 3611 άπτουσιν...
2739 3560 2788 3610 εἰ
2824 3557 2881 3609 δέ
2939 3575 3023 3620 τις
3062 3555 3403 3625 ἐποικοδομεῖ
3448 3554 3540 3607 ἐπὶ
3568 3553 3657 3607 τὸν
3701 3551 3965 3623 θεμέλιον

2379 3648 2567 3703 τοῦτον
2608 3649 2830 3720 χρυσὸν,
2865 3649 3125 3720 ἄργυρον,
3166 3646 3343 3709 λίθους
3378 3646 3613 3717 τιμίους,
3646 3644 3799 3711 ξύλα,
3831 3646 3968 3717 χὸρς

2379 3759 2490 3805 τον,
2513 3742 2824 3813 καλάμην...
2848 3743 2877 3793 ὁ
2910 3741 3149 3811 Μιχαίας
3172 3739 3445 3811 καθαίρων
3476 3738 3547 3791 τὰ
3571 3740 3811 3809 οίήματα
3839 3737 3956 3791 τῶν

2383 3833 2819 3901 καταγελάστων,
2855 3835 2941 3884 Ἐν
2980 3833 3104 3897 Γὲθ,
3139 3832 3292 3903 φησὶ,
3328 3832 3402 3903 μὴ
3437 3829 3825 3901 μεγαλύνεσθε,
3864 3831 3965 3883 καὶ

2382 3927 2429 3979 οἱ
2458 3926 2515 3978 ἐν
2538 3924 2804 3994 Ἀκαρεὶμ
2839 3923 2914 3993 μὴ
2952 3923 3347 3992 ἀνοικοδομεῖτε
3394 3921 3456 3986 ἐξ
3493 3922 3640 3973 οἴκου
3672 3922 3819 3976 κατὰ
3861 3924 3965 3991 γέ-

2381 4020 2527 4073 λωτα
2575 4016 2749 4089 ὑμῶν.
2804 4016 2915 4068 Καὶ
2948 4014 3105 4069 πάλιν
3134 4016 3163 4068 ὁ
3184 4014 3345 4077 αὐτὸς
3374 4013 3714 4082 ἐπιπλήττων
3750 4015 3965 4084 μοχθη-

2385 4115 2497 4183 ροῖς
2525 4109 2883 4175 διδασκάλοις,
2922 4108 3085 4179 φησίν
3108 4124 3119 4135 ·
3164 4107 3491 4160 Ἀκούσατε
3527 4104 3602 4172 δὴ
3654 4105 3871 4171 ταῦτα,
3906 4110 3965 4160 ιιι

2382 4202 2696 4270 ἡγούμενοι
2726 4201 2896 4253 οἴκου
2933 4198 3147 4260 Ἰακὼϐ,
3170 4196 3270 4249 καὶ
3300 4198 3353 4251 οἱ
3386 4195 3735 4251 κατάλοιποι
3774 4198 3961 4251 οἴκου

2396 4292 2653 4361 Ἰσραὴλ,
2683 4294 2737 4345 οι
2759 4289 3251 4358 ,βδελυσσόμενοι
3278 4288 3477 4359 κρῖμα,
3509 4289 3604 4342 καὶ
3644 4288 3847 4341 πάντα
3887 4290 3964 4341 τὰ

2383 4382 2527 4451 ὀρθὰ
2571 4380 3051 4449 διαστρέφοντες,
3094 4385 3149 4435 οἱ
3193 4382 3647 4449 οἰκοδομοῦντες
3687 4377 3849 4430 Σιὼν
3888 4379 3964 4432 ἐκ

722 4467 882 4538 μένα,
917 4464 1273 4537 Hieronymus
1302 4485 1425 4541 pag.
1472 4471 1543 4526 43
1572 4480 1781 4525 tantum
1812 4488 1915 4527 non
1957 4472 2024 4525 ad
2057 4475 2276 4527 verbum

2384 4472 2588 4542 αἵμασι
2618 4470 2721 4523 καὶ
2747 4472 3131 4542 Ἰερουσαλὴμ
3152 4472 3223 4525 ἐν
3253 4471 3529 4534 ἀδικίαις.
3557 4466 3765 4523 Pseudo
3793 4468 3960 4524 Basi-

719 4557 837 4614 bazc
879 4558 953 4613 ita
1009 4559 1277 4613 convertit
1309 4577 1323 4612 :
1360 4577 1379 4610 ι
1418 4561 1636 4630 Septem
1670 4561 1945 4627 mulieres,
1972 4562 2024 4616 id
2055 4570 2159 4628 est,
2199 4577 2281 4617 se-

720 4657 863 4720 ptem
883 4651 1067 4719 gratia'.
1085 4650 1321 4722 Spiritus
1348 4653 1543 4716 sancti,
1559 4652 1625 4705 de
1648 4653 1841 4720 quibus
1861 4653 1913 4706 in
1946 4666 2279 4721 consequen-

720 4739 865 4793 tibus
895 4737 1035 4791 idem
1058 4738 1321 4809 propheta
1343 4741 1587 4795 dicturus
1606 4751 1687 4795 est
1714 4756 1729 4793 :
1762 4740 1913 4795 Exiet
1930 4742 2075 4813 uirga
2105 4744 2169 4795 de
2196 4759 2283 4796 ra-

718 4830 835 4885 dice
859 4828 1040 4885 Iesse:
1077 4839 1125 4884 et
1159 4834 1254 4900 ﬂos
1285 4833 1351 4887 de
1379 4835 1555 4888 radice
1591 4832 1704 4903 ejus
1753 4836 2055 4887 conscendet
2082 4850 2097 4888 :
2126 4843 2172 4887 et
2202 4850 2281 4889 re-

717 4921 942 4987 quiescet
966 4937 1121 4991 super
1139 4938 1253 4975 eum
1278 4923 1502 4991 Spiritus
1528 4924 1755 4987 Domini,
1775 4924 1991 4991 spiritus
2013 4926 2280 4993 sapientia:

720 5022 767 5065 et
795 5012 1108 5081 intellectus,
1138 5014 1354 5083 spiritus
1383 5017 1587 5069 consilii
1638 5028 1685 5071 et
1725 5017 2073 5086 fortitudinis,
2119 5016 2279 5077 spiri-

720 5112 804 5155 tus
832 5103 1065 5157 scientia
1093 5114 1141 5157 et
1163 5105 1367 5173 pietatis
1396 5116 1476 5157 :et
1500 5105 1727 5173 implebit
1750 5122 1867 5159 eum
1881 5107 2094 5173 spiritus
2125 5106 2277 5159 timo-

719 5194 792 5246 ris
839 5192 1049 5247 Domini
1104 5196 1181 5260 ³¹;
1230 5198 1637 5265 apprehendent
1694 5196 1876 5252 Iesum
1915 5212 2072 5263 quem
2110 5198 2273 5251 multo

721 5292 960 5355 tempore
993 5286 1453 5353 desideraverant,
1484 5290 1611 5358 quia
1661 5289 1863 5343 nullum
1900 5290 2061 5343 alium
2118 5302 2270 5360 pote-

720 5384 842 5428 rant
891 5375 1150 5445 invenire,
1188 5378 1242 5431 in
1282 5394 1387 5448 quo
1422 5376 1621 5435 aeterna
1680 5381 1914 5435 statione
1963 5382 2272 5451 requiesce-

723 5476 857 5520 rent.
894 5485 915 5520 ι
952 5469 1365 5528 Animadvertas
1405 5472 1560 5527 velim
1604 5472 1754 5538 illud,
1785 5473 2111 5544 ἀγαπητῶς,
2148 5475 2271 5529 red-

826 5688 870 5718 ³⁸
894 5688 1028 5742 Gen.
1058 5708 1163 5757 xix,
1197 5693 1248 5746 5.
1320 5693 1390 5750 [³⁸
1424 5692 1523 5743 lsa.
1552 5706 1625 5751 ιι,
1661 5690 1774 5743 1-5.

1874 5694 1916 5725 ³¹
1942 5694 2043 5752 lsa.
2072 5709 2139 5754 ιν,
2174 5698 2226 5749 Α.

722 5756 766 5789 ³⁸
792 5753 986 5809 lerunt.
1034 5753 1227 5821 xx\,4.
1309 5762 1348 5791 ³⁷
1399 5759 1539 5813 Psal.
1571 5775 1648 5825 tu,
1681 5763 1734 5814 6.

2360 5696 2403 5727 ³³
2435 5694 2537 5751 lsa.
2584 5713 2635 5763 ν,
2674 5704 2733 5753 8.

2384 4563 2487 4619 lius
2516 4564 2599 4633 (ν,
2635 4562 2723 4627 12,
2752 4579 2898 4617 num.
2936 4563 3059 4633 159)
3100 4581 3114 4616 :
3151 4557 3315 4625 Οὗτος
3345 4558 3605 4632 [Ἰουὸὰλ]
3628 4555 3743 4631 ἦνὸ
3781 4577 3961 4615 κατα-

2381 4653 2554 4718 δείξας
2596 4651 2889 4725 ψαλτήριον
2920 4654 3013 4705 καὶ
3062 4653 3315 4724 κιθάραν.
3363 4649 3723 4723 Hierooyntus
3750 4653 3955 4720 pagina

2383 4762 2479 4801 seu
2516 4742 2764 4799 columna
2793 4745 2852 4799 5|
2889 4761 2904 4797 :
2936 4762 2954 4795 ι
2979 4744 3221 4815 Requirit
3250 4744 3512 4796 citharam
3540 4753 3595 4796 et
3619 4740 3951 4808 psalterium

2388 4836 2543 4905 cujus
2592 4847 2836 4904 repertor
2883 4844 2966 4890 est
3012 4834 3220 4892 Joubal.
3264 4853 3283 4885 ι
3322 4832 3675 4904 Hieronymus
3694 4830 3959 4886 columna

2383 4930 2593 4990 eadem,
2621 4945 2639 4977 ι
2673 4928 2825 4995 Quod
2860 4940 3041 4983 autem
3088 4927 3320 4996 primum
3353 4936 3560 4993 tempus
3585 4925 3837 4978 humana:
3862 4939 3959 4980 sa-

2384 5016 2622 5087 pientiae,
2642 5017 2857 5085 quando
2886 5017 3195 5087 egredimur
3230 5017 3537 5085 pueritiam,
3576 5025 3629 5067 et
3661 5015 3727 5067 ad
3770 5013 3952 5067 ratio-

2383 5107 2556 5162 nalem
2590 5109 2838 5163 venimus
2866 5116 3104 5172 aetatem,
3136 5123 3291 5163 mane
3317 5107 3369 5160 iu
3407 5104 3702 5173 Scripturis
3744 5104 3956 5158 intelli-

2379 5209 2563 5270 gatur,
2596 5200 2761 5254 multa
2809 5199 3116 5254 testimonia
3167 5203 3361 5254 docere
3413 5212 3507 5253 nos
3545 5203 3798 5266 poterunt
3832 5213 3850 5249 :
3887 5202 3957 5250 uc

2377 5290 2573 5362 quibus
2599 5293 2829 5363 exempli
2861 5306 3021 5346 causa
3048 5290 3293 5362 ponenda
3327 5301 3454 5345 sunt
3478 5302 3642 5357 pauca
3678 5302 3693 5340 :
3727 5305 3748 5339 ι
3786 5286 3955 5341 Marte

2375 5383 2646 5437 mittebam
2671 5390 2948 5452 prophetas
2981 5382 3048 5451 ³⁸,
3081 5395 3170 5439 et:
3197 5381 3352 5439 Hane
3374 5380 3623 5438 exuudies
3647 5383 3953 5433 orationem

2377 5493 2583 5543 meant,
2636 5492 2790 5531 mane
2844 5478 3087 5533 assistant
3126 5476 3241 5543 tibi,
3276 5488 3323 5532 et
3369 5475 3546 5531 ridebo
3596 5472 3675 5539 "3
3709 5482 3768 5528 et
3807 5486 3822 5522 :
3874 5468 3955 5525 De

2851 5698 2897 5738 ³⁸
2929 5696 3084 5753 Hich.
3127 5714 3205 5763 ιιι,
3244 5699 3299 5762 9,
3348 5697 3430 5751 10.
3532 5699 3577 5731 ³³
3612 5698 3768 5755 ιιίςιι.
3810 5714 3853 5767 ι,
3891 5701 3949 5759 9.
