4088 6310
1312 336 1372 391 D.
1412 336 1554 390 JUL.
1595 335 1915 392 GARNERII
1953 334 2344 393 ΡΒᾹΞΡΔΤΙΟ.

3205 356 3418 394 CCXXVII

198 457 341 501 nocte
363 461 643 520 consurget
661 449 877 519 spiritus
899 466 1043 507 meus
1064 452 1133 515 ’8;
1151 459 1233 506 et:
1260 451 1419 520 Deus,
1442 451 1577 507 Deus
1596 468 1736 509 meus

1867 468 2011 509 num.
2042 452 2164 520 166)
2206 469 2217 503 :
2250 453 2323 505 Ού
2353 455 2458 527 γὰρ
2487 455 2551 526 δὴ
2577 452 2712 518 ζῶόν
2734 472 2785 507 τι
2811 457 2839 509 6
2870 456 3022 528 ᾅδης,
3045 454 3165 509 οὐδὲ
3195 456 3422 527 δύναμις

196 540 263 593 ad
296 554 346 596 te
386 546 451 597 de
494 543 614 595 luce
661 542 817 612 vigilo
841 543 914 611 ³⁹;
939 555 992 600 et
1021 563 1035 599 :
1064 543 1130 597 In
1167 546 1440 599 matutinis
1489 544 1767 614 interﬁcie-

195 634 307 689 bam
335 652 516 688 omnes
546 648 843 703 peccatores
873 650 1026 693 terra:
1078 653 1097 691 :
1137 647 1192 691 ut
1217 638 1565 705 disperderem
1590 639 1652 692 de
1688 640 1765 693 ci-

193 730 348 781 uitate
382 727 602 781 Domini
623 745 802 786 omnes
826 732 913 801 qui
939 740 1223 797 operantur
1250 730 1578 798 iniquitatem
1608 730 1653 761 ⁸⁸
1673 747 1687 794 ;
1710 741 1763 786 et

194 821 243 874 in
271 818 380 873 alio
409 818 565 875 loco:
603 822 684 875 Ad
709 837 972 890 uesperam
1004 821 1362 876 demorabitur
1402 821 1576 889 ﬂetus,
1614 828 1663 873 et
1692 824 1761 876 ad

191 911 516 965 matutinum
570 912 755 967 laetitia
798 910 863 962 ⁸¹.
896 910 1369 966 Pseudo-Basilius
1402 924 1416 961 :
1456 911 1572 962 Ἵνα
1598 909 1654 962 δὲ
1680 910 1761 965 ἐτι

193 999 392 1070 μᾶλλον
427 1004 560 1074 ἡμῖν
610 1003 670 1055 τὸ
708 1002 808 1071 τῆς
853 1004 1063 1075 πρωίας
1099 1005 1271 1071 ὄνομα.
1309 1003 1582 1072 τρανωθῇ,
1610 1003 1690 1055 ὅτι
1721 1006 1754 1075 ἡ

188 1089 294 1143 ἀπὸ
319 1094 547 1155 σκότους
585 1092 858 1159 ἐπάνοδος,
890 1095 1000 1146 είτε
1037 1091 1133 1145 τοῦ
1154 1092 1296 1145 κατὰ
1318 1092 1413 1164 τὴν
1444 1095 1506 1145 ἐκ
1528 1092 1625 1160 τῆς
1651 1094 1759 1145 νεό-

188 1199 344 1253 τητος
394 1184 641 1251 ἀλογίαν,
677 1185 782 1238 εἴτε
811 1184 901 1239 τοῦ
936 1187 1000 1237 ἐκ
1044 1184 1143 1252 τῆς
1178 1186 1447 1253 ἀγνωσίας
1491 1184 1582 1237 τοῦ
1622 1184 1756 1239 Θεοῦ

186 1278 303 1339 ταῖς
342 1277 548 1345 ψυχαῖς
594 1277 964 1347 ἐγγινομένου,
998 1277 1030 1347 ἡ
1069 1277 1257 1348 πρώτη
1299 1278 1503 1341 εἴσοδος
1538 1278 1616 1341 είς
1652 1278 1752 1350 τὴν

187 1364 444 1437 ἀλήθειαν
467 1368 647 1438 πρωία
669 1368 903 1436 λέγεται.
928 1370 1183 1437 Συνάξεις
1205 1372 1261 1425 δὲ
1285 1373 1353 1427 τὰ
1366 1371 1630 1442 πολλαχοῦ
1648 1372 1753 1426 τῶν

186 1459 482 1527 προφητῶν
510 1463 636 1533 περὶ
668 1460 897 1531 πρωίας,
928 1463 959 1534 ἢ
996 1464 1121 1533 περὶ
1149 1464 1365 1533 ὄρθρου,
1396 1466 1534 1535 ὑπὲρ
1554 1466 1647 1517 τοῦ
1685 1466 1751 1534 τῇ

186 1548 290 1601 τῶν
318 1549 585 1607 πλειόνων
631 1554 927 1625 παραθέσει
976 1555 1208 1623 φανῆναι
1250 1555 1310 1606 τὸ
1357 1556 1747 1625 προκείμενον·

183 1632 308 1703 οἷον,
360 1642 757 1697 Ἀπέστελλον
785 1643 995 1709 ὄρθρου
1029 1641 1169 1708 τοὺς
1190 1642 1525 1711 προφήτας·
1557 1645 1649 1699 καὶ
1670 1644 1748 1711 τὸ,

184 1730 335 1795 Πρωὶ
382 1733 714 1797 εἰσακούσῃ
763 1728 871 1796 τῆς
919 1729 1124 1798 φωνῆς
1164 1749 1310 1800 μου·
1341 1734 1433 1785 καὶ
1487 1734 1566 1801 τὸ,
1598 1736 1749 1803 Πρωὶ

1864 544 2261 614 ἐπιτεταγμὲνη
2290 548 2398 607 τοῖς
2442 546 2860 617 ἀποθνήσκουσι,
2918 548 3062 602 κατὰ
3106 549 3207 620 τὴν
3259 549 3424 619 μυθο-

1865 637 2046 691 ποιίαν
2075 636 2182 690 τῶν
2213 634 2432 699 ἔξωθεν.
2473 638 2622 695 [laud
2658 638 2814 693 aliter
2853 639 3233 714 Hieronymus,
3267 642 3421 711 cujus

1861 734 1989 779 sunt
2019 726 2130 781 haec
2176 726 2423 781 columna
2458 724 2566 779 52:
2598 746 2615 779 ι
2658 728 2907 783 Infernus
2944 743 3121 787 autem
3177 731 3419 785 animam

1861 814 2061 869 habere
2087 818 2303 881 dicitur,
2338 832 2443 869 non
2474 817 2617 884 quod
2648 818 2844 874 animal
2872 818 2964 883 sit,
2992 821 3139 885 juxta
3171 831 3415 879 errorem

1859 908 2232 976 quorumdam.
2285 927 2303 960 ι
2334 906 2804 965 Pseudo-Basilius
2831 919 2907 982 (v,
2951 912 3041 976 Π,
3071 928 3218 968 num.
3241 915 3365 985 170)
3400 931 3412 965 :

1858 998 2109 1063 Δεθέντες
2157 1001 2349 1073 χειρῶν
2389 1000 2483 1054 καὶ
2518 999 2691 1053 ποδῶν
2726 1002 2777 1052 οἱ
2822 1004 3299 1069 καταδικασθέντες
3324 1009 3416 1061 ἐκ-

1858 1091 2138 1145 ϐάλλονται
2169 1094 2248 1153 είς
2292 1094 2351 1145 τὸ
2392 1091 2582 1156 σκότος
2616 1092 2676 1145 τὸ
2724 1090 3003 1163 ἐξώτερον.
3056 1096 3415 1163 Hieronymus

1856 1183 1959 1237 col.
1995 1182 2100 1237 55:
2136 1202 2154 1235 ι
2182 1182 2413 1237 Conviva
2436 1200 2647 1255 quoque
2671 1197 2843 1239 omna:
2875 1184 3178 1255 Dominicte,
3209 1199 3411 1244 vestem

1857 1292 1961 1331 non
1994 1277 2196 1331 habens
2218 1275 2533 1343 nuptialem,
2565 1278 2777 1333 vinctus
2805 1276 3029 1346 pedibus
3064 1292 3127 1331 ac
3164 1279 3413 1334 manibus

1854 1368 2071 1439 ejicitur
2095 1369 2147 1423 in
2180 1368 2434 1424 tenebras
2456 1370 2750 1424 exteriores
2772 1370 2837 1425 ⁸⁸.
2877 1389 2897 1423 ι
2933 1368 3024 1424 Sic
3069 1373 3410 1439 prosequitur

1853 1463 2215 1532 Hieronymus
2242 1481 2255 1515 :
2289 1480 2307 1513 ι
2351 1461 2417 1515 Ει
2450 1460 2709 1515 Dominus
2737 1464 2903 1526 venit,
2938 1470 2997 1516 ut
3028 1462 3111 1516 his
3136 1461 3227 1530 qui
3258 1472 3411 1515 erant

1853 1556 1905 1608 in
1933 1553 2160 1609 vinculis
2181 1554 2400 1618 diceret,
2434 1553 2585 1607 Exite
2611 1554 2677 1620 ⁸³,
2726 1564 2783 1609 et
2824 1556 2915 1624 qui
2947 1556 3313 1611 versabantur
3355 1554 3409 1606 in

1856 1647 2114 1711 tenebris,
2160 1644 2487 1699 Reuelamini
2516 1644 2582 1698 ⁸⁸.
2625 1662 2643 1695 ι
2682 1643 2811 1709 Quae
2839 1643 3005 1698 verba
3053 1645 3193 1698 haud
3247 1641 3409 1699 dubie

1851 1752 2105 1805 expressa
2141 1751 2354 1806 quoque
2381 1746 2507 1791 sunt
2556 1750 2621 1790 ex
2672 1734 2876 1790 Graecis
2904 1734 3010 1788 illis
3033 1736 3109 1803 (v,
3138 1735 3223 1799 i7,
3254 1749 3405 1787 num.

184 1821 652 1888 παραστήσομαι
702 1837 821 1883 σοι,
857 1824 953 1875 καὶ
1004 1823 1203 1891 suam
1237 1840 1346 1891 με·
1389 1826 1481 1878 καὶ
1520 1826 1601 1889 τὸ,
1650 1829 1743 1879 Ἐκ
1776 1826 1966 1898 13171)
2000 1848 2013 1883 :
2049 1831 2279 1885 Δυνατὸν
2312 1830 2492 1901 μέντοι
2540 1830 2827 1899 γενόμενον
2880 1826 3096 1897 δέσμιον
3138 1826 3407 1898 ἁμαρτίας

182 1908 403 1973 νυκτὸς
432 1908 676 1977 όρθρίζὲι
714 1912 777 1963 τὸ
800 1910 1034 1981 πνεῦμά
1048 1930 1165 1983 μου
1204 1914 1353 1983 πρὸς
1381 1913 1473 1976 σὲ,
1498 1917 1529 1968 ὁ
1556 1914 1710 1981 Θεός
1728 1933 1741 1944 ·

185 2001 296 2063 καὶ,
335 2000 390 2053 '0
424 2004 593 2069 Θεὸς,
634 2006 668 2057 ό
702 2005 844 2070 Θεός
869 2023 1009 2073 μου,
1040 2008 1189 2075 πρὸς
1236 2007 1311 2061 σὲ
1351 2006 1616 2076 όρθρίζω·
1653 2008 1746 2061 καὶ

180 2089 255 2153 τὸ,
276 2094 382 2157 Εἰς
413 2093 521 2159 τὰς
541 2095 762 2163 πρωίας
778 2095 1129 2150 ἀπέκτεινον
1153 2099 1379 2165 πάντας
1409 2100 1549 2165 τοὺς
1563 2101 1744 2171 ἀμαρ-

181 2186 406 2250 τωλοὺς
432 2185 541 2253 τῆς
566 2186 676 2255 τῆς
696 2203 711 2218 θ
738 2190 832 2241 καὶ
870 2189 952 2251 τὸ,
990 2189 1275 2255 Ἐσπέρας
1316 2192 1743 2255 αὑλισθήσεται

179 2279 506 2346 κλαυθμὸς,
521 2278 617 2330 καὶ
630 2281 714 2344 εις
726 2280 789 2331 τὸ
800 2280 945 2347 πρωί
962 2278 1603 2349 ἀγαλλίασις.οιάὶιιειη
1618 2298 1741 2336 eum

181 2383 285 2436 quo
327 2368 449 2421 loca
484 2368 778 2439 Scriptura:
818 2369 1128 2424 referuntur
1156 2372 1400 2439 quisquis
1428 2372 1742 2428 considera-

178 2460 336 2523 verit,
372 2460 440 2523 is,
478 2461 691 2531 opinor.
722 2460 910 2516 Latina
934 2477 964 2516 e
985 2460 1189 2517 Graecis
1217 2477 1477 2518 conversa
1504 2479 1623 2518 esse
1656 2463 1741 2517 ia-

178 2549 277 2603 cile
332 2550 613 2607 fatebitur.
666 2552 970 2608 Notandum
1021 2554 1199 2608 obiter
1252 2552 1739 2624 pseudo—Basilium

176 2641 367 2707 (5,12,
404 2659 555 2697 nunt.
615 2644 738 2714 161)
773 2646 933 2699 etiam
966 2645 1181 2700 Eusebii
1236 2646 1292 2700 in
1323 2644 1563 2700 Psalmos
1591 2662 1738 2701 com-

180 2734 530 2800 mentarium,
560 2744 619 2788 ut
658 2736 910 2804 vidimus,
941 2740 1041 2790 hoc
1070 2737 1187 2791 loco
1241 2738 1331 2791 hic
1379 2739 1733 2807 compilasse:

174 2839 333 2892 quam
367 2825 667 2879 inauditam
721 2826 1115 2895 interpretandi
1148 2827 1413 2881 rationem
1464 2828 1739 2897 sapienter

175 2915 581 2985 prudenterque
603 2916 746 2971 cavit
783 2918 1018 2987 optimus
1050 2919 1316 2987 interpres
1352 2916 1731 2991 Hieronymus.

173 3004 346 3064 Unum
376 3009 624 3064 omnium
660 3010 1122 3079 imperitissimum
1158 3012 1478 3082 scriptorem
1503 3011 1737 3082 pseudo-

172 3097 425 3155 Basilium
458 3109 606 3154 tanta
635 3100 833 3169 ineptia
857 3099 1095 3155 decebat.
1116 3098 1475 3171 Hieronymus
1490 3099 1734 3155 columna

1850 1918 2206 1989 ἀκολουθῆσαι
2252 1919 2469 1991 Χριστῷ
2512 1918 2588 1989 τῷ
2622 1918 2831 1989 ἐροῦντι
2878 1922 2990 1983 τοῖς
3047 1920 3105 1972 ἐν
3145 1917 3405 1987 δεσμίοις,

1863 2009 2185 2073 Ἐξέλθετε,
2209 2011 2300 2062 καὶ
2326 2014 2435 2072 τοῖς
2450 2012 2506 2063 ἐν
2534 2010 2611 2079 τῷ
2643 2010 2839 2074 σκότει,
2874 2008 3405 2080 Ἀποκαλυερθῆναι.

1848 2099 2207 2169 Hieronymus
2229 2102 2415 2154 eadem
2445 2099 2550 2154 col.
2576 2100 2645 2154 55
2677 2118 2691 2153 :
2725 2118 2743 2151 ι
2765 2100 3082 2169 Achitopbcl
3113 2115 3325 2170 quoque
3352 2111 3406 2154 et

1845 2192 2077 2247 Judas...
2110 2192 2320 2260 periere
2352 2192 2665 2259 suspendio,
2722 2199 2974 2261 putantes
3027 2190 3224 2245 malum
3271 2206 3404 2245 cono

1846 2284 2087 2338 scientias
2141 2283 2391 2353 praesenti
2427 2292 2601 2335 morte
2630 2282 2792 2350 lluiri,
2833 2291 2887 2337 et
2941 2282 3078 2336 nihil
3126 2296 3248 2336 esse
3284 2291 3407 2350 post

1846 2384 2095 2425 mortem.
2128 2393 2148 2427 ι
2184 2372 2640 2429 Pseudo-Basilius
2672 2372 2917 2445 (ibidem)
2949 2390 2964 2427 :
3010 2372 3288 2443 Ἀχιτόφελ
3312 2374 3406 2426 καὶ

1859 2462 2121 2525 Ἰούδας...
2175 2465 2265 2516 τὸν
2296 2467 2363 2519 δι’
2402 2466 2637 2539 ἀγχόνης
2690 2464 2918 2520 θάνατον
2962 2464 3056 2519 τοῦ
3100 2465 3404 2535 αὐτομάτου

1844 2554 2233 2625 προετίμησαν.
2264 2555 2375 2607 Οὐκ
2407 2557 2470 2608 ἂν
2495 2557 2602 2627 γὰρ
2636 2557 2979 2622 πιστεύοντες
3007 2555 3135 2631 περί¹
3162 2556 3253 2611 τοῦ
3287 2556 3406 2627 μέλ-

1842 2646 2023 2711 λοντος
2051 2646 2245 2709 αἰῶνος
2272 2646 2728 2716 ἀπηγχονίσαντο.
2760 2646 3113 2718 llieroiiymus
3147 2650 3251 2704 col.
3290 2648 3396 2702 55:

1848 2757 1867 2791 ι
1911 2738 2070 2793 Juxta
2105 2739 2457 2811 tropologiam
2506 2748 2633 2793 ante
2684 2738 2794 2809 jam
2837 2740 3093 2805 diximus,
3127 2738 3269 2809 quod
3314 2752 3403 2793 sa-

1845 2831 2094 2885 cerdotes
2136 2832 2429 2900 ingressuri
2462 2828 2864 2885 tabernaculum
2890 2830 3007 2895 Dei,
3039 2844 3145 2885 non
3161 2831 3392 2888 debeant

1845 2920 2031 2974 viuum
2081 2919 2266 2975 bibere
2312 2930 2367 2973 et
2412 2922 2663 2975 siceram.
2697 2921 2900 2987 Quibds
2953 2937 3097 2975 nunc
3129 2924 3399 2986 addimus,

1840 3012 1984 3081 quod
2016 3009 2287 3065 Nazaraais
2311 3025 2524 3081 quoque
2570 3018 2899 3080 praeceptum
2946 3011 3039 3077 sit,
3069 3012 3160 3082 qui
3190 3027 3249 3069 se
3278 3028 3404 3071 san-

1840 3104 2084 3157 ctilicant
2131 3104 2377 3169 Domino,
2401 3112 2459 3156 ut
2498 3102 2679 3155 vinum
2728 3111 2785 3157 et
2838 3102 3093 3170 siceram,
3142 3113 3197 3160 et
3240 3121 3401 3162 omne

170 3191 354 3245 itidem
380 3192 445 3246 5|
485 3210 497 3245 :
539 3210 559 3243 ι
599 3191 722 3245 Haec
752 3192 903 3253 juxta
944 3192 1178 3246 litteram
1230 3193 1495 3248 accidisse
1539 3192 1737 3262 populo
1763 3185 1805 3243 ε
1840 3194 1982 3261 quod
2011 3193 2077 3247 de
2111 3194 2229 3249 uvis
2251 3205 2355 3259 est,
2381 3209 2484 3249 non
2505 3194 2688 3250 bibant
2711 3196 3127 3262 neccomedant,
3146 3212 3398 3252 ne‘uvam

169 3282 476 3338 Jndzorum
507 3284 607 3337 sub
636 3281 966 3353 Vespasiano
998 3293 1056 3337 et
1077 3282 1201 3337 Tito
1232 3283 1494 3339 Romanis
1529 3285 1733 3353 princi-

170 3375 345 3444 pibus,
402 3384 513 3429 tam
564 3373 751 3429 Graeca
786 3388 950 3445 quam
1005 3374 1193 3430 Latina
1250 3384 1435 3429 narrat
1485 3376 1733 3430 historia.

172 3470 325 3537 Quod
358 3469 582 3540 quidem
618 3477 672 3522 et
710 3467 1068 3537 spiritualiter
1095 3468 1252 3523 hodie
1274 3482 1489 3538 quoque
1518 3467 1734 3539 patiun-

170 3573 272 3629 tur,
291 3561 624 3617 sustinentes
652 3576 755 3616 non
785 3561 977 3615 {alitem
1002 3562 1174 3630 panis,
1201 3576 1373 3631 neque
1397 3562 1541 3615 sitim
1559 3576 1731 3631 aquae,

168 3656 258 3709 sed
293 3654 495 3709 famem
534 3654 784 3709 audiendi
824 3655 1087 3709 sermonis
1132 3654 1247 3709 Dei.
1290 3672 1311 3707 ι
1340 3652 1729 3709 Pseudo—Basi-

169 3746 264 3801 lius
291 3752 371 3817 (v,
403 3748 492 3810 i5,
522 3763 671 3800 num.
699 3747 820 3816 165)
845 3764 858 3800 :
894 3745 1079 3799 Ταῦτα
1095 3744 1215 3800 καθ’
1248 3744 1486 3816 ἱστορίαν
1514 3744 1733 3798 δυνατὸν

164 3840 347 3908 τυχεῖν
392 3837 494 3907 τῆς
543 3836 849 3909 ἐξηγήσεως
873 3838 962 3889 ἐπὶ
995 3836 1101 3889 τῶν
1130 3836 1336 3908 καιρῶν
1360 3836 1460 3906 τῆς
1498 3835 1733 3905 ἐσχάτης

166 3931 485 4002 πολιορκίας
530 3930 639 3983 τῶν
674 3928 959 3993 Ἰουδαίων,
989 3928 1095 3983 τῶν
1120 3929 1219 3999 μὲν
1255 3933 1336 3993 είς
1360 3928 1732 3999 αίχμαλωσίαν

165 4024 587 4093 ἀπαχθέντων...
642 4023 781 4093 τάχα
819 4022 875 4076 δὲ
922 4022 1017 4076 καὶ
1045 4023 1079 4093 ἡ
1114 4022 1319 4094 ἀληθὴς
1363 4022 1625 4093 νέκρωσις
1668 4021 1729 4074 οὐ

162 4114 245 4168 διὰ
269 4116 431 4185 λιμὸν
461 4116 650 4187 ἄρτου,
691 4115 811 4169 οὐδὲ
842 4113 929 4168 διὰ
968 4112 1125 4184 δίψαν
1158 4113 1349 4177 ὕδατος
1399 4113 1589 4167 τούτου
1632 4111 1727 4166 τοῦ

163 4208 444 4279 αἰσθητοῦ,
466 4208 600 4261 ἀλλά
620 4207 707 4261 διὰ
730 4208 914 4279 λοιμὸν
933 4206 1026 4261 τοῦ
1054 4205 1281 4261 ἀκοῦσαι
1306 4204 1463 4275 λόγον
1497 4204 1723 4275 Κυρίου.

164 4298 647 4355 Pseudo-Basilius
672 4302 858 4355 eodem
884 4300 937 4355 in
960 4300 1077 4355 loco
1103 4301 1180 4355 sic
1198 4300 1434 4369 loquitur
1461 4314 1476 4352 :
1515 4299 1726 4352 Ἐκεῖνα

160 4392 411 4464 λέγομεν,
432 4393 516 4445 ὄτι
540 4393 588 4444 οἱ
606 4391 887 4455 διώκοντες
914 4392 977 4446 τὸ
994 4393 1311 4463 μέθυσμα...
1331 4394 1443 4454 τοῖς
1468 4390 1523 4443 δὲ
1544 4389 1726 4462 ἔργοις

1840 3286 2053 3355 quidem
2083 3299 2320 3354 passam,
2345 3295 2399 3341 et
2436 3294 2645 3340 acetum
2686 3300 2751 3340 ex
2786 3285 2929 3339 vino.
2966 3283 3070 3340 Sed
3101 3296 3154 3341 et
3184 3286 3237 3341 in
3267 3285 3399 3341 Pro-

1841 3378 2043 3433 verbiis
2072 3377 2380 3447 praecipitur
2411 3394 2426 3430 :
2456 3376 2728 3443 Potentes,
2765 3380 2855 3448 qui
2878 3378 3119 3433 iracundi
3146 3388 3287 3445 sunt,
3325 3382 3400 3432 vi-

1839 3485 1963 3523 num
2000 3486 2103 3524 non
2134 3470 2331 3534 bibant,
2357 3486 2439 3536 ne,
2472 3486 2589 3524 cum
2633 3470 2878 3533 biberint,
2919 3470 3291 3524 obliviscantur
3310 3487 3399 3524 sa-

1834 3563 2041 3631 pientia:
2068 3562 2134 3615 ⁸⁸.
2170 3580 2189 3614 ι
2220 3560 2429 3616 Pseudo
2448 3560 2677 3614 Basilius
2697 3560 2772 3629 (v,
2800 3560 2888 3623 22,
2914 3576 3064 3615 num.
3096 3560 3253 3633 176):
3286 3562 3398 3618 Kal.

1833 3651 1945 3711 τοῖς
1977 3648 2208 3718 ἱερεῦσιν
2254 3646 2587 3718 ἀπαγορεύει
2624 3648 2654 3700 6
2702 3648 2863 3718 νόμος
2894 3648 3289 3721 εἰσερχομένοις
3316 3651 3397 3715 είς

1833 3738 1904 3791 τὰ
1934 3738 2085 3805 ἆγια,
2117 3738 2245 3807 οἴνῳ
2282 3738 2377 3791 καὶ
2411 3738 2605 3810 σικέρᾳ
2642 3738 2969 3809 κεχρῆσθαιο
2994 3740 3093 3812 ,καὶ
3135 3742 3247 3802 τοῖς
3293 3756 3395 3795 κα-

1834 3830 2111 3902 λουμένοις
2160 3829 2571 3903 Ναζωραίσις...
2606 3831 2699 3886 καὶ
2751 3832 2809 3886 ἐν
2852 3834 2971 3896 ταῖς
3008 3831 3335 3903 Παροιμίαις
3366 3834 3395 3886 6

1832 3923 2082 3994 Σολομὼν
2128 3940 2323 3994 φησιν’
2373 3924 2435 3977 Oi
2467 3922 2720 3978 δυνάσται
2750 3922 3015 3993 θυμώδεις
3069 3924 3225 3990 είσὶν,
3250 3920 3393 3979 οἶνον

1835 4015 1910 4086 μὴ
1943 4014 2265 4078 πινέτωσαν,
2297 4016 2382 4069 ῖνα
2416 4014 2491 4088 μὴ
2518 4015 2735 4079 πίοντες
2770 4014 3130 4069 ἐπιλάθωνται
3163 4014 3262 4087 τῆς
3302 4034 3385 4071 σο-

1831 4113 1977 4183 φίας.
2010 4113 2369 4185 Hieronymus
2410 4111 2659 4167 columna
2690 4110 2759 4166 56
2806 4133 2819 4167 :
2864 4128 2883 4164 ι
2923 4109 2990 4165 Et
3022 4112 3075 4167 in
3128 4111 3235 4167 alio
3269 4112 3392 4167 loco

1828 4203 2052 4275 legimus
2090 4221 2105 4258 :
2144 4203 2385 4269 Domine,
2411 4219 2471 4257 ne
2495 4202 2553 4255 in
2586 4202 2765 4271 furore
2792 4210 2883 4259 tuo
2923 4220 3115 4275 arguas
3140 4219 3244 4269 me,
3295 4219 3388 4258 ne-

1824 4312 1922 4365 que
1952 4298 2005 4348 in
2028 4296 2109 4348 ira
2142 4305 2231 4347 tua
2254 4293 2507 4363 corripias
2526 4292 2593 4349 ⁸⁸.
2616 4292 2684 4349 Ει
2713 4293 3014 4351 Jeremias:
3042 4293 3256 4361 Corripe
3272 4308 3351 4347 no:
3368 4333 3384 4358 ,

1827 4388 2022 4456 inquit,
2069 4386 2311 4453 Domine,
2344 4395 2696 4442 verumtamen
2730 4388 2787 4440 in
2831 4385 3064 4454 judicio,
3090 4392 3141 4438 et
3185 4401 3289 4440 non
3328 4386 3384 4438 in

159 4486 363 4557 Κυρίου
406 4484 699 4556 ἐμϐλέπειν
745 4483 817 4554 μὴ
855 4484 1191 4554 ἀνεχόμενοι,
1231 4483 1318 4537 διὰ
1346 4482 1406 4536 τὸ
1448 4483 1722 4551 φιλήδονοι

1841 4482 2006 4535 Furore
2041 4480 2110 4533 ⁸⁷.
2166 4479 2369 4534 Furere
2417 4488 2594 4535 autem
2631 4478 2891 4533 Dominus
2939 4476 3139 4532 dicitur
3167 4476 3232 4541 ⁸⁸,
3276 4492 3381 4531 non

156 4576 290 4632 εἶναι
332 4578 597 4650 μᾶλλονῆ
656 4577 909 4649 φιλόθεοι,
952 4576 1285 4646 αίχμάλωτοι
1335 4574 1576 4641 γίνονται
1626 4574 1721 4627 καὶ

157 4670 445 4741 ἐπιχείριοι
468 4674 580 4734 τοῖς
610 4670 967 4733 ὑπεναντίοις.
997 4667 1155 4722 Ἀλλά
1184 4667 1277 4721 καὶ
1314 4664 1515 4736 πλῆθος
1546 4667 1603 4718 ἐν
1628 4666 1723 4718 αύ-

153 4763 259 4824 τοῖς
279 4761 498 4831 νεκρῶν
526 4762 756 4834 ἐγενήθη
787 4761 874 4816 διὰ
904 4759 1111 4832 λοιμὸν,
1137 4760 1230 4813 καὶ
1246 4758 1437 4822 ὓδατος
1458 4756 1715 4828 ἀπορίαν.

158 4850 519 4919 Hieronymus
578 4851 860 4907 manifeste
900 4850 1146 4921 vestigiis
1203 4850 1392 4904 iisdem
1438 4847 1715 4911 insistens,

154 4941 227 4995 sic
258 4940 482 5009 scripsit
512 4939 615 4993 col.
648 4940 758 4995 52:
798 4959 815 4992 ι
844 4939 943 5007 Qui
974 4948 1323 4996 surrexerunt
1347 4952 1505 4993 mane
1543 4938 1609 4990 ad
1640 4952 1724 4991 se-

154 5036 403 5085 ctandam
426 5032 681 5096 siceram,
704 5043 753 5087 et
774 5043 1181 5103 permanserunt
1202 5034 1253 5086 in
1274 5031 1534 5087 ebrietate
1555 5044 1723 5099 usque

152 5124 212 5175 ad
253 5139 561 5195 vesperam,
580 5135 637 5179 et
662 5125 932 5195 voluptate
961 5140 1026 5181 ac
1063 5125 1269 5181 deliciis
1295 5123 1560 5194 occupati,
1582 5136 1714 5191 opus

1827 4577 1968 4645 quod
2005 4574 2252 4630 humanis
2307 4574 2798 4645 perturbationibus
2852 4571 3191 4641 subiaceat...
3253 4571 3383 4640 Qrue

1824 4669 1897 4723 sit
1927 4676 2101 4722 autem
2155 4681 2344 4721 manus
2378 4682 2498 4737 qua:
2532 4665 2865 4731 extenditur,
2900 4666 2983 4722 vel
3022 4664 3267 4722 elevatur
3290 4680 3379 4721 suo

1824 4774 1921 4829 per
1946 4758 2193 4829 populum
2223 4769 2581 4827 peccatorem,
2606 4756 2708 4813 Job
2741 4757 2974 4829 loquitur
3004 4755 3376 4812 manifestius:

1825 4848 2018 4903 Manus
2042 4851 2179 4902 enim
2211 4848 2421 4902 Domini
2444 4848 2613 4916 tetigit
2656 4862 2737 4901 me
2760 4846 2826 4903 ".
2869 4844 3019 4901 Unde
3050 4854 3105 4903 et
3132 4844 3381 4901 diabolus

1820 4940 1997 4993 sciens
2031 4949 2302 5008 potentem
2330 4954 2549 4994 manum
2576 4937 2809 5002 Domini,
2841 4946 2897 4992 et
2934 4937 3213 4993 brachium
3236 4936 3375 5005 quod

1821 5034 2085 5088 universis
2108 5035 2356 5103 gentibus
2380 5032 2677 5088 revelatum
2702 5043 2803 5097 est,
2825 5032 2955 5087 dicit
2980 5032 3047 5085 ad
3064 5030 3339 5086 Dominum
3355 5046 3372 5061 ο

1820 5124 1970 5178 Mitte
1998 5141 2208 5178 manuni
2236 5137 2402 5189 tuam,
2449 5133 2497 5178 et
2536 5133 2689 5194 tange
2714 5125 2892 5179 omnia
2921 5139 3037 5192 quin
3070 5122 3243 5185 habet,
3274 5124 3375 5175 nisi

154 5214 367 5269 Domini
419 5217 687 5284 respicere
741 5216 1046 5281 noluerunt,
1100 5230 1198 5271 nec
1252 5230 1412 5286 opera
1459 5228 1711 5269 manuum
1815 5216 1870 5267 in
1907 5215 2094 5283 faciem
2152 5215 2470 5269 benedizerit
2525 5216 2618 5270 tibi
2670 5216 2739 5271 ⁸⁸.
2793 5234 2812 5268 ι
2858 5212 3370 5271 Pseudo-Basilius:

154 5308 264 5375 ejus
291 5307 647 5377 contemplati
683 5319 808 5362 sunt
836 5324 851 5359 :
887 5317 1173 5377 propterea
1205 5308 1348 5361 ducti
1375 5316 1500 5361 sunt
1529 5306 1580 5359 in
1612 5320 1708 5359 ca-

1813 5304 1965 5358 Οὐδὲ
1996 5304 2108 5372 γὰρ
2130 5303 2319 5369 πάθος
2346 5304 2514 5373 Θεοῦ,
2548 5304 2692 5358 οὐδὲ
2709 5304 2863 5373 αὐτῇ
2886 5304 2960 5373 τῇ
2981 5304 3159 5371 οὐσίᾳ
3188 5302 3373 5359 αὐτοῦ

151 5402 517 5465 ptivitatem...
543 5410 600 5454 et
632 5400 685 5453 in
728 5400 842 5468 ipsa
884 5400 1197 5470 captivitate
1248 5399 1396 5453 fame
1429 5399 1708 5466 perierunt

1841 5398 2251 5465 ὐμϐεϐηκός...
2306 5396 2449 5450 κατά
2490 5396 2550 5449 τὸ
2601 5396 2905 5469 εἰρημένον,
2950 5398 3033 5451 ὅτι
3073 5397 3170 5451 Ἐν
3210 5394 3374 5465 θυμῷ

149 5506 205 5544 ac
244 5501 507 5547 aruerunt
528 5485 645 5545 siti.
678 5489 886 5563 sPergIt
909 5489 1368 5562 pseudo-Basilius
1402 5490 1478 5545 sic
1508 5490 1587 5561 (5,
1614 5490 1701 5556 M,

213 5690 257 5721 “
302 5692 403 5745 lsa.
440 5707 596 5753 xxw,
631 5689 682 5745 9.
757 5691 799 5721 "
833 5689 973 5743 Psal.
1009 5705 1140 5748 uti.
1168 5690 1221 5744 2.
1297 5690 1342 5721 ⁸ο
1380 5689 1517 5744 Psal.
1553 5706 1603 5753 ε,
1644 5689 1695 5743 8.
1725 5757 1737 5759 _

1870 5690 2005 5745 Psal.
2056 5708 2203 5756 xxix,
2247 5693 2299 5745 6.
2376 5695 2421 5726 ⁸¹
2456 5694 2642 5749 Matth.
2703 5710 2843 5759 xin,
2878 5694 2963 5757 12.
3006 5695 3092 5750 15.

156 5776 289 5825 thx,
317 5764 365 5817 9.
404 5764 450 5794 ⁸⁸
476 5762 613 5817 ibid.
691 5759 735 5794 ⁸⁵
765 5759 920 5835 Prov.
954 5777 1097 5822 xui,
1124 5760 1175 5815 4.
1214 5760 1259 5792 ⁸⁸
1289 5760 1430 5817 l‘sal.
1467 5776 1539 5821 γι,
1565 5761 1619 5814 2.
1654 5757 1737 5814 "J

1856 5777 1910 5826 x,
1939 5762 2027 5816 2t.
2081 5765 2125 5795 ⁸⁸
2155 5764 2291 5819 Psal.
2332 5780 2391 5831 ιι,
2418 5766 2472 5821 5.
2560 5766 2603 5797 ⁸⁸
2635 5764 2734 5821 Job
2759 5757 2939 5831 ιι,21.

1806 5487 1990 5541 αὐτοῦ
2042 5488 2277 5557 ταράξει
2329 5488 2617 5556 αὐτοὺς...
2648 5490 2728 5543 ὅτι
2761 5490 2898 5543 Τότε
2931 5487 3193 5558 λαλήσει
3221 5486 3373 5557 πρὸς

3191 5694 3238 5727 ⁸³
3262 5693 3364 5748 lsa.

3032 5766 3079 5797 “
3102 5762 3201 5822 Job
3219 5780 3281 5831 ιι,
3310 5764 3366 5820 5.
