4080 6314
713 356 943 398 εςχπιιι

2053 336 2415 393 Ριιοιειῑοδι
2426 335 2511 389 EN
2520 335 2579 388 Λ.

709 463 931 529 αὐτοὺς
950 462 1022 516 ἐν
1047 460 1193 531 ὀργῇ
1213 461 1397 514 αὑτοῦ
1417 477 1429 490 ·
1459 462 1610 531 χεῖρα
1629 460 1800 528 λέγων
1830 459 1923 528 τὴν
1955 459 2267 529 κολαστικὴκ

2377 471 2468 514 aut
2496 471 2753 526 expressa
2780 471 2919 514 esse.
2954 457 3085 514 Cum
3126 457 3289 525 igitur
3316 459 3763 518 commentarium
3806 480 3929 519 eum

708 554 953 626 δύναμιν,
985 564 1127 608 κατα
1170 554 1262 607 τὸν
1291 552 1409 606 Ἰὼϐ
1429 568 1441 582 ο
1480 550 1617 618 Χεὶρ
1647 552 1757 621 γὰρ
1798 550 2018 617 Κυρίου
2048 550 2085 620 ἡ
2116 551 2271 618 ἁψα-

706 646 858 717 μένη
892 648 1010 718 μού
1038 648 1189 710 ἐστι,
1212 646 1307 699 καὶ
1339 648 1397 699 ὲν
1417 643 1591 715 τούτῳ
1614 646 1708 699 τοῦ
1728 643 1971 699 διαὸόλου
2005 649 2159 717 χεῖρα
2188 642 2273 695 λέ-

714 754 899 805 γοντος
933 740 991 792 ὲν
1037 736 1115 809 τῷ
1154 739 1331 811 καιρῷ
1375 737 1473 807 τῆς
1521 736 1827 800 κολάσεως·
1874 737 1958 789 Οὐ
2010 738 2138 807 μὴν
2183 735 2270 802 δὲ,

710 831 875 886 ἀλλά
923 831 1287 885 ἀπόστειλον
1312 827 1427 896 τὴν
1471 828 1638 898 χεῖρά
1668 845 1805 894 σου,
1846 825 1944 879 καί
1982 827 2130 895 ἅψαι
2158 825 2275 881 τῶν

710 923 907 978 ὀστῶν
931 924 1140 980 αὐτοῦ.
1173 923 1534 997 Hieronymus
1557 923 1658 977 col.
1690 923 1751 977 61
1784 934 1798 974 :
1834 938 1854 972 ι
1882 920 1944 974 Et
1979 921 2272 987 Abraham,

712 1026 1003 1085 postquam
1037 1016 1175 1071 vidit
1218 1016 1520 1080 Dominum,
1554 1026 1608 1071 et
1657 1011 1866 1070 audivit
1904 1027 2092 1068 vocem
2136 1014 2271 1081 ejus,

713 1117 916 1164 terram
948 1118 1004 1164 et
1057 1111 1294 1163 cinerem
1322 1122 1443 1164 esse
1469 1123 1528 1163 se
1560 1110 1687 1161 dicit
1713 1105 1781 1159 ιι.
1830 1124 1849 1158 s
1885 1103 2277 1160 Pseudo-Basi—

712 1202 816 1255 lius
839 1202 938 1271 (VI,
975 1199 1026 1264 1,
1060 1215 1206 1253 ηιιιη.
1242 1200 1366 1273 182)
1408 1221 1420 1257 :
1462 1199 1613 1254 Ἐπεὶ
1671 1198 1765 1251 καὶ
1797 1198 1826 1251 6
1863 1196 2136 1268 Ἀϐραὰμ,
2188 1198 2275 1251 ὅτε

709 1288 867 1362 ὤφθη
898 1289 1046 1361 αὐτῷ
1072 1291 1101 1344 6
1132 1291 1285 1357 Θεὸς,
1320 1292 1438 1345 τότε
1468 1290 1884 1360 ἀναγέγραπται
1916 1287 2151 1360 εἰρηκὼς
2192 1289 2271 1354 τὸ,

722 1382 862 1452 Ἐγὼ
886 1381 953 1436 δέ
981 1384 1099 1453 ειμι
1127 1384 1203 1453 γῆ
1244 1382 1341 1436 καὶ
1370 1380 1618 1447 σποδός.
1650 1380 2005 1451 Hieronymus
2033 1379 2135 1446 col,
2163 1379 2231 1435 69
2255 1395 2269 1432 :

722 1489 735 1524 ι
772 1472 915 1545 Ergo
942 1477 1083 1530 sicut
1114 1472 1460 1543 profundum,
1519 1471 1789 1526 infernum
1842 1470 2147 1542 significat;
2197 1471 2271 1525 ita

708 1564 984 1619 excelsum
1007 1577 1173 1633 supra
1218 1562 1387 1617 cmlos
1437 1562 1739 1637 intelligere
1764 1562 2089 1618 debemus...
2120 1561 2272 1629 Quod

709 1666 1004 1725 utrumque.
1048 1658 1114 1711 ad
1170 1664 1351 1726 typum
1421 1658 1657 1725 pertinet
1711 1656 1902 1711 mortis
1947 1655 2157 1709 Domini
2217 1662 2272 1709 et

706 1746 1040 1804 ascensionis
1088 1745 1247 1813 :Qui
1298 1749 1435 1802 enim
1486 1748 1770 1807 descendit.
1828 1748 1937 1816 ipse
1971 1756 2048 1799 est
2087 1745 2175 1816 qui
2222 1757 2269 1800 et

2371 554 2460 623 qui
2481 565 2675 606 nomen
2700 550 2881 605 Basilii
2906 551 3147 623 praefert,
3177 567 3284 605 non
3312 557 3517 609 noverit
3541 553 3926 623 Hieronymus,

2371 660 2470 700 nec
2504 643 2759 698 credibile
2805 643 2875 698 sit
2907 644 3280 700 commentarii
3319 649 3634 715 scriptorem
3662 646 3932 710 Hierany-

2371 738 2550 791 miana
2580 733 2767 789 Graece
2799 734 3115 800 reddidisse,
3169 738 3461 807 praesertim
3498 755 3619 797 cum
3667 743 3720 796 in
3758 744 3931 795 mani.

2372 826 2471 882 bus
2501 828 2739 882 omnium
2770 835 2951 881 essent
2978 830 3345 885 commentarii
3377 827 3574 895 Grmci,
3616 836 3758 889 unde
3797 832 3920 887 faci‘

2370 916 2474 971 lius
2505 920 2722 973 haurire
2764 926 2994 988 poterat,
3040 931 3187 975 certe
3243 931 3433 978 neuter
3475 920 3543 975 ab
3571 923 3744 981 altero
3775 927 3928 997 quiil-

2371 1022 2535 1078 quatn
2570 1011 2864 1078 sumpsisse
2893 1010 3157 1081 putandus
3196 1022 3299 1068 est.
3334 1015 3530 1082 Quare,
3560 1022 3618 1067 ut
3650 1018 3782 1071 mihi
3812 1033 3934 1087 qut-

2372 1100 2492 1154 dem
2526 1098 2758 1166 videtur,
2790 1103 3020 1157 dubitari
3070 1102 3160 1155 vix
3210 1115 3385 1170 potest
3426 1107 3552 1177 quin
3596 1114 3849 1175 uterque,
3880 1121 3931 1162 ιιι

2372 1188 2728 1260 Hieronymus
2742 1200 2795 1245 et
2824 1192 3193 1245 commentarii
3224 1194 3457 1261 scriptor
3489 1212 3551 1252 ea
3585 1210 3705 1266 qua:
3732 1202 3934 1251 exscri-

2372 1279 2575 1348 psimus
2606 1280 2721 1337 loca
2762 1280 2829 1335 ab
2862 1280 3094 1335 Eusebio
3136 1285 3445 1352 sumpserit,
3492 1288 3928 1357 quandoquidem

2370 1369 2485 1438 ejus
2512 1372 2565 1425 in
2593 1370 2789 1426 Isaiam
2816 1373 3230 1429 commentarios
3258 1375 3328 1429 ab
3353 1384 3578 1444 utroque
3607 1379 3930 1451 compilatus

2370 1476 2491 1518 esse
2536 1464 2747 1517 aliunde
2790 1463 3052 1518 novimus.
3112 1466 3244 1519 Illud
3278 1475 3453 1521 tamen
3505 1480 3742 1527 notatum
3783 1472 3927 1537 voln,

2370 1554 2683 1623 scriptorem
2716 1554 3085 1609 commentarii
3126 1554 3193 1610 ab
3228 1554 3551 1627 Hieronymo
3591 1560 3734 1616 ineo
3766 1566 3927 1619 dissi-

2370 1646 2519 1711 dere,
2546 1646 2685 1715 quod
2705 1646 2792 1700 ille
2815 1646 3028 1701 Eusebii
3063 1648 3355 1719 fragmenta
3390 1651 3444 1705 in
3468 1666 3620 1707 suum
3654 1670 3933 1712 commen-

2373 1737 2564 1792 tarium
2592 1738 2654 1789 ad
2672 1738 2893 1791 verbum
2921 1741 3242 1811 transferat;
3277 1744 3362 1799 ltic
3385 1759 3510 1799 vero
3537 1745 3606 1799 ita
3625 1745 3930 1801 Eusebiana

706 1839 939 1895 ascendit
974 1839 1043 1892 ³³.
1077 1839 1144 1893 Et
1170 1839 1222 1893 in
1277 1837 1533 1907 Apostolo
1562 1838 1789 1908 legimus
1822 1855 1838 1895 :
1871 1836 1954 1892 Ne
1984 1837 2181 1890 dixeris
2214 1839 2269 1891 in
2299 1836 2345 1896 Β
2374 1839 2666 1896 mutuetur,
2701 1842 2756 1883 ut
2788 1845 2851 1884 ea
2902 1840 2956 1887 et
3008 1838 3252 1893 ornando
3279 1847 3335 1893 et
3373 1839 3617 1893 addendo
3665 1854 3759 1893 sua
3790 1855 3928 1908 qun-

706 1932 863 1985 corde
880 1939 973 1984 tuo
1000 1944 1019 1982 :
1046 1928 1174 1993 Quis
1197 1928 1437 1981 ascendet
1462 1932 1515 1981 in
1544 1929 1727 1983 caelum
1746 1930 1773 1983 1’
1798 1928 1892 1981 hoc
1913 1939 1986 1983 est
2011 1927 2273 1983 Christum

704 2022 987 2084 deducere;
1031 2028 1144 2086 aut,
1180 2018 1313 2086 Quis
1344 2021 1615 2075 descendet
1653 2021 1704 2072 in
1729 2019 2017 2090 abyssum!
2060 2024 2157 2074 hoc
2196 2032 2272 2074 est

705 2110 971 2166 Christum
1022 2112 1086 2166 de
1130 2112 1351 2165 mortuis
1398 2112 1640 2165 reducere
1691 2111 1756 2165 ⁸³.
1806 2134 1825 2165 ο
1887 2112 2273 2167 Pseudo-Busi-

706 2204 810 2258 lius
835 2204 912 2275 (7,
949 2204 1035 2269 11,
1077 2219 1226 2256 num.
1263 2201 1385 2273 198)
1420 2218 1435 2255 :
1470 2203 1540 2256 Ἢ
1568 2202 1711 2274 τάχα
1734 2203 1895 2275 βάθος
1925 2205 2173 2275 σημαίνει
2203 2202 2270 2256 τά

703 2292 989 2347 κατώτατα
1029 2292 1122 2346 τοῦ
1174 2291 1324 2365 ᾅδου,
1369 2292 1501 2365 ὕψος
1533 2295 1590 2349 δὲ
1628 2296 1726 2367 τὴν
1756 2296 2141 2367 ὑπερουράνιον
2167 2292 2272 2363 χώ-

707 2386 925 2458 ραν,ὡς
959 2389 987 2441 6
1023 2386 1343 2452 ’Δπόστολος
1381 2391 1511 2461 ἡμῖν
1555 2390 1848 2460 παρίστησι
1900 2388 2106 2457 λέγων’
2170 2388 2268 2457 Μὴ

701 2480 882 2549 εἴπῃς
938 2481 1008 2536 ὲν
1054 2479 1131 2549 τῇ
1179 2478 1393 2547 καρδίᾳ
1435 2494 1589 2544 σου,
1636 2481 1725 2546 τίς
1780 2479 2140 2547 ἀναϐήσεται
2184 2485 2271 2550 εὶς

700 2571 809 2625 τὸν
849 2573 1142 2641 οὐρανόν;
1186 2572 1461 2634 τουτέστι
1497 2572 1757 2642 Χριστὸν
1808 2575 2192 2647 καταγαγεῖν·
2230 2575 2267 2644 ἣ

702 2663 795 2732 τίς
846 2665 1244 2735 καταϐήσεται
1317 2668 1399 2735 είς
1449 2666 1561 2736 τὴν
1611 2668 1926 2732 ἇϐι,·σσεν;
1994 2668 2269 2722 τουτέστι

700 2752 961 2820 Χριστὸν
998 2754 1066 2807 ἐκ
1117 2753 1345 2823 νεκρῶν
1394 2754 1735 2823 ἀναγαγεῖν.
1793 2756 1941 2807 Ἐπεὶ
1973 2750 2063 2807 οὖν
2104 2757 2133 2807 6
2169 2772 2268 2807 κα-

698 2842 873 2906 ταϐὰς
913 2844 1077 2907 αὐτὸς
1127 2846 1243 2897 ἐστι
1299 2846 1391 2898 καὶ
1443 2844 1669 2909 ἀναϐὰς,
1710 2845 1771 2897 τὸ
1828 2847 1907 2909 εἰς
1962 2845 2122 2916 βάθος
2172 2850 2266 2901 καὶ

701 2932 784 2997 είς
811 2930 943 3004 ὕψος
971 2934 1192 3006 σημεῖον
1219 2933 1349 3005 περὶ
1376 2933 1478 3004 τῆς
1506 2932 1728 2988 καθόδου
1756 2935 1821 2988 ἂν
1850 2934 1935 3005 εἴη
1978 2936 2267 3007 λεγόμενον

703 3023 803 3095 τῆς
826 3021 921 3078 τοῦ
947 3023 1155 3095 Κυρίου
1175 3040 1188 3055 ο
1224 3025 1317 3078 καὶ
1338 3027 1367 3079 6
1401 3024 1607 3090 ἀναϐὰς
1641 3026 1803 3090 αὑτός
1838 3028 1983 3080 ἐστιν
2014 3026 2266 3099 ὑπεράνω

704 3113 921 3167 πάντων
956 3114 1064 3167 τῶν
1110 3116 1374 3186 οὐρανῶν.
1423 3116 1779 3190 Hieronymus
1830 3121 1934 3174 col.
1981 3118 2092 3174 70:
2125 3136 2145 3173 t
2198 3119 2265 3173 Et

2372 1922 2657 1977 dammodo
2691 1921 2905 1980 eﬂiciat.
2947 1926 3021 1979 Ex
3061 1928 3256 1997 quibus
3277 1931 3525 1986 omnibus
3563 1933 3820 2003 colligere
3865 1933 3932 1986 li-

2371 2020 2456 2065 cet
2479 2024 2620 2078 eum,
2640 2013 2727 2080 qui
2763 2015 3134 2084 imperfectum
3165 2020 3314 2073 illum
3342 2023 3396 2074 in
3421 2022 3618 2077 Isaiam
3648 2040 3933 2079 commen-

2373 2103 2565 2155 tarium
2620 2105 2857 2174 scripsit,
2898 2110 3186 2162 maximam
3234 2112 3315 2163 sui
3361 2115 3540 2179 operis
3593 2126 3802 2204 pastem
3859 2120 3929 2170 ab

2369 2190 2603 2249 Eusebio
2633 2200 2697 2249 ad
2726 2200 2945 2253 verbum
2972 2209 3269 2253 mutuatum
3304 2215 3443 2256 esse.
3472 2201 3620 2268 Quod
3654 2190 3801 2258 e'nim
3830 2222 3931 2260 no-

2371 2286 2600 2341 tavitntts
2627 2300 2893 2357 sumptum
2930 2291 3091 2344 fuisse
3128 2292 3197 2346 ab
3225 2290 3553 2366 Hieronymo
3583 2310 3613 2349 e
3648 2312 3929 2354 commeti-

2373 2380 2527 2432 tariis
2559 2380 2793 2443 Eusebii,
2822 2382 2871 2433 id
2914 2395 3125 2450 quoque
3165 2393 3358 2453 prmter
3395 2396 3584 2441 caetera
3631 2388 3733 2443 sibi
3780 2404 3928 2445 sum-

2370 2471 2475 2537 psit
2499 2470 2583 2523 bic
2605 2471 2912 2541 plagiarius.
2950 2474 3078 2539 Quis
3103 2486 3282 2532 autem
3313 2476 3522 2533 futurus
3564 2489 3648 2536 est
3679 2490 3788 2534 tam
3821 2482 3927 2534 ini-

2368 2574 2505 2628 quus
2531 2576 2708 2617 rerqu
2739 2560 3055 2630 testiniator,
3089 2577 3426 2635 ut'magnum
3458 2569 3711 2624 Basiliutn
3747 2580 3827 2625 tot
3854 2587 3922 2626 ac

2371 2660 2641 2707 tantorum
2678 2655 2956 2710 furtorum-
2977 2673 3128 2712 reum
3160 2659 3470 2713 existimet?

2438 2820 2527 2876 62.
2561 2820 2785 2877 Temere
2814 2839 2917 2879 non
2966 2826 3090 2891 fuit,
3124 2829 3268 2899 quod
3306 2832 3607 2888 notavimus
3643 2834 3924 2906 aliquanto

2366 2925 2511 2981 ante,
2546 2931 2692 2971 num.
2730 2916 2821 2982 66,
2882 2930 3152 2975 auctorem
3192 2923 3486 2994 imperfecti
3546 2932 3922 2985 commentarii

2363 3008 2721 3078 e.variorum
2793 3012 3111 3082 scriptorum
3169 3014 3479 3088 ingruentis
3548 3036 3681 3090 opus
3760 3038 3923 3077 suqu

2364 3104 2750 3171 composuisse.
2773 3104 2848 3176 (a)
2888 3106 2952 3160 Et
2984 3107 3193 3175 quidem
3232 3123 3293 3163 ea
3334 3121 3415 3163 est
3441 3112 3724 3165 verborum
3757 3122 3924 3183 atque

708 3202 812 3257 hoc
842 3204 1135 3259 natandum
1166 3181 1310 3272 quod
1342 3205 1522 3259 Achaz
1553 3181 1677 3278 rege
1702 3209 2017 3278 implissimo
2054 3211 2264 3266 nolente
2290 3181 2332 3240 θ’
2365 3195 2746 3250 sententiarum
2784 3195 3028 3251 confusio
3081 3198 3132 3250 iu
3188 3198 3290 3252 hoc
3336 3202 3748 3269 commentario,
3782 3181 3925 3258 tam-

698 3294 912 3363 signum
940 3302 1141 3365 petere,
1176 3308 1354 3349 sermo
1404 3296 1750 3365 propheticus
1790 3298 1857 3350 ad
1906 3300 2124 3352 domum
2163 3299 2263 3353 Da-

702 3384 855 3438 vid.'..
891 3393 1257 3439 convertatur.
1308 3403 1328 3438 ι
1362 3383 1825 3443 Pseudo-Basilius
1852 3388 1926 3458 (7,
1978 3387 2067 3453 12,
2111 3404 2258 3443 ηυιη.

704 3473 827 3544 199)
854 3490 868 3527 :
894 3475 969 3529 Οὐ
1003 3475 1113 3547 γὰρ
1154 3476 1411 3549 εὐλαδείᾳ
1447 3479 1553 3531 τινὶ
1594 3481 1886 3550 παρῃτεῖτο
1918 3479 2014 3550 τὴν
2048 3480 2261 3551 αῐτησιν

699 3565 796 3619 τοῦ
820 3566 1047 3639 σημείου
1103 3570 1132 3623 6
1174 3568 1406 3640 Ἀχάζ...
1450 3569 1799 3642 ἀποστρέψας
1837 3570 1945 3642 γάρ
1982 3571 2071 3624 τὸν
2106 3571 2260 3639 λόγον

702 3656 796 3709 tut
826 3658 921 3711 τοῦ
952 3659 1135 3727 Δαδὶδ,
1164 3670 1270 3718 etc.
1303 3662 1431 3731 Quae
1457 3660 1623 3719 refert
1650 3661 2025 3735 Hieronymus,
2055 3663 2259 3731 col.7l,

702 3748 770 3801 de
800 3748 981 3818 puella
1007 3751 1161 3831 cujus
1190 3752 1250 3807 fit
1298 3754 1500 3809 mentio
1546 3754 1601 3809 in
1635 3754 2075 3821 Deuteronomio,
2110 3766 2165 3812 et
2195 3759 2261 3812 de

702 3838 923 3912 Abisag,
965 3853 1029 3896 ea
1075 3841 1188 3913 ipsa
1222 3858 1437 3913 quoque
1455 3862 1485 3900 e
1514 3846 1717 3901 Gmcis
1742 3860 1992 3916 expressa
2021 3862 2140 3903 esse
2162 3861 2260 3903 ne-

701 3932 817 4001 gari
847 3947 952 3988 non
974 3943 1171 4005 potest.
1206 3934 1372 3991 Velim
1410 3935 1661 3990 conferas
1690 3935 1877 3990 Latina
1909 3954 2030 3992 cum
2058 3939 2261 3996 Graecis

701 4035 854 4077 num.
884 4022 1010 4078 201.
1037 4024 1391 4098 Hieronymus
1411 4024 1516 4083 col.
1548 4024 1615 4080 76
1641 4040 1658 4080 :
1697 4044 1717 4078 ι
1754 4025 1979 4093 Quidam
2026 4031 2257 4099 prophe-

702 4110 887 4165 tissam
910 4124 1153 4169 sanctam
1194 4113 1420 4169 Mariam
1467 4114 1907 4186 interpretantur,
1942 4130 2101 4185 quam
2131 4133 2258 4187 pro-

2364 3300 2469 3355 que
2498 3300 2639 3356 sazpe
2661 3288 2849 3343 eadem
2883 3286 3173 3357 Scriptura:
3206 3288 3324 3346 loca
3359 3291 3442 3347 bis
3470 3302 3563 3348 aut
3594 3304 3674 3351 ter
3696 3307 3787 3352 aut
3810 3312 3926 3353 am-

2361 3376 2501 3443 plius
2528 3377 2885 3445 explicantur,
2910 3387 2968 3433 ut
2993 3380 3225 3449 quodam
3265 3387 3418 3453 quasi
3446 3386 3648 3456 impetu
3678 3389 3729 3444 in
3770 3391 3922 3459 ejus-

2363 3466 2503 3520 modi
2550 3468 2909 3536 suspicionem
2963 3470 3179 3528 adducti
3229 3475 3416 3532 simus.
3457 3476 3530 3531 lta
3562 3489 3741 3535 autem
3774 3497 3922 3547 esse,

2359 3571 2480 3627 qum
2513 3574 2575 3613 ex
2610 3560 2723 3630 ipso
2771 3560 2973 3617 Basilio
3022 3564 3337 3632 subjicimus
3360 3568 3600 3638 exempla
3642 3572 3924 3627 evidenter

2360 3650 2609 3719 probant.
2646 3651 2825 3706 Basilii
2862 3655 3160 3721 igiturbzec
3191 3665 3315 3709 sunt
3360 3672 3391 3712 e
3445 3659 3614 3728 prima
3672 3665 3923 3720 oratiOne

2360 3740 2415 3793 in
2440 3739 2697 3810 jejunium
2728 3758 2747 3795 :
2773 3741 2940 3795 Τοῦτο
2962 3744 3067 3815 γάρ
3096 3746 3240 3799 ἐστιν
3266 3748 3295 3800 ὃ
3338 3764 3497 3817 φησιν
3520 3752 3549 3803 6
3575 3751 3919 3820 Ἀπόστολος,

2361 3834 2444 3889 ὅτι
2472 3836 2651 3890 Ὅσον
2688 3840 2720 3891 ὀ
2762 3837 2983 3902 ἔξωθεν
3018 3838 3325 3909 ἅνθρωπος
3368 3841 3783 3913 διαφθείρεται,
3823 3865 3922 3902 το-

2361 3927 2584 3982 σοῦτον
2624 3931 2658 3983 ὁ
2698 3929 2924 3985 ἔσωθεν
2971 3931 3412 3988 ἀνακαινοῦται.
3451 3936 3560 3990 Καὶ
3605 3937 3685 4004 τὸ,
3732 3924 3923 3994 Ὅταν

2359 4020 2612 4087 ἀσθενῶ,
2648 4023 2779 4076 τότε
2808 4023 3075 4105 δυνατός.
3096 4029 3279 4097 ειμι...
3320 4029 3412 4082 Ἐκ
3436 4029 3543 4103 γὰρ
3565 4032 3663 4104 τῆς
3687 4035 3921 4105 παχείας

2358 4114 2563 4183 τροφῆς
2586 4110 2694 4169 οἷον
2717 4116 3031 4183 αἰθαλώδεις
3049 4102 3435 4192 ἀναθυμιάσεις
3446 4102 3916 4198 ἀναπεμπόμεναι,

703 4201 889 4271 pbetin
936 4202 1105 4260 fuisse
1132 4219 1240 4259 non
1268 4207 1485 4261 dubium
1516 4216 1638 4263 est:
1674 4207 1786 4278 ipsa
1830 4208 1973 4262 enim
2023 4207 2258 4277 loquitur

2367 4204 2584 4274 νεφέλης
2608 4205 2763 4276 δίκην
2786 4211 3015 4279 πυκνῆς,
3054 4212 3150 4275 τὰς
3171 4213 3278 4267 ἀπὸ
3301 4214 3392 4270 τοῦ
3419 4218 3571 4286 ἁγίου
3602 4220 3920 4291 Πνεύματος

704 4295 756 4346 in
788 4292 1078 4364 Evangelio
1110 4313 1125 4350 :
1152 4295 1290 4351 Ecce
1322 4298 1458 4351 enim
1487 4298 1687 4351 amodo'
1710 4300 1908 4352 beatam
1958 4314 2037 4353 me
2086 4300 2255 4353 dicent

2367 4293 2707 4367 ἐγγινομένας
2750 4297 3041 4369 ἐλλάμψεις
3087 4304 3179 4355 ἐπὶ
3221 4304 3313 4356 τὸν
3352 4305 3476 4360 νοῦν
3512 4309 3914 4367 διακόπτουσιν.

700 4401 877 4441 omnes
921 4389 1300 4458 generationes.
1334 4407 1350 4441 ι
1400 4388 1865 4445 Pseudo-Basilius
1894 4389 1970 4458 (8,
2006 4389 2061 4454 5,
2106 4405 2252 4445 num.
2364 4404 2383 4437 ι
2414 4386 2525 4443 Hoc
2545 4390 2687 4443 enim
2710 4400 2795 4444 est
2826 4394 2966 4461 quod
3015 4394 3089 4447 ait
3130 4394 3441 4463 Apostolus,
3475 4403 3616 4469 quod
3649 4403 3917 4466 Quantum

697 4474 874 4545 208)"
900 4493 914 4529 :
947 4478 1068 4532 Ὀτι
1097 4478 1153 4533 δὲ
1182 4481 1495 4553 προφῆτιςή
1530 4482 1782 4553 Μαρία...
1816 4481 1988 4546 οὐδεὶς
2020 4482 2254 4553 ἀντερεῖ,

2367 4487 2600 4534 externus
2629 4481 2781 4535 homo
2804 4487 3173 4553 corrumpitur,
3205 4495 3407 4542 tantum
3433 4492 3662 4547 internus
3694 4511 3917 4549 reuom-

706 4568 1050 4641 μεμνημένος
1065 4570 1233 4644 αὐτῆς
1247 4572 1353 4627 τῶν
1368 4574 1697 4645 ῥημάτων...
1715 4573 1868 4629 Ἰδοὺ
1888 4575 1997 4645 γὰρ
2016 4573 2132 4630 ἀπὸ
2148 4574 2255 4629 τοῦ

2367 4580 2444 4625 tur
2484 4572 2553 4627 ".
2609 4574 2744 4627 Item
2800 4575 2927 4629 illud
2982 4594 2995 4631 :
3043 4575 3175 4633 Cum
3230 4580 3491 4649 inﬁrmor,
3553 4594 3677 4638 tunc
3732 4598 3917 4652 potens

702 4662 820 4717 νῦν
832 4665 1196 4734 μακαριοῦσι
1222 4682 1297 4737 με
1320 4664 1506 4723 πᾶσαι
1540 4671 1600 4721 at
1633 4668 1851 4736 γενεαί.
1902 4666 2258 4739 Hieronymus

2367 4678 2469 4717 tum
2509 4663 2623 4719 “...
2668 4663 2803 4721 Nam
2865 4668 3158 4739 fuliginosaa
3208 4675 3450 4741 quaedam
3487 4675 3859 4733 exbalationes
3886 4695 3918 4734 c

702 4751 808 4807 col.
836 4752 905 4807 82
934 4770 948 4807 :
984 4772 1004 4806 ι
1041 4754 1151 4810 Hoc
1170 4758 1314 4811 scire
1338 4756 1560 4825 debetis,
1588 4757 1730 4826 quod
1762 4771 2098 4827 unaquaeque
2125 4771 2258 4827 gens
2356 4756 2537 4826 pingui
2582 4757 2834 4814 alimento
2874 4764 3105 4827 emissae,
3140 4764 3319 4819 densa:
3356 4766 3514 4821 nubis
3568 4766 3737 4823 instar
3773 4770 3920 4824 infu-

707 4842 955 4913 proprios
988 4844 1233 4899 consulat
1266 4846 1417 4912 deos,
1446 4858 1500 4901 et
1528 4847 1594 4902 de
1623 4848 1864 4901 vivorum
1905 4846 2077 4901 salute
2110 4862 2257 4901 mor-
2356 4858 2472 4900 sam
2506 4849 2701 4904 animae
2722 4867 2751 4903 ιι
2783 4850 2988 4920 Spiritu
3018 4842 3208 4910 sancto
3238 4856 3654 4914 illustrationem
3686 4862 3917 4918 interci-

710 4944 830 4989 tuos
852 4934 1172 4991 sciscitetur.
1188 4954 1208 4989 ι
1226 4937 1689 4992 Pseudo-Basilius
1714 4936 1789 5010 (8,
1822 4936 1907 5004 19,
1928 4952 2072 4991 num.
2094 4936 2256 5009 218):
2356 4936 2531 5005 piunt.
2553 4957 2572 4990 ι
2608 4937 2731 4994 Haec
2748 4941 2847 4996 sibi
2873 4945 3098 5013 sumpsit
3124 4947 3578 5015 pseudo-Basilius
3604 4951 3777 5021 (num.
3795 4953 3915 5018 52),

707 5024 976 5110 Ἕκαστον
1011 5026 1158 5091 ἔθνος
1179 5026 1258 5099 τῷ
1291 5028 1485 5082 ἑαυτοῦ
1526 5027 1632 5099 θεῷ
1673 5029 1933 5101 προσάγει
1979 5027 2078 5099 τὴν
2131 5029 2259 5100 περὶ

2367 5043 2478 5082 cum
2504 5031 2947 5101 interpretaretur
2972 5037 3096 5093 illud
3126 5055 3139 5090 :
3175 5038 3447 5110 Jejunium
3480 5054 3528 5097 et
3561 5045 3722 5098 otium
3751 5056 3797 5098 et
3827 5063 3919 5098 so-

703 5109 766 5170 οὖ
795 5116 1040 5188 βούλεται
1058 5121 1244 5192 μαθεῖν
1270 5120 1561 5191 ζήτησιν...
1588 5123 1810 5192 νεκροὺς
1834 5121 1942 5193 γὰρ
1967 5119 2117 5183 Θεοὺς
2136 5120 2259 5173 ὑπο-

2367 5120 2643 5178 !emnitates
2681 5135 2874 5181 vestras
2916 5129 3024 5182 odit
3065 5109 3243 5185 anima
3282 5150 3395 5187 mea
3421 5135 3487 5191 ".
3521 5135 3659 5203 Quin
3708 5147 3765 5190 et
3807 5138 3915 5190 alia

704 5207 943 5279 θέμενοι,
972 5210 1167 5275 αὐτοὺς
1185 5210 1495 5283 ἐπερωτῶσι
1518 5212 1644 5281 περὶ
1670 5212 1779 5265 τῶν
1804 5211 2034 5277 ζώντων.
2066 5212 2130 5267 Et
2156 5212 2257 5267 alia

2367 5213 2517 5281 adjici
2562 5229 2783 5285 possunt
2827 5235 2856 5273 e
2894 5223 3125 5276 secunda
3170 5226 3415 5280 oratione
3448 5229 3513 5281 de
3551 5226 3774 5295 jejunio.
3820 5232 3914 5283 ubi

712 5297 765 5351 id
795 5311 961 5367 genus
985 5314 1281 5372 congerere
1312 5316 1623 5372 paraveram
1648 5317 1664 5367 ;
1696 5304 1791 5358 sed
1822 5303 2102 5373 nihilopus
2134 5316 2253 5359 esse

2367 5301 2435 5357 tic
2458 5304 2646 5376 legitur
2669 5308 2766 5364 sub
2789 5308 2947 5365 linem
2980 5328 2993 5363 :
3023 5314 3097 5367 Οὔ
3115 5316 3295 5384 μέντοι
3320 5317 3540 5389 ἐξαρκεῖ
3563 5319 3683 5373 καθ’
3711 5322 3918 5396 ἑαυτὴν

709 5386 963 5456 arbitror,
986 5405 1104 5446 cum
1128 5406 1192 5447 ex
1224 5392 1401 5450 allatis
1443 5392 1764 5451 testimoniis
1817 5394 1952 5450 satis
1984 5409 2249 5464 superque

2367 5397 2385 5466 ί)
2409 5398 2577 5471 ὲτιοχὴ
2602 5400 2707 5453 τῶν
2728 5402 3028 5475 βρωμάτων
3056 5409 3191 5480 πρὸς
3216 5410 3313 5482 τὴν
3336 5386 3621 5484 ἐπαινετὴν
3634 5386 3912 5485 νηστείαν·

704 5490 918 5538 constet
942 5482 1106 5538 multa
1136 5485 1203 5540 ab
1238 5484 1565 5554 Hieronymo
1593 5502 1625 5543 e
1655 5486 1859 5543 Graecis
1882 5496 1975 5542 aut
1998 5501 2248 5542 conversa

2367 5488 2486 5543 tm
2538 5492 2881 5562 νηστεύωμεν
2931 5500 3184 5571 νηστείαν
3237 5503 3447 5577 δεκτήν,
3499 5482 3791 5578 εὐάρεστον
3832 5513 3915 5583 τῷ

757 5596 799 5627 ³⁸
826 5595 961 5652 Gen.
980 5606 1130 5667 xvtu',
1149 5600 1240 5656 27.
1311 5602 1356 5636 "
1395 5603 1587 5672 Ephes.
1617 5618 1694 5669 tv,
1717 5603 1803 5657 l0.
1895 5603 1943 5636 ⁸³
1969 5604 2122 5660 Rom.
2151 5620 2207 5672 ι,
2226 5603 2267 5672 6,

702 5667 747 5699 ⁸⁷
779 5666 879 5721 Isa.
913 5668 1059 5732 ι,14.

2435 5607 2481 5641 ⁵⁸
2511 5606 2640 5665 Luc.
2683 5628 2719 5680 ι,
2744 5612 2832 5669 18.
2908 5617 3005 5672 "ll
3034 5618 3153 5675 Cor.
3187 5636 3258 5688 Iv,
3288 5620 3373 5678 16.
3448 5624 3494 5657 ⁵⁸
3520 5622 3562 5680 ll
3585 5625 3709 5683 Cor.
3734 5644 3788 5696 ι,
3820 5630 3909 5685 12.

771 5764 849 5835 (ο)
870 5760 1010 5834 Lege
1040 5765 1537 5835 interpretationem
1560 5765 1749 5836 capitis
1780 5780 1831 5820 v.
