4088 6310
1259 350 1319 403 ι).
1360 345 1877 405 JUL.-GAR.\'EB1I
1918 344 2302 402 ΡιυΕΕΑΤιΟ.

3212 360 3402 400 CCX“!

404 468 533 523 Ἀπὸ
557 468 738 539 μέντοι
770 468 867 538 τῆς
898 470 954 522 ἐν
983 466 1061 538 τῷ
1090 466 1316 538 κρυπτῷ
1348 467 1603 539 νηστείας
1633 484 1724 536 φυ-

1834 472 2014 521 natum
2044 461 2399 534 expendendi,
2430 470 2487 516 ut
2515 476 2580 517 ex
2615 472 2761 517 recto
2790 462 2982 517 borum
3011 464 3199 517 ordine
3242 462 3405 534 Opili-

172 560 484 632 λαξιίηεεθα,
533 563 661 632 περὶ
701 557 767 633 ἦς
805 564 833 615 ό
878 563 1158 632 προφήτης
1187 561 1487 633 ἀπεύχεται
1532 562 1730 631 λέγων’

175 656 256 709 Οὐ
289 654 712 723 λιμοκτονήσει
753 655 960 719 Κύριος
987 653 1191 722 ψυχὰς
1212 652 1457 707 δικαίων
1476 671 1491 685 ο
1535 654 1628 706 καὶ
1653 652 1733 716 τὸ,

173 746 296 800 οὐκ
320 740 486 801 εἶδον
545 746 775 800 δίκαιον
816 742 1438 816 ἐγκαταλεαειμμένον,
1486 745 1627 802 οὐδὲ
1669 744 1737 801 τὸ

170 838 409 909 σπέρμα
448 838 632 909 αὑτρῦ
656 836 869 906 ζητοῦν
902 838 1137 907 ἄρτους.
1165 858 1184 891 ι
1226 841 1479 895 Atlanteo
1511 840 1577 894 ad
1610 839 1734 901 hoc,

176 936 234 983 ut
266 928 483 984 laudem
537 940 911 996 promereatur
961 927 1242 997 jejunium,
1274 943 1379 983 non
1431 937 1511 983 est
1556 943 1653 998 per
1677 942 1736 981 se

171 1020 304 1075 satis
338 1019 614 1074 abstinere
649 1033 679 1073 a
703 1020 859 1083 cibis,
892 1021 984 1074 sed
1018 1020 1281 1090 jejunium
1310 1019 1611 1091 jejnnemus
1639 1034 1735 1074 ac-

171 1110 465 1180 ceptabile,
504 1107 613 1166 Deo
642 1121 925 1181 gratum...
970 1111 1172 1166 Rursus
1201 1110 1267 1164 ab
1298 1110 1511 1165 interno
1541 1111 1737 1166 mentis

162 1200 370 1269 jejunio
424 1216 734 1267 caveamus,
787 1205 927 1273 quod
980 1212 1033 1257 et
1078 1203 1336 1273 propheta
1392 1203 1733 1272 deprecatur,

170 1292 251 1345 bis
282 1293 466 1347 verbis
496 1311 510 1349 :
551 1293 673 1349 Non
701 1296 893 1349 occidet
922 1293 1177 1348 Dominus
1204 1294 1343 1362 {ante
1386 1296 1595 1349 animas
1643 1294 1736 1364 ju-

170 1396 372 1438 storum
402 1386 470 1451 ⁸³,
499 1402 561 1440 ac
590 1401 776 1441 rursus
809 1407 820 1440 :
858 1382 979 1438 Non
1024 1385 1131 1438 vidi
1160 1386 1369 1455 justum
1410 1385 1733 1451 derelictum,

172 1492 262 1530 nec
299 1493 477 1531 semen
505 1476 619 1545 ejus
648 1491 884 1544 quwrcns
904 1492 1089 1541 panem
1112 1476 1179 1529 δ’.
1212 1494 1231 1528 ι
1265 1474 1388 1530 Haec
1410 1490 1624 1546 quoque
1648 1490 1734 1530 re-

170 1574 348 1639 perire
371 1579 458 1623 est
484 1570 623 1638 apud
660 1567 1141 1637 pseudo-Basilium
1189 1565 1252 1641 (ι,
1280 1569 1373 1632 14,
1402 1584 1548 1622 ιιιιιιι.
1575 1569 1638 1624 51
1682 1578 1737 1624 et

167 1658 258 1729 δί)
288 1660 342 1711 in
378 1658 569 1713 eadem
592 1658 740 1713 lsaize
772 1657 955 1724 verba,
982 1659 1062 1714 sic
1102 1667 1299 1721 tamen,
1334 1666 1392 1711 ut
1423 1659 1488 1713 de
1515 1672 1613 1714 suo
1640 1658 1737 1712 ali-

168 1770 269 1823 qua
305 1753 621 1808 interserat.
657 1752 972 1824 Exemplum
996 1751 1139 1806 aliud
1177 1752 1264 1807 hic
1288 1764 1589 1822 proponere
1617 1749 1735 1803 libi-

1838 569 1955 612 cem
1990 554 2304 625 intelligant.
2337 553 2443 608 Sed
2473 555 2655 608 statim
2686 554 2977 623 incipiente
3005 555 3088 608 die
3129 554 3402 610 convivio-

1839 663 1956 703 rum
1984 662 2202 705 suorum
2237 647 2353 702 loca
2406 647 2669 716 tapetibus
2699 646 2862 702 variis
2896 662 2959 699 ac
2987 646 3191 701 ﬂoridis
3224 645 3405 705 aulaeis

1837 749 2070 807 ornant;
2118 750 2281 811 atque
2332 740 2566 795 studium
2606 754 2668 793 ac
2718 739 3042 809 diligentiam
3097 739 3151 792 in
3202 737 3406 809 poculis

1838 832 2157 903 apparandis
2184 834 2495 897 ostendunt,
2527 847 2654 885 vasa
2676 833 2740 885 ad
2772 828 3193 899 refrigerandum
3224 830 3405 885 vinum

1838 935 2183 994 craterasque
2208 935 2260 980 et
2289 923 2494 995 phialas
2518 924 2661 977 velut
2682 923 2734 977 in
2757 937 2947 992 pompa
2973 922 3148 992 aliqua
3181 937 3247 977 ac
3274 936 3406 978 con-

1836 1024 1995 1072 ventu
2026 1016 2239 1086 publico
2264 1017 2627 1085 disponentes,
2655 1022 2712 1069 ut
2734 1028 2985 1070 vasorum
3015 1013 3297 1071 diversitas
3321 1030 3407 1071 sa-

1839 1108 2072 1163 tietatem
2104 1107 2231 1175 ipsis
2261 1107 2537 1174 surripiat.
2579 1116 2633 1160 et
2674 1106 2958 1159 alternatio
3000 1104 3308 1175 poculorum
3340 1121 3404 1158 ac

1835 1200 2158 1267 permutatio
2190 1210 2284 1253 eos
2315 1198 2402 1252 ditt
2436 1197 2487 1251 in
2516 1195 2746 1251 bibendo
2775 1196 3030 1250 detineat.
3085 1197 3292 1251 Adsunt
3324 1196 3405 1249 ἰιι-

1835 1303 1997 1357 super
2045 1288 2265 1358 quidam
2316 1286 2544 1341 convivii
2601 1286 2864 1355 magistri,
2918 1301 2981 1341 ac
3025 1270 3403 1357 piucernarnm

1836 1376 2129 1445 principes,
2168 1391 2374 1440 necnon
2423 1375 2777 1432 architriclini
2812 1393 2826 1430 :
2856 1377 2962 1431 imo
3010 1376 3141 1432 ordo
3194 1378 3244 1430 in
3270 1392 3403 1432 con-

1834 1467 2065 1533 fusione,
2098 1481 2162 1522 ac
2191 1466 2468 1538 dispositio
2491 1467 2544 1521 in
2569 1480 2626 1520 re
2653 1466 3004 1535 incomposita
3036 1467 3402 1537 excogitatum

1837 1569 1893 1612 ut
1922 1560 2379 1629 quemadmodum
2410 1558 2590 1613 saeculi
2622 1557 3021 1628 magistratibus
3055 1572 3124 1612 ex
3150 1559 3403 1613 satelliti-

1832 1650 1933 1706 bus
1991 1650 2163 1720 major
2219 1652 2514 1707 auctoritas
2570 1652 2795 1715 accedit,
2839 1654 2909 1706 ita
2950 1654 3112 1708 etiam
3153 1654 3403 1710 ebrietati

1837 1743 1984 1798 velut
2023 1743 2224 1813 regina:
2268 1743 2483 1798 cuidam
2513 1743 2837 1799 famulitium
2875 1747 3200 1814 praebentes,
3227 1748 3405 1802 studit.

170 1857 278 1897 tnm
310 1854 397 1901 est
420 1859 489 1900 ex
536 1844 782 1900 oratione
837 1844 889 1899 in
933 1844 1252 1899 ebrietatem
1301 1851 1358 1896 et
1407 1841 1611 1907 luxum,
1645 1841 1735 1896 ubi
1765 1830 1809 1886 Β
1836 1851 1995 1906 quam
2031 1838 2263 1892 maximo
2288 1836 2517 1892 dedecus
2549 1837 2666 1906 ejus
2702 1852 2768 1892 ac
2798 1838 3181 1908 turpitudinem
3217 1848 3405 1895 conte:

168 1935 405 1993 Basilius
434 1939 516 1993 sic
543 1937 779 2008 loquitur
804 1955 817 1992 :
844 1937 1064 2007 Σίκερα,
1096 1935 1203 1987 πᾶν
1231 1931 1293 1986 τὺ
1320 1932 1613 2005 δυνάμενον
1646 1932 1739 2005 μὲ-

166 2033 264 2103 θην
289 2029 589 2102 ἐμποιῆσαι
606 2029 756 2101 πόμα
776 2031 888 2092 τοῖς
916 2025 1181 2098 Ἑϐραίοις
1191 2025 1476 2097 ὀνομάζειν
1490 2024 1735 2098 σύνηθες.

164 2123 228 2177 Οἱ
262 2118 358 2177 οὖν
378 2122 685 2194 ἀρχομένης
709 2119 917 2191 ἡμέρας
945 2117 1427 2189 περισκοποῦντες,
1454 2116 1555 2173 ποῦ
1588 2117 1737 2171 πότοι

166 2213 427 2281 γίνονται,
456 2210 549 2265 καὶ
565 2209 851 2263 οίνοπὼλια
874 2210 966 2262 καὶ
992 2207 1262 2281 καπηλεῖα
1296 2207 1735 2280 περιαθροῦντες,

166 2305 258 2358 καὶ
305 2302 567 2372 ἀλλήλους
600 2300 692 2354 ἐπὶ
742 2300 802 2353 τὸ
852 2300 1028 2355 πίνειν
1060 2299 1593 2373 παραλαμϐάνοντες,
1643 2299 1737 2352 καὶ

164 2396 346 2449 πᾶσαν
372 2393 473 2464 τῆς
514 2391 692 2464 ψυχῆς
719 2391 816 2463 τὴν
854 2393 1120 2463 μέριμναν
1150 2391 1277 2461 περὶ
1311 2389 1407 2461 τὴν
1436 2388 1543 2442 τῶν
1564 2388 1737 2442 τοιού-

161 2500 267 2537 των
291 2483 550 2555 φροντίδα
585 2483 1087 2545 καταναλίσκοντες,
1136 2473 1283 2534 οὗτοι
1331 2479 1436 2533 ὑπὸ
1472 2478 1567 2532 τοῦ
1599 2496 1733 2551 προ-

166 2576 336 2646 φήτου
377 2573 861 2647 καταθρηνοῦνται,
922 2572 999 2635 ὡς
1045 2571 1235 2644 καιρὸν
1289 2571 1479 2625 οὐδένα
1523 2571 1735 2634 ἐαυτοϊς

166 2667 303 2740 πρὸς
361 2668 459 2738 τὴν
515 2667 625 2721 τῶν
676 2664 994 2737 θαυμασίων
1042 2664 1134 2719 τοῦ
1197 2664 1334 2719 Θεοῦ
1409 2663 1734 2737 κατανόησιν

162 2759 572 2821 ἀπολείποντες.
620 2757 695 2812 Ού
744 2757 851 2831 γάρ
895 2758 1101 2828 ἀγουσι.
1136 2756 1331 2828 σχολὴν
1375 2757 1425 2809 ot
1471 2755 1735 2826 ὀφθαλμοὶ

163 2850 343 2906 αὐτῶν
390 2847 680 2905 ἀνανεῦσαι
733 2851 868 2923 πρὸς
914 2848 1161 2921 οὐρανὸν,
1213 2848 1306 2901 καὶ
1359 2846 1431 2901 τά
1476 2849 1534 2900 ἐν
1586 2847 1733 2918 αὐτῷ

160 2942 334 3015 κάλλη
394 2941 755 3015 καταμαθεῖν,
812 2942 905 2997 καὶ
957 2942 1140 2994 πᾶσαν
1191 2939 1291 3012 τὴν
1329 2941 1387 2993 ἐν
1444 2941 1555 3003 τοῖς
1613 2934 1730 2993 οὖσι

161 3037 524 3109 διακόσμησιν
571 3032 990 3104 ἐπισκέψασθαι,
1034 3031 1175 3086 ὥστε
1233 3034 1297 3087 ἐκ
1359 3032 1455 3104 τῆς
1522 3032 1730 3089 τούτων

160 3126 415 3195 εὐταξίας
443 3122 880 3196 τὸνΔημιουργὸν
906 3123 1185 3194 ἐννοῆσαι·
1222 3122 1339 3179 ἀλλ’
1372 3122 1532 3185 εὐθὺς
1566 3124 1726 3195 ἀρχο-

162 3221 331 3290 μένης
361 3216 593 3289 ἡμέρας.
613 3213 907 3287 κοσμοῦσιν
937 3214 1142 3272 ἑαυτῶν
1172 3214 1239 3269 τά
1260 3215 1535 3286 συμπόσια
1566 3215 1734 3286 τάπη-

163 3324 214 3363 σι
244 3306 514 3373 ποικίλοις
541 3307 634 3362 καὶ
654 3304 888 3372 ἀνθίνοις
911 3306 1395 3378 παραπετάσμασι,
1417 3305 1649 3376 σπουδήν
1672 3321 1731 3358 τε

160 3406 253 3458 καὶ
276 3399 597 3472 ἐπιμέλειαν
642 3401 720 3464 είς
755 3400 853 3471 την
877 3397 985 3453 τῶν
1005 3398 1349 3469 ἐκπωμάτων
1384 3397 1731 3468 παρασκευὴν

162 3491 874 3563 ἐπιδείκνυνται,ψυκτῆρας
890 3491 980 3544 καὶ
997 3490 1275 3562 κρατῆρας
1294 3489 1385 3541 καὶ
1414 3486 1630 3557 φιάλας,
1656 3487 1729 3553 ὡς

160 3591 220 3644 ἐν
243 3590 439 3659 πομπῇ
465 3604 569 3641 τινι
605 3586 699 3640 καὶ
735 3584 1055 3657 πανηγύρει,
1083 3584 1429 3648 διατιθέντες,
1478 3586 1553 3649 ὼς
1578 3584 1641 3639 ἂν
1670 3586 1731 3639 τὸ

161 3677 267 3732 τῶν
299 3674 541 3746 ἀγγείων
578 3674 831 3747 διάφορον
866 3674 957 3728 τὸν
986 3674 1145 3747 κόρον
1179 3675 1362 3739 αὐτοῖς
1396 3673 1727 3747 ύποκλὲπτη,

162 3768 252 3823 καὶ
284 3769 321 3839 ἠ
356 3767 465 3821 τῶν
487 3766 826 3838 ἐκπωμάτων
854 3764 1136 3840 ὑπαλλαγὴ
1163 3767 1256 3821 καὶ
1287 3767 1580 3838 μετάύασις
1612 3769 1732 3821 ἱκα-

160 3859 253 3933 νὴν
294 3860 481 3924 αὐτοῖς
512 3860 591 3924 είς
630 3859 691 3914 τὸ
721 3859 896 3915 πίνειν
933 3858 1212 3932 διατριϐὴν
1243 3861 1463 3931 ἐμποιῇ.
1514 3860 1728 3930 Συμπο-

162 3950 379 4024 σίαρχοι
408 3950 467 4006 δέ
494 3968 645 4016 τινες
660 3952 751 4006 ἐπὶ
772 3951 982 4016 τούτοις
1008 3952 1104 4005 καὶ
1124 3951 1498 4023 ἀρχιοινοχόοι,
1527 3952 1619 4003 καὶ
1639 3952 1730 4019 ἀρ-

161 4042 501 4117 χιτρίκλινοι,
549 4044 643 4098 καὶ
700 4042 849 4110 τάξις
898 4045 956 4095 ἐν
1006 4041 1220 4113 ἀταξία,
1264 4042 1358 4096 καὶ
1398 4039 1634 4103 διάθεσις
1671 4042 1728 4091 ἐν

160 4135 387 4205 ἀκόσμῳ
419 4136 698 4204 πράγματι
727 4132 1063 4203 ἐπινενόηται
1083 4148 1094 4162 ’
1135 4131 1220 4195 ἵν’,
1253 4132 1443 4204 ὥσπερ
1484 4129 1604 4194 ταῖς
1631 4131 1729 4203 ἀρ-

160 4226 282 4297 ζαῖς
320 4226 440 4289 ταῖς
474 4223 667 4288 ἐξωθεν
698 4225 761 4278 ἐκ
784 4222 890 4278 τῶν
917 4223 1352 4297 δορυφορούντων
1388 4224 1422 4295 ἡ
1463 4223 1728 4295 σεμνότης

161 4312 512 4381 συναύξεται,
543 4312 684 4369 οὕτω
710 4314 805 4368 καὶ
832 4316 899 4387 τῇ
926 4315 1065 4388 μέθῃ
1098 4308 1209 4368 οἷον
1239 4313 1469 4385 βασιλίδι
1498 4314 1604 4367 τινὶ
1640 4315 1729 4368 θεη-

161 4407 393 4477 ραπείαν
432 4406 868 4478 περιστήσαντες,
922 4404 982 4458 τὸ
1022 4404 1380 4458 ἐπονείδιστον
1431 4405 1601 4473 αὐτῆς
1650 4400 1727 4473 τῷ

160 4497 550 4570 ὑπερϐάλλοντι
595 4499 691 4568 τῆς
741 4497 975 4566 σπουδῆς
1019 4496 1424 4570 περιστέλλωσι.
1466 4497 1723 4566 Στέφανοι
1754 4512 1801 4570 ι)

158 4592 250 4643 ἐπὶ
295 4588 505 4651 τούτοις
553 4588 645 4643 καὶ
680 4587 810 4659 ἄνθη
843 4589 936 4641 καὶ
969 4587 1113 4659 μύρα
1142 4590 1235 4643 καὶ
1262 4588 1600 4659 θυμιάματα,
1631 4587 1725 4640 καὶ

160 4677 358 4748 μυρίαι
416 4677 561 4742 τινὲς
595 4676 787 4746 ἔξωθεν
819 4675 1106 4749 θυμηδίαι,
1146 4678 1365 4735 πλείονα
1414 4678 1513 4749 τὴν
1563 4680 1725 4748 ἀσχο-

156 4770 277 4823 λίαν
319 4769 432 4831 τοτς
477 4768 859 4840 ἀπολλυμένοις
899 4769 1422 4843 παρασκευάζουσιν.
1472 4788 1490 4820 ι
1538 4769 1723 4823 Ροιιιιιι

154 4875 396 4927 omnem,
431 4861 521 4931 qui
556 4859 817 4916 inebriare
848 4871 1039 4931 potest,
1061 4861 1234 4916 solent
1264 4861 1468 4916 Ilebrazi
1498 4863 1723 4916 siceram

155 4950 448 5020 appellare.
476 4950 659 5021 Itaque
698 4953 787 5019 qui
825 4953 1040 5007 ineunte
1062 4952 1147 5006 die
1174 4951 1457 5018 esplorant
1486 4952 1571 5005 ubi
1599 4951 1728 5003 tiant

153 5043 604 5115 compotationes,
658 5044 857 5113 quique
913 5053 969 5101 et
1009 5043 1277 5113 tenopolia
1337 5058 1400 5097 ac
1452 5057 1719 5111 caupones

154 5131 555 5197 collustrantes.
605 5151 663 5190 se
707 5146 888 5189 mutuo
935 5136 1001 5189 ad
1039 5136 1449 5202 computandum
1490 5134 1717 5203 conjun-

154 5235 309 5293 gunt.
342 5239 406 5279 ac
442 5239 597 5279 omne
631 5227 794 5282 animi
827 5226 1061 5281 studium
1109 5226 1627 5295 solticitndinemqne
1667 5226 1718 5279 in

153 5314 422 5379 ejusmodi
473 5317 616 5373 curis
658 5318 947 5381 insumunt,
990 5319 1089 5374 bos
1141 5320 1399 5387 pr0pheta
1456 5320 1719 5388 deplorat,

156 5416 414 5472 tanquam
459 5408 549 5479 qui
588 5408 786 5463 nullum
826 5410 925 5466 sibi
958 5420 1167 5479 tempus
1213 5412 1278 5464 ad
1321 5408 1411 5462 Dei
1462 5409 1718 5463 miracula

153 5498 544 5555 consideranda
602 5510 889 5557 reservent.
947 5499 1058 5556 Nec
1110 5501 1254 5555 enim
1311 5499 1480 5554 oculis
1530 5513 1716 5553 eorum

153 5588 326 5642 otium
364 5596 447 5642 est
473 5590 789 5657 suspiciendi
830 5591 881 5643 in
914 5592 1131 5653 caelum,
1162 5591 1383 5660 ejusque
1420 5588 1715 5657 pulchritu-

153 5682 331 5735 dinem
352 5679 712 5745 condiscendi,
734 5692 784 5735 et
806 5697 1017 5737 onmem
1050 5698 1226 5736 rerum
1262 5681 1596 5736 c0nditarum
1627 5696 1715 5735 or-

221 5772 267 5805 ⁸⁸
290 5770 454 5828 Prov.
487 5787 541 5836 ι.
576 5773 628 5825 5.
701 5775 747 5807 "
786 5776 922 5831 l‘sal.
957 5794 1137 5843 nm,
1167 5779 1255 5835 93.
1334 5780 1378 5811 ⁸⁸
1411 5778 1508 5834 Iszt.
1540 5795 1589 5845 ι’,
1621 5779 1707 5833 Η.

397 5866 665 5924 Ρετιιοι..
700 5867 817 5927 Gtt.
864 5866 1100 5934 XXIX.

1836 1939 1983 1999 gant.
2024 1928 2291 1984 Prretcrea
2338 1945 2570 1995 corona2,
2593 1929 2772 1995 tiores,
2806 1941 3095 1999 unguenta,
3122 1932 3329 1989 sumtus
3352 1944 3406 1989 et

1838 2022 2122 2076 innumera
2173 2023 2417 2091 quazdam
2463 2034 2687 2079 externa
2740 2024 3129 2081 oblectamenta
3167 2026 3402 2097 perditor

1836 2112 2035 2168 diutius
2067 2124 2353 2184 occupant.
2393 2133 2412 2166 ε
2471 2113 2596 2172 Haec
2650 2116 2826 2187 legere
2870 2129 2953 2174 est
3002 2122 3139 2190 apud
3178 2122 3400 2190 pseudo-

1808 2200 2090 2257 .Basilium
2114 2218 2179 2259 eo
2212 2204 2352 2273 loco,
2380 2205 2467 2260 ubi
2497 2205 2880 2275 interpretatur
2912 2209 2999 2263 illa
3029 2212 3102 2284 (ν,
3137 2213 3223 2280 ii,
3252 2229 3400 2269 nunt.

1838 2289 1959 2362 ίόό)
1992 2309 2007 2348 :
2049 2290 2163 2358 Va‘,
2191 2294 2284 2363 qui
2307 2306 2527 2365 surgunt
2554 2313 2723 2363 mane,
2755 2308 2804 2352 et
2834 2299 3059 2355 siceram
3091 2317 3395 2373 sequuntur,

1833 2384 1925 2451 qui
1990 2392 2287 2451 exspectant
2343 2388 2709 2456 vesperam“,
2772 2397 2877 2447 etc.
2945 2389 3136 2449 Videas
3186 2395 3401 2465 quidem

1835 2474 2323 2543 pseudo-Basiliam
2360 2489 2415 2533 ut
2446 2482 2713 2551 superius,
2755 2483 2827 2537 ita
2873 2484 2963 2540 hic
2994 2502 3158 2557 pauca
3203 2490 3269 2543 de
3305 2506 3403 2545 sun

1834 2568 2115 2627 Basilianis
2152 2571 2506 2630 immiscuisse
2542 2593 2556 2630 :
2597 2577 2689 2631 sed
2721 2591 2904 2633 eorum
2950 2594 3075 2649 pars
3118 2583 3171 2637 in
3214 2586 3401 2641 eadem

1833 2662 2074 2718 oratione
2105 2664 2287 2719 statim
2311 2665 2520 2736 legitur.
2552 2668 2718 2734 Quale
2739 2680 2821 2725 est
2846 2670 2973 2726 illud
3008 2688 3025 2726 :
3058 2676 3120 2727 0t
3151 2676 3397 2749 ἡττώμε-

1833 2769 1932 2817 νοι,
1958 2752 2234 2819 νικῶντες,
2262 2754 2461 2821 πάντες
2501 2758 2810 2827 μεθύουσιν.
2840 2762 2968 2819 Item
2990 2763 3115 2820 illud
3149 2785 3163 2822 :
3205 2768 3399 2823 Ἐλεει-

1832 2845 1921 2900 νὸν
1953 2845 2130 2919 θέαμα
2158 2848 2499 2920 Χριστιανῶν
2537 2851 2852 2925 ὀφθαλμοῖς.
2896 2855 3077 2928 Neque
3113 2875 3241 2918 vero
3269 2867 3399 2919 satis

1832 2934 1932 2988 fuit
1959 2937 2394 3006 pseudo-Basilio
2419 2939 2776 3010 fragmentum
2802 2952 3003 2999 tantum
3036 2962 3098 3000 ex
3127 2949 3225 3003 hac
3247 2949 3391 3004 Basi-

1832 3025 1888 3082 lii
1922 3027 2169 3083 oratione
2197 3029 2299 3084 sibi
2325 3044 2559 3087 sumere.
2588 3032 2786 3089 Ibidem
2812 3049 2877 3092 ex
2904 3049 2967 3093 ea
2994 3041 3222 3110 sumpsit
3249 3053 3308 3099 et
3334 3044 3399 3097 il-

1834 3118 1881 3172 la
1914 3137 1927 3174 :
1956 3121 2019 3175 Οί
2045 3120 2294 3193 μένοντες
2320 3122 2379 3177 τὸ
2403 3123 2520 3195 όψέ,
2544 3124 2639 3180 καὶ
2660 3126 3064 3199 διημερεύοντες
3085 3134 3142 3185 ἐν
3162 3136 3225 3205 τῇ
3259 3137 3397 3209 μέθῃ

1832 3210 1907 3272 ὡς
1938 3212 2139 3282 μηδένα
2174 3215 2364 3286 καιρὸν
2393 3217 2603 3279 ἐαυτοῖς
2635 3218 2896 3291 παρέχειν
2932 3224 3014 3287 είς
3047 3224 3109 3278 τὸ
3147 3226 3216 3280 τὰ
3260 3228 3398 3299 ἔργα

1833 3301 2035 3373 Κυρίου
2062 3301 2373 3371 ἐμϐλέπειν,
2402 3306 2496 3359 καὶ
2514 3306 2582 3359 τὰ
2606 3306 2740 3379 ῑργα
2761 3310 2869 3365 τῶν
2897 3314 3093 3387 χειρῶν
3111 3317 3273 3371 αὑτοῦ
3301 3337 3396 3373 κα-

1832 3395 2058 3445 τανοεῖν.
2105 3394 2157 3446 '0
2190 3393 2301 3463 γάρ
2322 3391 2483 3463 οἶνος
2510 3394 2729 3466 αὐτοὺς
2757 3405 3118 3472 συγκαύσειο
3157 3408 3290 3463 διότι
3336 3414 3397 3464 τὸ

1833 3484 1898 3537 ἐκ
1937 3484 2029 3539 τοῦ
2067 3486 2208 3541 οἴνου
2245 3485 2446 3559 θερμὸν
2483 3490 2829 3563 ἐγγινόμενον
2859 3498 2923 3567 τῇ
2962 3499 3145 3569 σαρκὶ,
3179 3501 3399 3575 ἔξαμμα

1830 3575 2039 3646 γίνεται
2059 3577 2167 3633 τῶν
2193 3582 2599 3653 πεπυρωμένων
2627 3582 2796 3654 βελῶν
2815 3587 2906 3641 τοῦ
2930 3589 3121 3661 ἐχθροῦ
3138 3607 3151 3623 ·
3181 3594 3268 3648 τὸν
3297 3598 3396 3667 μὲν

1831 3668 1941 3741 γὰρ
2000 3668 2258 3740 λογισμὸν
2307 3672 2403 3725 καὶ
2455 3672 2546 3726 τὸν
2596 3674 2718 3728 νοῦν
2775 3678 2803 3729 ό
2854 3674 2992 3741 οἶνος
3060 3682 3399 3739 κατασαπτί-

1833 3757 1936 3823 ζει.
1969 3778 1989 3812 ι
2015 3758 2116 3826 Qui
2153 3770 2457 3831 respectant
2482 3778 2779 3833 vesperam,
2804 3774 2859 3819 et
2886 3767 3025 3822 diem
3054 3770 3106 3824 in
3135 3773 3398 3829 ebrietate

1831 3851 2130 3920 transigunt
2163 3852 2262 3915 sic,
2288 3863 2339 3906 ut
2367 3852 2568 3906 nullum
2599 3855 2700 3909 sibi
2734 3855 2861 3913 deut
2892 3868 3099 3928 tempus
3129 3864 3195 3917 ad
3230 3879 3395 3934 opera

1831 3940 2041 3995 Domini
2073 3940 2400 4011 inspicienda
2431 3953 2485 3997 et
2515 3943 2581 3999 ad
2606 3960 2768 4015 opera
2800 3965 3049 4004 marinum
3074 3953 3192 4021 ejus
3218 3971 3398 4011 const-

1828 4030 2090 4086 deranda.
2135 4029 2328 4085 Vinum
2348 4033 2485 4088 enim
2505 4050 2591 4089 eos
2620 4036 2906 4103 comburat,
2945 4051 3225 4109 propterea
3254 4048 3395 4114 quod

1832 4122 1939 4176 vini
1993 4122 2141 4179 calor
2194 4125 2343 4177 carni
2392 4126 2675 4190 accedens,
2722 4127 2982 4198 igniculus
3023 4132 3393 4202 titignitorum

1830 4214 2032 4271 inimici
2063 4215 2385 4285 jaculorum.
2412 4213 2608 4272 Vinum
2640 4234 2867 4288 namque
2904 4233 3163 4278 rationem
3189 4226 3398 4282 demet.

1828 4304 1905 4373 git
1936 4315 1992 4359 et
2016 4314 2266 4359 mentem.
2310 4324 2329 4357 ι
2368 4304 2511 4369 llaec,
2542 4308 2780 4373 inquam,
2804 4309 2945 4365 edita
2978 4312 3221 4369 invenias
3255 4322 3393 4385 apud

1828 4396 2312 4465 pseudo-Basilinm
2364 4398 2415 4449 in
2464 4411 2528 4450 eo
2572 4412 2735 4466 quem
2774 4399 3003 4457 iudicavi
3038 4405 3154 4459 loco
3195 4406 3269 4474 (ν,
3302 4408 3391 4465 Η.

1829 4503 1977 4542 nnm.
2002 4487 2147 4557 156),
2187 4502 2290 4541 non
2313 4487 2654 4545 continenter
2677 4491 2911 4561 quidem,
2943 4498 3036 4548 sed
3062 4497 3247 4562 paucis
3269 4498 3391 4566 qui-

1826 4580 2053 4634 busdam
2086 4578 2402 4645 interjectis.
2442 4580 2515 4635 Ex
2550 4582 2633 4637 his
2657 4592 2821 4652 patet,
2861 4586 3001 4653 quod
3036 4586 3268 4643 maxime
3292 4605 3392 4644 no-

1830 4680 1997 4725 tatum
2025 4670 2162 4734 volo,
2187 4673 2508 4741 scriptorem
2541 4677 2911 4729 commentarii
2944 4677 3014 4731 ita
3046 4682 3277 4749 psalmos
3301 4684 3391 4737 ali-

1826 4776 1960 4830 quos
1995 4761 2167 4816 citare
2190 4762 2241 4816 in
2273 4764 2674 4834 interpretando
2701 4764 2857 4831 Isaia,
2894 4779 2953 4823 ut
2988 4770 3110 4825 inde
3146 4776 3390 4828 occasio-

1830 4868 1949 4908 nem
2004 4854 2233 4925 arripiat
2284 4855 2569 4911 Eusebiani
2612 4858 2669 4912 in
2724 4855 2965 4913 Psalmos
3018 4870 3387 4921 commentarii

1828 4946 2172 5014 compilandi.
2214 4949 2325 5017 Ego
2366 4959 2543 5004 autem
2593 4960 2846 5020 pratstare
2878 4953 3074 5019 ausim,
3114 4955 3387 5019 Basiliam.

1821 5051 1943 5088 cum
2002 5046 2108 5092 tam
2169 5052 2309 5105 saepe
2357 5038 2409 5092 in
2468 5040 2581 5094 suis
2630 5040 2883 5107 operibus
2929 5057 3032 5097 non
3080 5054 3389 5101 controver-

1821 5126 1897 5178 sis
1959 5130 2193 5195 psalmos
2258 5129 2424 5195 citet,
2490 5144 2761 5197 nunquam
2826 5140 3000 5185 tamen
3062 5133 3164 5188 hac
3228 5152 3387 5192 occa-

1821 5217 1970 5270 sione
2026 5219 2301 5273 inductum
2351 5221 2537 5285 fuisse,
2594 5231 2652 5273 ut
2698 5237 2842 5287 enin,
2883 5238 3039 5291 quem
3089 5240 3211 5280 mox
3254 5230 3384 5287 disi.

1822 5306 2037 5363 Eusebii
2102 5313 2546 5365 commentarium
2606 5327 2838 5383 unquam
2904 5315 3234 5385 compilaret.
3280 5318 3388 5373 Cur

1821 5415 1949 5470 ergo
1986 5402 2037 5455 in
2072 5404 2476 5472 interpretando
2502 5403 2690 5458 Isaiam
2720 5407 2875 5459 aliter
2902 5421 2961 5461 se
2989 5409 3283 5479 gessisset?

1894 5494 1982 5547 63.
2028 5493 2151 5549 "nec
2189 5506 2335 5559 sunt,
2371 5495 2565 5563 quibus
2606 5498 2891 5561 adductus,
2921 5515 2948 5551 a
2986 5504 3254 5554 communi
3294 5517 3383 5553 vn-

1824 5587 2030 5657 terique
2059 5590 2325 5642 sententia
2358 5590 2636 5645 discedere
2675 5606 2780 5645 non
2804 5592 3057 5647 dubitavi.
3103 5592 3208 5649 Nec
3241 5596 3383 5649 enim

1823 5680 1949 5734 mihi
1984 5680 2303 5748 persuadere
2331 5695 2569 5748 possunt,
2616 5699 2712 5737 nec
2746 5700 2975 5754 unquam
3013 5695 3219 5753 potero,
3259 5702 3383 5754 gr-t~

3039 5894 3068 5932 υ
