4080 6314
666 337 839 377 αηι

2037 326 2572 383 PROLEGOMENA.

667 437 945 491 vissimum
969 439 1321 508 cumdemque
1348 441 1763 497 disertissimum
1794 444 2106 512 scriptorem
2138 447 2236 499 ΒΑ·
2265 458 2309 512 Α
2340 445 2655 498 sententiam
2692 446 3093 511 stabilienlam,
3124 448 3245 502 nolo
3304 457 3500 503 tamen.
3536 448 3737 505 Vereor
3772 452 3927 506 enim

666 526 844 580 silium
881 538 986 581 tam
1022 529 1198 597 inepte
1224 540 1438 599 tamque
1475 530 1801 601 ineleganter
1832 534 2066 587 locutum
2107 536 2239 587 fuis-

665 632 758 680 se.
792 633 1022 687 eumque
1056 636 1159 674 non
1193 636 1313 673 raro
1340 624 1528 677 eadem
1559 622 1853 691 Scriptura:
1898 626 2011 679 loca
2043 638 2121 681 ter
2150 638 2242 682 aut

665 718 856 774 quater
900 722 1224 776 praepostere
1265 713 1607 779 explanasse.
1648 713 1832 783 Neque
1878 732 2107 785 unquam
2142 720 2238 771 ad-

666 798 833 851 ducar
864 811 918 851 ut
951 800 1163 853 credam
1197 801 1366 869 ipsum
1409 806 1697 859 maximam
1739 807 1819 860 sui
1867 810 2236 863 commentarii

662 900 869 956 partem
902 905 963 943 ex
992 889 1290 947 Enscbiana
1325 896 1758 963 interpretatione
1778 899 1842 951 ad
1870 900 2091 952 verbum
2126 917 2239 952 nm-

664 990 868 1033 tuatum
906 998 1042 1036 esse.
1083 984 1145 1037 Et
1177 1000 1304 1038 vero
1332 986 1457 1039 mihi
1491 990 1961 1055 persuasissimum
1998 1000 2097 1055 est,
2124 1000 2236 1043 tum

660 1072 728 1124 ob
771 1072 1069 1141 fragmenta
1104 1093 1222 1144 qua:
1258 1078 1558 1139 retulimus,
1588 1090 1694 1132 tum
1734 1086 1801 1134 ob
1827 1082 1949 1151 styli
1985 1082 2229 1135 similitu-

660 1163 863 1224 dinem.
897 1166 1189 1232 imperfecti
1221 1170 1361 1222 illius
1406 1171 1457 1223 in
1481 1168 1676 1224 Isaiam
1706 1176 2077 1227 commentarii
2114 1191 2237 1243 par-

659 1264 766 1308 tem
817 1259 1102 1311 maximam
1145 1276 1210 1313 cx
1255 1261 1471 1315 Eusebii
1519 1264 1570 1315 in
1617 1265 1863 1319 eumdem
1919 1267 2232 1336 prophetam

656 1352 1048 1404 commentario
1109 1353 1174 1404 ad
1228 1355 1447 1406 verbum
1494 1367 1762 1423 sumptam
1808 1373 1962 1423 esse;
2010 1368 2063 1412 et
2100 1375 2235 1427 prm-

654 1448 799 1491 stare
867 1442 1075 1505 ausim,
1139 1444 1181 1495 si
1243 1459 1475 1510 unquam
1542 1446 1878 1502 Eusebianus
1929 1448 2018 1502 ille
2084 1464 2232 1502 com-

654 1532 951 1585 mentarius
1002 1537 1204 1602 integer
1258 1537 1307 1587 in
1362 1536 1530 1590 lucem
1592 1539 1833 1607 prodeat,
1886 1555 1997 1594 rem
2040 1555 2229 1595 eventu

654 1625 1057 1691 comprobatmn
1099 1626 1183 1677 iri.
1214 1627 1353 1680 Sane
1386 1629 1597 1689 quidvis
1618 1631 1816 1699 potius,
1844 1648 2004 1701 quam
2044 1644 2099 1686 ut
2131 1635 2232 1687 Ba-

651 1713 828 1766 silium
867 1724 941 1767 tot
975 1714 1237 1769 furtorum
1294 1732 1599 1786 suspeetum
1656 1722 1901 1777 habeam.
1952 1724 2015 1777 Et
2063 1726 2229 1779 multo

2346 551 2433 598 ne,
2469 535 2559 604 qui
2586 536 2697 589 haec
2727 536 2923 603 legent,
2957 540 3007 591 in
3044 554 3100 592 re
3126 550 3310 609 aperta
3354 542 3469 610 plus
3498 543 3628 596 satis
3666 544 3933 598 innuera-

2347 636 2454 680 tum
2487 642 2611 681 esse
2641 643 2723 682 me
2748 629 2990 696 judicent
3023 635 3151 686 :sed
3186 633 3526 687 meminerint
3554 636 3733 699 velim,
3771 644 3929 688 vetc-

2343 734 2456 773 rem
2489 721 2820 789 opinionem.
2857 732 2933 777 tot
2976 725 3341 778 celeberrimis
3370 726 3501 779 viris
3537 729 3712 781 omnis
3735 729 3925 781 aetatis

2341 813 2644 879 probatam,
2683 816 2891 868 nonnisi
2922 818 2971 869 vi
3021 829 3461 884 argumentorum
3488 832 3647 889 atque
3672 824 3833 891 c0pia
3860 837 3924 875 ex

2341 906 2521 957 animo
2551 907 2728 960 evelli.

2410 996 2496 1050 64.
2534 999 2607 1053 De
2630 1001 2746 1068 ipso
2767 1006 3178 1071 commentario,
3215 1007 3385 1076 deque
3411 1008 3527 1076 ejus
3564 1015 3789 1061 auctore
3820 1007 3922 1059 ali-

2342 1090 2464 1156 quid
2499 1092 2608 1161 jam
2636 1094 2817 1150 dicere
2862 1112 3037 1166 opera:
3076 1101 3305 1167 pretium
3335 1111 3435 1154 est.
3474 1101 3584 1155 Etsi
3624 1103 3772 1154 enim
3818 1103 3922 1155 hoc

2340 1194 2471 1247 opus
2516 1183 2565 1234 in
2605 1199 2828 1239 numero
2859 1189 3165 1255 spuriorum
3207 1206 3234 1241 a
3270 1193 3421 1244 nobis
3472 1192 3769 1259 reponitur,
3806 1206 3921 1245 sta—

2342 1273 2433 1326 tim
2486 1282 2659 1327 tamen
2705 1279 2959 1345 reiectum
3020 1282 3093 1343 id,
3137 1292 3228 1335 aut
3263 1284 3484 1336 omnino
3543 1295 3921 1353 contemptum

2339 1362 2606 1416 nolumus.
2641 1365 2705 1417 Et
2738 1369 2952 1435 quidem
2988 1372 3029 1424 si
3057 1372 3187 1425 nihil
3222 1372 3384 1437 aliud,
3432 1385 3577 1429 certe
3620 1375 3923 1442 antiquitas

2338 1452 2463 1507 illud
2496 1460 2858 1515 commendat.
2890 1462 3161 1531 Scriptum
3187 1466 3330 1520 enim
3378 1466 3546 1534 ipsum
3590 1465 3758 1521 fuisse
3806 1468 3919 1535 ipsa

2335 1546 2514 1600 Basilii
2548 1558 2707 1603 astate
2734 1553 3022 1606 obscurum
3049 1571 3154 1609 non
3191 1565 3294 1612 est.
3317 1557 3450 1611 Nam
3480 1560 3621 1627 quod
3648 1566 3913 1611 narratur

2333 1638 2397 1689 de
2425 1637 2578 1692 idolis
2607 1640 2752 1709 (pag.
2787 1641 2934 1710 H3),
2959 1658 3075 1711 quae
3102 1646 3210 1713 jam
3250 1648 3490 1716 neglecta
3539 1649 3591 1702 in
3627 1649 3919 1718 speluncas

2333 1742 2707 1800 cavernasque
2736 1742 2790 1785 et
2824 1734 3227 1789 abstrusissima
3257 1736 3372 1790 loca
3413 1738 3835 1807 dejiciebantur,
3867 1738 3918 1791 id

652 1804 821 1873 magis
850 1805 899 1856 in
938 1806 1038 1859 hac
1066 1823 1180 1859 mea
1220 1811 1485 1863 sententia
1517 1812 1831 1877 confirmor,
1860 1814 1986 1867 dum
2014 1816 2143 1868 tnihi
2176 1817 2225 1868 in
2260 1841 2301 1893 Β
2330 1820 2526 1873 saeculo
2555 1832 2752 1890 quarto
2801 1825 3005 1892 optime
3052 1827 3322 1879 convenit.
3358 1804 3539 1895 Neque
3587 1845 3694 1883 non
3727 1838 3917 1898 aperte

652 1906 885 1950 tuentem
914 1898 1076 1959 venit,
1109 1899 1221 1965 ejus
1265 1901 1330 1953 de
1364 1917 1471 1970 quo
1501 1906 1709 1970 agimus
1737 1906 1919 1972 operis
1953 1917 2225 1960 auctorem

649 1987 817 2043 multa
866 1991 1027 2044 etiam
1091 2008 1152 2047 ex
1187 1993 1424 2060 ejusdem
1462 1994 1675 2049 Eusebii
1724 1996 1779 2049 in
1812 1995 2053 2051 Psalmos
2084 2013 2229 2052 com-

648 2083 927 2136 mentariis
955 2087 1020 2135 ad
1044 2085 1262 2137 verbum
1295 2087 1648 2155 compilasse;
1683 2090 1822 2158 quod
1853 2105 2012 2159 quam
2039 2092 2228 2145 absur-

650 2176 775 2227 dum
807 2178 878 2229 sit
908 2188 959 2229 et
998 2176 1192 2231 Basilio
1226 2178 1415 2250 Magno
1452 2183 1750 2251 indignum,
1791 2199 1969 2249 nemo,
2011 2185 2221 2252 opinor,

650 2281 755 2320 non
810 2267 970 2322 videt.
1011 2270 1183 2325 Nolim
1235 2274 1407 2339 dicas,
1458 2277 1501 2328 si
1570 2285 1646 2327 tot
1695 2290 1757 2329 ac
1806 2284 1950 2328 tanta
2009 2276 2224 2331 Eusebii

648 2359 945 2429 fragmenta
996 2364 1151 2419 hodie
1209 2366 1259 2419 in
1309 2370 1561 2423 omnibus
1622 2370 1781 2438 hujus
1848 2372 2224 2426 commentarii

646 2456 1046 2522 exemplaribus
1076 2467 1186 2508 ttttn
1218 2461 1451 2521 excusis,
1478 2470 1587 2512 tum
1623 2477 1781 2514 manu
1810 2463 2047 2515 exaratis
2073 2463 2223 2517 inve-

648 2549 885 2610 niantur,
912 2550 1119 2617 culpam
1154 2564 1275 2604 esse
1298 2566 1401 2604 non
1427 2552 1593 2619 ipsius
1618 2554 1918 2621 scriptoris,
1944 2555 2037 2607 sed
2062 2554 2226 2607 libra-

646 2642 870 2707 riorum,
900 2647 990 2713 qui
1018 2646 1304 2711 interdum,
1331 2656 1387 2699 ut
1423 2655 1606 2699 notum
1647 2652 1748 2708 est,
1780 2644 1954 2698 aliena
1980 2645 2225 2714 genuinis

648 2746 944 2791 attexuere.
973 2738 1167 2792 Fateor
1196 2741 1337 2792 enim
1377 2738 1647 2801 librarios,
1683 2753 1803 2792 cum
1848 2738 2025 2808 aliqua
2055 2754 2216 2807 opera

645 2832 1037 2895 exscriberent,
1067 2847 1450 2898 nonnunquam
1479 2833 1678 2899 aliquid
1709 2832 1981 2885 addidisse
2014 2835 2143 2887 :sed
2171 2833 2221 2886 id

648 2924 759 2977 fere
780 2923 1006 2994 contigit
1037 2923 1088 2975 in
1120 2923 1185 2977 iis
1226 2923 1583 2987 orationibus,
1613 2938 1730 2991 qua:
1770 2923 1969 2976 habitae
1998 2934 2123 2978 sunt
2156 2926 2222 2978 ad

646 3018 925 3084 populum,
948 3030 1174 3084 quatque
1203 3020 1418 3085 scripta:
1447 3027 1573 3069 sunt
1609 3030 1712 3068 non
1744 3015 1811 3067 ab
1840 3016 1951 3083 ipso
1980 3025 2220 3076 auctore,

644 3109 735 3161 sed
763 3109 829 3161 ab
842 3108 1020 3176 aliquo
1045 3110 1346 3163 auditorum
1366 3110 1455 3178 qui
1485 3109 1624 3163 notis
1640 3109 1877 3162 scribere
1900 3116 2101 3162 nosset.
2126 3105 2220 3159 Et—

2334 1910 2575 1964 eamdem
2601 1914 2856 1981 temporis
2882 1923 3061 1969 notam
3095 1915 3317 1980 indicat,
3349 1918 3486 1985 quod
3526 1918 3679 1971 initio
3716 1920 3916 1985 capitis

2329 1998 2521 2054 decimi
2549 2002 2751 2057 editum
2786 2005 3109 2070 invenimus,
3143 2010 3530 2060 Anommorum
3561 2008 3771 2061 scilicet
3798 2010 3911 2061 hae-

2333 2092 2493 2146 resim
2550 2101 2675 2147 tunc
2718 2098 2976 2165 temporis
3032 2096 3342 2166 pullulasse.
3397 2096 3565 2152 Nemo
3619 2098 3762 2150 enim
3819 2099 3912 2165 qui

2330 2200 2512 2238 rerum
2542 2186 3034 2244 ecclesiasticarum
3062 2208 3166 2245 non
3199 2192 3419 2247 omnino
3455 2193 3603 2246 rudis
3625 2192 3717 2254 sit,
3744 2192 3918 2259 pessi—

2331 2290 2470 2329 mam
2518 2276 2661 2329 illam
2713 2279 2958 2333 haeresim
3016 2293 3211 2350 quarto
3255 2285 3456 2339 sarculo
3515 2296 3691 2339 ortam
3743 2284 3917 2337 fuisse

2330 2366 2566 2435 ignorat.
2596 2370 2775 2435 Quare
2808 2375 2849 2424 si
2879 2374 3005 2441 quid
3037 2390 3100 2428 eo
3137 2376 3188 2427 in
3226 2378 3616 2431 commentario
3640 2376 3909 2432 occurrit.

2326 2460 2469 2527 quod
2526 2472 2618 2513 aut
2660 2465 2725 2515 ad
2776 2464 2987 2531 dogma,
3038 2478 3129 2520 aut
3172 2467 3239 2520 ad
3284 2469 3643 2534 traditionem,
3694 2478 3787 2522 aut
3846 2469 3912 2519 ad

2331 2553 2666 2620 disciplinam
2695 2556 3118 2614 ecclesiasticam
3148 2562 3430 2631 pertineat,
3469 2562 3519 2615 id
3563 2563 3632 2616 ob
3663 2564 3911 2630 antiqui-

2330 2643 2455 2696 tatis
2522 2647 2875 2699 reverentiam
2927 2648 3142 2715 plurimi
3199 2652 3496 2705 faciendum
3526 2667 3646 2706 esse
3683 2654 3911 2706 arbitra-

2327 2747 2468 2786 mur.
2523 2731 2639 2787 Non
2692 2750 2949 2805 negamus
2992 2739 3205 2806 quidem
3256 2740 3305 2792 id
3345 2755 3478 2807 opus
3532 2742 3792 2795 indiserte
3840 2744 3911 2797 ab

2326 2824 2593 2880 indiserte
2653 2836 2876 2883 auctore
2940 2830 3301 2896 conscriptum
3361 2829 3561 2894 fuisse,
3628 2834 3724 2884 sed
3795 2848 3905 2885 non

2323 2928 2606 2987 pr0pterea
2658 2922 2981 2977 auctoritate
3032 2923 3177 2977 omni
3230 2938 3417 2977 carere
3456 2923 3632 2986 debet,
3668 2938 3791 2977 cum
3840 2927 3909 2977 ab

2324 3011 2542 3066 homine
2581 3022 2630 3066 et
2664 3015 3043 3084 antiquissimo
3086 3025 3137 3070 et
3171 3016 3493 3084 probissimo
3530 3016 3900 3082 conscriptum

2326 3099 2491 3156 fuisse
2525 3104 2793 3158 videatur.
2824 3107 2946 3161 flare
2971 3110 3035 3162 de
3059 3110 3445 3163 commentario
3472 3124 3486 3162 :
3521 3123 3663 3162 nunc
3694 3110 3761 3163 de
3789 3108 3909 3175 ejus

645 3201 786 3252 enim
818 3202 862 3254 si
887 3202 1013 3269 quid
1042 3203 1329 3255 excidisset
1364 3202 1612 3270 imperito
1637 3202 1791 3254 alicui
1817 3201 2047 3265 notario,
2078 3199 2126 3251 id
2156 3214 2219 3252 ex
2249 3185 2292 3242 C
2326 3206 2546 3250 auctore
2577 3196 2841 3266 reliquum
2877 3209 2959 3251 est
3010 3210 3067 3253 ut
3105 3202 3366 3255 dicamus.
3414 3202 3551 3256 Sunt
3583 3202 3671 3269 qui
3710 3203 3903 3255 existi.

644 3291 871 3345 aliorum
912 3293 1129 3361 scriptis
1176 3293 1425 3361 supplere
1465 3307 1567 3345 non
1619 3292 1943 3345 verebantur
1986 3291 2214 3345 librarii.

644 3379 794 3446 Quod
823 3394 997 3435 autem
1030 3383 1221 3437 attinet
1242 3384 1308 3437 ad
1342 3383 1581 3453 longiora
1607 3396 1793 3451 opera,
1831 3396 1950 3449 quze
1984 3381 2051 3435 ab
2089 3383 2220 3450 ipsis

646 3471 955 3524 auctoribus
985 3472 1374 3538 scribebantur,
1410 3487 1507 3526 nec
1538 3472 2033 3541 pronuntiabantur
2056 3472 2223 3542 publi-

650 3576 732 3626 ce,
768 3560 817 3613 in
855 3562 937 3615 his
967 3576 1069 3615 non
1107 3563 1177 3615 ita
1210 3563 1375 3615 multa
1412 3578 1440 3615 a
1465 3562 1699 3616 librariis
1729 3564 1905 3616 addita
1936 3563 2103 3618 fuisse
2139 3565 2220 3619 in-

645 3654 916 3707 venimus.
955 3652 1139 3722 Neque
1170 3670 1294 3709 vero
1321 3654 1534 3709 dillicile
1568 3665 1707 3717 erat,
1748 3670 1792 3708 ει
1827 3656 1954 3724 quid
1984 3657 2217 3708 additum

646 3743 859 3808 fuisset,
907 3744 1247 3797 librariorqu
1303 3746 1481 3799 dolum
1533 3761 1595 3799 ac
1654 3744 1893 3798 fraudem
1948 3744 2216 3813 detegere,

646 3852 767 3890 cum
817 3850 1002 3889 corum
1044 3838 1371 3905 exemplaria
1412 3853 1533 3891 cum
1571 3838 1920 3906 autographis
1970 3836 2220 3891 conferre

648 3929 841 3998 cuique
876 3928 1080 3983 liceret.
1125 3927 1410 3994 Praeterea,
1457 3940 1513 3984 ut
1561 3931 1689 3984 mihi
1735 3931 1950 4000 quidem
1986 3932 2217 3996 videtur,

648 4032 921 4084 nunquam
969 4015 1208 4069 librariis
1266 4015 1317 4068 in
1370 4025 1601 4068 mentem
1643 4017 1880 4069 venisset
1922 4016 2135 4068 Eusebii
2165 4018 2219 4069 in

652 4106 891 4162 Psalmos
942 4108 1388 4163 cOmmcntarium
1426 4106 1735 4176 compilare.
1796 4106 1905 4160 Hoc
1941 4105 2081 4159 enim
2113 4122 2217 4160 non

650 4203 701 4253 in
726 4203 888 4255 alium
915 4203 1183 4265 c0nvenit,
1211 4218 1370 4272 quam
1397 4200 1447 4253 in
1471 4201 1641 4271 ipsum
1668 4209 1966 4262 auctorem,
1991 4199 2215 4266 quicum

648 4292 916 4346 scribendi
974 4292 1147 4360 inopia
1184 4292 1473 4353 laboraret,
1506 4291 1632 4345 hinc
1667 4292 1788 4346 inde
1821 4289 1888 4344 ad
1929 4287 2219 4342 conficien-

649 4389 772 4438 dum
807 4386 1001 4439 librum
1035 4385 1340 4453 adjumenta
1380 4384 1673 4454 qumrebat.
1714 4382 1963 4436 Arbitror
1991 4379 2216 4450 proferri

2326 3296 2473 3340 ment
2499 3288 2872 3343 commentarii
2904 3290 3223 3357 scriptorem
3252 3291 3557 3359 episcopum
3589 3291 3905 3346 fuisse:st

2324 3378 2374 3431 id
2411 3395 2475 3432 ex
2505 3379 2648 3434 illius
2678 3382 2857 3436 verbis
2888 3381 3067 3450 colligi
3094 3392 3243 3435 certo
3270 3396 3426 3449 posse
3464 3396 3566 3434 non
3593 3391 3722 3447 puto
3756 3382 3901 3451 (pag.

2320 3469 2424 3522 417
2458 3479 2513 3524 et
2545 3469 2688 3539 509).
2717 3471 2879 3526 Docet
2900 3473 3114 3541 quidem
3146 3472 3434 3543 aliquando
3465 3486 3522 3525 se
3550 3470 3730 3540 pepuli
3758 3473 3906 3539 priu~

2321 3560 2495 3630 cipem
2532 3577 2674 3626 esse,
2707 3578 2873 3631 seque
2919 3564 2968 3618 ei
3021 3564 3221 3634 prazfici
3259 3584 3272 3617 :
3310 3574 3365 3618 at
3396 3578 3497 3617 non
3530 3564 3769 3631 episcopi
3818 3578 3904 3616 so-

2321 3650 2453 3711 lum,
2481 3652 2571 3702 sed
2598 3652 2696 3719 ipsi
2719 3655 2879 3705 etiam
2918 3653 3215 3720 presbyteri
3241 3669 3337 3707 suo
3372 3656 3530 3705 modo
3554 3653 3727 3721 plebis
3757 3653 3905 3720 prin-

2322 3738 2468 3807 cipes
2495 3750 2640 3804 sunt,
2667 3740 2827 3807 eique
2854 3741 3238 3809 przeﬁciuntnr.
3274 3744 3531 3811 Equidem
3562 3760 3623 3797 ea
3648 3747 3716 3797 de
3742 3760 3799 3797 re
3827 3744 3906 3795 ni-

2324 3831 2400 3885 hil
2433 3831 2567 3885 certi
2600 3833 2758 3885 statui
2796 3831 3174 3901 possejudico,
3199 3836 3291 3886 sed
3334 3836 3461 3888 mihi
3500 3845 3676 3889 tamen
3717 3835 3905 3890 nescio

2321 3925 2593 3995 quomodo
2658 3924 3005 3979 verisimilius
3067 3924 3125 3977 fit
3192 3924 3337 3976 illum
3406 3925 3753 3995 inteipretem
3799 3942 3903 3980 non

2322 4015 2483 4067 alium
2534 4029 2696 4083 quam
2748 4014 3046 4084 presbyteri
3089 4014 3312 4084 gradum
3356 4014 3673 4067 obtinuisse.
3721 4016 3907 4083 quue

2320 4104 2574 4158 libentius
2609 4104 2661 4157 in
2687 4108 2953 4159 sententia
2984 4121 3291 4174 permaneo,
3326 4106 3468 4174 quod
3493 4105 3685 4159 litteris
3712 4107 3899 4174 prodi-

2322 4206 2435 4251 tum
2472 4198 2543 4251 sit
2566 4198 2708 4251 hunc
2738 4198 3187 4254 commentarium
3211 4214 3239 4251 a
3268 4198 3469 4253 Basilio
3497 4199 3715 4269 quidem
3752 4213 3902 4252 com-

2322 4289 2553 4358 positum
2584 4289 2772 4355 fuisse,
2795 4292 2885 4345 sed
2919 4299 3040 4359 post
3063 4289 3181 4354 eius
3211 4300 3437 4344 mortem
3471 4292 3774 4361 presbyteri
3804 4306 3902 4346 cn-

2315 4378 2531 4449 jusdam
2579 4395 2739 4449 opera
2792 4382 2845 4433 in
2898 4380 3069 4434 lucem
3123 4380 3388 4450 prodiisse
3432 4380 3525 4449 (α).
3580 4379 3709 4431 Mihi
3752 4383 3899 4434 enim

648 4496 752 4533 nun
792 4492 946 4548 posse
968 4476 1111 4530 aliud
1134 4476 1297 4529 ullum
1327 4476 1629 4542 exempturo
1658 4475 1940 4539 scriptoris
1966 4473 2215 4541 alicujus,
2250 4507 2294 4560 Β
2320 4472 2810 4540 probabilissimnm
2837 4472 3068 4536 videtur,
3101 4473 3493 4543 presbyterum,
3526 4469 3614 4536 qui
3648 4471 3753 4525 hoc
3771 4486 3905 4541 Opus

649 4572 761 4639 qui,
792 4585 913 4623 cum
941 4569 1130 4623 Isaiam
1154 4567 1495 4636 interpretari
1519 4567 1695 4630 vellet,
1726 4567 1891 4620 multa
1913 4581 1976 4620 ex
2001 4565 2216 4619 Eusebii

648 4666 703 4717 in
742 4662 982 4716 Psalmos
1028 4658 1417 4716 commentario
1459 4660 1770 4727 sumpserit.
1814 4657 1920 4713 Res
1951 4669 2037 4713 est
2075 4658 2217 4710 enim

651 4767 757 4808 tam
782 4770 941 4818 nova,
988 4763 1044 4806 ut
1078 4752 1180 4805 nisi
1215 4752 1383 4807 oculis
1413 4752 1545 4821 ipsis
1570 4762 1903 4816 cerneretur,
1936 4751 2094 4805 ﬁdem
2133 4750 2217 4803 vix

654 4848 893 4900 haberet.
932 4846 993 4898 Et
1023 4844 1236 4914 quidem
1269 4842 1625 4915 Hieronymus
1669 4852 1722 4898 et
1758 4843 2071 4911 Proc0pius,
2106 4842 2216 4910 qui,

650 4954 773 4993 cum
804 4934 997 4990 Isaiam
1032 4938 1534 5005 interpretarentur,
1569 4946 1673 4989 tam
1704 4935 1869 4988 multa
1905 4949 1970 4987 ex
2004 4932 2220 4987 Eusebii

653 5035 704 5086 in
736 5029 985 5087 eumdem
1018 5030 1330 5099 prophetam
1376 5029 1764 5082 commentario
1814 5027 2039 5080 mutuati
2076 5035 2220 5091 sunt,

654 5138 830 5178 tamen
863 5137 926 5176 ne
948 5122 1251 5191 cogitarunt
1288 5120 1501 5188 quidem
1543 5118 1831 5187 quidquam
1883 5131 1948 5169 ex
1980 5116 2219 5182 ejusdem

653 5215 868 5273 Eusebii
903 5216 957 5269 in
993 5214 1234 5269 Psalmos
1286 5211 1677 5267 commentario
1705 5208 1957 5264 mutuari.
1988 5208 2099 5263 Hoc
2133 5210 2223 5261 de-

650 5312 809 5365 cebat
840 5306 1108 5362 hominem
1144 5308 1258 5375 qui,
1282 5320 1400 5359 cum
1424 5305 1488 5358 de
1512 5318 1609 5357 suo
1634 5301 1872 5355 scribere
1897 5299 2043 5354 nullo
2066 5298 2223 5353 modo

654 5410 857 5467 posset,
885 5408 938 5453 et
974 5409 1151 5450 tamen
1193 5397 1433 5452 scribere
1475 5392 1815 5453 instituisset,
1855 5392 2045 5445 saltem
2089 5390 2225 5443 alio-

656 5509 772 5546 rum
805 5494 1003 5561 scripta
1041 5489 1395 5557 undecunque
1429 5487 1773 5554 compilabat.
1816 5485 1976 5539 Certe
2007 5486 2222 5554 quidem

655 5584 784 5638 mihi
840 5584 993 5637 facile
1040 5582 1200 5635 fuerit
1256 5582 1405 5649 plura
1454 5580 1653 5634 addere
1692 5576 1759 5630 ad
1812 5578 1948 5630 hanc
1987 5584 2223 5630 nostram

2320 4572 2538 4619 mortuo
2558 4563 2666 4630 jam
2695 4562 2895 4619 Basilio
2924 4566 2974 4618 in
3007 4564 3179 4616 lucem
3217 4564 3454 4619 edidisse
3485 4565 3681 4618 dicitur
3701 4604 3718 4629 ,
3747 4578 3902 4618 eum-

2324 4656 2442 4710 dem
2467 4669 2610 4719 esse,
2636 4655 2723 4723 qui
2747 4665 2800 4709 et
2831 4655 2957 4709 illud
2988 4654 3205 4724 proprio
3235 4664 3407 4709 marte
3439 4655 3800 4708 elucubravit.
3842 4653 3906 4706 Ilt

2325 4756 2383 4799 ut
2428 4747 2543 4800 haec
2592 4755 2739 4808 sunt,
2783 4746 3015 4799 dubitari
3065 4762 3169 4800 non
3212 4755 3387 4815 potest
3449 4745 3579 4814 quin
3646 4745 3902 4811 scriptor,

2326 4837 2571 4907 quisquis
2599 4848 2705 4904 est,
2731 4836 2985 4892 Basilium
3012 4837 3065 4893 in
3089 4836 3356 4905 aliquibus
3384 4837 3583 4891 imitari
3609 4836 3902 4891 studuerit.

2326 4930 2522 4983 Notum
2561 4941 2643 4984 est
2692 4930 2835 4984 enim
2887 4930 3025 4985 hanc
3070 4929 3281 4983 dicendi
3330 4929 3637 4991 formulam,
3689 4929 3748 4979 ὲν
3794 4931 3906 4989 τοῖς

2330 5025 2581 5088 κατόπιν,
2622 5024 2821 5079 Basilio
2871 5039 3128 5094 perquam
3171 5022 3491 5079 familiarem
3518 5036 3638 5076 esse
3670 5038 3684 5074 :
3719 5036 3830 5089 qua
3858 5032 3908 5073 et

2330 5121 2419 5174 ille
2467 5116 2845 5174 commentarii
2905 5119 3138 5186 scriptor
3187 5118 3484 5186 saepissime
3550 5129 3679 5169 usus
3738 5112 3909 5167 fuisse

2324 5209 2672 5271 comperitur.
2706 5205 2815 5261 Nec
2846 5208 3271 5276 praetereundum
3301 5206 3536 5271 silentio,
3568 5205 3737 5259 videri
3774 5209 3905 5258 scrio

2326 5314 2532 5373 plorem
2562 5300 2957 5370 Cappadociam
2997 5301 3225 5369 patriam
3258 5299 3529 5354 habuisse.
3572 5298 3705 5350 Nam
3737 5296 3907 5349 alicn-

2328 5395 2378 5448 bi
2413 5393 2588 5448 varias
2610 5400 2798 5462 gentes
2817 5404 3134 5445 enumerare
3158 5406 3276 5444 cum
3304 5390 3629 5444 instituisset
3651 5387 3730 5454 (p.
3754 5387 3903 5457 ἥδ),

2328 5485 2480 5552 quasi
2516 5480 2865 5550 popularibus
2899 5482 3011 5535 suis
3047 5480 3340 5549 gratiﬁcari
3391 5479 3571 5540 vellet,
3619 5474 3907 5548 Cappado—

2330 5576 2467 5625 ciam
2498 5573 2724 5638 primam
2763 5570 3029 5625 nominat.

729 5791 804 5855 (a)
855 5788 994 5858 Lege
1028 5789 1197 5841 Vitam
1240 5787 1417 5841 Basilii
1469 5802 1494 5838 a
1537 5786 1880 5840 Tillcntontio
1925 5781 2211 5837 vernacula

2336 5792 2436 5849 gua
2470 5777 2749 5844 scriptam,
2791 5790 2909 5844 pag.
2941 5773 3061 5827 685.
