4080 6314
1268 360 1330 415 D.
1369 361 1513 417 JUL.
1561 357 1883 414 CARNERII
1927 353 2308 411 PREFATlO.
3202 370 3392 412 ccxxx!

511 480 543 551 ς
574 477 664 534 Xl.
701 477 775 532 De
806 476 949 530 libris
978 474 1029 530 in
1061 474 1400 531 Eunomium.
1762 480 1808 534 Α
1838 483 2037 526 tantam
2059 485 2197 537 esse,
2221 480 2278 524 ut
2298 474 2338 523 si
2360 469 2588 524 Basilius
2610 470 2799 524 horum
2818 478 3005 524 auctor
3025 485 3145 525 esse
3161 472 3391 533 dicatur.

244 572 330 625 65.
370 572 627 641 Egregios
659 571 871 639 quidem
912 570 967 621 in
1013 566 1332 620 Eunomium
1382 568 1545 621 libros
1578 583 1606 621 a
1634 567 1733 619 Ba-
1834 579 1954 617 cum
1981 564 2059 617 sui
2088 562 2499 618 dissimillimum
2524 561 2685 616 fuisse
2701 570 2964 631 oporteat.
2988 562 3053 616 Et
3069 566 3395 628 veroverba,

167 665 295 717 sitio
323 663 519 730 Magno
546 662 883 730 conscriptos
915 660 1100 724 fuisse,
1135 674 1256 713 cum
1291 675 1356 712 ex
1389 660 1613 713 aliorum
1647 676 1734 712 ve-
1839 656 2025 716 dictio,
2066 655 2294 724 phrasis,
2338 664 2410 715 et,
2440 662 2499 706 ut
2526 657 2712 722 paucis
2738 654 3032 717 absolvam,
3062 658 3240 710 omnia
3267 669 3398 712 con-

170 766 371 821 ternm,
410 764 521 808 tum
566 770 632 807 ex
683 752 987 821 Hieronymi
1031 751 1335 805 testimonio
1386 762 1566 804 notum
1608 760 1729 805 est:
1834 748 2048 815 spicnas
2079 761 2142 800 ac
2168 756 2347 800 certas
2374 746 2776 814 peregrinitatis
2802 756 2953 800 notas
2982 747 3237 801 videmur
3261 763 3399 817 prae-

167 848 267 900 sed
307 856 439 914 quot
467 847 536 899 ab
566 859 633 899 eo
658 844 785 898 editi
825 845 970 905 sint,
1018 858 1187 911 neque
1225 842 1597 913 Hieronymus,
1640 857 1731 896 ne-
1839 838 2000 891 ferre.
2039 836 2183 890 Nova
2215 848 2339 890 sunt
2372 840 2534 890 verba
2573 845 2625 889 et
2657 838 2794 905 apud
2821 837 3076 892 Basilium
3116 827 3399 903 inusitata,

168 955 276 1007 que
304 941 445 992 ullus
469 939 606 991 alius
630 946 813 991 auctor
838 937 1061 990 idoneus
1084 936 1272 989 litteris
1292 936 1539 1003 prodidit.
1574 934 1729 999 Hinc,
1838 944 1973 984 nova
2008 943 2221 997 quoque
2265 928 2515 997 loquendi
2562 942 2789 996 genera;
2818 916 2893 983 iet
2920 930 3172 985 universe
3196 930 3397 990 dicam.

168 1044 232 1086 ut
262 1033 340 1093 lit,
390 1041 525 1084 ortae
558 1039 682 1083 sunt
724 1029 1094 1083 contentiones
1136 1028 1274 1081 inter
1316 1029 1572 1091 eruditos,
1614 1028 1735 1082 aliis
1837 1030 2039 1074 tantum
2072 1035 2188 1074 esse
2218 1020 2584 1079 diversitatem
2612 1020 2895 1084 dictionis.
2942 1021 3118 1091 utqui
3146 1037 3263 1076 eam
3292 1039 3397 1078 non

170 1125 330 1177 alia,"
378 1124 683 1190 ορίηίοηεηι
723 1120 1153 1175 deieudemibus,
1205 1120 1335 1175 pars
1374 1122 1583 1188 quidem
1630 1138 1736 1175 ma.
1836 1115 1996 1176 videt,
2040 1112 2225 1182 lippiat
2257 1126 2475 1167 necesse
2512 1112 2603 1165 sit.
2638 1111 2769 1167 Nolo
2808 1112 2939 1166 mihi
2973 1113 3081 1167 cito
3105 1120 3397 1171 credatur:

169 1215 316 1266 xima
351 1213 595 1282 vulgatos
639 1213 874 1281 quinque
914 1212 1083 1265 libros
1134 1213 1372 1266 tribuunt
1407 1211 1603 1265 Basilio
1636 1228 1734 1266 ηο.
1838 1204 1977 1257 malo
2002 1203 2338 1257 doctissimos
2356 1216 2598 1270 quosque
2616 1204 2761 1257 viros
2783 1204 3105 1271 eosdemque
3132 1208 3400 1260 acerrimo

171 1314 286 1357 stro
317 1323 329 1357 :
363 1306 457 1357 sed
497 1302 734 1356 nonnulli
767 1313 940 1355 tamen
962 1340 977 1366 ,
1010 1302 1146 1354 inter
1174 1316 1306 1369 quos
1330 1301 1611 1355 Erasmum
1638 1318 1735 1356 nu~

1830 1294 2032 1364 judicio
2059 1294 2312 1362 praeditos
2338 1308 2432 1362 per
2454 1307 2510 1347 se
2538 1294 2773 1363 experiri
2818 1296 2869 1347 id
2907 1298 3045 1364 quod
3074 1296 3231 1350 dico:
3255 1300 3397 1366 quod

172 1410 388 1449 merare
434 1395 580 1457 licet,
635 1394 915 1446 adversam
949 1394 1269 1447 sententiam
1303 1394 1371 1444 ita
1402 1402 1639 1459 tuentur,
1678 1406 1735 1449 ut
1836 1388 1877 1440 si
1931 1386 2189 1450 fecerim.
2230 1400 2389 1455 ερετο
2439 1399 2626 1439 omnes
2678 1386 2807 1439 mihi
2870 1386 3023 1441 Γέείίθ
3060 1403 3395 1452 “sensuros.

165 1488 217 1538 ei
254 1485 472 1554 quidem
513 1482 783 1535 ascribant
816 1491 923 1536 tres
972 1483 1181 1548 priores
1216 1482 1380 1535 libros
1406 1520 1422 1545 ,
1478 1483 1571 1535 sed
1603 1484 1737 1539 duos
1836 1478 1970 1532 duos
2008 1478 2106 1532 hos
2133 1478 2199 1531 de
2229 1477 2421 1546 quibus
2448 1477 2629 1547 agitur
2655 1477 2821 1531 libros
2845 1478 3047 1533 Basilio
3081 1480 3268 1551 Magno
3300 1484 3400 1535 tri-

166 1577 497 1645 posteriores
552 1573 648 1643 ipsi
708 1572 867 1629 tribui
934 1574 1126 1628 debere
1185 1583 1397 1643 negent.
1468 1574 1739 1630 Dissident
1838 1569 1925 1621 Ιιυί
1958 1568 2106 1622 "uno
2142 1568 2300 1622 m0d0
2338 1582 2512 1635 Ροδεθ-
2542 1565 2660 1620 lam
2705 1568 2937 1624 τδιίοηθε
2969 1581 3023 1623 ei
3059 1583 3396 1641 argumenta.

166 1682 384 1735 quoque
421 1666 562 1719 inter
602 1680 657 1719 se
692 1674 801 1719 tum
846 1667 1049 1720 calamo
1077 1667 1279 1726 notati,
1315 1675 1425 1719 tum
1459 1669 1599 1737 typis
1647 1669 1738 1721 de-
1834 1658 2029 1725 quibus
2056 1658 2170 1712 haec
2212 1668 2396 1711 nostra
2433 1657 2667 1727 suspicio
2699 1660 2916 1727 nititur,
2949 1661 3001 1714 in
3031 1664 3264 1719 medium
3301 1669 3399 1721 ad-

164 1759 351 1827 scripti
391 1758 532 1811 libri.
568 1757 917 1812 Combelisius
938 1758 1080 1810 enim
1112 1758 1164 1809 in
1202 1772 1302 1810 suo
1327 1756 1528 1810 Basilio
1559 1775 1732 1811 recen-
1765 1818 1775 1827 ι

1786 1820 1800 1827 _
1835 1747 2033 1803 ducere
2082 1762 2259 1817 operae
2310 1750 2541 1817 pretium
2585 1758 2686 1803 est.
2751 1750 2970 1821 Legenti
3027 1756 3153 1809 mibi
3199 1756 3397 1811 librum

163 1850 260 1903 aito
284 1888 300 1912 ,
364 1860 513 1903 tomo
537 1849 578 1903 ll
603 1891 619 1913 ,
670 1866 787 1919 pag.
817 1849 917 1911 27,
949 1856 1130 1900 monet
1162 1850 1377 1901 ultimos
1404 1850 1535 1901 duos
1567 1849 1732 1903 libros
1765 1818 1774 1875 1

1787 1821 2084 1905 ἰιμιειηιιιιι
2124 1838 2363 1891 occurrit
2419 1840 2649 1906 primum
2696 1818 2954 1908 particula
2996 1846 3081 1905 ει,
3122 1860 3241 1914 qua:
3287 1858 3398 1902 tam

166 1940 217 1992 in
248 1955 356 1994 uno
386 1942 575 1995 codice
602 1940 767 2009 Regio
795 1939 1087 1994 desiderari
1128 1957 1140 1991 :
1176 1939 1426 1991 similiter
1459 1949 1515 1993 et
1542 1941 1592 1992 in
1615 1941 1730 1993 edi-
1833 1943 1973 1998 53393
1998 1938 2186 1983 00mm
2229 1943 2572 1985 communem
2613 1947 2767 1985 "sum
2810 1933 3103 2003 τεβθιῖιυτν
3149 1948 3209 1989 ut
3256 1940 3399 1994 milia

164 2038 307 2085 tione
330 2033 567 2096 Veneta,
614 2048 731 2102 quae
760 2046 824 2084 cx
862 2030 1118 2099 Stephani
1155 2029 1299 2083 Sabii
1344 2030 1555 2085 olIicina
1590 2046 1732 2087 anno

1834 2019 1947 2075 fere
1978 2019 2228 2087 periodus
2277 2020 2618 2088 inveniatur,
2666 2039 2785 2091 qua:
2834 2024 2938 2080 hac
2971 2027 3156 2081 vocula
3195 2032 3241 2082 si
3290 2047 3398 2085 non

165 2124 301 2179 1535
334 2126 572 2192 prodiit,
601 2134 711 2176 tres
741 2131 944 2176 tantum
978 2124 1187 2191 priores
1235 2134 1450 2178 exstare
1499 2134 1728 2178 constat.
1834 2112 2069 2182 ίιιείρίθι·
2102 2111 2170 2165 Ei
2194 2122 2337 2169 certe
2364 2128 2428 2167 θο
2458 2114 2626 2184 mnsit
2650 2123 2758 2168 iam
2785 2115 3052 2187 ίτθίίυθηιί
3077 2118 3234 2189 huius
3248 2124 3398 2179 V0033

163 2212 413 2268 Codicem
464 2226 607 2274 eum,
661 2211 711 2264 in
768 2226 897 2280 quo,
950 2220 1085 2266 teste
1115 2210 1472 2278 Combelisio,
1528 2214 1730 2267 exarati

1834 2204 2151 2273 repetitione
2182 2202 2527 2270 offendebar,
2568 2207 2707 2273 quod
2734 2220 2801 2261 ex
2830 2224 2893 2262 ea
2935 2211 3121 2265 brevia
3150 2217 3397 2282 quaedam

160 2313 284 2356 sunt
313 2303 492 2357 solum
538 2300 747 2367 priores
794 2311 902 2355 tres
951 2301 1111 2362 libri,
1164 2317 1268 2355 non
1321 2303 1496 2371 reperi
1544 2318 1643 2372 ego
1678 2303 1728 2355 in
1833 2308 2151 2365 argumenta
2193 2298 2496 2361 ducantur,
2541 2299 2675 2353 nihil
2726 2308 2818 2353 aut
2854 2302 3140 2369 exquisiti,
3178 2316 3274 2360 aut
3306 2322 3400 2359 va-

160 2393 488 2447 hibiioiiim
542 2391 703 2460 Regi.
750 2395 893 2448 εδει]
944 2393 1246 2447 inciderunt
1300 2394 1352 2445 iu
1404 2409 1594 2447 manus
1640 2394 1727 2445 alii
1832 2386 1924 2438 lidi
1956 2386 2244 2451 habentia,
2286 2396 2342 2442 et
2388 2405 2610 2457 prorsus
2642 2391 2899 2462 indigna,
2940 2409 3169 2463 quorum
3209 2409 3399 2454 auctor

160 2498 248 2537 sex
302 2493 508 2553 praeter
537 2498 701 2537 unum
724 2482 1113 2544 Colbertinum,
1147 2483 1199 2535 in
1233 2483 1426 2553 quibus
1450 2484 1727 2547 omnibus,
1834 2477 2048 2531 dicatur
2098 2486 2374 2531 oratorum
2424 2483 2901 2548 praestantissimus
2944 2485 3195 2543 Basilius.
3250 2489 3399 2546 Hanc

161 2586 219 2628 ut
240 2589 435 2629 verum
487 2573 680 2640 fatear,
736 2574 787 2627 bi
838 2573 1078 2641 quinque
1132 2572 1253 2627 libri
1295 2574 1499 2642 pariter
1532 2574 1731 2629 Basilio
1831 2585 2016 2625 Vocem
2048 2570 2337 2641 aliquoties
2365 2571 2607 2625 adhiberi
2634 2572 2765 2627 nihil
2796 2587 2974 2630 vetat:
3007 2580 3098 2632 sed
3129 2594 3247 2633 eam
3276 2597 3399 2649 pas-

162 2665 355 2736 magno
388 2666 715 2719 tribuuntur.
769 2663 987 2719 Monere
1019 2666 1195 2736 juvat,
1228 2667 1454 2735 reperiri
1480 2667 1532 2720 in
1564 2668 1730 2737 Regio
1831 2661 1930 2714 sim
1983 2670 2039 2715 et
2095 2662 2336 2730 quolibet
2375 2662 2498 2717 loco
2532 2664 2599 2718 ad
2648 2665 2950 2722 satietatem
2990 2685 3159 2739 usque
3204 2674 3397 2741 repeti.

158 2759 349 2825 quinto
398 2757 588 2811 codice
630 2755 783 2811 initio
816 2755 939 2811 libri
984 2758 1159 2827 quarti
1208 2768 1386 2811 notam
1417 2760 1726 2827 quamdam,
1829 2760 1885 2804 ut
1923 2751 2250 2820 optimorum
2304 2767 2645 2821 quorumque
2695 2757 3051 2825 scriptorum,
3107 2762 3179 2815 ita
3214 2762 3399 2817 Basilii

158 2861 321 2913 quam
381 2846 469 2898 hic
516 2846 929 2901 “scribendam
971 2848 1175 2901 censui,
1232 2848 1318 2900 Esi
1370 2857 1545 2900 autem
1588 2849 1728 2917 ejus.
1828 2841 2158 2895 consuetudo
2190 2856 2295 2896 non
2347 2843 2575 2912 patitur.
2610 2843 2727 2897 Alia
2760 2848 3020 2903 orationis
3052 2851 3177 2904 vitia
3211 2869 3400 2921 perse-

160 2937 345 2990 modi:
382 2936 491 2990 Kal
542 2938 666 3007 περὶ
722 2936 909 2989 τούτου
958 2936 1051 2987 τοῦ
1102 2936 1257 3003 λόγου
1296 2936 1545 3008 διάφορος
1576 2938 1729 3010 παρὰ

1828 2931 1919 3000 qui
1949 2934 2128 2987 omnia
2158 2933 2375 3002 longum
2402 2948 2522 2989 cum
2551 2936 2647 3001 sit,
2679 2952 2846 3007 pauca
2875 2954 2906 2993 e
2930 2940 3130 3009 multis,
3162 2953 3220 2997 ut
3242 2947 3399 3014 quid-

163 3028 377 3092 πολλοῖς
416 3028 543 3094 δόξα.
587 3030 795 3099 κρατεῖ,
837 3026 945 3079 τῶν
995 3027 1091 3096 μὲν
1135 3025 1398 3095 λεγόντων
1438 3029 1598 3083 αὑτὸν
1633 3031 1727 3084 τοῦ

1828 3036 1931 3088 que
1957 3035 2227 3084 occurret,
2253 3023 2609 3091 proferemus.
2627 3025 2749 3081 Hmc
2779 3028 3003 3099 legimus
3028 3048 3134 3088 non
3156 3035 3309 3105 looge
3330 3038 3397 3091 ab

154 3118 315 3184 ἁγίου
379 3117 690 3177 Βασιλείου,
755 3112 857 3167 τῶν
910 3113 967 3166 δὲ
1030 3113 1413 3183 ἀντιλεγόντων
1470 3117 1603 3187 μὲν,
1666 3120 1725 3170 οὐ
1755 3160 1795 3216 C
1831 3110 1991 3216 inilio‘
2110 3109 2234 3215 :279)
2265 3130 2276 3164 ε
2313 3111 2376 3163 Ei
2409 3111 2484 3182 μὴ
2510 3114 2809 3216 γεννξισεως
2834 3118 2895 3168 τὸ
2923 3119 3222 3187 μονογενὲς,
3260 3120 3398 3175 ἀλλὰ

152 3207 613 3278 κατηγορούντων
632 3206 707 3271 δὲ,
732 3205 805 3270 ὥς
826 3224 879 3259 τι
898 3208 1236 3277 ἀπεμφαῖνον
1258 3207 1489 3278 ἔχοντος.
1522 3210 1725 3264 (Etiam
1756 3197 1795 3216 υ
1828 3197 1914 3251 διὰ
1943 3199 2001 3251 τδ
2028 3198 2375 3269 ἀσύγκριτον,
2411 3201 2701 3269 μονογενὴς
2734 3203 2826 3257 καὶ
2872 3205 2899 3255 ὁ
2946 3205 3155 3277 Πατήρ.
3202 3207 3400 3276 Ἀσύγ-

161 3300 223 3352 de
264 3300 373 3353 hoc
423 3298 563 3355 libro
619 3298 769 3354 multi
808 3299 960 3353 varie
1013 3300 1253 3353 sentiunt
1302 3317 1316 3350 ε
1369 3301 1457 3354 alii
1511 3302 1726 3370 quidem
1828 3306 2011 3363 meo:
2055 3292 2183 3360 γάρ.
2230 3310 2246 3339 ι
2276 3292 2330 3343 Si
2377 3291 2708 3359 unigenitum
2751 3296 3117 3363 generationis
3149 3313 3254 3353 non
3288 3311 3396 3363 est.

158 3393 352 3447 dicunt
386 3391 539 3445 illum
588 3405 708 3446 esse
737 3392 907 3446 sancti
937 3389 1154 3456 Basilii,
1196 3390 1284 3442 alii
1320 3404 1446 3443 vero
1491 3402 1723 3460 negant;
1827 3382 1924 3434 Sed
1973 3395 2257 3450 propterea
2293 3385 2435 3451 quod
2487 3395 2569 3441 est
2617 3386 3056 3454 incomparabiles
3084 3390 3397 3458 “nigellitus

160 3484 249 3537 sed
290 3494 475 3536 ιεωεη
502 3497 622 3536 eum
654 3497 757 3535 ηοη
781 3481 1160 3546 condemnant,
1196 3481 1347 3551 quasi
1381 3481 1595 3536 εὕδω-ἀί
1632 3483 1727 3536 aii.
1828 3470 1988 3523 etiam
2006 3470 2163 3525 Pater
2186 3484 2322 3527 est.»
2356 3473 2482 3531 Scio
2511 3490 2660 3531 suam
2686 3477 2879 3546 cuique
2896 3478 3217 3532 sententiam
3241 3494 3392 3546 esse,

162 3574 285 3641 quid
323 3574 622 3626 contineat.
660 3589 677 3622 ι
722 3571 799 3624 Ex
824 3572 1020 3641 quibus
1049 3572 1399 3642 intelligitur.
1432 3588 1535 3626 non
1562 3589 1724 3627 uuam
1825 3570 1883 3616 et
1909 3563 2043 3617 alios
2083 3564 2240 3619 aliter
2266 3569 2469 3622 sentire
2499 3569 2727 3622 solitos:
2762 3577 2889 3637 puto
2917 3580 3100 3625 tamen
3125 3573 3399 3628 neminem

159 3663 404 3717 omnium
440 3663 506 3716 de
539 3662 640 3717 hoc
680 3663 819 3718 libro
864 3662 1028 3719 fuisse
1060 3663 1382 3718 sententiam
1412 3664 1551 3733 apud
1582 3664 1729 3721 Gne-

1828 3658 2061 3712 l‘uturum
2085 3697 2100 3721 ,
2134 3659 2220 3725 qui
2259 3658 2309 3711 id
2355 3657 2605 3728 loquendi
2641 3676 2846 3730 genus,
2886 3662 2947 3714 El
2980 3662 3054 3733 μὴ
3090 3664 3396 3733 γεννήσεως

160 3769 253 3809 eos
283 3770 299 3807 :
334 3752 429 3807 sed
476 3753 610 3809 alios
642 3755 781 3810 aliud
815 3757 1067 3811 sensisse.
1109 3756 1283 3811 Nolim
1315 3757 1525 3824 quidem
1560 3772 1623 3811 ex
1658 3757 1729 3812 si-
1827 3749 1886 3801 τὸ
1912 3748 2214 3819 μονογενὲς.
2250 3748 2574 3804 Basilianum
2602 3765 2723 3806 esse
2757 3752 2921 3805 dicat.
2969 3751 3137 3808 Paulo
3167 3765 3287 3824 post
3322 3756 3398 3810 ita

162 3842 382 3897 milibus
430 3845 576 3899 notis
625 3846 839 3913 probari
895 3847 1076 3899 statim
1121 3846 1424 3914 opinionem
1470 3846 1725 3915 aliquam,

1831 3840 2024 3910 legitur
2049 3845 2126 3910 (p.
2143 3840 2269 3908 279)
2296 3835 2424 3893 εὮν
2445 3841 2552 3912 γὰρ
2570 3844 2598 3895 ὁ
2624 3841 2950 3915 δημιουργὸς
2966 3845 3025 3896 οὑ
3042 3845 3182 3899 κατὰ
3214 3847 3396 3916 φύσιν,

159 3946 250 3989 aut
300 3936 645 4005 improbari:
676 3938 769 3991 sed
817 3950 910 3991 eas
954 3945 1133 3990 tamen
1190 3952 1293 3989 non
1324 3936 1543 3990 omnino
1596 3952 1725 3990 con-

1830 3935 1947 3996 πῶς
2009 3934 2076 3985 τὰ
2126 3933 2595 4003 δημιουργηθέντα
2652 3936 2793 3989 κατὰ
2843 3935 3042 4004 φύσιν;
3101 3955 3120 3988 ι
3158 3938 3397 4003 Quorum

161 4029 486 4084 temnendae
529 4041 651 4081 esse
686 4038 833 4096 puto.
894 4027 1104 4083 Etenim
1152 4028 1197 4084 si
1234 4028 1362 4082 nihil
1410 4028 1553 4082 aliud
1604 4029 1729 4084 inde
1825 4026 1973 4080 enim
2012 4024 2264 4080 conditor
2312 4041 2420 4080 non
2460 4028 2754 4083 secundum
2804 4039 3051 4082 naturam
3095 4040 3216 4094 est,
3262 4046 3397 4100 quo-

159 4120 568 4188 consequimur,
601 4128 747 4172 certe
782 4120 1010 4175 eruditis
1053 4119 1360 4175 hominibus
1414 4119 1490 4174 rei
1521 4120 1725 4174 exami-
1833 4115 1991 4171 modo
2023 4116 2238 4171 condita
2276 4118 2565 4171 secundum
2606 4128 2853 4172 naturam
2900 4120 3100 4174 erunt?
3132 4139 3152 4173 ι
3192 4121 3397 4187 Quibus

160 4210 353 4264 nanda
401 4208 564 4263 datur
612 4210 847 4264 occasio.
911 4209 1266 4280 Percuperem
1317 4226 1420 4279 ego
1468 4210 1725 4278 ejusmodi
1826 4209 1883 4263 in
1938 4210 2115 4264 verbis
2159 4208 2346 4263 vitium
2391 4210 2568 4264 inesse
2638 4210 2855 4275 vident,
2900 4212 3127 4281 opinor,
3180 4228 3391 4269 omnes.

157 4302 519 4371 quaestionem
547 4301 837 4357 obscuram
870 4315 1002 4357 sane
1028 4310 1083 4358 et
1130 4302 1491 4370 pcrdilIicilem
1520 4318 1584 4357 ea
1623 4319 1726 4372 qua
1828 4300 2076 4371 Scriptor
2108 4302 2274 4368 enim,
2302 4303 2347 4356 si
2387 4313 2531 4357 recte
2564 4302 2707 4372 roqui
2738 4304 3014 4371 voluisset,
3048 4315 3140 4360 aut
3168 4320 3265 4361 sua
3310 4306 3393 4362 fa-

160 4408 257 4461 par
283 4403 370 4448 est
407 4391 680 4462 diligentia
720 4391 832 4463 jam
863 4393 1122 4459 agitatam
1167 4391 1335 4446 fuisse
1364 4396 1431 4448 ab
1459 4393 1727 4463 aliquibus
1834 4394 2029 4448 miliari
2062 4396 2319 4464 particula
2349 4396 2398 4447 ei
2434 4394 2509 4447 uti
2541 4396 2821 4461 debuerat,
2850 4397 2951 4450 hoc
2975 4399 3166 4452 modo:
3192 4400 3253 4452 El
3281 4401 3390 4473 γὰρ

158 4484 291 4535 viris
324 4485 519 4536 harum
563 4499 746 4537 rerum
771 4484 981 4554 peritis,
1012 4494 1067 4539 et
1087 4484 1278 4553 linguae
1302 4483 1504 4540 Graeca:
1541 4487 1722 4555 itnprio
1754 4504 1807 4565 υ
1830 4487 1859 4539 ὁ
1881 4487 2224 4558 δημιουργός,
2252 4495 2357 4539 etc.
2401 4504 2419 4537 ι
2448 4484 2505 4540 Si
2535 4487 2677 4542 enim
2704 4489 2950 4543 conditor
2971 4504 3074 4545 non
3102 4493 3392 4546 secundum

160 4578 261 4628 mis
287 4574 731 4642 intelligentibus,
765 4577 857 4647 qui
892 4576 1022 4631 mihi
1057 4588 1306 4647 tanquam
1341 4574 1396 4629 in
1430 4577 1573 4632 bivio
1604 4594 1726 4633 ver-
1830 4588 2073 4630 naturam
2106 4588 2190 4630 est
2213 4618 2229 4642 ,
2262 4579 2529 4647 quomodo
2573 4580 2785 4634 condita
2816 4582 3109 4637 secundum
3146 4593 3391 4637 naturam

161 4667 301 4721 tanti
344 4664 511 4719 duces
557 4676 738 4722 essent
776 4676 834 4721 et
892 4667 1132 4737 signiferi
1166 4686 1179 4721 :
1210 4668 1303 4723 sed
1350 4682 1457 4739 quo
1511 4673 1727 4738 gravius
1820 4667 2143 4721 eruntiaut
2162 4667 2207 4722 si
2234 4684 2367 4725 voce
2400 4663 2473 4723 ὦν
2507 4670 2583 4725 uti
2612 4670 2789 4733 vellet,
2829 4672 2910 4725 sic
2938 4672 3196 4740 scriptum
3230 4688 3394 4741 opor-

160 4769 281 4816 erat
307 4768 713 4826 argumentum,
763 4772 829 4814 eo
878 4760 1047 4826 magis
1080 4760 1381 4828 neglectum
1421 4758 1591 4816 fuisse
1620 4762 1725 4816 dici

1832 4767 2007 4813 luerat.
2034 4774 2048 4812 :
2080 4751 2185 4813 Ὧν
2210 4760 2319 4829 γὰρ
2350 4761 2378 4810 ὁ
2421 4760 2746 4832 δημιουργὸς
2788 4761 2849 4814 οὑ
2888 4761 3028 4816 κατὰ
3062 4761 3242 4829 φύσιν,
3277 4764 3394 4829 πῶς

162 4861 366 4921 potest.
420 4847 572 4903 Nunc
608 4865 736 4922 ergo
774 4849 1040 4906 celebrem
1090 4850 1156 4904 de
1199 4852 1437 4919 quinque
1470 4852 1524 4904 in
1549 4851 1729 4904 Euno-

1825 4848 1999 4903 ταῦτα
2026 4850 2165 4903 κατὰ
2191 4849 2381 4917 φύσιν;
2420 4866 2437 4899 ι
2460 4848 2693 4916 Quorum
2724 4852 2865 4906 enim
2900 4852 3148 4907 conditor
3180 4870 3282 4908 non
3306 4871 3392 4909 se-

162 4945 334 4997 πιίκηι
388 4942 543 4997 libris
584 4944 931 5010 quaestionem
967 4940 1274 5010 diligentius
1302 4943 1608 4997 examinare
1636 4957 1729 4997 co-
1830 4942 2060 4995 cundum
2076 4952 2318 4994 naturam
2350 4944 2734 5011 est,quomodo
2753 4959 2813 4998 ea
2827 4946 3118 4999 secundum
3144 4955 3392 5001 naturam

166 5036 371 5101 iubar;
407 5045 463 5089 ei
492 5033 745 5105 quoniam
775 5037 830 5090 in
859 5052 918 5092 re
946 5036 1039 5090 tali
1071 5035 1365 5105 quidquam
1392 5036 1730 5092 dissimulare
1828 5031 2169 5087 erunt?»Sed
2195 5033 2296 5088 alia
2330 5049 2740 5104 prosequamur.
2772 5036 2842 5087 Ita
2868 5035 3186 5105 igiturlibro
3207 5039 3395 5106 quinto

166 5139 278 5177 non
316 5126 464 5189 licet,
491 5126 663 5179 dicam
691 5124 907 5193 quidem
934 5126 1072 5180 bona
1104 5123 1208 5178 ﬁde
1232 5126 1375 5193 quod
1403 5125 1598 5187 sentio,
1637 5128 1729 5181 sed

1824 5124 2154 5196 loquitur(p.
2173 5125 2299 5197 300)
2330 5129 2427 5181 τοι
2456 5129 2575 5197 ἐμοὶ
2590 5128 2733 5195 λόγοι
2752 5167 2767 5191 ,
2799 5127 3048 5199 Σολομῶν
3076 5146 3258 5197 φησιν,
3290 5130 3395 5184 ὑπὸ

165 5216 250 5269 sic
270 5254 287 5275 ,
324 5223 384 5266 ut
414 5230 589 5270 meam
615 5214 937 5270 sententiam
992 5229 1284 5287 proponam
1330 5218 1542 5286 potius,
1571 5232 1730 5285 quam

1824 5215 1964 5271 Θεοῦ
1985 5221 2248 5291 εἴρηνται.
2272 5221 2379 5272 Καὶ
2400 5221 2426 5271 ὁ
2441 5218 2670 5282 Παῦλος,
2694 5220 2797 5274 ὑπὸ
2818 5219 3052 5292 Χριστοῦ
3072 5236 3085 5250 ·
3120 5221 3262 5283 ἐπεί,
3286 5234 3392 5277 etc.

164 5302 469 5374 proferam.
1835 5326 1855 5358 ‹
1881 5307 2172 5364 Sermones
2214 5312 2314 5363 mei
2341 5349 2356 5373 ,
2385 5310 2559 5378 inquit
2581 5310 2855 5371 Salomon,
2882 5310 3008 5364 dicti
3038 5323 3167 5368 sunt
3200 5328 3228 5365 a
3257 5314 3390 5367 Deo.

241 5393 335 5448 66.
363 5391 595 5449 Fatebor
618 5397 787 5467 igitur
820 5410 905 5451 me
930 5436 944 5459 ,
977 5412 1099 5451 cum
1132 5399 1347 5454 ultimos
1374 5400 1509 5455 duos
1534 5401 1589 5454 iu
1621 5400 1730 5453 Eu-
1833 5400 1898 5453 Et
1924 5399 2140 5463 Paulus,
2169 5402 2213 5453 A
2240 5401 2477 5457 Christo.
2508 5420 2528 5453 ι
2560 5401 2737 5457 Potuit
2763 5416 2893 5456 sane
2915 5411 3023 5457 tam
3053 5404 3232 5473 inepte
3264 5415 3394 5459 tam-

167 5485 408 5537 uomium
456 5484 619 5539 libros
665 5489 935 5557 legerem,
989 5489 1244 5545 incidisse
1289 5488 1370 5544 vel
1404 5492 1626 5546 invitum
1681 5493 1733 5545 in
1831 5507 1934 5559 que
1981 5494 2206 5548 absurde
2255 5494 2400 5563 loqui
2453 5497 2681 5564 scriptor
2715 5495 2910 5551 inﬁmae
2957 5506 3116 5561 notae,
3160 5498 3253 5551 sed
3287 5513 3391 5550 non

166 5576 553 5644 suspicionem.
582 5579 955 5634 Animadverti
985 5582 1149 5645 enim,
1181 5584 1327 5651 quod
1350 5582 1460 5650 iam
1495 5585 1735 5639 animad-
1834 5598 2057 5653 magnus
2096 5585 2184 5639 ille
2214 5584 2472 5649 Basilius,
2508 5586 2618 5654 qui,
2656 5585 2698 5638 si
2722 5586 3023 5654 eloquentia
3067 5601 3171 5639 non
3203 5600 3398 5641 omnes

168 5680 446 5723 verterant
485 5673 676 5736 multi,
710 5686 805 5725 eos
837 5688 866 5725 a
914 5673 1083 5728 tribus
1132 5677 1399 5743 prioribus
1436 5691 1633 5744 genere
1663 5678 1738 5733 di-
1834 5678 2125 5743 superavit,
2161 5689 2305 5730 certe
2333 5693 2362 5728 a
2397 5676 2544 5730 nullo
2576 5692 2807 5744 unquam
2840 5686 3123 5745 superatus
3149 5688 3250 5732 est.
3283 5677 3390 5731 Nec

169 5760 335 5816 ceudi
364 5776 515 5831 quam
543 5764 787 5820 maxime
816 5761 1067 5830 diﬂ'erre,
1096 5778 1324 5835 eamque
1364 5766 1731 5823 diversitatem
1836 5768 2053 5823 meliora
2097 5780 2224 5837 puto
2268 5768 2375 5832 illa,
2422 5784 2539 5837 quae
2574 5783 2677 5824 non
2714 5771 2782 5821 ita
2818 5768 2982 5822 multo
3016 5770 3151 5823 infra
3203 5770 3393 5839 legun-
