4088 6310
687 357 901 400 CCXIIII

2039 336 2551 395 PROLEGOMENA

691 471 776 516 ωι-
805 456 1019 530 (ρ.506)
1040 476 1053 510 :
1077 454 1302 527 Εἴρηται
1322 455 1514 519 ταῦτα,
1546 456 1639 509 καὶ
1655 456 1769 508 ἔστι
1800 455 2003 520 καλῶς,
2030 456 2105 520 ὡς
2129 456 2261 525 ἔστι,

2370 468 2657 528 ganteique
2680 476 2740 516 ac
2776 464 2998 533 copiose
3027 463 3303 533 probasset
3329 479 3511 519 vocem
3551 485 3569 518 ι
3608 467 3912 539 ingenitus:

688 551 802 612 τοῖς
849 545 1190 619 ἀπεριέργως
1246 546 1593 600 πιστεύουσιν
1630 548 1710 610 είς
1750 546 1914 612 Θεόν,
1952 558 2057 601 etc.
2104 549 2263 603 illaec

690 645 830 698 dicta
861 650 1006 707 sunt,
1039 648 1095 694 et
1131 653 1255 693 sum
1289 648 1456 705 recte,
1493 641 1651 694 siculi
1705 650 1852 706 sunt,
1890 639 1979 705 iis,
2030 641 2119 708 qui
2149 641 2264 695 sine

692 732 902 789 curiosa
933 732 1351 802 investigatione
1384 732 1609 787 credunt
1644 732 1694 784 in
1732 732 1920 797 Deum,
1947 750 1965 783 ι
2003 742 2109 787 etc.
2142 730 2263 787 llaec

694 831 838 886 enim
865 844 988 885 cum
1017 830 1153 899 lego,
1181 827 1482 884 Graeculum
1510 829 1894 884 balbutientem
1925 831 2114 884 audire
2136 830 2262 884 mihi

695 923 903 978 videor.
926 921 1079 976 Libet
1102 920 1302 975 referre
1337 932 1393 976 ct
1436 920 1546 987 illa,
1585 936 1703 989 qua:
1739 936 1859 975 mox
1876 920 2261 990 sequuntur-(p.

696 1014 821 1077 508)
846 1032 858 1066 :
876 1010 1035 1066 ’Δλλὰ
1050 1013 1140 1067 καὶ
1160 1010 1236 1082 τῷ
1253 1011 1406 1065 ὕδατι
1439 1011 1880 1084 συναριθμεῖσθαι
1898 1012 2029 1066 αὐτὸ
2045 1012 2169 1084 φῂς,
2192 1012 2266 1077 ὡς

695 1106 796 1177 τῆς
823 1104 1047 1169 κτίσεως
1074 1104 1152 1158 ὅν.
1196 1122 1214 1156 t
1247 1105 1351 1158 Sed
1376 1114 1572 1160 etcum
1605 1121 1740 1176 aqua
1768 1108 1905 1163 dicis
1925 1123 2050 1162 eum
2080 1124 2266 1162 nurne-

696 1198 806 1252 rari
856 1207 1112 1267 tanquam
1164 1197 1253 1264 qni
1301 1206 1563 1251 creatura:
1617 1198 1704 1252 sit.
1738 1216 1758 1251 ι
1811 1198 2154 1270 Interpretari
2198 1198 2265 1251 ad

695 1289 917 1343 verbum
978 1289 1149 1352 volui,
1214 1297 1273 1347 ,nt
1314 1290 1578 1345 sermonis
1624 1289 2020 1345 inconcinnitas
2062 1291 2265 1359 asperi-

697 1390 886 1451 tasque
913 1381 1168 1435 lectorem
1204 1378 1372 1448 magis
1408 1388 1639 1435 moveat.
1690 1379 1822 1434 Nam
1854 1381 2027 1436 libens
2058 1394 2265 1451 quaare-

697 1488 809 1527 rcin
844 1471 970 1541 quid
997 1471 1095 1525 sibi
1122 1470 1251 1525 velit
1281 1470 1432 1537 illud,
1473 1470 1561 1534 Ὠς
1591 1469 1689 1541 τῆς
1720 1471 1947 1535 κτίσεως
1976 1472 2056 1537 6v,
2096 1490 2114 1524 ι
2155 1482 2267 1525 tan-

695 1576 858 1632 quam
896 1558 984 1631 qui
1012 1568 1278 1615 creatura:
1318 1561 1422 1614 sit:
1450 1577 1469 1611 ι
1502 1568 1593 1613 aut
1639 1561 1818 1629 pntius
1850 1576 2163 1632 quaererem,
2195 1578 2262 1617 an

696 1656 958 1712 barbarus
1001 1664 1093 1710 aut
1128 1654 1329 1725 Scytha
1357 1654 1726 1710 inconcinnius
1762 1672 1993 1726 unquam
2017 1667 2070 1711 et
2100 1656 2262 1711 inele-

696 1748 911 1819 gantius
938 1747 1149 1803 locutus
1178 1747 1268 1803 sit.

766 1840 855 1894 67.
893 1840 1180 1895 Auctorem
1229 1838 1368 1893 male
1410 1837 1716 1907 loquentem
1766 1838 2027 1893 hactenus
2058 1838 2260 1893 audivi-

699 1949 819 1987 nius
849 1948 863 1986 :
899 1946 1040 1986 nunc
1070 1931 1317 1985 eumdem
1343 1929 1498 1999 pejus
1528 1928 1936 1984 ratiocinantem
1967 1933 2264 1987 audiamus.

695 2028 771 2080 tta
827 2026 987 2096 igitur
1037 2024 1306 2094 loquitur,
1366 2023 1452 2077 ubi
1508 2021 1744 2077 ostendit
1776 2034 1961 2077 vocem
2008 2021 2265 2091 ingenitus

696 2116 1055 2172 substantiam
1098 2116 1267 2183 ipsam
1316 2127 1425 2167 non
1472 2126 1629 2177 esse,
1673 2112 1765 2167 sed
1800 2127 1966 2167 unum
1998 2113 2265 2182 quoddam

697 2225 764 2263 ex
800 2207 1140 2272 nominibus,
1199 2220 1291 2261 seu
1338 2204 1554 2259 modum
1604 2206 1889 2272 quemdam
1936 2205 2263 2259 exsistendi:

696 2302 760 2355 El
786 2302 813 2355 6
843 2299 1023 2371 γνοὺς,
1056 2299 1138 2352 ὅτι
1172 2295 1463 2367 ἀγέννητὸς
1515 2296 1663 2347 ἐστιν
1714 2298 1741 2348 6
1785 2295 1937 2359 Θεὸς,
1983 2294 2011 2347 6
2055 2294 2108 2347 τί
2139 2295 2269 2347 ποτέ

696 2393 846 2446 ἐστιν
869 2390 897 2441 6
921 2387 1051 2452 Θεὸς
1081 2386 1324 2459 ἀκριϐῶς
1356 2385 1526 2452 ἔγνω,
1558 2380 1743 2455 μεῖζον
1767 2384 1823 2438 δὲ
1850 2384 2000 2438 οὐδέν
2032 2386 2145 2438 ἐστι
2176 2383 2268 2437 τοῦ

695 2484 786 2538 τὸν
815 2481 947 2536 Θεὸν
977 2480 1116 2534 κατὰ
1154 2480 1252 2550 τὴν
1298 2477 1462 2532 αὐτοῦ
1505 2478 1664 2547 φύσιν
1709 2477 1909 2548 γνῶναι
1930 2518 1945 2543 ,
1980 2477 2096 2533 ἀλλ’
2129 2476 2268 2548 α’ύτη

695 2577 844 2634 ιστὶν
881 2576 915 2647 ἡ
948 2571 1164 2637 αἰώνιος
1192 2571 1303 2644 ζωή
1328 2590 1340 2603 ·
1372 2574 1399 2626 6
1431 2571 1646 2636 διδάξας
1673 2573 1840 2641 ἡμᾶς,
1871 2571 1952 2624 ὅτι
1978 2570 2269 2641 ἀγέννητός

696 2671 844 2725 ἔστιν
875 2666 906 2719 6
937 2665 1090 2728 Θεὸς,
1139 2661 1339 2735 μείζων
1374 2662 1725 2735 εὑρεθήσεται
1764 2656 1836 2717 ὧν
1877 2664 1907 2716 6
1946 2662 2075 2728 Θεὸς
2117 2663 2268 2735 ἡτοί-

698 2777 840 2835 μασε
866 2760 979 2822 τοῖς
1013 2757 1300 2825 ἀγαπῶσιν
1348 2755 1529 2814 αὐτόν.
1575 2756 1824 2811 Ἐκείνων
1852 2757 1959 2829 γὰρ
1986 2758 2134 2811 οὐδὲν
2174 2758 2268 2812 δυ-

697 2856 856 2911 νατὸν
882 2854 1165 2927 ἄνθρωπον
1197 2853 1325 2907 ὄντα
1352 2852 1555 2921 γνῶναι
1574 2870 1585 2882 ·
1628 2845 1703 2904 ὧν
1743 2851 1864 2903 οὔτε
1893 2850 2163 2920 ὀφθαλμός
2189 2867 2270 2912 τις

697 2943 859 3011 εἷδεν,
896 2942 1019 2997 οὔτε
1043 2939 1135 3007 οὖς
1165 2945 1419 3013 ἧκουσεν,
1454 2940 1577 2993 οὔτε
1609 2941 1702 2994 ἐπὶ
1727 2940 1954 3011 καρδίαν
1982 2938 2269 3011 ἀνθρώπου

698 3036 887 3107 ἀνέὁη.
926 3036 1085 3089 Ἀλλὰ
1112 3036 1218 3107 μὴν
1244 3034 1338 3087 καὶ
1360 3031 1674 3106 ἁμαρτωλοὶ
1697 3034 1756 3087 τὸ
1782 3034 2075 3105 ἀγέννητος
2101 3034 2268 3105 ὄνομα

2366 551 2728 607 subStantiam
2764 554 2935 624 ipsam
2980 569 3085 610 non
3141 568 3280 621 esse,
3326 557 3421 611 sed
3458 556 3673 627 aliquod
3707 576 3913 628 nomen,

2364 650 2548 712 postea
2591 644 2654 698 de
2695 645 2881 699 eodem
2927 656 3244 715 argumento
3274 647 3326 701 in
3375 646 3513 702 libro
3548 661 3743 717 quarto
3787 656 3915 708 scri-

2362 735 2560 804 psisset
2609 737 2835 793 obscure
2880 750 3041 809 atque
3077 738 3445 810 ineleganter?
3479 741 3585 795 Sed
3637 757 3747 797 non
3791 760 3916 814 opus

2362 836 2444 881 est
2466 827 2666 882 nostris
2692 830 2892 896 verbis,
2926 829 3322 885 utostendatur
3339 846 3525 885 eorum
3561 847 3682 901 quae
3708 834 3760 887 in
3789 837 3917 891 libro

2363 919 2538 985 primo
2568 929 2622 973 et
2658 930 2851 988 quarto
2883 922 3127 991 leguntur
3152 936 3256 975 non
3281 937 3444 975 unum
3464 929 3518 976 et
3544 924 3795 977 eumdem
3828 940 3913 979 au-

2364 1019 2569 1063 ctorem
2603 1025 2762 1066 esse:
2804 1014 2897 1065 sed
2934 1014 3065 1068 satis
3113 1022 3217 1078 est,
3250 1013 3295 1069 si
3340 1013 3473 1066 alter
3505 1012 3655 1069 locus
3684 1030 3808 1069 cum
3849 1016 3919 1069 al-

2366 1110 2482 1157 tero
2506 1111 2867 1171 comparetur.
2895 1102 3025 1157 Nam
3070 1105 3468 1160 eruditissimus
3507 1107 3741 1174 quisque
3771 1116 3829 1160 ut
3870 1108 3918 1160 in

2366 1195 2535 1263 primo
2569 1194 2708 1249 libro
2747 1194 3042 1249 masculum
3092 1195 3359 1266 quoddam
3392 1197 3604 1253 dicendi
3642 1212 3813 1268 genus
3836 1199 3921 1253 mi-

2366 1288 2593 1354 rabitur,
2643 1288 2714 1341 ita
2756 1287 2811 1343 in
2840 1295 3036 1358 quarto
3063 1288 3266 1345 debiles
3296 1289 3554 1359 quasdam
3598 1289 3921 1345 ratiunculas

2366 1382 2490 1439 huic
2537 1382 2787 1453 scriptori
2843 1382 3238 1452 perfamiliares
3290 1383 3551 1440 fastidiet.
3578 1383 3748 1439 Paulo
3790 1384 3919 1438 infra

2365 1492 2487 1529 eum
2537 1493 2693 1546 quem
2743 1479 2902 1532 citavi
2953 1476 3150 1543 locum,
3206 1480 3456 1550 leguntur
3497 1479 3586 1533 illa
3643 1479 3723 1548 (p.
3753 1478 3919 1548 286):

2366 1570 2427 1622 Ei
2456 1568 2710 1623 ἐλάττονα
2731 1573 2758 1625 6
2785 1570 2917 1634 Θεὸς
2946 1571 3294 1641 δημιουργεῖν
3313 1573 3411 1624 οὐκ
3442 1570 3677 1641 ἠδύνατο
3697 1570 3791 1623 τοῦ
3810 1568 3922 1632 ἑνὸς

2365 1660 2517 1725 Υίοῦ,
2548 1660 2635 1714 διὰ
2662 1661 2721 1714 τὸ
2753 1661 2825 1733 μὴ
2856 1660 3174 1732 πεφυκέναι,
3214 1661 3333 1714 οὐδὲ
3370 1664 3398 1714 6
3437 1662 3564 1725 Υἱὸς
3598 1662 3709 1732 ἄρα
3738 1660 3919 1731 διάφοσ

2370 1771 2437 1825 ρα
2478 1754 2890 1824 δημιουργήσει,
2944 1753 3079 1810 ἀλλὰ
3110 1752 3168 1809 ἓν
3209 1770 3279 1807 τι.
3320 1772 3339 1805 ι
3386 1754 3443 1808 Si
3484 1753 3624 1809 Deus
3663 1754 3919 1824 pauciora

2368 1860 2475 1901 uno
2508 1845 2645 1901 Filio
2689 1847 2921 1903 condere
2955 1862 3060 1902 non
3102 1855 3349 1917 poterat,
3385 1847 3527 1916 quod
3572 1856 3780 1901 natura
3815 1859 3923 1901 suae

2368 1952 2474 1993 non
2512 1936 2804 1994 convenit:
2844 1936 3006 2007 igitur
3038 1954 3136 1995 nec
3166 1939 3335 1995 Filius
3358 1940 3551 1994 condet
3580 1938 3923 2003 diversa,sed

2366 2040 2530 2080 unum
2576 2026 2725 2097 quid.
2771 2044 2791 2079 ι
2836 2024 2962 2081 Haec
3003 2031 3276 2096 quomodo
3325 2028 3464 2083 inter
3494 2042 3551 2082 se
3595 2026 3922 2087 cohaereant,

2367 2118 2505 2174 alius
2547 2120 2765 2175 viderit.
2820 2118 2917 2174 His
2968 2120 3285 2191 suljungam
3330 2122 3418 2175 illa
3463 2120 3538 2193 (p.
3580 2118 3712 2189 291)
3740 2137 3753 2172 :
3781 2116 3930 2172 Είτὺ

2368 2210 2580 2281 θέλημα
2622 2209 2714 2264 τοῦ
2757 2211 2969 2282 Πατρός
3010 2212 3144 2277 ἐστι,
3171 2212 3232 2265 τὸ
3253 2213 3522 2267 πιστεύειν
3559 2213 3710 2284 ἡμᾶς
3737 2211 3818 2276 εἰς
3839 2209 3929 2265 τὸν

2370 2302 2498 2356 Υἱὸν
2528 2301 2691 2357 αὐτοῦ
2732 2304 2936 2376 (Τοῦτο
2977 2303 3087 2375 γάρ
3131 2304 3261 2358 ἐστι
3297 2304 3363 2358 τὸ
3397 2305 3623 2375 θέλημα
3655 2305 3763 2359 τοῦ
3789 2304 3931 2373 πέμ-

2368 2394 2599 2462 ψαντός
2616 2413 2711 2465 με,
2746 2397 2846 2451 Ira
2886 2395 3006 2464 πᾶς
3036 2399 3070 2450 d
3102 2392 3334 2465 θεωρῶν
3361 2396 3467 2449 τὸν
3512 2397 3666 2461 flor,
3709 2396 3809 2451 καί
3838 2411 3927 2449 πι-

2368 2471 2599 2540 στεύων
2626 2490 2710 2553 εὶς
2739 2487 2941 2554 αὐτὸν,
2977 2487 3089 2557 ἔχῃ
3117 2484 3270 2554 ζωὴν
3297 2484 3577 2552 αἰώνιον),
3619 2487 3720 2541 οὐκ
3752 2488 3819 2541 ἐκ
3846 2485 3931 2539 θε·

2369 2578 2607 2649 λήματος
2639 2580 2667 2631 6
2695 2579 2839 2642 Υἱὸς,
2884 2580 3004 2633 ἐπεὶ
3048 2581 3107 2633 τὸ
3149 2579 3423 2634 πιστεύειν
3454 2582 3604 2653 ἡμᾶς
3626 2581 3706 2646 εἰς
3745 2579 3929 2643 αὐτὸν,

2368 2670 2401 2741 ἢ
2437 2671 2533 2725 σὺν
2558 2667 2726 2740 αὐτῷ,
2757 2668 2790 2739 ἢ
2817 2668 2923 2739 πρὸ
2948 2669 3111 2721 αὑτοῦ
3158 2670 3489 2740 εὑρίσκεται.
3532 2690 3551 2723 s
3588 2670 3643 2725 Si
3679 2672 3931 2724 voluntas

2369 2761 2542 2819 Patris
2576 2771 2680 2827 est,
2715 2769 2774 2815 ut
2814 2774 2911 2816 nos
2945 2761 2996 2814 in
3042 2759 3159 2829 ejus
3199 2760 3393 2816 Filium
3452 2763 3741 2817 credamus
3782 2758 3934 2830 (Hic:

2368 2864 2440 2907 est
2464 2854 2598 2907 enim
2620 2852 2863 2909 voluntas
2894 2852 3012 2921 ejus
3036 2851 3123 2920 qui
3152 2865 3233 2902 me
3264 2851 3426 2914 misit,
3452 2863 3507 2904 ut
3533 2853 3703 2904 omnis
3731 2852 3822 2920 qui
3869 2852 3933 2904 tti-

2366 2946 2449 3001 det
2487 2944 2686 3000 Filium
2709 2986 2723 3009 ,
2761 2955 2806 2998 et
2829 2944 2997 2998 credit
3023 2945 3077 2998 in
3111 2944 3307 3013 ipsum.
3350 2942 3533 2996 habeat
3574 2943 3736 2995 vitam
3781 2951 3927 2996 cter-

2370 3037 2589 3109 nam“),
2633 3051 2739 3091 non
2789 3044 2969 3091 tamen
3007 3047 3089 3092 est
3117 3050 3182 3091 ex
3209 3035 3483 3091 voluntate
3507 3033 3934 3105 Filius:quippe

702 3130 961 3199 ἥκουσαν.
982 3126 1055 3179 Τὸ
1078 3124 1260 3197 μεῖζον
1280 3120 1374 3179 οὖν
1392 3125 1427 3196 ἦ
1442 3125 1508 3178 δι’
1532 3124 1722 3178 ἑαυτοῦ
1738 3125 1770 3194 ἢ
1786 3125 1850 3177 δι’
1869 3124 2055 3194 ἑτέρου
2080 3126 2108 3175 6
2139 3124 2266 3188 Θεὸς

2371 3129 2592 3183 credere
2620 3141 2717 3182 nos
2750 3125 2803 3179 in
2832 3126 3029 3195 ipsum,
3059 3139 3150 3182 aut
3178 3143 3298 3182 cum
3330 3129 3464 3198 ipso,
3492 3136 3584 3182 aut
3606 3135 3733 3182 ante
3761 3127 3936 3197 ipsum

701 3220 826 3281 τοὺς
849 3217 1205 3288 ἁμαρτωλοὺς
1220 3214 1457 3279 διδάξας,
1475 3215 1537 3266 τὸ
1550 3208 1710 3285 ἦττον
1739 3214 1832 3265 καὶ
1850 3213 2014 3283 μηδὲν
2033 3214 2112 3277 εἰς
2126 3213 2266 3286 ζωὴν

2378 3217 2664 3273 invenitur.
2704 3234 2723 3269 ι
2759 3214 2888 3282 Quae
2914 3216 3077 3269 verba
3105 3216 3233 3284 quid
3263 3218 3365 3271 sib‘i
3399 3220 3583 3283 velint,
3610 3234 3677 3273 ne
3715 3218 3933 3288 Mopsus

700 3308 915 3365 αἰώνιον
955 3307 1239 3361 συντελοῦν
1282 3309 1393 3370 τοῖς
1426 3305 1653 3371 δικαίοις
1698 3304 1947 3377 ἐφύλαξε.
1996 3307 2106 3361 Καὶ¹
2151 3307 2267 3371 πῶς

700 3403 801 3456 οὐκ
823 3400 1053 3467 ἄτοπονς
1094 3418 1113 3453 ι
1137 3397 1195 3455 Si
1221 3398 1268 3456 is
1300 3399 1395 3468 qui
1424 3398 1676 3468 cognovit
1710 3398 1876 3454 Deum
1899 3411 2018 3454 esse
2060 3397 2266 3468 ingeni-

705 3508 842 3561 tum,
875 3492 1001 3561 quid
1036 3493 1250 3546 tandem
1280 3491 1354 3547 sit
1390 3488 1531 3546 Deus
1564 3497 1817 3545 accurate
1848 3487 2121 3561 cognovit,
2149 3503 2268 3543 rur-

705 3599 798 3640 sus
848 3583 893 3639 si
935 3581 1065 3636 nihil
1098 3578 1269 3648 majus
1291 3590 1375 3636 est
1400 3594 1560 3650 quam
1593 3580 1758 3635 Deum
1797 3579 2089 3635 secundum
2118 3587 2268 3632 natu-

703 3692 821 3732 ram
845 3674 1013 3747 ipsius
1039 3683 1386 3742 cognoscere,
1421 3669 1533 3723 imo
1558 3670 1603 3723 si
1637 3670 1750 3722 tunc
1778 3678 1862 3723 est
1891 3672 1997 3722 vita
2030 3678 2263 3722 aeterna:

704 3769 797 3841 qui
843 3782 943 3823 nos
982 3764 1165 3820 docuit
1202 3761 1496 3833 ingenitum
1525 3771 1646 3815 esse
1681 3758 1845 3813 Deum
1866 3796 1882 3822 ,
1916 3757 1962 3813 is
1993 3757 2162 3825 major
2190 3758 2271 3811 in-

703 3859 950 3916 venietur
1006 3857 1073 3914 iis
1126 3871 1246 3927 quae
1306 3854 1445 3910 Deus
1500 3853 1843 3924 diligentibus
1902 3852 2075 3921 ipsum
2133 3864 2271 3920 pra:-

701 3952 932 4024 paravit.
975 3949 1105 4004 Nam
1154 3948 1269 4003 ﬁeri
1317 3962 1421 4001 non
1472 3956 1645 4016 potest
1690 3956 1749 4001 ut
1786 3950 1948 4002 homo
1976 3944 2267 4017 quidquam

702 4049 990 4115 cognoscat
1046 4053 1253 4105 eorum,
1301 4052 1419 4109 qua
1470 4051 1569 4092 nec
1603 4038 1793 4093 oculus
1819 4038 1971 4103 vidit,
2020 4052 2121 4094 nec
2169 4052 2269 4093 au-

703 4138 781 4191 ris
841 4132 1081 4195 audivit,
1131 4146 1251 4203 qua:
1299 4145 1399 4187 nec
1445 4129 1501 4185 in
1562 4142 1657 4185 cor
1725 4126 1959 4183 hominis
2008 4129 2268 4185 ascende!

703 4236 831 4285 runt
861 4225 928 4280 ⁶¹.
979 4223 1140 4292 Atqui
1187 4230 1496 4293 peccatores
1541 4220 1704 4274 etiam
1757 4229 1951 4273 nomen
2004 4217 2271 4285 ingenitus

705 4319 979 4373 audivere.
1037 4315 1188 4382 Quod
1238 4315 1402 4384 igitur
1449 4310 1623 4378 majus
1671 4319 1775 4379 est,
1832 4310 1884 4364 id
1943 4317 2037 4361 ant
2080 4321 2177 4378 per
2212 4321 2272 4362 se

706 4410 881 4479 ipsum
914 4412 1008 4460 aut
1036 4417 1132 4473 per
1162 4402 1324 4456 alium
1360 4400 1500 4457 Deus
1526 4411 1838 4471 peccatores
1867 4400 2047 4455 docuit
2081 4413 2096 4452 :
2130 4396 2270 4468 quod

2374 3310 2590 3379 quidem
2618 3317 2713 3363 aut
2753 3305 2991 3377 (Edipus
3039 3304 3217 3369 facile,
3257 3307 3469 3373 opinor,
3514 3310 3798 3361 divinaril.
3826 3310 3936 3361 Au-

2373 3412 2488 3458 ctor
2516 3403 2581 3457 de
2611 3400 2883 3457 Abraham
2911 3398 3155 3468 loquens,
3190 3396 3270 3453 sic
3301 3396 3579 3466 scribit(p.
3602 3396 3730 3467 514)
3751 3414 3765 3450 :
3786 3396 3939 3451 Ἐπί‹

2375 3510 2561 3547 στευσε
2588 3492 2645 3546 δὲ
2672 3490 2921 3563 Ἀϐραὰμ
2941 3490 3019 3561 τῷ
3042 3487 3180 3562 Θεῷ,
3203 3488 3521 3543 ἐπίστευσεν
3539 3486 3615 3552 ὡς
3636 3487 3823 3552 αὐτὸς,
3847 3489 3941 3541 καὶ

2372 3587 2471 3640 οὐκ
2499 3586 2794 3657 ἠπίστησεν
2817 3584 2893 3649 ὡς
2923 3585 3098 3655 ὑμεῖς.
3127 3602 3147 3636 ι
3181 3582 3419 3639 Credidit
3451 3593 3629 3637 autem
3660 3581 3938 3637 Abraham

2374 3680 2505 3745 Deo,
2530 3678 2761 3735 credidit
2791 3689 2849 3733 ut
2874 3680 3018 3748 ipse,
3046 3692 3146 3733 nec
3173 3675 3482 3732 incredulus
3525 3674 3626 3731 fuit
3668 3684 3729 3732 ut
3760 3690 3881 3731 vos.
3916 3692 3938 3725 ι

2375 3770 2489 3827 Non
2516 3770 2667 3825 valde
2700 3770 2983 3824 admodum
3022 3768 3205 3823 dubito
3242 3767 3368 3835 quin
3399 3768 3502 3833 vir,
3535 3783 3654 3822 cum
3682 3768 3763 3825 sic
3792 3768 3941 3824 loru-

2376 3873 2462 3917 tus
2499 3870 2604 3927 est,
2633 3874 2732 3929 pro
2772 3858 3067 3915 salsissimo
3090 3858 3354 3930 scriptore
3395 3867 3451 3913 et
3492 3856 3813 3912 acutissimo
3845 3857 3939 3910 ha-

2374 3951 2488 4009 beri
2544 3949 2805 4015 voluerit;
2875 3950 2969 4005 sed
3023 3961 3216 4003 vereor
3269 3961 3359 4012 ne,
3398 3961 3519 4001 cum
3548 3945 3653 4000 sibi
3700 3946 3937 3999 maxime

2374 4043 2592 4112 placuit,
2626 4043 2744 4097 aliis
2784 4052 2837 4096 et
2874 4040 3099 4109 frigidus
3146 4050 3201 4093 et
3243 4038 3455 4105 ineptus
3499 4049 3623 4091 esse
3668 4034 3938 4088 videatur.

2374 4134 2636 4190 Praeclara
2672 4140 2800 4187 sunt
2834 4144 2953 4199 quae
2987 4128 3170 4183 videre
3202 4138 3283 4183 est
3308 4130 3586 4196 aliquanto
3618 4133 3765 4177 ante.
3802 4123 3942 4177 Sunt

2375 4236 2553 4280 autem
2592 4220 2856 4290 ejusmodi
2885 4217 2959 4290 (p.
2986 4215 3112 4286 512)
3144 4235 3157 4269 :
3193 4216 3261 4268 Ἢ
3289 4214 3363 4277 ὡς
3393 4215 3519 4267 ὅταν
3541 4211 3651 4265 ἀπὸ
3691 4212 3941 4283 ὖδατοςῆ

2375 4316 2521 4371 λίθου
2557 4314 2687 4387 πῦρ,
2720 4312 2752 4383 ἢ
2779 4310 2943 4383 ἄλλης
2977 4308 3120 4371 τινὸς
3149 4307 3279 4378 ὕλης
3315 4305 3570 4368 ὡσαύτως
3597 4305 3659 4357 τὸ
3700 4304 3943 4359 τοιοῦτον

2376 4410 2598 4481 γένηται
2627 4407 2755 4479 πῦρ.
2797 4423 2816 4456 ι
2851 4405 2960 4458 Aut
2996 4403 3134 4455 sicut
3181 4415 3302 4456 cum
3352 4414 3420 4456 ex
3447 4413 3583 4467 aqua
3628 4406 3722 4451 aut
3760 4397 3944 4469 lapide

704 4512 834 4555 vero
867 4497 1047 4553 minus
1079 4501 1163 4550 est
1190 4491 1432 4560 nihilque
1463 4493 1529 4547 ad
1562 4492 1726 4547 vitam
1748 4502 2003 4549 aeternam
2032 4490 2267 4553 confert,
2298 4518 2345 4573 ι)
2381 4501 2536 4567 ignis,
2576 4508 2670 4553 aut
2712 4513 2776 4553 ex
2831 4496 2935 4550 alia
2980 4494 3167 4563 quavis
3201 4492 3453 4559 materia,
3506 4490 3759 4546 similiter
3805 4491 3943 4561 ignis

706 4592 757 4645 id
785 4589 951 4659 justis
1001 4586 1255 4643 servavit.
1309 4583 1373 4638 Et
1403 4583 1668 4653 quomodo
1697 4583 1799 4638 hoc
1824 4584 2115 4639 absurdum
2163 4599 2268 4639 non

705 4677 830 4734 est?
864 4694 884 4730 ι
920 4676 1066 4741 Haec,
1096 4674 1198 4729 etsi
1220 4671 1803 4743 longiora,exscribcre
1822 4688 1922 4727 non
1957 4675 2142 4743 piguit,
2168 4688 2275 4742 quo

708 4772 880 4838 magis
910 4770 1195 4823 character
1222 4766 1502 4835 scriptoris
1545 4765 1847 4820 innotescat
1878 4776 1932 4819 et
1977 4767 2271 4835 ingenium.

707 4860 845 4929 Quid
890 4858 1062 4930 magis
1089 4858 1141 4911 in
1182 4858 1265 4911 his
1295 4857 1475 4909 mirari
1508 4858 1737 4920 subeat,
1773 4857 1977 4923 nescio,
2010 4858 2271 4912 inutilita-

709 4965 815 5011 tem
843 4967 911 5006 an
956 4949 1251 5018 ineptiam?
1282 4946 1441 5013 Quid,
1471 4962 1674 5014 quaeso,
1708 4958 1815 5003 tam
1851 4947 2071 5002 verbosa
2106 4949 2270 5003 ratio-

709 5045 909 5101 cinatio
949 5041 1014 5095 ad
1068 5055 1178 5096 rem
1222 5039 1382 5095 facit?
1434 5036 1573 5100 Quid
1620 5051 1838 5093 causam
1887 5038 2085 5109 juvat?
2128 5038 2267 5106 Quid

710 5138 871 5191 habet
894 5132 1187 5188 momenti?
1208 5129 1402 5185 Verbis
1423 5129 1590 5199 ipsius
1618 5128 1899 5197 scriptoris
1924 5136 2066 5193 utar,
2095 5146 2113 5180 ι
2138 5144 2269 5199 quo-

710 5224 866 5279 modo
912 5224 1015 5276 hoc
1062 5220 1351 5275 absurdum
1395 5234 1498 5275 non
1554 5218 1675 5275 est?
1708 5238 1726 5271 ι
1771 5219 1950 5290 Neque
1996 5221 2268 5289 indignum

708 5326 849 5385 puto.
889 5314 1030 5382 quod
1076 5322 1317 5374 notetur,
1361 5313 1578 5365 tractari
1608 5324 1822 5381 quoque
1851 5312 1901 5367 in
1935 5313 2109 5384 primo
2132 5312 2269 5367 libro

710 5408 812 5461 hoc
856 5406 994 5460 idem
1022 5411 1397 5469 argumentum
1440 5406 1516 5471 (p.
1548 5402 1644 5456 221
1694 5412 1747 5457 et
1783 5407 1991 5474 seqq.),
2023 5404 2271 5458 videlicet

710 5512 896 5553 vocem
936 5512 953 5548 ι
992 5496 1261 5564 ingenitus
1294 5514 1312 5542 ι
1357 5494 1710 5549 substantiam
1753 5494 1920 5564 ipsam
1976 5510 2080 5549 non
2126 5510 2265 5557 esse,

709 5591 804 5644 scd
834 5602 1027 5642 nomen
1060 5587 1346 5655 quoddam.
1367 5586 1457 5645 At.
1488 5600 1687 5654 quaeso,
1720 5586 1847 5656 quid
1877 5586 2063 5643 fuisset
2090 5587 2267 5641 homi-

711 5684 797 5738 nis
826 5679 1073 5743 Basilius,
1102 5677 1168 5739 si,
1208 5687 1488 5747 postquam
1521 5676 1571 5731 in
1595 5679 1768 5747 primo
1803 5678 1939 5737 libro
1979 5678 2122 5735 clare
2148 5678 2256 5733 ele-

782 5797 825 5832 “
856 5794 877 5850 ι
909 5793 1032 5848 Cor.
1066 5807 1127 5857 tt,
1164 5791 1218 5847 9.
1305 5794 1347 5827 “
1375 5792 1530 5849 Joan.
1559 5794 1740 5861 vi,40.

2376 4593 2544 4645 tieret.
2584 4608 2603 4641 ι
2642 4590 2865 4656 Reliqua
2905 4586 3119 4655 quidem
3144 4601 3251 4641 non
3278 4585 3652 4641 incommode:
3680 4582 3777 4638 sed
3810 4594 3943 4654 puto

2372 4679 2642 4738 hominem
2682 4680 2876 4735 mentis
2916 4690 3216 4755 compotem
3274 4694 3379 4733 non
3420 4677 3607 4739 fuisse,
3660 4676 3705 4730 si
3758 4678 3851 4732 cui
3885 4690 3942 4729 se

2374 4775 2473 4829 hoc
2499 4774 2731 4844 probare
2754 4784 2909 4839 posse
2936 4774 3251 4841 speraverit,
3285 4770 3533 4825 videlicet
3554 4770 3669 4825 ﬁeri
3700 4784 3769 4823 ex
3801 4782 3941 4838 aqua

2372 4866 2572 4935 ignem.
2631 4863 2780 4918 Unus
2819 4865 3059 4919 omnium
3107 4861 3450 4918 felicissimus
3496 4871 3580 4918 est
3622 4860 3861 4917 Basilius
3890 4859 3942 4914 in

2373 4952 2658 5026 seligendis
2688 4954 2948 5023 exemplis
2975 4954 3117 5023 aptis
3146 4969 3159 5005 :
3198 4950 3288 5021 qui
3317 4960 3447 5026 ergo
3480 4950 3595 5007 ﬁeri
3644 4951 3849 5019 potuit,
3886 4962 3944 5006 ut

2374 5024 2621 5112 exemplo
2645 5051 2752 5096 tam
2782 5042 2963 5113 inepto
2995 5052 3215 5109 tamque
3242 5024 3477 5096 absurdo
3509 5053 3637 5094 usus
3665 5037 3774 5094 sit?
3809 5040 3941 5110 Qua:

2376 5144 2553 5191 autem
2584 5132 2743 5189 fuerit
2776 5134 3053 5204 scriptoris
3092 5132 3365 5205 diligentia
3388 5173 3405 5199 ,
3435 5129 3586 5201 quasi
3614 5134 3940 5202 prateriens

2376 5230 2660 5283 adnotabo.
2683 5228 2773 5283 Sic
2797 5230 2963 5297 igitur
2984 5226 3171 5281 scribit
3192 5225 3266 5297 (p.
3284 5223 3409 5291 518)
3430 5241 3443 5275 :
3462 5222 3570 5277 Καὶ
3592 5223 3694 5299 τῆς
3712 5223 3941 5296 Μαρίας

2374 5319 2665 5389 λεγούσηςο
2709 5320 2861 5373 Κατὰ
2909 5318 2960 5370 τί
3000 5317 3276 5389 γνώσομαι
3316 5314 3491 5380 τοῦτο,
3530 5318 3650 5370 ἐπεὶ
3672 5315 3851 5387 ἄνδρα
3879 5317 3941 5374 οὐ

2376 5413 2655 5478 γινώσκω;
2696 5429 2713 5461 ι
2768 5411 2831 5464 Et
2861 5426 2980 5463 cum
3026 5409 3191 5463 Maria
3226 5408 3429 5462 diceret
3472 5424 3488 5462 :
3531 5405 3815 5474 Quomodo
3847 5422 3937 5463 co-

2373 5517 2624 5571 gnoscam
2644 5502 2806 5563 istud.
2831 5501 3257 5571 quandoquidem
3280 5499 3450 5554 virum
3474 5514 3579 5555 non
3596 5498 3934 5567 cognosco?!

2374 5590 2572 5646 Ultima
2607 5593 2791 5653 verba,
2832 5609 2849 5641 ι
2889 5589 3331 5659 Quandoquidem
3381 5590 3555 5643 virum
3586 5602 3691 5642 non
3731 5602 3939 5659 cogno-

2367 5697 2479 5748 sco,
2502 5701 2521 5736 ι
2546 5681 2723 5739 Mariae
2751 5682 2966 5753 quidem
2982 5696 3099 5737 esse
3130 5694 3288 5738 nemo
3315 5679 3649 5737 inﬁciabitur
3678 5678 3768 5752 (ex
3798 5678 3935 5735 Luc.
