4088 6310
1318 331 1381 382 D.
1422 332 1559 385 JUL.
1600 330 1919 386 GABNERII
1958 334 2341 388 PREFATIO.

3162 357 3394 395 εεκιιιιι

183 452 230 507 ι,
261 440 352 512 δι)
386 460 399 495 :
434 443 527 495 sed
555 441 763 508 priora,
796 459 814 492 ι
848 440 1123 507 Quomodo
1177 452 1500 507 cognoscam
1535 442 1693 502 istud,
1727 458 1743 488 ι
1779 444 1824 496 Α
1854 443 1944 505 qui
1977 444 2074 496 hos
2113 443 2276 495 libros
2303 444 2501 499 Basilio
2532 447 2791 509 tribuunt,
2825 464 2918 502 cur
2939 448 3025 502 hic
3055 447 3210 502 aliter
3242 466 3401 517 quam

178 528 462 586 Zacharia:
487 542 609 583 esse
638 538 851 585 constat
872 543 936 582 ex
967 526 1094 582 Luc.
1127 544 1163 590 ι,
1199 528 1283 581 18.

250 623 343 678 68.
382 620 655 681 Hactenus
698 625 812 678 loca
856 620 1120 690 quaedam,
1169 633 1288 690 qua:
1331 619 1565 687 phrasim
1598 618 1744 675 Basi-

176 716 389 771 lianam
425 715 605 771 minus
627 714 861 782 sapiant,
891 712 1174 767 retulimus
1207 730 1219 764 :
1251 726 1395 765 nunc
1426 724 1585 764 voces
1610 715 1743 765 mul-

179 818 287 868 tas,
324 819 460 875 quas
491 807 543 860 in
582 803 825 874 genuinis
875 800 1058 857 Basilii
1097 801 1351 869 operibus
1391 800 1615 856 inveniri
1640 818 1742 857 non

177 906 457 965 putamus,
491 899 577 951 hic
602 893 763 949 simul
786 909 1077 967 congerere
1107 892 1259 947 nobis
1291 897 1618 964 propositum
1639 906 1740 949 est.

182 988 302 1043 Vox
336 989 487 1055 θέσις
522 988 699 1058 prima
744 991 994 1045 occurrit.
1029 987 1167 1041 Nihil
1214 997 1358 1043 certe
1400 1002 1460 1039 ea
1499 1002 1629 1043 voce
1661 989 1741 1041 fa-

177 1081 451 1137 miliarius
486 1088 569 1134 est
604 1080 880 1151 scriptori,
915 1093 1011 1147 pro
1039 1093 1103 1133 eo
1136 1081 1275 1149 quod
1307 1088 1427 1134 εει(
1452 1078 1686 1147 adoptio.
1716 1099 1734 1134 ι

179 1170 574 1243 Frequentiora
610 1183 734 1229 sunt
757 1172 1023 1237 exernpla,
1062 1185 1216 1237 quam
1248 1180 1306 1223 ut
1333 1169 1507 1239 aliqua
1536 1170 1587 1222 in
1627 1185 1739 1224 tne-

178 1266 327 1317 dium
360 1262 605 1332 proferre
640 1277 860 1319 necesse
884 1263 974 1316 sit.
1012 1261 1284 1330 Nusquam
1311 1260 1736 1328 tamen,opinor,

175 1371 240 1408 ea
308 1369 412 1407 vox
466 1371 564 1425 pro
627 1354 909 1423 adoptione
964 1354 1017 1409 in
1073 1353 1308 1409 sinceris
1362 1368 1423 1408 ac
1474 1353 1740 1422 germanis

176 1446 363 1499 Basilii
398 1446 549 1500 libris
576 1452 881 1515 usurpatur.
913 1444 1108 1501 Vocem
1131 1444 1385 1507 υἱοθεσία,
1432 1460 1536 1499 non
1555 1456 1737 1497 vocem

173 1537 351 1602 θέσις,
391 1551 457 1593 εο
500 1536 771 1592 intellectu
820 1534 1075 1590 adbibere
1102 1537 1235 1590 solet
1277 1548 1460 1590 orator
1485 1534 1736 1605 optimus.

173 1625 339 1683 Certe
379 1628 423 1682 si
457 1628 613 1691 alias,
645 1624 873 1678 maxime
913 1623 965 1675 in
1022 1622 1158 1676 libro
1208 1622 1282 1675 De
1312 1623 1515 1689 Spiritu
1558 1636 1735 1679 sancto

171 1729 228 1773 et
270 1720 323 1772 in
365 1718 541 1770 tribus
574 1714 761 1783 primis
796 1715 849 1767 in
897 1710 1209 1767 Eunomium
1235 1713 1387 1768 libris
1428 1730 1617 1771 nomen
1651 1712 1735 1766 Θέ-

1853 528 2059 583 solebat
2088 530 2298 584 locutus
2322 531 2411 592 sit,
2454 550 2616 600 seque
2664 535 2745 584 sui
2781 536 3095 588 dissimilem
3141 538 3405 603 praestite-

1848 617 1937 670 rit.
1975 616 2105 671 lllnd
2135 622 2209 691 (p.
2245 619 2369 688 505)
2398 623 2543 673 ;Κα“ι
2560 625 2617 676 τὸ
2652 622 2738 675 διὰ
2768 623 2894 674 Υἱοῦ
2919 624 3214 696 πεφηνέναι
3240 625 3407 693 σαφὲς

1850 706 2166 778 πεποίηκεν.
2195 731 2212 763 ι
2244 710 2310 765 Ει
2330 725 2423 780 per
2446 710 2635 765 Filium
2670 713 2935 769 effulsisse
2960 715 3160 769 clarum
3195 714 3347 780 fecit,
3381 735 3399 767 ι

1848 800 2061 853 videtur
2118 804 2248 858 mihi
2300 817 2407 859 non
2466 818 2652 869 parum
2702 822 2729 859 a
2780 805 3047 860 Basiliana
3098 808 3404 878 eloquentia

1860 893 2115 946 alienum.
2144 892 2254 950 Hac
2282 895 2491 972 dicendi
2527 895 2773 962 formula,
2806 899 2973 969 σαφὲς
3007 900 3291 971 πεποίηκε»
3311 915 3405 972 Ρα-

1850 985 1947 1036 tuit
1980 984 2052 1038 uti
2093 985 2321 1054 scriptor
2350 967 2674 1051 indisertus,
2724 1004 2827 1041 non
2861 967 3090 1047 Basilius
3127 967 3400 1048 oratorum

1848 1076 2258 1132 disertissimus.
2317 1078 2763 1147 Peregrinitatem
2823 1080 2931 1134 olet
2996 1085 3127 1139 illud
3192 1096 3405 1151 quoque

1845 1167 1918 1235 (p.
1955 1166 2075 1235 507)
2108 1185 2121 1221 :
2161 1167 2450 1239 Ἐκπομπῇ
2491 1169 2600 1241 γὰρ
2630 1170 2722 1223 καὶ
2776 1168 3051 1238 μεταδόσει
3090 1173 3405 1245 Πνεύματος

1842 1258 1910 1312 τὰ
1944 1260 2201 1331 γινόμενα
2234 1260 2459 1330 γίνεται.
2499 1280 2519 1312 r
2553 1262 2683 1315 Nam
2738 1279 2858 1334 quas
2907 1264 3061 1332 fiunt,
3116 1268 3403 1323 emissione

1841 1358 2001 1417 atque
2057 1351 2471 1419 participatione
2525 1349 2755 1419 Spiritus
2810 1356 2960 1408 fiunt.
2993 1372 3012 1404 ι
3060 1351 3126 1407 Ει
3171 1370 3314 1421 vero,
3356 1362 3399 1414 si

1842 1440 1976 1494 bene
2011 1442 2388 1508 commemini,
2422 1456 2550 1496 voce
2586 1445 2841 1516 ἐκπομπή
2896 1460 3001 1502 non
3050 1446 3220 1500 utitur
3255 1447 3403 1504 Basi-

1840 1531 1959 1585 lius.
2005 1530 2157 1586 Haud
2204 1534 2408 1600 prOCttl,
2446 1534 2510 1588 de
2563 1533 2761 1589 Davide
2804 1536 3023 1605 loquens
3078 1548 3268 1593 auctor
3325 1539 3403 1592 sic

1838 1624 2023 1678 scribit
2056 1623 2131 1691 (p.
2160 1622 2282 1695 509)
2315 1616 2328 1678 ἑ
2360 1625 2483 1679 Οὐδ’
2506 1624 2571 1679 ἂν
2601 1623 2699 1696 τὴν
2717 1624 2808 1677 τοῦ
2850 1626 3159 1697 Πνεύματος
3197 1645 3404 1701 παρουο

1840 1715 1979 1780 σίαν,
2014 1712 2197 1767 δούλου
2224 1716 2317 1768 καὶ
2345 1717 2641 1787 κτίσματος
2673 1717 2842 1782 ὄντος,
2876 1720 2967 1771 ἐπὶ
3001 1720 3177 1773 πάντα
3195 1720 3402 1791 διήκειν

172 1825 260 1871 σις
294 1823 321 1860 a
352 1805 555 1860 Basilio
593 1808 837 1874 usurpari
874 1806 1149 1871 debuerat,
1181 1814 1302 1859 cum
1335 1805 1385 1858 in
1420 1804 1482 1861 iis
1510 1806 1577 1861 de
1610 1806 1718 1859 ado«

1835 1806 2070 1876 ἔφασκεν
2095 1807 2408 1879 ὁύμνῳδός.
2460 1786 2486 1859 ί
2521 1809 2702 1878 Neque
2750 1810 2984 1880 Spiritus
3033 1786 3398 1881 praesentiam,

173 1901 361 1967 ptione
391 1897 649 1968 frequens
677 1899 748 1952 sit
771 1910 950 1953 sermo
983 1915 998 1954 :
1033 1907 1232 1961 tamen,
1265 1897 1401 1964 quod
1435 1899 1502 1952 ab
1544 1898 1733 1951 borum

173 1990 406 2046 lectione
442 2005 633 2046 recens
659 2006 799 2055 sum,
829 2001 1085 2061 praestare
1116 1989 1288 2043 audeo
1318 1990 1433 2060 ejus
1472 2004 1539 2046 ne
1567 1991 1729 2045 vesti-

172 2084 317 2152 gium
366 2084 589 2155 quidem
624 2082 677 2137 in
725 2084 809 2137 his
851 2092 1083 2136 exstare.
1119 2079 1378 2140 Similiter
1422 2097 1521 2137 vox
1553 2083 1732 2147 θεῖκός

171 2175 615 2245 frequentissime
668 2174 720 2227 in
777 2174 986 2227 duobus
1024 2173 1113 2228 bis
1167 2173 1553 2242 pastorioribus
1581 2174 1731 2229 libris

169 2276 432 2336 usurpata
479 2266 768 2321 invenitur.
804 2262 976 2330 Quam
1009 2274 1187 2319 autem
1234 2264 1465 2320 alienum
1516 2264 1566 2318 id
1592 2264 1661 2317 sit
1697 2278 1729 2317 a

168 2354 351 2411 Basilii
406 2357 677 2419 instituto,
729 2368 793 2410 ex
840 2354 957 2426 eius
1004 2356 1245 2425 genuinis
1298 2355 1450 2409 libris
1497 2352 1728 2423 perspici

167 2458 362 2514 potest.
399 2446 637 2501 Fatebor
661 2445 871 2515 quidem
902 2461 1086 2501 vocem
1104 2445 1282 2511 θεῖκός
1312 2445 1365 2501 in
1394 2461 1455 2500 ea
1486 2446 1728 2500 oratione

166 2553 287 2603 qua:
347 2538 492 2591 inter
548 2536 786 2593 diversas
833 2536 1044 2594 decima
1103 2536 1333 2608 septima
1394 2545 1723 2604 numeratur,

164 2632 269 2701 legi
301 2630 438 2686 :sed
476 2646 655 2686 causa:
702 2639 828 2686 sunt
857 2646 964 2685 non
992 2631 1157 2695 leves,
1206 2645 1303 2687 cur
1332 2632 1384 2685 id
1409 2631 1721 2700 opusculum

163 2737 431 2793 ponamus
478 2730 535 2777 et
572 2722 746 2791 ipsum
778 2722 830 2775 in
882 2721 1196 2776 subdititiis.
1252 2719 1526 2789 Nusquam
1573 2723 1721 2786 alibi,

162 2815 303 2883 quod
337 2816 551 2881 sciam,
582 2828 645 2870 ea
687 2829 785 2870 vox
818 2816 1103 2886 reperitur.
1132 2812 1247 2870 Non
1279 2813 1351 2868 ita
1389 2812 1630 2884 pridem,
1666 2822 1725 2868 ut

166 2926 289 2965 mox
326 2910 565 2975 aiebam,
598 2908 794 2963 librum
821 2905 897 2962 De
920 2905 1121 2977 Spiritu
1149 2913 1329 2961 sancto
1361 2914 1417 2960 et
1450 2913 1559 2960 tres
1576 2905 1720 2974 prio-

162 3018 248 3056 res
296 3004 348 3055 in
395 2999 719 3055 Eunomium
764 2999 927 3055 libros
966 2998 1253 3067 diligenter
1285 2997 1409 3066 legi,
1446 2998 1497 3051 in
1527 2996 1721 3067 quibus

161 3102 220 3146 ut
247 3093 300 3145 in
332 3092 562 3159 reliquis
605 3090 853 3159 genuinis
901 3087 1081 3143 Basilii
1111 3088 1325 3156 scriptis
1363 3105 1467 3144 non
1500 3089 1714 3144 memini
1743 3121 1785 3179 ο

163 3182 309 3236 vocis
337 3180 522 3245 θεῖκὸς
553 3181 719 3235 ullum
762 3178 1044 3250 vestigium
1099 3179 1382 3235 invenisse.
1425 3178 1575 3247 Rogo
1606 3179 1715 3248 jam

157 3270 393 3339 optimos
412 3283 657 3340 quosque
673 3267 817 3324 viros
830 3269 1152 3340 e0sdemque
1170 3270 1221 3324 in
1238 3268 1475 3340 legendis
1486 3270 1718 3326 auctori.

163 3362 257 3418 bus
286 3362 712 3427 versatissimos,
746 3376 870 3416 num
902 3361 953 3416 in
989 3375 1139 3417 more
1155 3371 1435 3417 auctorum
1483 3364 1715 3433 positum

160 3455 250 3519 sit,
276 3464 336 3508 ut
359 3452 686 3524 quibusdam
718 3451 940 3509 vocibus
968 3450 1020 3507 in
1054 3466 1161 3508 uno
1185 3460 1275 3508 aut
1292 3450 1463 3510 altero
1486 3468 1715 3525 opuscu-

163 3544 213 3599 lo
244 3545 550 3613 saepissime
576 3551 832 3612 utantur,
864 3542 1080 3600 easdem
1109 3557 1237 3600 vero
1266 3545 1321 3600 in
1359 3546 1578 3616 reliquis
1602 3547 1715 3601 suis

162 3634 311 3690 libris
349 3649 625 3703 nunquam
670 3637 980 3700 adhibeant,
1017 3637 1247 3693 maxime
1299 3637 1345 3693 si
1396 3637 1482 3693 bis
1529 3638 1710 3693 utendi

161 3723 359 3790 passim
395 3725 556 3779 detur
587 3726 822 3779 occasio.
872 3724 1015 3780 Fieri
1048 3726 1276 3795 quidem-
1299 3734 1475 3795 potest
1507 3735 1567 3782 ut
1614 3726 1712 3781 fal-

160 3816 235 3869 iJI’
266 3835 281 3871 :
319 3816 417 3871 sed
451 3816 688 3869 arbitror
720 3816 795 3871 rei
828 3823 938 3870 tam
969 3829 1120 3871 novae
1154 3815 1380 3886 proferri
1409 3817 1708 3888 exemplum

161 3907 360 3962 nullum
403 3922 586 3977 posse,
626 3906 785 3975 idque
808 3905 1019 3971 νοθείας
1053 3920 1174 3963 esse
1200 3917 1567 3978 argumentum
1593 3922 1711 3964 cer-

159 3998 449 4053 tissimum.
482 3998 617 4053 Cum
645 3998 803 4069 igitur
840 3998 921 4053 bis
948 3995 1066 4053 duae
1098 4012 1286 4063 voces,
1318 3996 1462 4062 θέσις
1503 4007 1558 4053 ει
1601 3997 1709 4052 θεῖ-

158 4088 267 4154 κός,
309 4091 617 4158 saepissime
642 4097 932 4146 occurrant
966 4088 1019 4143 in
1046 4089 1249 4147 ultimis
1276 4088 1480 4146 duobus
1509 4092 1564 4144 in
1596 4090 1709 4144 Eu-

162 4180 392 4233 nomium
427 4180 603 4245 libris,
635 4195 735 4234 nec
777 4189 955 4235 tamen
1004 4179 1249 4248 legantur
1283 4181 1335 4236 in
1375 4180 1542 4237 tribus
1571 4183 1709 4251 prio-

157 4272 322 4337 ribus,
354 4284 534 4339 neque
559 4271 610 4325 in
632 4271 754 4325 aliis
783 4269 966 4325 Basilii
1008 4271 1221 4339 scriptis
1254 4284 1358 4324 non
1393 4281 1703 4327 controver-

157 4363 240 4427 sis,
276 4364 335 4417 in
376 4361 577 4431 quibus
611 4370 787 4414 tamen
813 4360 899 4414 bis
933 4360 1116 4415 utendi
1148 4358 1399 4430 frequens
1428 4360 1522 4415 fuit
1547 4374 1705 4418 occa-

1835 1896 1879 1948 si
1906 1912 2094 1953 servus
2116 1908 2172 1955 et
2198 1909 2445 1954 creatura
2475 1908 2639 1965 esset,
2672 1901 2853 1954 omnia
2904 1902 3199 1970 pervadere
3231 1902 3401 1958 dixis-

1833 1998 1914 2042 set
1943 1987 2260 2059 hymnorum
2295 2002 2503 2048 cantor.
2538 2008 2555 2041 ι
2591 1989 2703 2045 Vox
2733 1991 2973 2061 ὑμνῳδός
3000 1994 3157 2048 alieni
3193 1994 3394 2066 aliquid

1830 2088 1884 2135 et
1907 2080 2176 2150 peregrini
2203 2082 2414 2138 videtur
2437 2082 2719 2153 praeferre;
2746 2096 2845 2137 nec
2875 2098 2992 2136 eam
3024 2095 3149 2152 puto
3166 2100 3390 2155 usquam

1831 2162 2202 2225 inventum'iri
2228 2171 2366 2238 apud
2394 2172 2670 2227 Basilium.
2706 2171 2819 2227 Hoc
2858 2170 2997 2225 idem
3031 2171 3233 2226 dictum
3274 2172 3394 2228 volo

1827 2258 1894 2314 de
1912 2259 2021 2326 illo,
2047 2259 2244 2330 ὀᾶγιος
2268 2258 2499 2325 Παῦλος,
2525 2279 2543 2313 ι
2578 2272 2793 2316 sanctus
2822 2261 3036 2316 Paulus.
3072 2279 3091 2315 ι
3116 2260 3226 2317 Etsi
3249 2262 3391 2317 enim

1828 2348 2054 2408 Basilius
2110 2353 2542 2423 frequentissime
2599 2350 2823 2408 Paulum
2875 2354 3146 2419 nominat;
3210 2364 3389 2410 tamen

1826 2440 2120 2509 epithetum
2167 2444 2321 2510 illud,
2356 2446 2540 2516 ἅγιος,
2600 2460 2909 2515 nunquam,
2960 2446 3171 2514 opinor,
3215 2447 3261 2499 ei
3302 2447 3392 2499 tri-

1824 2532 1960 2590 buit.
1993 2532 2108 2589 Non
2140 2550 2275 2605 nego
2301 2538 2513 2606 quidem
2549 2540 2645 2592 bas
2685 2555 2864 2606 voces,
2898 2541 2926 2593 ὁ
2957 2539 3111 2608 ἅγιος
3154 2538 3385 2603 Παῦλος,

1824 2626 2072 2699 conjungi
2107 2626 2268 2682 simul
2301 2628 2353 2681 in
2390 2626 2530 2681 libro
2553 2626 2628 2683 De
2663 2627 2860 2696 Spiritu
2885 2642 3064 2685 sancto
3088 2672 3103 2697 ,
3139 2648 3258 2703 cap.
3292 2633 3385 2687 de-

1822 2716 1962 2772 cimo
1986 2729 2180 2772 sexto:
2225 2717 2319 2773 sed
2370 2734 2551 2774 vocem
2593 2719 2746 2787 ἆγιος
2784 2724 3193 2790 expungendum
3242 2738 3383 2788 esse,

1821 2820 1886 2863 ex
1911 2805 2063 2862 libris
2092 2810 2327 2878 antiquis
2354 2821 2588 2865 constat.
2632 2809 2741 2866 Nec
2780 2814 3208 2882 praetereundum
3254 2813 3382 2869 illud

1822 2897 1896 2969 (p.
1928 2899 2074 2971 515),
2112 2901 2277 2957 Deum
2316 2901 2421 2957 dici
2474 2903 2541 2957 ab
2597 2914 2814 2958 auctore
2864 2906 3127 2973 πανάγιον
3169 2922 3182 2959 :
3219 2921 3380 2976 quam

1821 3004 2002 3045 vocem
2033 2992 2173 3060 apud
2207 2991 2461 3048 Basilium
2503 2995 2596 3061 qui
2629 2994 2905 3061 quaesierit
2926 3034 2940 3059 ,
2973 2995 3147 3049 oleum
3195 2998 3383 3065 perdet

1819 3088 1873 3133 et
1893 3093 2130 3147 operam.
2164 3080 2269 3134 Sed
2317 3082 2570 3151 quoniam
2609 3083 2723 3138 hmo
2768 3082 2994 3140 fortasse
3028 3084 3226 3141 leviora
3262 3087 3382 3157 qui-

1820 3167 2039 3225 busdam
2100 3171 2439 3238 videbuntur,
2475 3187 2536 3228 ea
2566 3184 2619 3229 et
2670 3173 2774 3228 alia
2820 3174 2874 3228 id
2908 3190 3077 3245 genus
3118 3177 3377 3245 permulta

1816 3263 2143 3320 omittamus.

1886 3353 1971 3408 70.
2006 3353 2174 3411 Paulo
2199 3358 2417 3426 gravius
2449 3357 2594 3425 quod
2626 3356 2891 3425 sequitur,
2928 3357 2999 3409 ita
3033 3359 3189 3412 citari
3217 3363 3376 3414 verba

1815 3441 2109 3513 Scriptura:
2136 3448 2190 3500 in
2221 3446 2426 3500 ultimis
2454 3447 2660 3502 duobus
2689 3448 2742 3501 in
2767 3445 3087 3502 Eunomium
3115 3448 3287 3511 libris,
3319 3461 3377 3501 ut

1813 3552 1998 3592 eorum
2024 3545 2214 3593 auctor
2235 3553 2266 3592 a
2294 3536 2565 3593 Basiliano
2613 3552 2762 3594 more
2797 3548 2941 3595 totus
2973 3542 3235 3596 discedat.
3265 3536 3372 3592 Bes

1812 3627 2071 3697 exemplis
2105 3628 2297 3683 evadet
2346 3631 2562 3684 clarior.
2602 3632 2692 3687 Sic
2742 3632 2905 3703 igitur
2955 3636 3194 3707 loquitur
3237 3650 3371 3698 scri-

1809 3727 1930 3787 ptor
1966 3720 2041 3789 (p.
2089 3720 2214 3791 517)
2251 3739 2265 3786 ;
2298 3723 2430 3777 Οὐδὲ
2465 3726 2569 3799 γὰρ
2622 3731 3015 3802 προσκυνήσεις
3058 3733 3177 3806 Θεῷ
3221 3736 3375 3791 ἁλλο-

1808 3808 1962 3881 τρίῳ,
1994 3811 2321 3882 γέγραπται,
2345 3818 2411 3871 ad
2439 3818 2683 3886 verbum,
2725 3839 2743 3871 ι
2776 3819 2960 3893 Neque
2995 3826 3140 3879 enim
3176 3829 3372 3883 adora-

1808 3902 1893 3957 bis
1927 3902 2090 3959 Deum
2126 3904 2387 3975 alienum,
2442 3911 2704 3981 scriptum
2749 3922 2850 3968 est.
2906 3933 2924 3967 ι
2966 3915 3199 3974 Basilius
3247 3936 3367 3975 cum

1810 3990 2141 4063 Scripturam
2175 3998 2325 4066 citat,
2364 4001 2539 4069 primo
2590 4001 2706 4058 loco
2745 4006 2895 4073 ponit
2924 4008 3063 4077 quod
3113 4009 3201 4065 hic
3230 4011 3369 4066 vide-

1809 4098 1929 4140 mus
1956 4086 2167 4140 ultimo.
2192 4085 2301 4142 Nec
2341 4090 2470 4143 mihi
2500 4089 2717 4147 dubium
2743 4104 2845 4160 est,
2879 4098 2922 4150 si
2958 4097 3149 4153 horum
3177 4111 3370 4156 auctor

1805 4186 1983 4243 esset,
2030 4178 2155 4244 quin
2186 4181 2490 4249 scripsisset
2522 4181 2624 4239 hoc
2668 4184 2783 4240 fere
2830 4188 2988 4242 modo
3014 4209 3024 4241 :
3054 4189 3367 4261 Γέγραπται

1806 4267 1915 4338 γάρ
1937 4286 1951 4300 ο
1981 4267 2117 4321 Οὐδὲ
2139 4273 2530 4343 προσκυνήσεις
2560 4273 2677 4345 Θεῷ
2718 4276 3002 4348 ἀλλοτρίῳ.
3041 4298 3058 4329 ‹
3099 4278 3365 4349 Scriptum

1806 4366 1888 4412 est
1913 4359 2073 4421 ,eniin
2103 4376 2114 4410 :
2141 4357 2324 4428 Neque
2376 4360 2629 4415 adorabis
2656 4361 2821 4415 Deum
2846 4364 3074 4417 alienum
3104 4365 3167 4417 “.
3198 4384 3216 4416 ι
3258 4364 3366 4422 Nec

154 4456 258 4519 sio;
297 4453 430 4509 hinc
470 4450 605 4507 efﬁci
641 4451 871 4515 videtur,
899 4453 1032 4507 duos
1064 4451 1165 4507 hos
1192 4451 1358 4508 libros
1380 4454 1701 4523 posteriores
1734 4451 1776 4506 ι)
1808 4449 1983 4515 aptius
2032 4460 2217 4502 auctor
2268 4450 2452 4503 citavit
2499 4451 2856 4517 Scrlptttratn,
2887 4468 3006 4506 cum
3041 4454 3112 4507 ita
3154 4456 3365 4508 locutus

153 4541 347 4599 Basilio
380 4542 541 4596 tribui
573 4556 675 4596 non
704 4541 915 4597 debere.

214 4631 301 4689 69.
348 4631 602 4700 Ejusdem
646 4631 858 4700 generis
898 4640 1023 4685 sunt
1056 4639 1112 4686 et
1165 4630 1270 4685 alia
1316 4633 1510 4701 multa,
1561 4650 1697 4704 quae,

152 4719 282 4786 quod
340 4730 395 4773 et
446 4722 558 4788 ipsa
589 4719 829 4774 nonnibil
858 4720 927 4773 ad
958 4735 1070 4775 rem
1110 4721 1333 4787 faciant,
1363 4737 1467 4776 non
1502 4724 1701 4793 pigebit

150 4812 425 4863 adnotare.
456 4810 655 4864 Ducam
691 4810 897 4863 initium
926 4811 993 4864 ab
1024 4811 1106 4865 bis
1136 4812 1317 4865 verbis
1340 4812 1414 4882 (p.
1447 4812 1574 4884 298)
1600 4834 1610 4867 :
1637 4816 1698 4867 Et

147 4897 309 4951 τοίνυν
339 4897 400 4949 τὸ
428 4898 789 4967 ὑπερκόσμιον
816 4897 972 4969 σῶμα
1005 4900 1237 4971 Χριστοῦ
1280 4903 1343 4955 ἑκ
1386 4902 1698 4972 Πνεύματός

147 4991 279 5043 ἐστιν
342 4989 522 5056 ἁγίου.
572 5008 592 5041 ο
640 4989 695 5043 Si
746 4989 909 5061 igitur
956 4995 1442 5060 superinundanum
1496 4996 1693 5051 Christi

148 5093 337 5148 corpus
367 5096 435 5135 ex
460 5079 662 5149 Spiritu
695 5092 883 5137 sancto
912 5092 1016 5137 est.
1052 5100 1072 5135 ι
1112 5082 1414 5153 Nunquam,
1450 5087 1551 5141 nisi
1582 5088 1695 5141 val-

147 5170 202 5222 dc
242 5171 426 5236 fallor,
466 5175 547 5227 sic
569 5188 763 5243 corpus
786 5175 984 5230 Christi
1021 5176 1253 5244 appellat
1300 5176 1549 5234 Basilius.
1584 5178 1691 5234 Nec

144 5272 287 5316 secus
322 5263 674 5329 judicandum
704 5266 769 5320 de
792 5266 884 5322 illo
904 5265 982 5339 (p.
1004 5266 1127 5338 299)
1155 5285 1168 5323 :
1200 5269 1419 5339 Ἐπειδὴ
1461 5269 1516 5324 δὲ
1561 5270 1690 5335 Θεὸς

146 5346 265 5404 Θεοῦ
298 5354 435 5417 παῖς
458 5353 687 5425 Ἰησοῦς,
707 5364 812 5412 etc.
849 5374 868 5409 ι
906 5357 1038 5412 Cum
1069 5367 1246 5414 autem
1278 5361 1416 5416 Deus
1446 5363 1532 5416 Dei
1560 5380 1689 5433 puer

144 5436 310 5511 lenus,
358 5464 377 5495 ι
408 5454 514 5502 etc.
552 5446 784 5503 Basilius
816 5454 1084 5507 sexcentis
1112 5452 1245 5507 locis
1278 5452 1547 5509 Christum
1581 5458 1685 5511 Do-

149 5533 340 5590 minum
388 5547 543 5593 vorat
574 5537 667 5594 Dei
711 5556 731 5591 ι
764 5537 955 5596 Filium
991 5561 1006 5597 :
1046 5561 1063 5595 ι
1113 5544 1205 5599 sed
1256 5560 1511 5615 nusquam
1564 5563 1685 5602 eum

146 5627 363 5691 appellat
396 5629 488 5685 Dei
524 5647 543 5681 ι
580 5644 828 5700 puerum,
873 5651 891 5684 ι
925 5634 1055 5688 Θεοῦ
1086 5636 1265 5691 παῖδα.
1303 5638 1487 5695 Dicant
1526 5639 1686 5710 igitur

204 5741 457 5800 “Matth.
490 5762 564 5809 tv,
597 5745 659 5815 9;
698 5745 846 5800 Deut.
881 5763 949 5816 vr,
981 5750 1059 5804 15.

1800 4549 1883 4591 est
1908 4540 1983 4609 (p.
2006 4538 2130 4611 506)
2163 4558 2175 4594 :
2208 4543 2303 4593 Ἓν
2335 4541 2389 4593 δὲ
2420 4542 2511 4593 καὶ
2550 4542 2610 4593 τὸ
2657 4542 2875 4614 Πνεῦμα
2915 4546 2974 4597 τὸ
3008 4546 3182 4613 ἅγιον,
3228 4547 3361 4619 ἀλη-

1800 4628 1907 4693 Οῶς
1935 4630 2087 4699 ἆγιον
2118 4632 2359 4701 Πνεῦμα,
2404 4632 2543 4685 κατὰ
2583 4633 2643 4685 τὸ
2690 4636 3092 4705 γεγραμμένον,
3122 4638 3179 4690 τὸ
3224 4640 3361 4709 μετὰ

1801 4723 2011 4793 Harpe;
2045 4725 2138 4777 καὶ
2168 4722 2296 4777 Υἱοῦ
2341 4724 2807 4795 συνδοξαζόμενον.
2857 4746 2874 4779 ι
2917 4729 2983 4783 Et
3012 4746 3145 4785 unus
3184 4730 3359 4800 Spiri—

1802 4830 1883 4872 tus
1918 4828 2175 4884 sanctus,
2212 4831 2335 4875 vere
2371 4818 2605 4889 Spiritus
2658 4830 2909 4885 sanetus,
2956 4822 3254 4876 secundum
3306 4822 3355 4877 id

1798 4912 1937 4978 quod
1970 4910 2221 4979 scriptum
2254 4922 2357 4973 est,
2389 4911 2478 4979 qui
2508 4924 2628 4964 eum
2657 4908 2817 4964 Patre
2841 4924 2894 4964 et
2931 4911 3066 4966 Filio
3087 4913 3355 4982 conglori-

1795 5002 2005 5057 ficatur.
2029 5022 2046 5054 ι
2084 5000 2253 5057 Velim
2276 5006 2486 5058 discere
2510 5004 2577 5057 ab
2606 5007 2805 5074 aquno,
2832 5006 2918 5057 ubi
2950 5004 3347 5073 Scripturaruin

1796 5095 1865 5147 ita
1899 5093 2159 5161 seriptum
2190 5094 2282 5159 sit,
2318 5110 2337 5145 ι
2380 5092 2478 5160 Qui
2513 5110 2632 5147 cum
2664 5094 2823 5149 Patre
2849 5102 2903 5147 et
2937 5092 3137 5164 Spiritu
3165 5102 3352 5148 sancto

1792 5187 2289 5257 rongloriticatur.»
2328 5186 2493 5241 Erunt
2551 5187 2779 5241 fortasse
2844 5187 2935 5254 qui
2991 5187 3173 5239 dicant
3230 5185 3345 5239 btec

1789 5280 1949 5333 verba
2012 5293 2117 5332 non
2180 5278 2232 5332 in
2302 5276 2590 5344 Scripturis
2656 5275 2867 5345 quidem
2943 5273 3186 5342 reperiri,
3254 5275 3348 5329 sed

1788 5370 1841 5421 in
1878 5369 2104 5425 concilio
2140 5369 2724 5439 Constantiuoliolitano
2783 5369 2987 5438 primo;
3054 5366 3121 5420 ob
3184 5365 3346 5433 idque

1788 5461 1901 5531 ipsa
1934 5462 2003 5517 ob
2052 5462 2423 5520 auctoritatem
2474 5461 2684 5517 concilii
2719 5462 2877 5515 citari
2926 5460 3178 5529 potuisse.
3232 5455 3337 5510 Sed

1787 5554 1830 5608 si
1879 5554 1950 5608 ita
1977 5563 2080 5621 est,
2108 5554 2375 5610 fateantur
2397 5553 2481 5609 vel
2512 5554 2660 5608 inviti
2692 5553 2972 5618 Basilium,
3007 5556 3096 5625 qui
3130 5563 3255 5608 ante
3288 5556 3341 5608 id

1790 5655 1996 5717 tempus
2022 5656 2260 5703 mortuus
2296 5647 2385 5713 sit,
2414 5649 2603 5703 borum
2640 5647 2893 5704 librorum
2928 5661 3203 5707 auctorem
3232 5670 3345 5709 non
