4080 6314
715 378 945 417 εοῐιχκιν

2067 372 2590 431 PROLECOMENA.

706 494 845 532 esse.
878 482 986 548 Ego
1015 482 1269 547 quidem,
1317 493 1375 536 ut
1418 486 1627 540 sincere
1669 488 1875 553 loquar,
1907 504 2007 543 non
2039 493 2275 547 arbitror
2302 500 2348 553 Α
2376 492 2579 547 citandi
2636 492 2842 546 ratione
2901 492 3099 559 aliquid
3142 507 3169 544 a
3220 488 3484 547 Basiiiana
3542 498 3925 552 consuetudine

705 570 1043 636 scriptorem,
1075 572 1378 641 quicunque
1426 576 1515 629 ille
1556 576 1674 634 fuit.
1705 580 1769 631 ad
1807 582 2089 635 concilium
2129 583 2267 637 Con-

705 661 1239 731 Stantinopolitanum
1288 669 1517 734 primum
1567 672 1901 739 respexisse,
1940 675 2032 728 sed
2067 679 2133 730 ad
2181 676 2269 730 illa

705 752 981 819 Davitlica,
1019 754 1181 808 Verbo
1234 759 1443 811 Domini
1475 762 1585 815 caeli
1628 762 1827 830 ﬁrmati
1876 777 2027 831 sunt,
2063 780 2111 820 et
2159 770 2270 836 cpia

704 846 810 896 ritu
849 849 950 899 oris
996 849 1109 908 eius
1142 852 1311 904 omnis
1348 852 1507 906 virtus
1548 871 1724 907 eorum
1748 857 1814 914 “.
1852 858 1996 911 Satis
2041 864 2181 914 enim
2214 874 2270 914 se

705 936 817 1004 ipse
877 939 1146 1006 explicat,
1202 958 1321 993 cum
1393 945 1668 1013 aliquanto
1744 959 1864 1017 pOst
1939 950 2009 1003 ita
2084 953 2269 1007 scribit

705 1028 973 1097 (p.507):
1024 1031 1172 1083 Ἐπεὶ
1227 1035 1318 1086 καὶ
1373 1037 1400 1086 6
1456 1033 1616 1089 Δαϐὶδ
1667 1040 1837 1107 Λόγον
1892 1042 1986 1093 καὶ
2045 1043 2267 1113 Πνεῦμα

701 1118 960 1185 δοξάζων,
1006 1122 1083 1192 τῷ
1130 1126 1286 1194 Λόγῳ
1330 1127 1532 1198 Κυρίου
1577 1131 1704 1192 τοὺς
1746 1131 2008 1201 οὐρανοὺς
2051 1135 2269 1205 εἴρηκεν

705 1214 1086 1284 ἐπερεῶσθαι,
1116 1219 1207 1270 καὶ
1238 1216 1316 1287 τῷ
1353 1219 1627 1290 Πνεῦματι
1673 1221 1766 1273 τοῦ
1800 1223 2063 1295 στόματος
2102 1224 2264 1278 αὐτοῦ

705 1308 885 1361 πᾶσαν
912 1308 1008 1379 τὴν
1037 1308 1265 1380 δύναμιν
1299 1312 1497 1365 αὐτῶν.
1537 1330 1553 1363 ι
1581 1311 1711 1366 Nam
1736 1322 1791 1367 et
1832 1314 1998 1371 David
2034 1318 2263 1371 Verbum

704 1408 760 1454 et
794 1400 1053 1467 Spiritum
1100 1403 1258 1457 simul
1310 1403 1647 1471 gloriﬁcans,
1698 1406 1833 1462 dixit
1881 1409 2045 1465 caalos
2090 1409 2267 1463 Verbo

704 1489 917 1546 Domini
955 1490 1200 1546 ﬁrmatos
1230 1507 1370 1560 esse,
1401 1509 1465 1549 ac
1494 1494 1700 1564 Spiritu
1734 1499 1845 1554 oris
1873 1501 1990 1569 ejus
2016 1500 2265 1554 virtutem

704 1596 892 1637 eorum
922 1597 1156 1639 omnem.
1190 1603 1209 1636 »
1250 1585 1355 1640 Sed
1406 1590 1733 1657 notandum,
1778 1601 2076 1656 auctorem,
2122 1591 2268 1661 quis-

706 1674 828 1744 quis
857 1684 957 1739 est,
1001 1690 1106 1729 non
1140 1678 1352 1746 propria
1385 1678 1601 1735 Davidis
1638 1682 1796 1734 verba
1834 1682 2143 1749 protulisse,
2172 1686 2265 1739 sed

705 1767 832 1820 illud
870 1783 1022 1822 suum
1054 1770 1338 1839 glossema,
1377 1790 1395 1824 ι
1422 1773 1520 1837 Qui
1567 1788 1687 1827 cum
1722 1772 1881 1829 Patre
1923 1784 1978 1829 et
2016 1775 2152 1830 Filio
2188 1778 2261 1829 si-

2375 581 2761 638 alienissimum
2796 581 3118 651 proferatur.
3162 581 3279 649 Qua
3310 582 3375 636 de
3423 598 3481 637 re
3521 596 3579 638 ut
3622 586 3924 641 existimare

2373 674 2566 744 cuique
2613 675 2807 737 liceat,
2853 674 3117 728 ascribam
3155 674 3391 730 auctoris
3439 676 3619 743 verba,
3653 693 3774 749 quae
3816 678 3924 732 haec

2372 776 2497 817 sunt
2524 784 2537 818 :
2563 765 2624 815 Τί
2651 763 2707 815 δὲ
2730 765 2758 815 6
2789 762 3088 835 Ζοροϐάϐελ
3114 765 3205 816 καὶ
3228 768 3260 835 ἡ
3288 764 3381 819 τοῦ
3408 765 3707 836 Ζοροϐάϐελ
3737 768 3920 839 σοφίας

2371 850 2481 923 ἆρά
2513 872 2593 907 σοι
2626 856 2856 924 μετρίως
2885 855 2976 908 καὶ
3004 855 3063 906 οὐ
3097 855 3281 923 σαφῶς
3312 856 3634 929 παριστάναι
3660 860 3809 914 δοκεῖ
3830 861 3922 931 τὴν

2372 946 2664 998 ὑπόστασιν
2708 948 2801 998 καὶ
2840 948 2980 1018 ζωὴν
3007 948 3105 1017 τῆς
3145 947 3420 1018 ἀληθείας,
3451 952 3537 1003 ὅτε
3572 954 3736 1018 φησί·
3773 956 3925 1008 Πᾶσα

2369 1041 2401 1109 ἡ
2437 1038 2536 1106 γῆ,
2580 1051 2682 1093 etc.
2725 1059 2743 1089 ‹
2774 1039 2909 1105 Quid
2958 1056 3086 1096 vero
3132 1040 3424 1096 Zorobabel
3473 1055 3525 1099 et
3571 1042 3919 1103 Zorobabelis

2370 1130 2665 1198 sapientia?
2700 1146 2824 1185 num
2851 1134 3179 1188 subobscure
3203 1141 3257 1187 et
3285 1146 3389 1185 non
3419 1135 3563 1190 clare
3591 1135 3683 1188 tibi
3715 1135 3922 1192 videtur

2369 1220 2699 1291 hypostasim
2731 1237 2794 1277 ac
2823 1222 2990 1275 vitam
3025 1225 3269 1279 veritatis
3298 1224 3557 1290 indicare,
3594 1241 3716 1282 cum
3750 1225 3918 1283 dicit:

2368 1311 2553 1366 Omnis
2584 1320 2749 1380 terra,
2774 1332 2793 1365 »
2820 1322 2944 1374 ,etc.
2983 1313 3061 1368 Do
3094 1316 3299 1385 reliqua
3336 1314 3603 1370 Basiliana
3634 1333 3754 1373 esse
3787 1334 3802 1371 :
3830 1321 3922 1372 sed

2367 1401 2515 1458 illum
2547 1403 2748 1459 cilandi
2781 1404 3016 1469 modum,
3051 1406 3116 1457 Τί
3143 1406 3198 1458 δὲ
3224 1410 3253 1459 6
3290 1405 3591 1479 Ζοροόάόελ
3635 1406 3729 1461 καὶ
3757 1409 3790 1478 ἡ
3831 1407 3922 1460 τοῦ

2369 1492 2667 1565 Ζοροὸάὸελ
2707 1498 2895 1566 σοφίας
2940 1515 2959 1549 ι
2998 1496 3133 1562 Quid
3175 1512 3304 1552 vero
3344 1498 3633 1552 Zorobabe!
3666 1512 3720 1553 et
3762 1500 3923 1554 Zoro-

2368 1586 2568 1642 babelis
2584 1588 2895 1656 sapientia?»
2915 1592 2977 1642 ad
3004 1588 3216 1643 Patrem
3236 1590 3605 1660 gravissimum
3632 1594 3919 1658 pertinere,

2371 1693 2547 1741 nemo,
2592 1677 2803 1746 opinor,
2853 1680 3066 1732 dixerit.
3098 1678 3307 1734 Norunt
3352 1680 3494 1735 enim
3524 1679 3612 1749 qui
3665 1678 3919 1733 Basilium

2371 1769 2450 1822 vel
2504 1770 2828 1839 primoribus
2884 1769 3048 1825 labris
3082 1774 3407 1841 attigerunt,
3449 1786 3569 1827 eum
3627 1770 3922 1841 simplicius

703 1857 820 1912 mul
862 1858 1317 1927 eongloriﬁcatur.
1345 1878 1363 1911 »
1413 1859 1528 1914 Jam
1577 1879 1704 1917 vero
1753 1880 1847 1918 nec
1883 1864 2132 1931 Basilius,
2169 1883 2267 1921 nec

2371 1860 2510 1929 loqui
2544 1861 2784 1927 solitum,
2821 1864 2919 1917 hoc
2969 1860 3083 1916 fere
3131 1864 3313 1926 modo,
3338 1866 3366 1915 6
3408 1862 3654 1934 Σολομῶν
3706 1880 3862 1934 φησι,
3895 1862 3924 1914 6

704 1947 843 2003 alius
867 1951 1006 2002 ullus
1027 1950 1260 2018 scriptor
1283 1950 1530 2023 diligens,
1556 1970 1650 2008 sua
1680 1955 1916 2021 ipsorum
1944 1954 2266 2024 glossemata

704 2052 803 2102 pro
842 2037 973 2104 ipsis
1023 2037 1314 2109 Scriptum
1362 2042 1538 2095 verbis
1590 2058 1822 2110 unquam
1884 2044 2155 2113 protulere
2200 2049 2268 2102 ad

702 2128 920 2195 aliquod
957 2130 1143 2199 dogma
1172 2133 1646 2199 comprobandum.
1674 2134 1858 2202 Neque
1887 2152 2015 2192 vero
2042 2140 2107 2193 ad
2139 2155 2269 2194 con-

706 2215 957 2272 tutandos
985 2219 1262 2272 lnereticos
1293 2230 1417 2289 apta
1450 2231 1533 2275 est
1570 2225 1680 2277 haec
1711 2224 1911 2280 citandi
1949 2229 2104 2283 ratio.
2131 2229 2267 2281 Alio-

703 2310 796 2376 qui
832 2310 971 2361 enim
1007 2310 1132 2363 illud
1163 2312 1230 2363 al»
1262 2313 1389 2379 ipsis
1425 2316 1734 2383 responderi
1769 2330 1950 2385 posset
1985 2320 2123 2385 quod
2153 2317 2264 2385 jam

703 2416 734 2452 a
775 2400 955 2454 multis
985 2401 1038 2454 in
1074 2404 1287 2457 modum
1338 2407 1605 2473 proverbii
1640 2407 1743 2459 dici
1793 2408 1967 2473 video,
2002 2409 2265 2478 glossema

702 2492 855 2561 pejus
900 2508 1020 2549 esse
1070 2505 1344 2549 contextu.
1396 2498 1461 2548 Et
1505 2498 1760 2565 quoniam
1810 2514 1901 2554 res
1951 2511 2033 2555 est
2087 2502 2265 2572 magni

701 2586 999 2650 momenti,
1050 2586 1224 2640 simile
1258 2588 1560 2658 exemplum
1614 2606 1806 2647 rursus
1841 2593 2123 2651 adducam.
2177 2594 2268 2649 Sic

701 2682 882 2727 autem
911 2674 1143 2743 scriptor
1183 2676 1419 2745 loquitur
1444 2679 1520 2748 (p.
1546 2680 1668 2750 ¹505)
1700 2701 1712 2735 :
1747 2682 1904 2735 Κατὰ
1934 2684 1997 2735 τὸ·
2022 2701 2266 2753 γεγραμ-

704 2767 866 2835 μένον
888 2782 902 2797 ·
928 2768 1048 2838 Ζωὴ
1086 2769 1146 2820 τὸ
1185 2770 1426 2841 Πνεῦμα,
1468 2772 1526 2823 τὸ
1562 2774 1667 2825 τῶν
1696 2771 1959 2841 οὐρανίων
1987 2774 2265 2842 δυνάμεων

700 2858 1134 2924 ἀποτελεστικόν,
1176 2880 1191 2910 ε
1222 2861 1523 2915 Secundum
1551 2862 1691 2929 quod
1724 2863 1983 2932 scriptum
2016 2874 2117 2930 est,
2146 2865 2265 2919 Vita

701 2957 788 3002 est
841 2947 1107 3018 Spiritus,
1163 2952 1254 3019 qui
1324 2960 1613 3020 potestates
1673 2953 1923 3011 caelestes
1981 2956 2257 3025 perﬁcit.»

702 3040 854 3105 Quis,
897 3058 1100 3111 quaeso,
1144 3045 1187 3097 si
1223 3043 1438 3114 paulum
1485 3047 1641 3099 modo
1674 3048 1727 3101 in
1769 3046 2004 3117 legendis
2048 3058 2264 3106 sancto-

703 3121 823 3184 ruin
851 3130 1070 3185 Patrum
1100 3136 1317 3201 scriptis
1346 3147 1591 3193 versatus
1620 3140 1711 3205 sit,
1741 3157 1846 3195 non
1874 3145 2055 3198 statim
2085 3147 2267 3200 credat

2369 1950 2576 2013 Παῦλος
2628 1951 2921 2014 ἀπόστολος
2974 1968 3140 2021 φησι,
3203 1966 3461 2019 nusquam
3518 1969 3644 2007 vero
3702 1957 3777 2007 uti
3825 1955 3925 2009 hoc

2368 2043 2637 2109 grandiori
2684 2045 2840 2109 stylo,
2880 2046 2907 2096 6
2943 2042 3190 2113 Σολομὼν
3234 2042 3393 2113 καὶὴ
3441 2042 3533 2094 τοῦ
3583 2045 3924 2113 Σολομῶντος

2369 2133 2529 2201 σοφία
2561 2136 2713 2205 φησί,
2741 2146 2847 2192 etc.
2886 2154 2904 2187 ι
2932 2132 3184 2189 Salomon
3217 2144 3271 2189 et
3307 2132 3633 2189 Salomontis
3661 2138 3923 2204 sapientia

2368 2227 2519 2291 dicit,
2546 2245 2563 2277 »
2598 2239 2701 2283 etc.

2438 2317 2525 2371 Ἠ.
2568 2318 2759 2372 Filium
2807 2336 2912 2373 non
2954 2334 3076 2373 raro
3130 2328 3283 2373 vocat
3336 2340 3353 2372 ι
3381 2319 3678 2390 genituram
3707 2336 3726 2368 »
3786 2319 3925 2372 scri-

2366 2417 2521 2477 ptor;
2556 2409 2663 2462 imo
2699 2411 2745 2463 ei
2784 2410 2835 2463 id
2867 2426 3060 2465 nomen
3102 2412 3379 2481 dignitatis
3425 2411 3540 2467 loco
3576 2412 3814 2465 tribuere
3850 2413 3927 2466 vi-

2367 2500 2543 2555 detur.
2576 2500 2704 2571 Ejus
2733 2504 2835 2565 rei,
2865 2514 2922 2557 ut
2951 2518 3011 2559 se
3044 2505 3190 2559 dabit
3216 2505 3447 2570 occasio,
3474 2504 3716 2571 exempla
3747 2504 3925 2573 aliqua

2368 2594 2729 2661 subjiciemus.
2764 2595 3121 2651 Exordiemur
3161 2598 3226 2651 ab
3258 2598 3357 2650 hoc
3391 2596 3528 2659 loco,
3556 2596 3642 2647 ubi
3676 2596 3748 2648 ita
3798 2595 3928 2665 legi-

2370 2696 2453 2737 tur
2481 2686 2554 2752 (p.
2583 2686 2708 2754 280)
2735 2707 2746 2741 :
2786 2688 2847 2740 Ei
2877 2689 3081 2757 κτίσμα
3121 2688 3369 2754 λέγοντες
3414 2686 3505 2738 τὸν
3538 2686 3686 2751 Υίὸν,
3717 2687 3817 2757 οὐχ
3852 2687 3928 2751 ὡς

2366 2775 2422 2826 ἓν
2460 2775 2565 2827 τῶν
2598 2780 2909 2845 κτισμάτων
2942 2778 3186 2845 λέγουσι·
3221 2779 3361 2831 διατί
3395 2779 3634 2849 γέννημα
3659 2779 3928 2848 λεγόντων

2367 2866 2539 2939 ἡμῶν,
2564 2869 2639 2932 ὼς
2672 2868 2727 2923 ἒν
2760 2868 2865 2922 τῶν
2891 2870 3244 2940 γεννημάτων
3268 2868 3513 2936 νοοῦσιν;
3550 2890 3567 2922 t
3593 2872 3646 2925 Si
3684 2885 3807 2925 cum
3847 2869 3930 2923 Fi-

2366 2961 2493 3015 lium
2523 2964 2706 3016 dicunt
2739 2973 3060 3028 creaturam,
3100 2977 3206 3017 non
3240 2973 3302 3017 ut
3336 2978 3499 3017 unam
3545 2978 3612 3017 ex
3660 2960 3933 3015 creaturis

2366 3053 2583 3117 dicunt;
2615 3068 2712 3108 cur
2755 3069 2877 3109 cum
2922 3054 3153 3108 dicimus
3188 3068 3287 3108 nos
3336 3054 3657 3123 genituram,
3697 3063 3821 3103 eum
3870 3059 3933 3101 ut

2368 3161 2523 3197 unam
2560 3161 2625 3199 ex
2664 3146 2924 3214 genituris
2963 3145 3295 3214 intelligunt?
3320 3162 3338 3195 »
3388 3144 3458 3197 Et
3491 3142 3764 3211 aliquanto
3811 3154 3931 3210 post

704 3223 830 3289 illa,
884 3242 903 3275 ι
935 3222 1050 3277 Vita
1101 3235 1182 3279 est
1218 3226 1478 3294 Spiritus,
1539 3232 1628 3298 qui
1682 3241 1975 3298 potestates
2022 3238 2267 3292 caelestes

2373 3236 2639 3306 tp.285):
2676 3237 2739 3288 Et
2791 3236 2994 3305 κτίσμα
3047 3236 3139 3288 καὶ
3192 3235 3252 3287 οὑ
3286 3235 3530 3305 γέννημα
3571 3236 3599 3286 6
3629 3234 3784 3299 Υἱὸς,
3837 3234 3933 3287 καὶ

702 3318 976 3384 perﬁcit,»
1028 3319 1220 3373 alicubi
1259 3321 1309 3372 in
1366 3318 1657 3390 Scripturis
1710 3326 1934 3380 totidem
1990 3329 2167 3383 verbis
2215 3344 2268 3385 et

706 3407 930 3477 syllabis
963 3410 1233 3465 inveniri?
1278 3411 1407 3465 Nam
1452 3426 1509 3467 ut
1540 3426 1858 3471 cancrorum
1907 3418 2145 3485 Patrum,
2195 3422 2265 3475 ita

705 3500 887 3556 Basilii
924 3519 1038 3559 mos
1064 3515 1167 3567 est,
1208 3515 1287 3571 ut,
1338 3522 1459 3561 cum
1509 3518 1731 3563 utuntur
1770 3512 1851 3565 his
1899 3511 2107 3566 dicendi
2158 3513 2269 3568 for-

709 3593 887 3659 mulis,
932 3595 1073 3648 κατὰ
1107 3597 1165 3647 τὸ
1219 3599 1623 3669 γεγραμμένον,
1670 3601 1743 3665 ὡς
1793 3604 2128 3675 γέγραπται,
2179 3616 2269 3659 aut

707 3684 1013 3750 similibus,
1068 3698 1192 3741 tunc
1227 3705 1415 3743 eorum
1452 3703 1731 3748 auctorum
1780 3699 1869 3764 qui
1918 3700 1985 3751 ab
2020 3699 2147 3768 ipsis
2190 3700 2267 3753 ci-

706 3781 891 3830 tantur
944 3780 1161 3846 propria
1212 3778 1370 3833 verba
1421 3783 1719 3850 proferant.
1762 3789 1933 3841 Aliter
1985 3800 2162 3844 tamen
2212 3808 2271 3846 se

708 3868 876 3935 gessit
905 3871 1152 3941 scriptor,
1177 3871 1252 3925 sic
1279 3879 1335 3925 ut
1362 3872 1475 3927 haec
1503 3877 1685 3940 verba,
1718 3894 1735 3925 ε
1764 3878 1881 3931 Vita
1908 3890 1989 3933 est
2016 3881 2269 3949 Spiritus,

706 3960 798 4027 qui
837 3970 1126 4028 potestates
1158 3964 1402 4018 caelestes
1436 3966 1661 4033 perlicit,
1692 3985 1708 4016 »
1746 3969 1958 4036 propria
1997 3985 2099 4022 non
2139 3972 2267 4036 sint,

706 4066 882 4119 neque
909 4051 1165 4115 Matthzni,
1191 4070 1363 4123 neque
1389 4053 1573 4124 Marci,
1600 4073 1770 4127 neque
1793 4059 1949 4114 ullius
1974 4061 2108 4116 alius
2138 4065 2271 4117 scri-

706 4144 877 4212 ptoris
899 4144 1065 4206 sacri,
1088 4146 1177 4198 sed
1197 4161 1291 4199 sua
1319 4148 1483 4215 ipsius
1507 4151 1664 4203 verba
1692 4153 1818 4217 sint,
1849 4152 1898 4206 id
1924 4163 2022 4217 est,
2046 4155 2271 4209 hominis

708 4237 1045 4305 Scripturam
1083 4240 1468 4293 commentario
1495 4255 1592 4293 suo
1620 4248 2031 4314 corrumpentis.
2063 4247 2125 4300 Et
2146 4262 2271 4302 vero

706 4342 830 4380 cum
867 4337 1057 4381 auctor
1102 4328 1174 4381 ita
1208 4328 1413 4383 locutus
1443 4342 1542 4394 est,
1584 4349 1600 4380 ί
1626 4330 1743 4385 Vita
1790 4348 1873 4388 est
1910 4336 2141 4403 Spiritus
2179 4339 2270 4407 qui

707 4429 1002 4487 potestates
1050 4420 1295 4474 caelestes
1330 4421 1557 4490 perﬁcit,
1583 4441 1599 4472 »
1646 4423 1777 4475 nihil
1819 4425 1960 4479 aliud
1988 4442 2145 4494 quam
2188 4428 2273 4481 illa

705 4515 823 4583 ipsa
870 4514 1084 4568 Davidis
1130 4518 1327 4580 verba,
1374 4514 1592 4569 «Verbo
1642 4517 1848 4572 Domini
1895 4520 2017 4573 εαξη
2070 4522 2268 4576 ﬁrmati

706 4617 856 4668 sunt,
885 4626 904 4657 »
939 4616 1068 4672 etc.,
1120 4608 1427 4676 signiﬁcare
1471 4609 1657 4662 voluit.
1704 4608 1952 4664 Fortasse
2003 4611 2265 4678 ejusmodi

706 4698 925 4755 licentia
982 4710 1251 4769 utcunque
1312 4702 1583 4756 toleranda
1640 4713 1757 4767 est,
1809 4719 1928 4757 cum
1987 4714 2265 4759 auctorum

708 4791 1055 4861 profanorum
1114 4793 1417 4847 testimonia
1474 4794 1820 4865 proferuntur
1864 4813 1879 4849 :
1934 4797 2028 4850 sed
2082 4798 2133 4850 in
2187 4799 2264 4851 ci-

712 4883 889 4937 tandis
921 4884 1280 4952 scriptoribus
1314 4887 1486 4941 sacris
1522 4902 1638 4941 eam
1663 4888 1784 4956 quis
1813 4888 1991 4940 ferat?
2018 4888 2267 4943 Profecto

708 4976 755 5027 si
790 4976 1009 5042 propria
1045 4975 1450 5043 Scripturarum
1487 4978 1647 5032 verba
1682 4978 1757 5032 sic
1789 4978 2075 5032 immutare
2103 4980 2269 5033 semel

706 5065 891 5128 liceat,
921 5066 1135 5131 quidvis
1181 5066 1431 5134 probare,
1462 5070 1674 5136 quidvis
1712 5084 1907 5139 negare
1955 5068 2265 5123 facillimum

708 5158 833 5211 erit.
881 5156 959 5209 Ex
1010 5172 1117 5225 quo
1171 5167 1513 5226 sequeretur,
1571 5169 1629 5213 ut
1681 5162 2063 5215 controversiis
2112 5168 2269 5229 atque

708 5247 1145 5300 contentionibus
1179 5262 1277 5302 nec
1312 5248 1433 5302 ﬁnis
1464 5257 1641 5317 posset
1675 5250 1897 5318 imponi,
1931 5266 2028 5304 nec
2057 5250 2267 5307 modus.

709 5336 917 5392 Addam
952 5337 1095 5407 (nam
1128 5339 1179 5393 id
1208 5354 1422 5409 quoque
1466 5342 1571 5395 huc
1603 5340 1791 5395 referri
1831 5344 2049 5412 potest),
2077 5342 2267 5397 librum

709 5430 927 5482 tertium
966 5430 1147 5483 Esdrre
1181 5432 1245 5485 ab
1288 5433 1377 5485 illo
1422 5444 1641 5487 auctore
1681 5434 1761 5487 bis
1799 5435 1952 5487 citari
2000 5436 2073 5504 (p.
2099 5436 2223 5507 516)
2255 5454 2268 5489 :

708 5539 871 5592 quem
904 5533 1082 5577 tamen
1125 5539 1153 5577 a
1194 5524 1388 5580 Basilio
1433 5542 1695 5596 nusquam
1744 5527 2016 5581 laudatum
2067 5529 2271 5582 inveni-

708 5630 850 5670 mus.
880 5614 985 5668 Nec
1011 5617 1179 5670 solum
1211 5618 1407 5671 eitatur
1437 5619 1521 5674 hic
1554 5619 1706 5675 liber.
1737 5620 1828 5677 sed
1861 5620 1957 5687 sic,
1985 5630 2041 5674 ut
2072 5622 2122 5675 in
2155 5620 2268 5690 ipsa

778 5788 828 5821 “
866 5788 1004 5845 Psal.
1038 5809 1209 5862 xxx”,
1234 5794 1286 5848 6.

2369 3329 2543 3380 πάντα
2570 3328 2625 3380 δὲ
2654 3328 2722 3380 τὰ
2745 3328 2873 3382 ὄντα
2915 3329 3205 3399 κτίσματα,
3238 3328 3411 3397 μάτην
3442 3328 3731 3396 ἁγέννητος
3761 3326 3791 3375 6
3826 3326 3934 3377 Πα-

2369 3421 2469 3490 τὴρ
2503 3421 2735 3489 λέγεται,
2782 3422 2881 3474 οὐκ
2932 3422 3083 3484 ὄντος
3133 3421 3267 3483 ὅλως
3326 3421 3683 3489 γεννήματος,
3733 3417 3870 3488 πρὸς
3902 3416 3933 3468 ὃ

2368 3513 2610 3564 καλεῖται
2642 3513 2952 3581 ἀγέννητος.
2998 3532 3016 3564 ι
3049 3513 3103 3567 Si
3154 3513 3323 3567 Filius
3373 3523 3623 3565 creatura
3668 3521 3787 3573 est,
3824 3522 3932 3560 non

2367 3605 2641 3672 genitura,
2672 3614 2727 3657 et
2754 3614 2945 3657 cuncta
2989 3618 3109 3672 qua:
3156 3612 3299 3666 sunt,
3344 3612 3605 3655 creaturae
3640 3611 3787 3662 sunt,
3820 3600 3935 3651 fru-

2371 3704 2481 3749 stra
2515 3694 2673 3748 Pater
2721 3695 2991 3766 ingenitus
3020 3694 3239 3759 dicitur,
3285 3708 3405 3748 cum
3444 3707 3548 3746 non
3593 3692 3661 3745 sit
3708 3692 3933 3745 omnino

2370 3788 2650 3857 genitura,
2704 3784 2858 3854 cuius
2924 3795 3166 3855 respectu
3229 3783 3528 3854 appelletur
3580 3783 3873 3851 ingenitus.
3908 3800 3928 3833 ι

2370 3880 2524 3934 Haud
2560 3880 2714 3950 longe
2741 3880 2812 3933 ita
2847 3880 3041 3948 legitur
3068 3879 3140 3947 (p.
3165 3878 3291 3947 284)
3316 3891 3330 3928 :
3355 3877 3417 3929 Et
3451 3875 3607 3945 φύσει
3637 3876 3937 3945 ἀγέννητος

2371 3975 2399 4025 6
2442 3973 2648 4042 Πατὴρ,
2703 3971 2860 4039 φύσει
2907 3970 3161 4040 γεννητὸς
3210 3970 3301 4021 καὶ
3333 3970 3362 4020 6
3390 3968 3545 4031 Υἱός·
3582 3969 3629 4019 εί
3677 3968 3735 4019 δὲ
3772 3966 3936 4036 φύσει

2370 4065 2631 4135 γέννημα,
2670 4065 2850 4117 οὐκέτι
2895 4064 3114 4134 κτίσμα.
3143 4064 3329 4125 Ὄντος
3361 4057 3450 4114 οὖν
3479 4060 3571 4114 τοῦ
3610 4060 3767 4127 φύσει
3811 4076 3937 4126 γεν-

2370 4158 2628 4228 νήματος,
2657 4157 2867 4225 ἀνάγκη
2904 4158 2995 4209 καὶ
3026 4158 3113 4209 τὸν
3143 4158 3473 4226 γεννήσαντα
3497 4150 3653 4206 εἶναι.
3693 4170 3711 4201 ι
3745 4150 3802 4203 Si
3838 4166 3937 4203 na-

2374 4258 2489 4301 tura
2524 4248 2793 4317 ingenitus
2820 4256 2900 4301 est
2945 4244 3127 4311 Pater,
3161 4247 3329 4300 Filius
3357 4260 3569 4313 quoque
3613 4251 3806 4296 natura
3847 4252 3937 4295 est

2372 4340 2582 4410 genitus
2619 4358 2632 4393 :
2668 4339 2759 4394 sed
2805 4339 2849 4393 si
2886 4338 3128 4409 genitura
3181 4347 3263 4392 est
3310 4346 3536 4400 natura,
3580 4349 3932 4404 nequaquam

2374 4440 2457 4485 est
2485 4439 2745 4485 creatura.
2793 4428 2925 4483 Cum
2961 4427 3121 4497 igitur
3172 4427 3422 4497 genitura
3464 4427 3537 4481 sit
3576 4435 3789 4488 natura,
3836 4438 3940 4477 ne-

2374 4538 2524 4577 cesse
2568 4531 2650 4576 est
2682 4529 2736 4577 et
2777 4521 3068 4591 genitorem
3101 4534 3279 4573 esse.»
3324 4518 3611 4587 Aliquanto
3663 4522 3786 4583 post
3835 4529 3937 4567 eo-

2372 4618 2489 4670 dem
2538 4615 2693 4667 modo
2750 4613 2980 4681 scriptor
3028 4611 3262 4677 loquitur
3307 4607 3571 4680 (p.286):
3614 4606 3780 4658 Οὐδὲν
3824 4609 3939 4677 ἄρα

2373 4707 2546 4760 κοινόν
2590 4708 2733 4757 ἐστιν
2766 4704 2894 4756 Υἱοῦ
2935 4703 3029 4755 καὶ
3060 4700 3297 4770 Πατρὸς,
3339 4698 3515 4766 οὐδὲὴ
3550 4696 3743 4760 κτίσις,
3774 4698 3936 4770 εἴπερ

2372 4798 2578 4866 ποίημα
2612 4797 2703 4848 καὶ
2732 4795 2790 4846 οὑ
2822 4794 3062 4861 γέννημα
3089 4793 3116 4844 6
3152 4792 3311 4854 Υἱός..
3335 4792 3398 4844 Εἰ
3430 4792 3666 4860 γέννημα
3695 4790 3723 4840 ὁ
3772 4790 3935 4851 Υἱὸς,

2372 4890 2467 4958 οὐχ
2529 4889 2601 4951 ὡς
2665 4889 2721 4939 ἓν
2784 4885 2890 4938 τῶν
2963 4885 3345 4955 γεννημάτων,
3401 4885 3505 4936 πᾶν
3567 4883 3623 4935 δὲ
3679 4883 3938 4952 γέννημα

2373 4982 2600 5049 κτίσμα,
2650 4979 2709 5030 οῦ
2769 4979 2973 5047 κτίσμα
3004 4980 3031 5031 6
3075 4977 3219 5039 Υἱός.
3250 4975 3382 5029 Οὐδὲ
3428 4975 3535 5045 γὰρ
3574 4975 3823 5043 γέννημα
3858 4973 3934 5036 ὡς

2368 5074 2565 5125 ἐκεῖνα.
2597 5091 2612 5122 ι
2644 5071 2783 5124 Nihil
2807 5086 2933 5140 ergo
2960 5084 3238 5125 commune
3262 5077 3343 5124 est
3365 5067 3507 5122 Patri
3534 5081 3651 5120 cum
3679 5064 3841 5129 Filio,
3866 5081 3937 5120 ne

2369 5164 2570 5219 creatio
2595 5164 2831 5232 quidem,
2866 5163 2907 5216 si
2943 5162 3147 5215 factura
3195 5175 3302 5214 non
3337 5159 3578 5229 genitura
3618 5156 3787 5211 Filius
3824 5167 3932 5212 est.

2374 5256 2427 5309 Si
2462 5254 2625 5308 Filius
2644 5254 2885 5322 genitura
2917 5262 3018 5316 est,
3048 5267 3149 5306 non
3182 5260 3432 5319 tanquam
3466 5266 3566 5303 una
3593 5246 3935 5316 egenituris,

2371 5345 2545 5399 omnis
2590 5352 2763 5398 autem
2810 5343 3052 5413 genitura
3085 5350 3330 5394 creatura
3382 5348 3492 5403 est,
3524 5351 3627 5390 non
3673 5346 3934 5390 creatura

2369 5435 2535 5490 Filius
2573 5445 2673 5497 est,
2715 5448 2884 5503 neque
2929 5434 3071 5487 enim
3108 5433 3350 5501 genitura
3397 5441 3480 5484 est
3509 5438 3566 5480 ut
3608 5426 3720 5480 illa.
3752 5446 3771 5476 ι
3810 5427 3936 5483 Dis-

2371 5526 2545 5579 simile
2586 5541 2687 5579 non
2727 5534 2809 5580 est
2852 5525 2989 5594 quod
3032 5525 3276 5593 sequitur
3322 5524 3404 5589 (p.
3431 5519 3595 5591 287):
3632 5519 3695 5570 Ei.
3742 5519 3771 5570 6
3802 5518 3935 5581 Υίὸς

2372 5617 2664 5688 ἐνέργημα,
2696 5618 2786 5670 καὶ
2816 5618 2872 5669 οὐ
2905 5616 3162 5686 γέννημα,
3209 5613 3328 5667 οὔτε
3357 5613 3384 5664 6
3431 5611 3762 5681 ἐνεργήσας,
3806 5608 3934 5662 οὔτε
