4088 6310
1333 372 1392 423 Ι).
1433 371 1574 424 .1[Ι,.
1627 371 1952 428 CARNERII
1995 375 2386 430 PREFATIO.

3181 398 3384 436 CCXXX'

148 479 260 552 μὴν
301 485 364 536 τὺ
414 487 709 557 ὲνεργηθὲν
773 485 935 547 αὑτός
1003 488 1167 540 ἐστιν.
1227 509 1243 539 ι
1277 489 1330 542 Si
1396 491 1561 548 Filius
1608 512 1734 565 ope-

1844 495 2048 548 ritatcm
2099 493 2272 560 palam
2309 505 2606 563 oppugnat,
2658 495 2757 546 sibi
2818 494 2914 564 ipsi
2952 503 3126 545 tamen
3161 509 3390 547 consona

146 575 286 631 ratio
315 587 438 643 est,
483 591 588 630 non
635 575 913 644 genitura,
965 591 1139 646 neque
1186 578 1276 649 qui
1313 591 1566 647 operatus
1609 595 1722 652 est,

145 681 324 738 neque
358 679 496 735 opus
543 664 717 723 ipsum
763 666 876 736 ipse
922 678 1024 721 est.
1050 689 1068 720 ι
1111 670 1303 724 Statim
1343 670 1414 723 ita
1462 673 1724 743 scriptum

145 757 427 813 invenitur
470 762 546 825 (ρ.
571 756 701 830 287)
728 777 743 813 :
773 759 1136 824 Μονόκτιστος
1182 759 1511 833 κυριώτερον
1545 763 1611 817 ἂν
1643 767 1726 820 λέ‹

147 866 317 918 γοιτο,
376 850 584 922 κτίσμα
630 852 726 923 μὲν
768 853 981 923 ἀληθῶς
1026 856 1146 906 κατ’
1186 854 1446 924 Εὐνόμιον
1477 855 1571 925 ὢν,
1603 861 1724 927 γέν-

145 960 206 1010 νη
218 957 297 1010 μα
322 940 382 993 δὲ
407 943 759 1016 ψευδονύμως
785 943 949 997 καλού
959 961 1135 1014 μενος.
1167 964 1184 995 t
1209 945 1529 1004 Unicreatus
1559 955 1726 1019 magis

148 1033 373 1101 proprie
400 1035 695 1102 diceretur,
736 1052 857 1091 cum
904 1036 1198 1091 secundum
1246 1038 1564 1095 Eunomium
1604 1057 1729 1099 vere

147 1134 410 1183 creatura
437 1130 531 1194 sit,
560 1128 690 1183 falso
720 1139 898 1183 autem
933 1130 1147 1184 nomine
1175 1134 1419 1201 genitura
1447 1143 1688 1190 vocetur.
1707 1157 1723 1189 ι

152 1214 363 1274 Iianus
396 1220 482 1274 sic
520 1220 706 1274 scribit
753 1221 830 1290 (p.
854 1219 981 1287 292)
1010 1239 1022 1275 :
1056 1222 1117 1274 Et
1157 1224 1264 1296 πρὸ
1294 1225 1393 1294 τῆς
1444 1225 1670 1292 κτίσεως
1702 1232 1730 1283 ὁ

150 1307 281 1374 Υἱὸς
311 1311 375 1363 οὐ
406 1309 656 1383 γέννημά
690 1315 856 1375 ἐστιν,
898 1313 1033 1367 ἀλλὰ
1063 1316 1266 1386 κτίσμα
1286 1332 1301 1348 ο
1335 1317 1730 1387 πρωτόκτιστος

152 1400 219 1454 ἂν
272 1401 498 1470 ἐλέγετο
553 1405 648 1458 καὶ
686 1403 745 1456 οὐ
795 1405 1154 1474 πρωτότοκος.
1215 1427 1234 1458 ι
1280 1406 1336 1462 Si
1391 1407 1556 1465 Filius
1608 1423 1734 1466 ante

151 1503 465 1549 creaturam
511 1497 756 1568 genitura
802 1511 906 1550 non
949 1507 1117 1569 esset,
1171 1499 1264 1552 sed
1297 1511 1587 1556 creatura:
1624 1504 1735 1572 pri-

154 1595 469 1642 mocreatus
517 1589 702 1659 utique
754 1587 1060 1654 diceretur,
1110 1604 1214 1640 non
1272 1593 1679 1660 printogenitus.
1709 1613 1728 1646 ι

157 1675 411 1745 Unicum,
445 1696 566 1735 cum
603 1681 802 1750 possim
839 1681 1019 1748 plura,
1052 1680 1354 1750 exemplum
1386 1682 1603 1751 addam,
1639 1688 1727 1743 ubi

155 1771 233 1826 sic
266 1771 470 1840 legitur
499 1776 574 1840 (p.
597 1770 721 1840 506)
752 1789 764 1823 :
792 1772 901 1823 Καὶ
921 1773 982 1824 τὸ
1009 1775 1252 1845 γέννημα
1276 1774 1334 1842 ἐξ
1356 1775 1518 1829 αὐτοῦ
1544 1780 1732 1849 ἐκφαί-

156 1880 234 1914 νει
263 1865 358 1916 τὸν
385 1862 582 1930 Λόγον.
620 1881 638 1914 ι
667 1863 733 1917 Ει
760 1864 1005 1933 genimen
1035 1872 1174 1934 quod
1217 1883 1280 1922 ex
1314 1869 1429 1938 ipso
1459 1881 1569 1938 est,
1599 1873 1728 1937 edit,

161 1953 397 2006 Verbum
440 1952 753 2008 videlicet.)
799 1953 875 2007 Ex
929 1953 1016 2008 his
1055 1966 1110 2009 et
1149 1957 1414 2012 similibus
1461 1959 1594 2014 locis
1644 1961 1726 2014 in-

162 2039 449 2110 telligitur.
494 2040 690 2097 Filium
735 2059 762 2097 a
796 2045 1084 2114 scriptore,
1128 2047 1437 2116 quicunque
1485 2047 1575 2103 ille
1610 2045 1730 2116 fuit,

162 2144 409 2190 vocatum
474 2150 594 2192 esse
652 2153 671 2189 t
712 2135 1094 2207 genituram,»
1151 2137 1306 2204 eique
1366 2154 1560 2193 nomen
1611 2141 1732 2209 γέν-

160 2243 311 2297 νημα
337 2230 624 2298 probatum
655 2228 836 2285 fuisse.
865 2227 997 2283 Nam
1027 2228 1079 2282 in
1110 2229 1284 2299 primo
1309 2230 1554 2298 exemplo
1579 2231 1734 2287 docet

164 2318 357 2376 Filium
394 2324 464 2377 ab
501 2322 854 2376 Eunomianis
883 2324 1066 2377 vocari
1105 2332 1434 2390 creaturam,
1467 2323 1573 2377 dici
1606 2339 1732 2380 vero

163 2428 188 2463 a
221 2428 279 2467 se
312 2414 644 2481 genituram.
671 2412 737 2464 Et
765 2413 978 2482 quidem
1012 2414 1085 2467 ita
1129 2415 1296 2484 loqui,
1325 2417 1373 2468 εί
1413 2415 1618 2486 κτίσμα
1646 2416 1726 2470 λέο

163 2518 352 2569 γοντες
383 2501 478 2553 τὸν
536 2501 682 2565 Υἱόν,
712 2513 839 2566 etc.,
872 2503 946 2553 uti
989 2503 1149 2568 paulo
1198 2515 1320 2558 ante
1365 2505 1582 2572 legitur,
1620 2507 1735 2575 ejus

164 2603 266 2657 est,
298 2594 392 2664 qui
430 2591 485 2645 in
517 2605 582 2646 eo
607 2592 675 2645 ab
715 2591 1062 2645 Eunomianis
1090 2592 1463 2661 dissentiebat,
1491 2596 1631 2664 quod
1660 2595 1732 2648 illi

163 2681 356 2736 Filium
405 2680 648 2737 dicerent
677 2691 1002 2749 creaturam,
1054 2683 1166 2752 ipse
1205 2697 1329 2739 vero
1373 2700 1497 2739 cum
1530 2689 1738 2754 genitu-

166 2787 275 2824 ram
317 2774 546 2828 diceret.
584 2772 740 2829 Patet
771 2789 981 2845 quoque
1006 2792 1068 2831 ex
1103 2775 1211 2842 illo,
1258 2777 1603 2847 μονόκτιστος
1641 2797 1736 2834 κυ-

165 2864 426 2936 ριώτερον
475 2866 541 2920 ἂν
587 2865 816 2936 λέγοιτο,
867 2875 1008 2933 etc.,
1075 2884 1258 2924 vocem
1308 2869 1553 2940 γέννημα
1601 2870 1738 2924 Filio

173 2971 436 3029 tanquam
464 2961 709 3012 decoram
738 2975 799 3013 ac
824 2960 1094 3014 decentem
1120 2960 1186 3014 ab
1217 2959 1307 3013 illo
1334 2969 1553 3014 auctore
1578 2960 1741 3015 fuisse

163 3051 447 3107 tributam.
477 3050 650 3106 Vertit
696 3051 838 3105 enim
881 3051 1010 3105 vitio
1055 3050 1339 3116 Eunomio,
1385 3052 1526 3120 quod
1576 3052 1739 3107 Filius

1830 589 2085 657 loquitur.
2117 587 2575 654 Quemadmodum
2608 585 2752 639 enim
2800 585 2851 636 in
2901 582 3267 653 superioribus
3306 583 3395 633 de-

1829 683 2104 748 cernebat,
2137 684 2188 735 in
2223 680 2331 733 Deo
2363 678 2738 733 universorum
2768 675 3126 730 substantiam
3155 671 3270 738 ejus
3306 685 3399 740 per

1831 777 2297 844 ingenerationen't
2329 771 2627 842 significari
2658 791 2668 824 :
2699 773 2770 826 ita
2800 769 2888 824 hic
2915 784 3128 838 quoque
3158 764 3400 818 substan-

1833 866 1960 920 tiam
1991 865 2112 920 Filii
2151 880 2247 937 per
2276 864 2584 933 genituram
2621 859 2914 929 significari
2951 857 3099 922 dicit,
3131 869 3184 910 ut
3230 854 3396 924 geniti

1830 959 1896 1013 ad
1939 959 2232 1026 ingenitum
2285 955 2659 1025 oppositione,
2709 950 3055 1021 Unigenituin
3101 948 3397 1001 secundum

1831 1055 2000 1124 ipsam
2049 1050 2404 1104 substantiam
2454 1044 2724 1100 contrario
2773 1046 2930 1097 modo
2976 1040 3043 1095 ad
3085 1037 3296 1091 Patrem
3342 1052 3400 1091 se

1831 1143 2031 1200 habere
2058 1144 2326 1195 ostendat.
2357 1141 2692 1208 Quapropter
2722 1149 2840 1187 cum
2871 1134 3068 1188 Filium
3099 1129 3398 1200 genituram

1833 1235 2081 1307 appellat,
2113 1233 2271 1287 verba
2312 1249 2427 1301 qua:
2469 1250 2496 1286 a
2532 1229 2711 1285 divino
2755 1226 2954 1294 Spiritu
3001 1228 3256 1292 usurpata
3296 1231 3399 1271 non

1833 1339 1990 1392 sunt,
2042 1323 2362 1396 prmseribit.
2416 1323 2565 1379 Unde
2598 1322 2711 1375 haec
2760 1317 2998 1385 accepit?
3046 1331 3110 1369 ex
3166 1329 3268 1382 qua
3307 1310 3403 1363 du-

1835 1418 2048 1474 ctrina?
2089 1435 2118 1471 a
2162 1431 2270 1487 quo
2311 1414 2608 1484 propheta?
2643 1427 2670 1465 a
2706 1423 2812 1480 quo
2864 1406 3127 1475 apostolo,
3161 1404 3250 1473 qui
3292 1403 3394 1454 hoc

1835 1513 1883 1566 ei
1916 1525 2209 1580 cognomen
2246 1506 2528 1561 tribuerit?
2556 1506 2666 1574 Ego
2695 1501 2914 1573 quidem
2951 1507 3099 1552 certe
3129 1497 3267 1547 hanc
3311 1508 3402 1545 vo-

1836 1623 1950 1662 cem
1979 1606 2057 1660 sic
2084 1618 2394 1673 expressam
2427 1599 2573 1654 nullo
2603 1598 2896 1669 Scriptura:
2926 1595 3040 1648 loco
3071 1587 3398 1644 invenio.....

1835 1701 2049 1755 Patrem
2075 1698 2290 1768 quidem
2318 1692 2592 1765 genuisse,
2616 1705 2680 1743 ex
2709 1690 2890 1742 multis
2918 1687 3050 1741 locis
3075 1679 3400 1737 didicimus:

1839 1796 2030 1847 Filium
2064 1808 2190 1847 vero
2221 1791 2526 1856 genituram
2554 1799 2675 1840 esse
2707 1781 2929 1836 necdum
2959 1778 3024 1830 ad
3060 1775 3203 1828 hunc
3235 1780 3405 1837 usque

1839 1886 1979 1940 diem
2024 1883 2424 1937 audivimus....
2471 1879 2576 1936 Sed
2616 1877 2695 1942 si,
2746 1872 2953 1943 inquit,
3001 1866 3141 1939 Deus
3188 1860 3405 1930 genuit.

1839 1977 2109 2049 quomodo
2150 1989 2248 2044 par
2282 1988 2385 2026 non
2435 1983 2516 2026 est
2552 1971 2792 2042 genitum
2837 1965 3140 2037 genituram
3182 1947 3408 2007 vocare!

1841 2047 1976 2137 Quia
2029 2063 2356 2122 horrendum
2405 2069 2488 2115 est
2538 2063 2689 2115 nobis
2721 2071 2875 2118 eum,
2923 2055 3008 2106 cui
3057 2047 3283 2116 largitus
3324 2048 3408 2096 est

1843 2165 1982 2217 Deus
2015 2171 2206 2214 nomen
2252 2154 2393 2224 quod
2423 2161 2507 2206 est
2536 2166 2694 2219 super
2738 2160 2899 2204 onme
2945 2155 3160 2204 nomen,
3205 2134 3405 2190 nostris

1841 2251 2150 2310 nominibus
2187 2223 2571 2318 appellare...”
2597 2242 2747 2306 Quod
2781 2241 2944 2308 igitur
2983 2249 3080 2288 nec
3108 2223 3408 2284 communis

1841 2313 2354 2404 consuetudo,—nec
2404 2335 2808 2402 Scripturarum
2866 2343 2994 2380 usus
3051 2318 3303 2381 admisit,
3356 2313 3408 2366 id

1841 2442 2059 2502 audere,
2094 2448 2270 2504 nonne
2316 2440 2539 2486 summae
2581 2423 2862 2480 dementia:
2911 2418 3024 2473 est?
3051 2435 3068 2466 ι
3119 2413 3406 2502 Postquam

1843 2540 2021 2584 autem
2052 2502 2280 2577 Basilius
2307 2521 2421 2574 hmo
2450 2526 2504 2572 et
2540 2515 2643 2568 alia
2674 2512 2725 2566 id
2774 2522 2943 2581 genus
2982 2502 3170 2564 multa,
3201 2508 3406 2584 quiem

1844 2623 1962 2690 ipso
2008 2617 2154 2671 fonte
2185 2611 2286 2682 legi
2314 2623 2490 2679 operae
2518 2606 2750 2676 pretium
2781 2610 2882 2666 est,
2911 2608 2970 2652 ut
3000 2596 3297 2663 eleganter,
3335 2583 3408 2690 ita

1843 2675 2060 2781 c'opiose
2101 2721 2187 2767 eo,
2217 2715 2375 2774 quem
2408 2675 2538 2764 dixi,
2570 2697 2685 2750 loco
2716 2692 2932 2762 scripsit
2962 2689 3027 2743 ad
3060 2697 3242 2741 vocem
3289 2675 3408 2745 γέν-

1843 2823 1990 2878 νημα
2029 2796 2431 2870 repudiandum,
2472 2792 2550 2846 sic
2596 2789 2810 2842 tandem
2853 2793 3155 2838 sermonem
3193 2769 3410 2878 conciu-

1846 2862 1960 2954 dit:
1990 2862 2144 2949 Οὕτω
2174 2893 2269 2962 μὲν
2299 2885 2389 2942 οὖν
2419 2883 2672 2955 ἀλλοτρία
2698 2880 2792 2949 τῆς
2827 2893 2885 2928 τε
2918 2871 3101 2938 κοινῆς
3128 2862 3412 2962 συνηθείας

1847 2991 1938 3044 καὶ
1961 2990 2056 3059 τῆς
2079 2958 2186 3038 τῶν
2207 2980 2436 3052 Γραφῶν
2460 2981 2703 3049 χρήσεως
2734 2975 2767 3042 ἡ
2790 2968 2941 3041 φωνὴ
2962 2964 3052 3059 τοῦ
3081 2958 3414 3031 γεννήματος

1847 3057 2269 3149 ἀπεληλεγκται.
2310 3091 2328 3123 ι
2360 3069 2474 3123 Hoc
2511 3069 2692 3134 itaque
2737 3065 2894 3118 modo
2929 3057 3186 3130 geniturae
3227 3061 3413 3116 vocent

166 3142 381 3255 θίιθιίυδ
426 3143 697 3255 sentiam“
727 3156 852 3247 "te
881 3142 1151 3246 dicer?“
1194 3153 1464 3207 creatur“
1499 3143 1731 3240 f‘ppeua'
1765 3194 1812 3255 ρ
1848 3183 1902 3228 et
1929 3188 1957 3225 a
1991 3142 2262 3225 communi
2301 3158 2694 3218 consuetudine
2722 3166 2777 3209 et
2809 3169 2837 3205 a
2868 3152 3270 3218 Scripturarum
3314 3153 3412 3192 usu

170 3243 320 3290 retur
353 3249 489 3289 vero
520 3234 656 3289 falso
683 3234 897 3290 nomine
932 3235 1176 3305 genitura
1205 3253 1217 3288 :
1259 3250 1417 3304 quem
1447 3233 1578 3290 sa'ne
1605 3251 1738 3288 nun-

167 3338 328 3392 quam
391 3325 475 3378 sic
524 3328 817 3394 argnisset,
863 3327 964 3381 nisi
1015 3327 1328 3382 credidisset
1383 3327 1493 3397 ipse
1549 3328 1739 3382 Filium

169 3415 388 3485 proprio
433 3429 496 3468 ac
526 3430 652 3470 vero
683 3420 899 3472 nomine
928 3417 1228 3486 genituram
1275 3420 1553 3487 appellari.
1589 3418 1740 3472 Basi-

173 3505 276 3562 lius
327 3515 513 3561 autem
550 3523 654 3561 non
693 3509 850 3561 modo
906 3523 1009 3562 non
1056 3525 1183 3562 usus
1225 3517 1306 3561 est
1366 3510 1580 3563 nomine
1624 3509 1742 3576 γέν-

168 3613 342 3668 νημα,
379 3597 477 3651 sed
507 3613 570 3653 eo
592 3598 665 3651 uti
701 3613 804 3652 non
837 3598 999 3654 licere
1025 3599 1221 3653 docuit.
1248 3601 1317 3652 At
1349 3601 1521 3670 ipsum
1552 3602 1742 3657 audire

171 3698 415 3757 prtestat.
461 3689 589 3756 Ejus
633 3690 790 3757 igitur
820 3690 933 3745 haec
966 3699 1091 3745 sunt
1138 3690 1231 3744 lib.
1273 3706 1332 3756 ιι,
1367 3706 1514 3743 num.
1542 3691 1596 3755 6,
1626 3692 1654 3743 7
1690 3701 1744 3745 et

169 3779 240 3834 8:
279 3781 398 3832 Καὶ
445 3780 503 3831 ὲν
530 3779 736 3842 τούτοις
776 3781 952 3835 τοίνυν
995 3785 1060 3854 τῇ
1100 3782 1197 3852 μὲν
1230 3781 1458 3854 ἀληθείᾳ
1495 3783 1743 3853 φανερῶς

168 3870 516 3944 ἂαμάχεται,
554 3869 728 3937 ἑαυτῷ
755 3869 810 3921 δὲ
841 3871 988 3940 ὅμως
1017 3871 1284 3925 ἀκόλουθα
1310 3872 1476 3940 λέγει.
1519 3873 1604 3936 Ὠς
1636 3873 1744 3946 γὰρ

168 3963 222 4012 ὲν
260 3963 380 4022 τοῖς
427 3959 539 4012 ἄνω
575 3959 751 4026 λόγοις
781 3960 841 4011 τὸ
872 3961 1160 4032 ἀγέννητον
1194 3965 1285 4016 ἐπὶ
1327 3965 1419 4017 τοῦ
1460 3964 1593 4018 Θεοῦ
1637 3966 1742 4018 τῶν

169 4053 326 4118 ὅλων,
358 4051 462 4122 τῆς
494 4053 679 4115 οὐσίας
715 4051 873 4104 αὑτοῦ
905 4053 1183 4123 διωρίζετο
1219 4052 1356 4109 εἶναι
1388 4059 1740 4126 σημαντικὸν,

169 4145 310 4198 οὕτω
344 4146 442 4196 καὶ
487 4141 719 4196 ἐνταῦθα
747 4145 806 4195 τὸ
829 4144 1072 4214 γέννημα
1115 4144 1214 4216 τὴν
1247 4147 1432 4200 οὐσίαν
1477 4149 1568 4199 τοῦ
1614 4149 1741 4210 Υἱοῦ

172 4237 460 4305 σημαίνειν
507 4233 684 4302 λέγει’
738 4236 800 4288 ἵν’
847 4233 903 4287 ὲν
949 4239 1014 4307 τῇ
1058 4236 1151 4288 τοῦ
1197 4239 1452 4310 γεννητοῦ
1506 4239 1640 4312 πρὸς
1686 4241 1745 4292 τὸ

170 4329 469 4397 ἀγέννητον
497 4325 786 4391 ἀντιθέσει,
816 4329 1068 4392 ἐναντίως
1111 4329 1299 4400 ἔχοντα
1329 4330 1405 4401 τῷ
1448 4333 1621 4402 Πατρὶ
1657 4333 1746 4387 τὸν

171 4418 458 4486 Μονογενῆ
510 4417 649 4470 κατὰ
696 4419 795 4488 τὴν
857 4420 1042 4472 οὐσίαν
1094 4422 1265 4490 αὐτὴν
1339 4423 1601 4496 ἐπιδείξῃ.
1650 4423 1745 4477 Διὰ

171 4512 344 4564 ταῦτα
384 4508 667 4579 νομοθετεῖ
703 4511 919 4579 ῥήματα
951 4510 1055 4575 ἕξω
1088 4513 1185 4583 τῆς
1217 4515 1460 4584 χρήσεως
1493 4515 1619 4568 ὄντα
1653 4515 1743 4569 τοῦ

173 4601 316 4656 θείου
385 4600 737 4671 Πνεύματος,
796 4601 1038 4673 γέννημα
1108 4605 1198 4656 τὸν
1252 4605 1377 4657 Υἱὺν
1443 4606 1743 4676 ὀνομάζων.

172 4692 342 4747 Πόθεν
363 4691 548 4746 λαϐὼν
571 4711 582 4757 ;
606 4695 668 4745 ὲκ
686 4693 840 4756 ποίας
871 4693 1211 4759 διδασκαλίας
1235 4712 1247 4758 ;
1275 4697 1414 4758 τίνος
1438 4703 1711 4769 προφήτου
1735 4717 1746 4763 ;

173 4785 316 4847 τίνος
349 4785 459 4836 τῶν
491 4784 803 4837 ἀποστόλων
835 4785 1037 4855 ταύτην
1073 4785 1220 4854 αὑτῴ
1241 4786 1340 4856 τὴν
1373 4789 1751 4859 προσωνυμίαν

177 4880 650 4948 ἐπιφημίσαντοςς
698 4877 835 4948 Ἐγὼ
872 4881 966 4949 μὲν
1004 4880 1109 4953 γὰρ
1139 4879 1373 4950 οὐδαμοῦ
1403 4882 1498 4951 τῆς
1535 4883 1751 4953 Γραφῆς

173 4971 436 5043 κειμένην
479 4971 621 5023 οὕτω
648 4969 742 5041 τὴν
777 4973 955 5041 φωνὴν
995 4971 1197 5041 ταύτην
1237 4968 1459 5043 εὗρον...
1492 4973 1528 5024 Γ
1533 4991 1749 5042 εγεννη-

177 5064 324 5116 κέναι
371 5063 472 5133 μὲν
511 5062 619 5132 γὰρ
658 5063 745 5116 τὸν
778 5063 1015 5134 Πατέρα,
1067 5064 1331 5135 πολλαχοῦ
1361 5064 1745 5135 δεδιδάγμεθα·

174 5158 421 5227 γέννημα
454 5155 514 5207 δὲ
548 5151 685 5208 εἶναι
711 5155 800 5208 τὸν
831 5156 973 5221 Υἱὸν,
1001 5156 1208 5210 οὐδέπω
1231 5157 1324 5210 καὶ
1351 5160 1586 5228 τήμερον
1615 5159 1751 5227 ἀκη-

175 5249 378 5318 κόαμεν
553 5246 691 5298 Ἀλλ’
711 5249 757 5299 εἰ
786 5248 1060 5318 ἐγέννησε,
1085 5249 1268 5319 φησὶν,
1296 5251 1323 5302 ὁ
1349 5249 1503 5313 Θεὸς,
1531 5248 1648 5312 πῶς
1687 5250 1747 5301 ού

175 5339 272 5409 χρὴ
298 5339 394 5390 τὸν
417 5336 749 5407 γεννηθέντα
773 5339 1191 5409 προσαγορεύειν
1223 5341 1496 5411 γέννημα;
1520 5342 1750 5410 "0129:0-

176 5429 326 5499 ϐερὸν
372 5429 510 5500 ἡμῖν
535 5428 824 5499 ἡμετέροις
866 5430 1022 5484 αὑτὸν
1056 5433 1281 5502 ὀνόμασι
1318 5437 1676 5506 προσφωνεῖν,

178 5519 466 5593 ἐχαρίσατο
515 5522 544 5574 ὁ
591 5520 722 5583 Θεὺς
751 5521 920 5592 ὅνομα
946 5526 1005 5576 τὸ
1044 5525 1180 5596 ὑπὲρ
1220 5527 1324 5578 πᾶν
1371 5525 1651 5595 δνομα.....
1685 5527 1748 5578 ’Ὀ

179 5611 347 5664 τοίνυν
375 5608 504 5664 οὔτε
552 5611 588 5680 ἡ
637 5609 790 5678 κοινὴ
829 5611 1100 5682 συνήθεια,
1147 5611 1267 5665 οὗτε
1314 5611 1484 5682 ήτῶν
1516 5605 1746 5680 Γραφῶν

180 5703 361 5774 χρῆσις
396 5701 822 5773 παραδέδεκται,
857 5703 1042 5757 τούτου
1079 5703 1442 5775 κατατολμᾷν,
1481 5703 1596 5765 πῶς
1629 5701 1748 5772 οὖχί

181 5792 267 5863 τῆς
305 5795 544 5866 ἐσχάτης
581 5792 840 5855 ἀπονῡίας
874 5793 1021 5860 aut;
1062 5813 1077 5846 t
1111 5795 1173 5849 Et
1215 5795 1264 5849 in
1315 5795 1396 5859 bis
1443 5794 1622 5865 utique
1669 5807 1752 5846 vet

1848 3267 2075 3320 alienam
2123 3273 2241 3315 esse
2294 3257 2714 3311 demonstratum
2761 3253 2906 3299 est.»
2961 3241 3090 3306 Qua:
3141 3233 3322 3289 omnia
3369 3228 3415 3282 si

1849 3361 1986 3414 inter
2013 3369 2071 3410 se
2111 3356 2510 3417 comparentur,
2559 3339 2902 3412 perspicuum
2945 3333 3048 3388 erit
3091 3344 3155 3382 ex
3197 3325 3298 3378 hac
3338 3320 3418 3374 lo-

1848 3463 2031 3504 corum
2061 3444 2366 3503 collatione,
2398 3437 2653 3492 Basilium
2689 3441 2783 3485 aut
2809 3426 2911 3482 sibi
2944 3439 3049 3479 non
3083 3414 3414 3475 consentire,

1850 3551 1958 3604 aut,
2005 3536 2148 3608 quod
2193 3534 2370 3588 verius
2409 3538 2510 3596 est,
2559 3531 2749 3581 horum
2798 3522 3082 3579 librorum,
3128 3514 3180 3565 in
3223 3507 3419 3578 quibus

1848 3599 2210 3699 νοέγέννημα
2231 3636 2481 3693 tanquam
2519 3619 2757 3674 solemne
2782 3613 3038 3683 quiddam
3072 3616 3126 3661 et
3155 3599 3418 3656 familiare

1850 3724 2048 3794 paSsim
2081 3720 2388 3777 adhibetur,
2425 3721 2701 3764 auctorem
2731 3719 2836 3759 non
2869 3716 3007 3758 esse.

1921 3815 2011 3868 7'2.
2049 3811 2271 3868 Ostendi
2308 3809 2570 3862 hactenus
2611 3809 2885 3855 auctorem
2943 3796 3202 3850 librorum
3239 3783 3415 3857 quarti

1849 3965 1902 4010 et
1933 3954 2101 4022 quinti
2137 3959 2323 4004 contra
2358 3943 2676 3999 Eunomium
2728 3940 2803 3993 uti
2841 3937 3023 4006 aliquo
3065 3929 3274 3986 dicendi
3323 3942 3415 3996 ge-

1851 4063 1995 4105 nere.
2031 4061 2136 4113 quo
2186 4058 2290 4095 non
2326 4039 2460 4094 solet
2491 4037 2569 4091 uti
2597 4032 2827 4088 Basilius
2879 4045 2893 4081 :
2956 4043 3118 4087 nunc,
3165 4023 3418 4090 quoniam

1850 4139 2082 4191 varietas
2110 4134 2222 4202 ipsa
2259 4145 2356 4200 per
2387 4144 2445 4183 se
2478 4127 2671 4198 placet,
2701 4121 2985 4178 ostendere
3010 4117 3247 4173 conabor
3269 4130 3419 4170 eum-

1852 4232 1971 4285 dem
2009 4242 2113 4279 non
2144 4225 2218 4278 uti
2242 4222 2511 4290 aliquibus
2544 4215 2754 4272 dicendi
2789 4212 3053 4274 formulis,
3092 4225 3208 4278 quae
3234 4206 3419 4274 δαερὶε-

1852 4320 1986 4374 sime
2015 4317 2152 4386 apud
2198 4313 2454 4366 Basilium
2506 4310 2774 4380 leguntur.
2825 4306 2931 4359 Res
2963 4311 3139 4356 autem
3187 4299 3253 4352 iis
3303 4310 3419 4365 quae

1852 4410 2130 4480 subjiciam
2155 4404 2416 4470 exemplis
2447 4402 2537 4457 flet
2561 4401 2776 4456 clarior.
2811 4397 3101 4463 Postquam
3135 4392 3294 4462 igitur
3321 4391 3420 4443 Ba-

1852 4504 2002 4556 silius
2037 4500 2235 4569 aliquid
2271 4505 2362 4550 aut
2393 4493 2657 4564 probavit,
2709 4501 2800 4545 aut
2835 4485 3154 4549 confutavit,
3197 4495 3286 4538 aut
3324 4498 3422 4537 ex.

1854 4595 2112 4666 planavit,
2155 4592 2455 4648 orationem
2489 4587 2811 4643 concludere
2851 4581 3125 4640 consuevit
3179 4580 3260 4633 his
3298 4591 3420 4630 ver-

1855 4687 1936 4741 bis
1979 4705 1992 4740 :
2033 4685 2143 4738 Καὶ
2176 4683 2349 4737 ταῦτα
2391 4682 2488 4752 μὲν
2537 4680 2629 4734 ἐπὶ
2657 4677 2930 4740 τοσοῦτον,
2974 4673 3075 4739 vel,
3119 4675 3197 4736 εἰς
3234 4669 3420 4725 τοσοῦ-

1851 4795 1978 4844 τον;
2015 4777 2161 4832 verbi
2192 4775 2385 4847 gratia,
2427 4783 2711 4843 postquam
2748 4768 2974 4823 Basilius
3022 4765 3157 4820 libro
3193 4763 3265 4815 De
3293 4762 3419 4827 Spi-

1853 4875 1958 4925 ritu
1982 4880 2182 4933 sancto,
2213 4884 2332 4938 cap.
2359 4867 2449 4932 H,
2501 4865 2568 4919 de
2619 4863 2814 4933 Moysis
2849 4859 3168 4929 baptismate
3211 4855 3422 4908 locutus

1852 4974 1956 5026 est,
1987 4961 2287 5016 orationem
2330 4959 2675 5014 absoluturus
2705 4957 2781 5009 sic
2805 4953 3019 5022 scripsit
3051 4950 3166 5005 ιτὰ
3203 4948 3301 5019 μὲν
3326 4942 3427 5001 οὖν·

1851 5056 1979 5127 περὶ
2009 5054 2216 5119 τύπων,
2274 5053 2367 5105 ἐπὶ
2399 5049 2671 5113 τοσοῦτον,
2720 5068 2737 5099 ι
2764 5047 2946 5116 Itaque
2990 5047 3054 5098 de
3082 5044 3267 5112 figuris
3296 5041 3419 5109 qui-

1853 5149 1972 5202 dem
2013 5148 2294 5201 hactenus.
2330 5165 2348 5197 ι
2387 5143 2494 5198 Nec
2525 5144 2680 5197 aliter
2705 5143 2967 5209 scriptum
2997 5137 3271 5192 invenitur
3298 5149 3416 5203 cap.

1853 5236 1941 5289 29.
1976 5234 2262 5302 Postquam
2285 5233 2426 5286 enim
2455 5241 2688 5284 veterum
2716 5228 2918 5295 aliquot
2939 5228 3263 5296 scriptorum
3297 5238 3417 5275 ver-

1853 5329 1917 5378 ba
1949 5326 2156 5389 retulit,
2191 5324 2310 5378 fecit
2334 5339 2434 5376 non
2463 5321 2719 5382 insolens,
2750 5329 2806 5371 ut
2833 5321 2945 5373 [nec
2975 5316 3276 5371 addiderit:
3311 5315 3419 5368 Καὶ

1854 5417 2024 5472 ταῦτα
2058 5419 2154 5488 μὲν
2186 5419 2264 5481 είς
2287 5415 2552 5478 τοσοῦτον,
2583 5432 2602 5465 ι
2632 5414 2687 5467 ΕΙ
2714 5415 2825 5467 hazc
2853 5413 3070 5481 quidem
3095 5409 3369 5462 hactenus.
3394 5427 3413 5458 ι

1857 5512 2104 5579 Ejusdem
2139 5511 2214 5564 rei
2273 5519 2326 5563 et
2359 5508 2461 5561 alia
2491 5507 2735 5574 exempla
2766 5505 2866 5572 legi
2921 5513 3142 5571 possunt
3171 5501 3269 5555 imc
3305 5502 3418 5567 ipso

1854 5605 1905 5658 in
1939 5603 2077 5658 libro
2123 5617 2241 5671 cap.
2271 5601 2358 5656 '50.
2409 5600 2562 5664 Item,
2597 5599 2649 5652 in
2686 5597 2779 5651 lib.
2820 5595 2995 5664 primo
3022 5605 3201 5648 contra
3241 5591 3420 5649 Enno-

1853 5699 2034 5763 mium,
2071 5713 2215 5750 num.
2243 5694 2299 5760 5,
2337 5694 2424 5748 ubi
2475 5696 2586 5747 haec
2629 5691 2877 5758 loquendi
2914 5691 3046 5742 ratio
3087 5687 3169 5742 bis
3195 5686 3420 5739 adhibe-

1856 5799 1958 5843 tur.
1998 5787 2128 5844 Cum
2162 5787 2321 5857 igitur
2361 5785 2586 5838 Basilius
2625 5782 2723 5836 hac
2763 5779 3140 5836 concludenda:
3163 5778 3422 5833 orationis
