  <div class='ocr_page' id='page_1' title='image "/cluster/home/n/w/nwhite01/storage/ocr_20150623/29/pst.000005712274/243.png"; bbox 0 0 4080 6314; ppageno 0'>
   <div class='ocr_carea' id='block_1_1' title="bbox 698 403 919 445">
    <p class='ocr_par' dir='ltr' id='par_1_1' title="bbox 698 403 919 445">
     <span class='ocr_line' id='line_1_1' title="bbox 698 403 919 445; baseline -0.005 -4"><span class='ocrx_word' id='word_1_1' title='bbox 698 403 919 445; x_wconf 67' lang='lat' dir='ltr'><strong>te!!!&quot;</strong></span> 
     </span>
    </p>
   </div>
   <div class='ocr_carea' id='block_1_2' title="bbox 2051 372 2577 429">
    <p class='ocr_par' dir='ltr' id='par_1_2' title="bbox 2051 372 2577 429">
     <span class='ocr_line' id='line_1_2' title="bbox 2051 372 2577 429; baseline -0.013 0"><span class='ocrx_word' id='word_1_2' title='bbox 2051 372 2577 429; x_wconf 63' lang='lat' dir='ltr'><strong>PilOLlﬁGOSll‘JNA.</strong></span> 
     </span>
    </p>
   </div>
   <div class='ocr_carea' id='block_1_3' title="bbox 695 473 3937 554">
    <p class='ocr_par' dir='ltr' id='par_1_3' title="bbox 695 473 3937 554">
     <span class='ocr_line' id='line_1_3' title="bbox 695 473 3937 554; baseline -0.007 -3"><span class='ocrx_word' id='word_1_3' title='bbox 695 497 920 551; x_wconf 84' lang='lat' dir='ltr'><strong>formula</strong></span> <span class='ocrx_word' id='word_1_4' title='bbox 954 496 1114 549; x_wconf 81' lang='lat' dir='ltr'><strong>unice</strong></span> <span class='ocrx_word' id='word_1_5' title='bbox 1160 493 1450 546; x_wconf 85' lang='lat' dir='ltr'><strong>delectatus</strong></span> <span class='ocrx_word' id='word_1_6' title='bbox 1494 492 1658 545; x_wconf 87' lang='lat' dir='ltr'><strong>fuisse</strong></span> <span class='ocrx_word' id='word_1_7' title='bbox 1690 491 1953 554; x_wconf 78' lang='lat' dir='ltr'><strong>videatur,</strong></span> <span class='ocrx_word' id='word_1_8' title='bbox 1986 508 2078 544; x_wconf 87' lang='lat' dir='ltr'><strong>cur</strong></span> <span class='ocrx_word' id='word_1_9' title='bbox 2118 506 2257 541; x_wconf 92' lang='lat' dir='ltr'><strong>nun-</strong></span> <span class='ocrx_word' id='word_1_10' title='bbox 2288 498 2335 553; x_wconf 81' lang='grc' dir='ltr'><strong>Α</strong></span> <span class='ocrx_word' id='word_1_11' title='bbox 2369 486 2534 541; x_wconf 86' lang='lat' dir='ltr'><strong>nomii</strong></span> <span class='ocrx_word' id='word_1_12' title='bbox 2590 482 2905 554; x_wconf 75' lang='lat' dir='ltr'><strong>opusculum</strong></span> <span class='ocrx_word' id='word_1_13' title='bbox 2957 481 3220 536; x_wconf 84' lang='lat' dir='ltr'><strong>edendum</strong></span> <span class='ocrx_word' id='word_1_14' title='bbox 3267 478 3589 531; x_wconf 74' lang='lat' dir='ltr'><strong>curavimus.</strong></span> <span class='ocrx_word' id='word_1_15' title='bbox 3645 473 3737 527; x_wconf 91' lang='lat' dir='ltr'><strong>Sic</strong></span> <span class='ocrx_word' id='word_1_16' title='bbox 3772 476 3937 543; x_wconf 92' lang='lat' dir='ltr'><strong>igitur</strong></span> 
     </span>
    </p>
   </div>
   <div class='ocr_carea' id='block_1_4' title="bbox 690 582 2258 656">
    <p class='ocr_par' dir='ltr' id='par_1_4' title="bbox 690 582 2258 656">
     <span class='ocr_line' id='line_1_4' title="bbox 690 582 2258 656; baseline -0.002 -15"><span class='ocrx_word' id='word_1_17' title='bbox 690 602 850 656; x_wconf 79' lang='lat' dir='ltr'><strong>quem</strong></span> <span class='ocrx_word' id='word_1_18' title='bbox 878 600 939 640; x_wconf 82' lang='lat' dir='ltr'><strong>ea</strong></span> <span class='ocrx_word' id='word_1_19' title='bbox 968 585 1023 639; x_wconf 91' lang='lat' dir='ltr'><strong>in</strong></span> <span class='ocrx_word' id='word_1_20' title='bbox 1056 585 1256 638; x_wconf 91' lang='lat' dir='ltr'><strong>ultimis</strong></span> <span class='ocrx_word' id='word_1_21' title='bbox 1284 585 1491 637; x_wconf 82' lang='lat' dir='ltr'><strong>tlttohus</strong></span> <span class='ocrx_word' id='word_1_22' title='bbox 1514 586 1567 636; x_wconf 82' lang='lat' dir='ltr'><strong>in</strong></span> <span class='ocrx_word' id='word_1_23' title='bbox 1590 582 1908 635; x_wconf 80' lang='lat' dir='ltr'><strong>Eunomium</strong></span> <span class='ocrx_word' id='word_1_24' title='bbox 1947 582 2094 635; x_wconf 84' lang='lat' dir='ltr'><strong>libris</strong></span> <span class='ocrx_word' id='word_1_25' title='bbox 2130 597 2258 638; x_wconf 81' lang='lat' dir='ltr'><strong>usus</strong></span> 
     </span>
    </p>
   </div>
   <div class='ocr_carea' id='block_1_5' title="bbox 689 675 2259 745">
    <p class='ocr_par' dir='ltr' id='par_1_5' title="bbox 689 675 2259 745">
     <span class='ocr_line' id='line_1_5' title="bbox 689 675 2259 745; baseline -0.001 -14"><span class='ocrx_word' id='word_1_26' title='bbox 689 676 806 731; x_wconf 74' lang='lat' dir='ltr'><strong>est?</strong></span> <span class='ocrx_word' id='word_1_27' title='bbox 842 675 1009 732; x_wconf 83' lang='lat' dir='ltr'><strong>Paulo</strong></span> <span class='ocrx_word' id='word_1_28' title='bbox 1040 676 1208 745; x_wconf 89' lang='lat' dir='ltr'><strong>magis</strong></span> <span class='ocrx_word' id='word_1_29' title='bbox 1245 689 1461 729; x_wconf 74' lang='lat' dir='ltr'><strong>morere</strong></span> <span class='ocrx_word' id='word_1_30' title='bbox 1488 676 1666 737; x_wconf 83' lang='lat' dir='ltr'><strong>debet,</strong></span> <span class='ocrx_word' id='word_1_31' title='bbox 1712 676 1856 742; x_wconf 87' lang='lat' dir='ltr'><strong>quod</strong></span> <span class='ocrx_word' id='word_1_32' title='bbox 1899 678 2084 729; x_wconf 86' lang='lat' dir='ltr'><strong>horum</strong></span> <span class='ocrx_word' id='word_1_33' title='bbox 2122 689 2259 744; x_wconf 86' lang='lat' dir='ltr'><strong>quos</strong></span> 
     </span>
    </p>
   </div>
   <div class='ocr_carea' id='block_1_6' title="bbox 691 767 2255 835">
    <p class='ocr_par' dir='ltr' id='par_1_6' title="bbox 691 767 2255 835">
     <span class='ocr_line' id='line_1_6' title="bbox 691 767 2255 835; baseline 0 -16"><span class='ocrx_word' id='word_1_34' title='bbox 691 783 814 822; x_wconf 79' lang='lat' dir='ltr'><strong>mox</strong></span> <span class='ocrx_word' id='word_1_35' title='bbox 851 768 961 822; x_wconf 80' lang='lat' dir='ltr'><strong>disi</strong></span> <span class='ocrx_word' id='word_1_36' title='bbox 994 767 1249 822; x_wconf 89' lang='lat' dir='ltr'><strong>librorum</strong></span> <span class='ocrx_word' id='word_1_37' title='bbox 1278 779 1466 822; x_wconf 81' lang='lat' dir='ltr'><strong>auctor</strong></span> <span class='ocrx_word' id='word_1_38' title='bbox 1499 784 1681 820; x_wconf 70' lang='lat' dir='ltr'><strong>vocuo</strong></span> <span class='ocrx_word' id='word_1_39' title='bbox 1729 767 1959 820; x_wconf 76' lang='grc' dir='ltr'><strong>κατόπιν</strong></span> <span class='ocrx_word' id='word_1_40' title='bbox 1993 781 2255 835; x_wconf 80' lang='lat' dir='ltr'><strong>nusquam</strong></span> 
     </span>
    </p>
   </div>
   <div class='ocr_carea' id='block_1_7' title="bbox 690 856 2259 930">
    <p class='ocr_par' dir='ltr' id='par_1_7' title="bbox 690 856 2259 930">
     <span class='ocr_line' id='line_1_7' title="bbox 690 856 2259 930; baseline 0 -18"><span class='ocrx_word' id='word_1_41' title='bbox 690 859 943 914; x_wconf 84' lang='lat' dir='ltr'><strong>adhibeat</strong></span> <span class='ocrx_word' id='word_1_42' title='bbox 972 875 986 912; x_wconf 88' lang='lat'><strong>:</strong></span> <span class='ocrx_word' id='word_1_43' title='bbox 1020 875 1139 930; x_wconf 72' lang='lat' dir='ltr'><strong>quae</strong></span> <span class='ocrx_word' id='word_1_44' title='bbox 1168 870 1344 911; x_wconf 88' lang='lat' dir='ltr'><strong>tamen</strong></span> <span class='ocrx_word' id='word_1_45' title='bbox 1374 875 1473 912; x_wconf 79' lang='lat' dir='ltr'><strong>vox</strong></span> <span class='ocrx_word' id='word_1_46' title='bbox 1502 860 1573 911; x_wconf 89' lang='lat' dir='ltr'><strong>ita</strong></span> <span class='ocrx_word' id='word_1_47' title='bbox 1610 869 1693 912; x_wconf 87' lang='lat' dir='ltr'><strong>est</strong></span> <span class='ocrx_word' id='word_1_48' title='bbox 1743 858 2023 912; x_wconf 82' lang='lat' dir='ltr'><strong>familiaris</strong></span> <span class='ocrx_word' id='word_1_49' title='bbox 2059 856 2259 913; x_wconf 86' lang='lat' dir='ltr'><strong>Basilio</strong></span> 
     </span>
    </p>
   </div>
   <div class='ocr_carea' id='block_1_8' title="bbox 694 950 2252 1021">
    <p class='ocr_par' dir='ltr' id='par_1_8' title="bbox 694 950 2252 1021">
     <span class='ocr_line' id='line_1_8' title="bbox 694 950 2252 1021; baseline -0.001 -20"><span class='ocrx_word' id='word_1_50' title='bbox 694 950 902 1019; x_wconf 84' lang='lat' dir='ltr'><strong>Magno,</strong></span> <span class='ocrx_word' id='word_1_51' title='bbox 934 964 984 1005; x_wconf 89' lang='lat' dir='ltr'><strong>ttt</strong></span> <span class='ocrx_word' id='word_1_52' title='bbox 1018 953 1070 1005; x_wconf 91' lang='lat' dir='ltr'><strong>in</strong></span> <span class='ocrx_word' id='word_1_53' title='bbox 1105 951 1221 1019; x_wconf 84' lang='lat' dir='ltr'><strong>ejus</strong></span> <span class='ocrx_word' id='word_1_54' title='bbox 1255 952 1474 1018; x_wconf 77' lang='lat' dir='ltr'><strong>scriptis</strong></span> <span class='ocrx_word' id='word_1_55' title='bbox 1503 965 1716 1003; x_wconf 84' lang='lat' dir='ltr'><strong>sursum</strong></span> <span class='ocrx_word' id='word_1_56' title='bbox 1752 952 2001 1005; x_wconf 82' lang='lat' dir='ltr'><strong>deorsum</strong></span> <span class='ocrx_word' id='word_1_57' title='bbox 2030 950 2252 1021; x_wconf 85' lang='lat' dir='ltr'><strong>legatur.</strong></span> 
     </span>
    </p>
   </div>
   <div class='ocr_carea' id='block_1_9' title="bbox 691 1041 2254 1114">
    <p class='ocr_par' dir='ltr' id='par_1_9' title="bbox 691 1041 2254 1114">
     <span class='ocr_line' id='line_1_9' title="bbox 691 1041 2254 1114; baseline -0.003 -18"><span class='ocrx_word' id='word_1_58' title='bbox 691 1042 1006 1114; x_wconf 79' lang='lat' dir='ltr'><strong>Quanquam</strong></span> <span class='ocrx_word' id='word_1_59' title='bbox 1052 1054 1227 1096; x_wconf 88' lang='lat' dir='ltr'><strong>autem</strong></span> <span class='ocrx_word' id='word_1_60' title='bbox 1270 1043 1495 1106; x_wconf 79' lang='lat' dir='ltr'><strong>Basilius</strong></span> <span class='ocrx_word' id='word_1_61' title='bbox 1540 1056 1657 1095; x_wconf 88' lang='lat' dir='ltr'><strong>eam</strong></span> <span class='ocrx_word' id='word_1_62' title='bbox 1707 1056 1890 1097; x_wconf 83' lang='lat' dir='ltr'><strong>vocem</strong></span> <span class='ocrx_word' id='word_1_63' title='bbox 1944 1041 2124 1095; x_wconf 88' lang='lat' dir='ltr'><strong>multis</strong></span> <span class='ocrx_word' id='word_1_64' title='bbox 2174 1058 2254 1092; x_wconf 57' lang='lat' dir='ltr'><strong>va.</strong></span> 
     </span>
    </p>
   </div>
   <div class='ocr_carea' id='block_1_10' title="bbox 694 1132 2255 1203">
    <p class='ocr_par' dir='ltr' id='par_1_10' title="bbox 694 1132 2255 1203">
     <span class='ocr_line' id='line_1_10' title="bbox 694 1132 2255 1203; baseline -0.004 -16"><span class='ocrx_word' id='word_1_65' title='bbox 694 1134 895 1203; x_wconf 87' lang='lat' dir='ltr'><strong>riisque</strong></span> <span class='ocrx_word' id='word_1_66' title='bbox 924 1133 1094 1186; x_wconf 91' lang='lat' dir='ltr'><strong>tnodis</strong></span> <span class='ocrx_word' id='word_1_67' title='bbox 1140 1142 1382 1199; x_wconf 75' lang='lat' dir='ltr'><strong>usurpet,</strong></span> <span class='ocrx_word' id='word_1_68' title='bbox 1413 1132 1711 1197; x_wconf 71' lang='lat' dir='ltr'><strong>praesertim</strong></span> <span class='ocrx_word' id='word_1_69' title='bbox 1757 1143 1935 1184; x_wconf 89' lang='lat' dir='ltr'><strong>tamen</strong></span> <span class='ocrx_word' id='word_1_70' title='bbox 1972 1146 2035 1185; x_wconf 86' lang='lat' dir='ltr'><strong>ea</strong></span> <span class='ocrx_word' id='word_1_71' title='bbox 2067 1132 2255 1196; x_wconf 88' lang='lat' dir='ltr'><strong>utitur,</strong></span> 
     </span>
    </p>
   </div>
   <div class='ocr_carea' id='block_1_11' title="bbox 695 1223 2257 1295">
    <p class='ocr_par' dir='ltr' id='par_1_11' title="bbox 695 1223 2257 1295">
     <span class='ocr_line' id='line_1_11' title="bbox 695 1223 2257 1295; baseline -0.005 -15"><span class='ocrx_word' id='word_1_72' title='bbox 695 1242 815 1280; x_wconf 86' lang='lat' dir='ltr'><strong>cum</strong></span> <span class='ocrx_word' id='word_1_73' title='bbox 848 1224 1155 1295; x_wconf 90' lang='lat' dir='ltr'><strong>significare</strong></span> <span class='ocrx_word' id='word_1_74' title='bbox 1182 1225 1294 1278; x_wconf 82' lang='lat' dir='ltr'><strong>vult</strong></span> <span class='ocrx_word' id='word_1_75' title='bbox 1322 1240 1379 1280; x_wconf 90' lang='lat' dir='ltr'><strong>se</strong></span> <span class='ocrx_word' id='word_1_76' title='bbox 1412 1226 1635 1295; x_wconf 81' lang='lat' dir='ltr'><strong>alicujus</strong></span> <span class='ocrx_word' id='word_1_77' title='bbox 1668 1226 1742 1278; x_wconf 90' lang='lat' dir='ltr'><strong>rci</strong></span> <span class='ocrx_word' id='word_1_78' title='bbox 1773 1223 1886 1291; x_wconf 83' lang='lat' dir='ltr'><strong>jam</strong></span> <span class='ocrx_word' id='word_1_79' title='bbox 1924 1236 2079 1277; x_wconf 88' lang='lat' dir='ltr'><strong>antea</strong></span> <span class='ocrx_word' id='word_1_80' title='bbox 2110 1237 2257 1275; x_wconf 86' lang='lat' dir='ltr'><strong>tuen-</strong></span> 
     </span>
    </p>
   </div>
   <div class='ocr_carea' id='block_1_12' title="bbox 698 1314 2259 1395">
    <p class='ocr_par' dir='ltr' id='par_1_12' title="bbox 698 1314 2259 1395">
     <span class='ocr_line' id='line_1_12' title="bbox 698 1314 2259 1395; baseline -0.002 -29"><span class='ocrx_word' id='word_1_81' title='bbox 698 1319 893 1370; x_wconf 80' lang='lat' dir='ltr'><strong>tionem</strong></span> <span class='ocrx_word' id='word_1_82' title='bbox 930 1316 1141 1370; x_wconf 77' lang='lat' dir='ltr'><strong>fecisse.</strong></span> <span class='ocrx_word' id='word_1_83' title='bbox 1166 1316 1306 1395; x_wconf 79' lang='lat' dir='ltr'><strong>Ergo</strong></span> <span class='ocrx_word' id='word_1_84' title='bbox 1329 1315 1417 1369; x_wconf 91' lang='lat' dir='ltr'><strong>ubi</strong></span> <span class='ocrx_word' id='word_1_85' title='bbox 1462 1317 1703 1385; x_wconf 84' lang='lat' dir='ltr'><strong>plerique</strong></span> <span class='ocrx_word' id='word_1_86' title='bbox 1728 1314 1814 1367; x_wconf 87' lang='lat' dir='ltr'><strong>alii</strong></span> <span class='ocrx_word' id='word_1_87' title='bbox 1844 1316 2133 1382; x_wconf 81' lang='lat' dir='ltr'><strong>scriptores</strong></span> <span class='ocrx_word' id='word_1_88' title='bbox 2161 1325 2259 1364; x_wconf 70' lang='lat' dir='ltr'><strong>sa:-</strong></span> 
     </span>
    </p>
   </div>
   <div class='ocr_carea' id='block_1_13' title="bbox 696 1401 2256 1477">
    <p class='ocr_par' dir='ltr' id='par_1_13' title="bbox 696 1401 2256 1477">
     <span class='ocr_line' id='line_1_13' title="bbox 696 1401 2256 1477; baseline -0.003 -20"><span class='ocrx_word' id='word_1_89' title='bbox 696 1407 812 1471; x_wconf 89' lang='lat' dir='ltr'><strong>pius</strong></span> <span class='ocrx_word' id='word_1_90' title='bbox 849 1407 1095 1461; x_wconf 88' lang='lat' dir='ltr'><strong>scribunt</strong></span> <span class='ocrx_word' id='word_1_91' title='bbox 1128 1406 1203 1470; x_wconf 83' lang='grc' dir='ltr'><strong>ὼς</strong></span> <span class='ocrx_word' id='word_1_92' title='bbox 1243 1407 1583 1477; x_wconf 76' lang='grc' dir='ltr'><strong>προείρηται,</strong></span> <span class='ocrx_word' id='word_1_93' title='bbox 1630 1414 1722 1457; x_wconf 86' lang='lat' dir='ltr'><strong>aut</strong></span> <span class='ocrx_word' id='word_1_94' title='bbox 1762 1404 2078 1473; x_wconf 75' lang='lat' dir='ltr'><strong>simpliciter</strong></span> <span class='ocrx_word' id='word_1_95' title='bbox 2102 1401 2256 1473; x_wconf 73' lang='grc' dir='ltr'><strong>εἴρη-</strong></span> 
     </span>
    </p>
   </div>
   <div class='ocr_carea' id='block_1_14' title="bbox 2364 559 3935 646">
    <p class='ocr_par' dir='ltr' id='par_1_14' title="bbox 2364 559 3935 646">
     <span class='ocr_line' id='line_1_14' title="bbox 2364 559 3935 646; baseline -0.009 -13"><span class='ocrx_word' id='word_1_96' title='bbox 2364 577 2597 646; x_wconf 90' lang='lat' dir='ltr'><strong>loqnitur</strong></span> <span class='ocrx_word' id='word_1_97' title='bbox 2641 577 2872 644; x_wconf 86' lang='lat' dir='ltr'><strong>scriptor</strong></span> <span class='ocrx_word' id='word_1_98' title='bbox 2929 588 3077 627; x_wconf 89' lang='lat' dir='ltr'><strong>unm.</strong></span> <span class='ocrx_word' id='word_1_99' title='bbox 3118 568 3182 624; x_wconf 69' lang='grc'><strong>12</strong></span> <span class='ocrx_word' id='word_1_100' title='bbox 3229 588 3240 621; x_wconf 93' lang='lat'><strong>:</strong></span> <span class='ocrx_word' id='word_1_101' title='bbox 3292 571 3410 623; x_wconf 78' lang='grc' dir='ltr'><strong>Ὀτι</strong></span> <span class='ocrx_word' id='word_1_102' title='bbox 3458 569 3516 622; x_wconf 73' lang='grc' dir='ltr'><strong>δὲ</strong></span> <span class='ocrx_word' id='word_1_103' title='bbox 3546 567 3641 622; x_wconf 76' lang='grc' dir='ltr'><strong>καὶ</strong></span> <span class='ocrx_word' id='word_1_104' title='bbox 3689 559 3773 628; x_wconf 78' lang='grc' dir='ltr'><strong>εἷς</strong></span> <span class='ocrx_word' id='word_1_105' title='bbox 3806 566 3935 631; x_wconf 85' lang='grc' dir='ltr'><strong>Υίδς</strong></span> 
     </span>
    </p>
   </div>
   <div class='ocr_carea' id='block_1_15' title="bbox 2363 658 3939 739">
    <p class='ocr_par' dir='ltr' id='par_1_15' title="bbox 2363 658 3939 739">
     <span class='ocr_line' id='line_1_15' title="bbox 2363 658 3939 739; baseline -0.006 -19"><span class='ocrx_word' id='word_1_106' title='bbox 2363 667 2693 739; x_wconf 81' lang='grc' dir='ltr'><strong>(Μονογενὴς</strong></span> <span class='ocrx_word' id='word_1_107' title='bbox 2706 664 2858 737; x_wconf 79' lang='grc' dir='ltr'><strong>γὰρ),</strong></span> <span class='ocrx_word' id='word_1_108' title='bbox 2888 660 3016 732; x_wconf 69' lang='grc' dir='ltr'><strong>ὲνῆν</strong></span> <span class='ocrx_word' id='word_1_109' title='bbox 3056 664 3154 732; x_wconf 83' lang='grc' dir='ltr'><strong>μὲν</strong></span> <span class='ocrx_word' id='word_1_110' title='bbox 3178 660 3277 725; x_wconf 72' lang='grc' dir='ltr'><strong>τὰς</strong></span> <span class='ocrx_word' id='word_1_111' title='bbox 3302 658 3409 712; x_wconf 84' lang='grc' dir='ltr'><strong>τῶν</strong></span> <span class='ocrx_word' id='word_1_112' title='bbox 3433 661 3603 728; x_wconf 80' lang='grc' dir='ltr'><strong>ἁγίων</strong></span> <span class='ocrx_word' id='word_1_113' title='bbox 3624 658 3811 729; x_wconf 68' lang='grc' dir='ltr'><strong>φωνὰς</strong></span> <span class='ocrx_word' id='word_1_114' title='bbox 3834 674 3939 711; x_wconf 81' lang='grc' dir='ltr'><strong>πα-</strong></span> 
     </span>
    </p>
   </div>
   <div class='ocr_carea' id='block_1_16' title="bbox 2364 747 3939 830">
    <p class='ocr_par' dir='ltr' id='par_1_16' title="bbox 2364 747 3939 830">
     <span class='ocr_line' id='line_1_16' title="bbox 2364 747 3939 830; baseline -0.006 -20"><span class='ocrx_word' id='word_1_115' title='bbox 2364 756 2718 830; x_wconf 78' lang='grc' dir='ltr'><strong>ραθεμένους,</strong></span> <span class='ocrx_word' id='word_1_116' title='bbox 2763 755 2832 808; x_wconf 88' lang='grc' dir='ltr'><strong>δι’</strong></span> <span class='ocrx_word' id='word_1_117' title='bbox 2865 747 2939 810; x_wconf 85' lang='grc' dir='ltr'><strong>ὧν</strong></span> <span class='ocrx_word' id='word_1_118' title='bbox 2994 752 3121 805; x_wconf 79' lang='grc' dir='ltr'><strong>Υιδν</strong></span> <span class='ocrx_word' id='word_1_119' title='bbox 3171 753 3268 805; x_wconf 76' lang='grc' dir='ltr'><strong>καὶ</strong></span> <span class='ocrx_word' id='word_1_120' title='bbox 3310 750 3552 820; x_wconf 79' lang='grc' dir='ltr'><strong>γέννημα</strong></span> <span class='ocrx_word' id='word_1_121' title='bbox 3600 750 3695 805; x_wconf 82' lang='grc' dir='ltr'><strong>καὶ</strong></span> <span class='ocrx_word' id='word_1_122' title='bbox 3724 748 3939 819; x_wconf 72' lang='grc' dir='ltr'><strong>ποίημα</strong></span> 
     </span>
    </p>
   </div>
   <div class='ocr_carea' id='block_1_17' title="bbox 2365 841 3935 919">
    <p class='ocr_par' dir='ltr' id='par_1_17' title="bbox 2365 841 3935 919">
     <span class='ocr_line' id='line_1_17' title="bbox 2365 841 3935 919; baseline -0.01 -16"><span class='ocrx_word' id='word_1_123' title='bbox 2365 848 2821 919; x_wconf 75' lang='grc' dir='ltr'><strong>καταγγέλλουσιν</strong></span> <span class='ocrx_word' id='word_1_124' title='bbox 2858 888 2873 902; x_wconf 95' lang='grc'><strong>.</strong></span> <span class='ocrx_word' id='word_1_125' title='bbox 2897 882 2947 901; x_wconf 91' lang='grc'><strong>..</strong></span> <span class='ocrx_word' id='word_1_126' title='bbox 2989 842 3332 915; x_wconf 69' lang='grc' dir='ltr'><strong>ἀπηλλάχθαι</strong></span> <span class='ocrx_word' id='word_1_127' title='bbox 3378 841 3673 912; x_wconf 83' lang='grc' dir='ltr'><strong>φροντίδος,</strong></span> <span class='ocrx_word' id='word_1_128' title='bbox 3740 860 3759 894; x_wconf 68' lang='grc' dir='ltr'>ι</span> <span class='ocrx_word' id='word_1_129' title='bbox 3782 841 3935 909; x_wconf 81' lang='lat' dir='ltr'><strong>Quod</strong></span> 
     </span>
    </p>
   </div>
   <div class='ocr_carea' id='block_1_18' title="bbox 2358 932 3933 1005">
    <p class='ocr_par' dir='ltr' id='par_1_18' title="bbox 2358 932 3933 1005">
     <span class='ocr_line' id='line_1_18' title="bbox 2358 932 3933 1005; baseline -0.004 -12"><span class='ocrx_word' id='word_1_130' title='bbox 2358 950 2536 994; x_wconf 88' lang='lat' dir='ltr'><strong>autem</strong></span> <span class='ocrx_word' id='word_1_131' title='bbox 2569 940 2735 995; x_wconf 86' lang='lat' dir='ltr'><strong>Filius</strong></span> <span class='ocrx_word' id='word_1_132' title='bbox 2759 953 2899 993; x_wconf 85' lang='lat' dir='ltr'><strong>unus</strong></span> <span class='ocrx_word' id='word_1_133' title='bbox 2938 939 3009 993; x_wconf 90' lang='lat' dir='ltr'><strong>sit</strong></span> <span class='ocrx_word' id='word_1_134' title='bbox 3033 948 3243 1005; x_wconf 88' lang='lat' dir='ltr'><strong>quoque</strong></span> <span class='ocrx_word' id='word_1_135' title='bbox 3270 933 3608 1004; x_wconf 83' lang='lat' dir='ltr'><strong>(Unigettittts</strong></span> <span class='ocrx_word' id='word_1_136' title='bbox 3629 942 3714 986; x_wconf 88' lang='lat' dir='ltr'><strong>est</strong></span> <span class='ocrx_word' id='word_1_137' title='bbox 3738 932 3933 1003; x_wconf 80' lang='lat' dir='ltr'><strong>enim),</strong></span> 
     </span>
    </p>
   </div>
   <div class='ocr_carea' id='block_1_19' title="bbox 2357 1021 3933 1092">
    <p class='ocr_par' dir='ltr' id='par_1_19' title="bbox 2357 1021 3933 1092">
     <span class='ocr_line' id='line_1_19' title="bbox 2357 1021 3933 1092; baseline -0.004 -9"><span class='ocrx_word' id='word_1_138' title='bbox 2357 1031 2579 1085; x_wconf 82' lang='lat' dir='ltr'><strong>vocibus</strong></span> <span class='ocrx_word' id='word_1_139' title='bbox 2613 1036 2919 1085; x_wconf 88' lang='lat' dir='ltr'><strong>sanctorum</strong></span> <span class='ocrx_word' id='word_1_140' title='bbox 2940 1029 2991 1082; x_wconf 91' lang='lat' dir='ltr'><strong>in</strong></span> <span class='ocrx_word' id='word_1_141' title='bbox 3015 1026 3247 1081; x_wconf 86' lang='lat' dir='ltr'><strong>medium</strong></span> <span class='ocrx_word' id='word_1_142' title='bbox 3289 1022 3484 1088; x_wconf 87' lang='lat' dir='ltr'><strong>allatis,</strong></span> <span class='ocrx_word' id='word_1_143' title='bbox 3509 1021 3701 1092; x_wconf 87' lang='lat' dir='ltr'><strong>quibus</strong></span> <span class='ocrx_word' id='word_1_144' title='bbox 3734 1022 3933 1077; x_wconf 77' lang='lat' dir='ltr'><strong>Filium</strong></span> 
     </span>
    </p>
   </div>
   <div class='ocr_carea' id='block_1_20' title="bbox 2359 1115 3937 1190">
    <p class='ocr_par' dir='ltr' id='par_1_20' title="bbox 2359 1115 3937 1190">
     <span class='ocr_line' id='line_1_20' title="bbox 2359 1115 3937 1190; baseline -0.004 -15"><span class='ocrx_word' id='word_1_145' title='bbox 2359 1132 2470 1175; x_wconf 90' lang='lat' dir='ltr'><strong>tum</strong></span> <span class='ocrx_word' id='word_1_146' title='bbox 2485 1121 2781 1190; x_wconf 82' lang='lat' dir='ltr'><strong>genituram</strong></span> <span class='ocrx_word' id='word_1_147' title='bbox 2803 1129 2910 1173; x_wconf 94' lang='lat' dir='ltr'><strong>tum</strong></span> <span class='ocrx_word' id='word_1_148' title='bbox 2935 1129 3237 1175; x_wconf 83' lang='lat' dir='ltr'><strong>creaturam</strong></span> <span class='ocrx_word' id='word_1_149' title='bbox 3270 1115 3628 1187; x_wconf 64' lang='lat' dir='ltr'><strong>praedicant...</strong></span> <span class='ocrx_word' id='word_1_150' title='bbox 3663 1116 3937 1181; x_wconf 82' lang='lat' dir='ltr'><strong>possimus</strong></span> 
     </span>
    </p>
   </div>
   <div class='ocr_carea' id='block_1_21' title="bbox 2358 1200 3938 1279">
    <p class='ocr_par' dir='ltr' id='par_1_21' title="bbox 2358 1200 3938 1279">
     <span class='ocr_line' id='line_1_21' title="bbox 2358 1200 3938 1279; baseline -0.005 -11"><span class='ocrx_word' id='word_1_151' title='bbox 2358 1227 2487 1268; x_wconf 88' lang='lat' dir='ltr'><strong>cura</strong></span> <span class='ocrx_word' id='word_1_152' title='bbox 2513 1211 2746 1268; x_wconf 87' lang='lat' dir='ltr'><strong>liberari.</strong></span> <span class='ocrx_word' id='word_1_153' title='bbox 2779 1229 2797 1263; x_wconf 75' lang='grc' dir='ltr'>ι</span> <span class='ocrx_word' id='word_1_154' title='bbox 2832 1208 2974 1279; x_wconf 86' lang='lat' dir='ltr'><strong>Ergo</strong></span> <span class='ocrx_word' id='word_1_155' title='bbox 2993 1211 3060 1264; x_wconf 88' lang='lat' dir='ltr'><strong>de</strong></span> <span class='ocrx_word' id='word_1_156' title='bbox 3092 1206 3332 1265; x_wconf 87' lang='lat' dir='ltr'><strong>Ettnomii</strong></span> <span class='ocrx_word' id='word_1_157' title='bbox 3366 1204 3650 1269; x_wconf 86' lang='lat' dir='ltr'><strong>sententia,</strong></span> <span class='ocrx_word' id='word_1_158' title='bbox 3682 1212 3743 1257; x_wconf 91' lang='lat' dir='ltr'><strong>ut</strong></span> <span class='ocrx_word' id='word_1_159' title='bbox 3767 1200 3938 1260; x_wconf 84' lang='lat' dir='ltr'><strong>Filin&#39;s</strong></span> 
     </span>
    </p>
   </div>
   <div class='ocr_carea' id='block_1_22' title="bbox 2358 1297 3938 1373">
    <p class='ocr_par' dir='ltr' id='par_1_22' title="bbox 2358 1297 3938 1373">
     <span class='ocr_line' id='line_1_22' title="bbox 2358 1297 3938 1373; baseline -0.005 -18"><span class='ocrx_word' id='word_1_160' title='bbox 2358 1317 2483 1358; x_wconf 91' lang='lat' dir='ltr'><strong>vere</strong></span> <span class='ocrx_word' id='word_1_161' title='bbox 2522 1304 2846 1373; x_wconf 63' lang='lat' dir='ltr'><strong>praedicatur</strong></span> <span class='ocrx_word' id='word_1_162' title='bbox 2871 1308 3151 1363; x_wconf 82' lang='lat' dir='ltr'><strong>creatura,</strong></span> <span class='ocrx_word' id='word_1_163' title='bbox 3196 1300 3266 1354; x_wconf 87' lang='lat' dir='ltr'><strong>ita</strong></span> <span class='ocrx_word' id='word_1_164' title='bbox 3297 1297 3459 1355; x_wconf 89' lang='lat' dir='ltr'><strong>etiam</strong></span> <span class='ocrx_word' id='word_1_165' title='bbox 3510 1297 3649 1364; x_wconf 79' lang='lat' dir='ltr'><strong>idem</strong></span> <span class='ocrx_word' id='word_1_166' title='bbox 3680 1310 3813 1352; x_wconf 87' lang='lat' dir='ltr'><strong>vere</strong></span> <span class='ocrx_word' id='word_1_167' title='bbox 3847 1309 3938 1363; x_wconf 87' lang='lat' dir='ltr'><strong>ge-</strong></span> 
     </span>
    </p>
   </div>
   <div class='ocr_carea' id='block_1_23' title="bbox 2362 1387 3937 1460">
    <p class='ocr_par' dir='ltr' id='par_1_23' title="bbox 2362 1387 3937 1460">
     <span class='ocr_line' id='line_1_23' title="bbox 2362 1387 3937 1460; baseline -0.005 -12"><span class='ocrx_word' id='word_1_168' title='bbox 2362 1394 2544 1448; x_wconf 89' lang='lat' dir='ltr'><strong>nitura</strong></span> <span class='ocrx_word' id='word_1_169' title='bbox 2577 1395 2796 1449; x_wconf 90' lang='lat' dir='ltr'><strong>dicitur.</strong></span> <span class='ocrx_word' id='word_1_170' title='bbox 2833 1392 2997 1444; x_wconf 83' lang='lat' dir='ltr'><strong>Paulo</strong></span> <span class='ocrx_word' id='word_1_171' title='bbox 3032 1396 3153 1460; x_wconf 87' lang='lat' dir='ltr'><strong>post</strong></span> <span class='ocrx_word' id='word_1_172' title='bbox 3192 1390 3361 1459; x_wconf 83' lang='lat' dir='ltr'><strong>magis</strong></span> <span class='ocrx_word' id='word_1_173' title='bbox 3392 1387 3671 1459; x_wconf 83' lang='lat' dir='ltr'><strong>perspicue</strong></span> <span class='ocrx_word' id='word_1_174' title='bbox 3698 1394 3937 1441; x_wconf 85' lang='lat' dir='ltr'><strong>mentem</strong></span> 
     </span>
    </p>
   </div>
   <div class='ocr_carea' id='block_1_24' title="bbox 693 1476 2264 1565">
    <p class='ocr_par' dir='ltr' id='par_1_24' title="bbox 693 1476 2261 1565">
     <span class='ocr_line' id='line_1_24' title="bbox 693 1476 2261 1565; baseline -0.003 -18"><span class='ocrx_word' id='word_1_175' title='bbox 693 1512 804 1559; x_wconf 86' lang='grc' dir='ltr'><strong>ται,</strong></span> <span class='ocrx_word' id='word_1_176' title='bbox 842 1514 861 1547; x_wconf 80' lang='grc' dir='ltr'>ι</span> <span class='ocrx_word' id='word_1_177' title='bbox 887 1504 945 1549; x_wconf 86' lang='grc' dir='ltr'><strong>ιιι</strong></span> <span class='ocrx_word' id='word_1_178' title='bbox 978 1494 1088 1565; x_wconf 82' lang='lat' dir='ltr'><strong>jam</strong></span> <span class='ocrx_word' id='word_1_179' title='bbox 1123 1476 1512 1549; x_wconf 13' lang='lat' dir='ltr'><strong>anteaidictum</strong></span> <span class='ocrx_word' id='word_1_180' title='bbox 1536 1502 1639 1557; x_wconf 89' lang='lat' dir='ltr'><strong>est,</strong></span> <span class='ocrx_word' id='word_1_181' title='bbox 1682 1501 1741 1546; x_wconf 92' lang='lat' dir='ltr'><strong>ut</strong></span> <span class='ocrx_word' id='word_1_182' title='bbox 1761 1491 1966 1546; x_wconf 90' lang='lat' dir='ltr'><strong>dictum</strong></span> <span class='ocrx_word' id='word_1_183' title='bbox 1988 1500 2088 1555; x_wconf 90' lang='lat' dir='ltr'><strong>est,</strong></span> <span class='ocrx_word' id='word_1_184' title='bbox 2116 1509 2135 1543; x_wconf 82' lang='grc' dir='ltr'><strong>ι</strong></span> <span class='ocrx_word' id='word_1_185' title='bbox 2176 1491 2261 1544; x_wconf 88' lang='lat' dir='ltr'><strong>ille</strong></span> 
     </span>
    </p>
   </div>
   <div class='ocr_carea' id='block_1_25' title="bbox 2367 1476 3939 1565">
    <p class='ocr_par' dir='ltr' id='par_1_25' title="bbox 2367 1476 3939 1557">
     <span class='ocr_line' id='line_1_25' title="bbox 2367 1476 3939 1557; baseline -0.006 -17"><span class='ocrx_word' id='word_1_186' title='bbox 2367 1500 2511 1540; x_wconf 77' lang='lat' dir='ltr'><strong>suam</strong></span> <span class='ocrx_word' id='word_1_187' title='bbox 2553 1487 2721 1557; x_wconf 88' lang='lat' dir='ltr'><strong>aperit</strong></span> <span class='ocrx_word' id='word_1_188' title='bbox 2752 1483 3068 1547; x_wconf 85' lang='lat' dir='ltr'><strong>Euttotnitts,</strong></span> <span class='ocrx_word' id='word_1_189' title='bbox 3117 1481 3202 1536; x_wconf 84' lang='lat' dir='ltr'><strong>bis</strong></span> <span class='ocrx_word' id='word_1_190' title='bbox 3232 1482 3409 1537; x_wconf 84' lang='lat' dir='ltr'><strong>verbis</strong></span> <span class='ocrx_word' id='word_1_191' title='bbox 3440 1498 3454 1535; x_wconf 90' lang='lat'><strong>:</strong></span> <span class='ocrx_word' id='word_1_192' title='bbox 3484 1477 3736 1547; x_wconf 78' lang='grc' dir='ltr'><strong>Γέννημα</strong></span> <span class='ocrx_word' id='word_1_193' title='bbox 3759 1476 3939 1532; x_wconf 80' lang='grc' dir='ltr'><strong>τοίνυν</strong></span> 
     </span>
    </p>
   </div>
   <div class='ocr_carea' id='block_1_26' title="bbox 694 1568 2264 1656">
    <p class='ocr_par' dir='ltr' id='par_1_26' title="bbox 694 1583 2259 1656">
     <span class='ocr_line' id='line_1_26' title="bbox 694 1583 2259 1656; baseline -0.004 -16"><span class='ocrx_word' id='word_1_194' title='bbox 694 1602 847 1641; x_wconf 87' lang='lat' dir='ltr'><strong>suam</strong></span> <span class='ocrx_word' id='word_1_195' title='bbox 873 1589 1171 1640; x_wconf 90' lang='lat' dir='ltr'><strong>orationem</strong></span> <span class='ocrx_word' id='word_1_196' title='bbox 1207 1584 1286 1639; x_wconf 91' lang='lat' dir='ltr'><strong>sic</strong></span> <span class='ocrx_word' id='word_1_197' title='bbox 1309 1585 1608 1656; x_wconf 88' lang='lat' dir='ltr'><strong>componit,</strong></span> <span class='ocrx_word' id='word_1_198' title='bbox 1638 1596 1695 1639; x_wconf 93' lang='lat' dir='ltr'><strong>ut</strong></span> <span class='ocrx_word' id='word_1_199' title='bbox 1721 1585 1900 1656; x_wconf 90' lang='lat' dir='ltr'><strong>potius</strong></span> <span class='ocrx_word' id='word_1_200' title='bbox 1931 1585 2002 1638; x_wconf 86' lang='lat' dir='ltr'><strong>ita</strong></span> <span class='ocrx_word' id='word_1_201' title='bbox 2031 1583 2259 1645; x_wconf 88' lang='lat' dir='ltr'><strong>scribat,</strong></span> 
     </span>
    </p>
   </div>
   <div class='ocr_carea' id='block_1_27' title="bbox 2367 1568 3935 1656">
    <p class='ocr_par' dir='ltr' id='par_1_27' title="bbox 2367 1568 3935 1647">
     <span class='ocr_line' id='line_1_27' title="bbox 2367 1568 3935 1647; baseline -0.005 -16"><span class='ocrx_word' id='word_1_202' title='bbox 2367 1578 2451 1633; x_wconf 82' lang='grc' dir='ltr'><strong>τὸν</strong></span> <span class='ocrx_word' id='word_1_203' title='bbox 2486 1580 2614 1633; x_wconf 84' lang='grc' dir='ltr'><strong>Υίόν</strong></span> <span class='ocrx_word' id='word_1_204' title='bbox 2644 1593 2843 1646; x_wconf 77' lang='grc' dir='ltr'><strong>φαμεν,</strong></span> <span class='ocrx_word' id='word_1_205' title='bbox 2870 1577 3013 1630; x_wconf 83' lang='grc' dir='ltr'><strong>κατὰ</strong></span> <span class='ocrx_word' id='word_1_206' title='bbox 3034 1576 3133 1647; x_wconf 82' lang='grc' dir='ltr'><strong>τὴν</strong></span> <span class='ocrx_word' id='word_1_207' title='bbox 3162 1571 3268 1627; x_wconf 83' lang='grc' dir='ltr'><strong>τῶν</strong></span> <span class='ocrx_word' id='word_1_208' title='bbox 3300 1570 3527 1645; x_wconf 79' lang='grc' dir='ltr'><strong>Γραφῶν</strong></span> <span class='ocrx_word' id='word_1_209' title='bbox 3563 1568 3935 1633; x_wconf 69' lang='grc' dir='ltr'><strong>διδασκαλίαν,</strong></span> 
     </span>
    </p>
   </div>
   <div class='ocr_carea' id='block_1_28' title="bbox 706 1660 3939 1748">
    <p class='ocr_par' dir='ltr' id='par_1_28' title="bbox 706 1660 3939 1748">
     <span class='ocr_line' id='line_1_28' title="bbox 706 1660 3939 1748; baseline -0.007 -14"><span class='ocrx_word' id='word_1_210' title='bbox 706 1681 795 1734; x_wconf 83' lang='grc' dir='ltr'><strong>Ἐν</strong></span> <span class='ocrx_word' id='word_1_211' title='bbox 837 1684 948 1743; x_wconf 82' lang='grc' dir='ltr'><strong>τοῖς</strong></span> <span class='ocrx_word' id='word_1_212' title='bbox 981 1678 1211 1734; x_wconf 83' lang='grc' dir='ltr'><strong>κατόπιν</strong></span> <span class='ocrx_word' id='word_1_213' title='bbox 1248 1679 1448 1748; x_wconf 85' lang='grc' dir='ltr'><strong>λόγοις,</strong></span> <span class='ocrx_word' id='word_1_214' title='bbox 1481 1689 1574 1733; x_wconf 86' lang='lat' dir='ltr'><strong>aut</strong></span> <span class='ocrx_word' id='word_1_215' title='bbox 1606 1678 1941 1748; x_wconf 83' lang='lat' dir='ltr'><strong>simpliciter,</strong></span> <span class='ocrx_word' id='word_1_216' title='bbox 2005 1676 2092 1729; x_wconf 84' lang='grc' dir='ltr'><strong>Ἐν</strong></span> <span class='ocrx_word' id='word_1_217' title='bbox 2149 1677 2263 1738; x_wconf 77' lang='grc' dir='ltr'><strong>τοῖς</strong></span> <span class='ocrx_word' id='word_1_218' title='bbox 2363 1672 2460 1744; x_wconf 79' lang='grc' dir='ltr'><strong>οὐχ</strong></span> <span class='ocrx_word' id='word_1_219' title='bbox 2497 1673 2682 1741; x_wconf 75' lang='grc' dir='ltr'><strong>ἕτερον</strong></span> <span class='ocrx_word' id='word_1_220' title='bbox 2720 1668 2819 1738; x_wconf 86' lang='grc' dir='ltr'><strong>μέν</strong></span> <span class='ocrx_word' id='word_1_221' title='bbox 2849 1686 2901 1721; x_wconf 85' lang='grc' dir='ltr'><strong>τι</strong></span> <span class='ocrx_word' id='word_1_222' title='bbox 2935 1670 3033 1740; x_wconf 71' lang='grc' dir='ltr'><strong>τὴν</strong></span> <span class='ocrx_word' id='word_1_223' title='bbox 3067 1666 3250 1720; x_wconf 72' lang='grc' dir='ltr'><strong>οὐσίαν</strong></span> <span class='ocrx_word' id='word_1_224' title='bbox 3279 1664 3542 1726; x_wconf 75' lang='grc' dir='ltr'><strong>νοοῦντες,</strong></span> <span class='ocrx_word' id='word_1_225' title='bbox 3583 1660 3770 1748; x_wconf 43' lang='grc' dir='ltr'><strong>ἓτε-ρον</strong></span> <span class='ocrx_word' id='word_1_226' title='bbox 3801 1661 3859 1713; x_wconf 82' lang='grc' dir='ltr'><strong>δέ</strong></span> <span class='ocrx_word' id='word_1_227' title='bbox 3885 1680 3939 1713; x_wconf 85' lang='grc' dir='ltr'><strong>τι</strong></span> 
     </span>
    </p>
   </div>
   <div class='ocr_carea' id='block_1_29' title="bbox 696 1746 2264 1843">
    <p class='ocr_par' dir='ltr' id='par_1_29' title="bbox 696 1767 2259 1843">
     <span class='ocr_line' id='line_1_29' title="bbox 696 1767 2259 1843; baseline -0.004 -17"><span class='ocrx_word' id='word_1_228' title='bbox 696 1772 945 1841; x_wconf 76' lang='grc' dir='ltr'><strong>κατόπιν,</strong></span> <span class='ocrx_word' id='word_1_229' title='bbox 989 1790 1009 1825; x_wconf 81' lang='lat' dir='ltr'><strong>t</strong></span> <span class='ocrx_word' id='word_1_230' title='bbox 1037 1783 1094 1827; x_wconf 91' lang='grc' dir='ltr'><strong>ιιι</strong></span> <span class='ocrx_word' id='word_1_231' title='bbox 1126 1776 1373 1843; x_wconf 83' lang='lat' dir='ltr'><strong>superius</strong></span> <span class='ocrx_word' id='word_1_232' title='bbox 1408 1774 1606 1826; x_wconf 89' lang='lat' dir='ltr'><strong>dictum</strong></span> <span class='ocrx_word' id='word_1_233' title='bbox 1653 1780 1753 1823; x_wconf 86' lang='lat' dir='ltr'><strong>est.</strong></span> <span class='ocrx_word' id='word_1_234' title='bbox 1784 1786 1803 1821; x_wconf 76' lang='grc' dir='ltr'><strong>ι</strong></span> <span class='ocrx_word' id='word_1_235' title='bbox 1838 1768 1972 1822; x_wconf 87' lang='lat' dir='ltr'><strong>Cum</strong></span> <span class='ocrx_word' id='word_1_236' title='bbox 2015 1769 2175 1838; x_wconf 89' lang='lat' dir='ltr'><strong>igitur</strong></span> <span class='ocrx_word' id='word_1_237' title='bbox 2206 1767 2259 1821; x_wconf 87' lang='lat' dir='ltr'><strong>itt</strong></span> 
     </span>
    </p>
   </div>
   <div class='ocr_carea' id='block_1_30' title="bbox 2367 1746 3939 1843">
    <p class='ocr_par' dir='ltr' id='par_1_30' title="bbox 2367 1746 3939 1835">
     <span class='ocr_line' id='line_1_30' title="bbox 2367 1746 3939 1835; baseline -0.009 -18"><span class='ocrx_word' id='word_1_238' title='bbox 2367 1764 2494 1835; x_wconf 83' lang='grc' dir='ltr'><strong>παρ’</strong></span> <span class='ocrx_word' id='word_1_239' title='bbox 2528 1759 2697 1818; x_wconf 78' lang='grc' dir='ltr'><strong>αὐτὴν</strong></span> <span class='ocrx_word' id='word_1_240' title='bbox 2726 1759 2787 1812; x_wconf 85' lang='grc' dir='ltr'><strong>τὸ</strong></span> <span class='ocrx_word' id='word_1_241' title='bbox 2821 1758 3234 1831; x_wconf 73' lang='grc' dir='ltr'><strong>σημαινόμενον,</strong></span> <span class='ocrx_word' id='word_1_242' title='bbox 3284 1755 3397 1809; x_wconf 76' lang='grc' dir='ltr'><strong>ἀλλ’</strong></span> <span class='ocrx_word' id='word_1_243' title='bbox 3422 1751 3588 1824; x_wconf 74' lang='grc' dir='ltr'><strong>αὐτὴν</strong></span> <span class='ocrx_word' id='word_1_244' title='bbox 3643 1746 3784 1804; x_wconf 79' lang='grc' dir='ltr'><strong>εἶναι</strong></span> <span class='ocrx_word' id='word_1_245' title='bbox 3837 1752 3939 1821; x_wconf 72' lang='grc' dir='ltr'><strong>τὴν</strong></span> 
     </span>
    </p>
   </div>
   <div class='ocr_carea' id='block_1_31' title="bbox 697 1835 2264 1930">
    <p class='ocr_par' dir='ltr' id='par_1_31' title="bbox 697 1835 2258 1930">
     <span class='ocr_line' id='line_1_31' title="bbox 697 1835 2258 1930; baseline -0.001 -18"><span class='ocrx_word' id='word_1_246' title='bbox 697 1863 900 1918; x_wconf 75' lang='lat' dir='ltr'><strong>ultimis</strong></span> <span class='ocrx_word' id='word_1_247' title='bbox 926 1835 1130 1919; x_wconf 83' lang='lat' dir='ltr'><strong>duobus</strong></span> <span class='ocrx_word' id='word_1_248' title='bbox 1181 1835 1234 1914; x_wconf 72' lang='lat' dir='ltr'><strong>in</strong></span> <span class='ocrx_word' id='word_1_249' title='bbox 1281 1858 1595 1914; x_wconf 76' lang='lat' dir='ltr'><strong>Eunamium</strong></span> <span class='ocrx_word' id='word_1_250' title='bbox 1644 1859 1795 1915; x_wconf 90' lang='lat' dir='ltr'><strong>libris</strong></span> <span class='ocrx_word' id='word_1_251' title='bbox 1827 1874 1966 1930; x_wconf 61' lang='lat' dir='ltr'><strong>saepe</strong></span> <span class='ocrx_word' id='word_1_252' title='bbox 2005 1835 2258 1927; x_wconf 77' lang='lat' dir='ltr'><strong>scriptum</strong></span> 
     </span>
    </p>
   </div>
   <div class='ocr_carea' id='block_1_32' title="bbox 2367 1835 3935 1930">
    <p class='ocr_par' dir='ltr' id='par_1_32' title="bbox 2367 1839 3935 1920">
     <span class='ocr_line' id='line_1_32' title="bbox 2367 1839 3935 1920; baseline -0.01 -13"><span class='ocrx_word' id='word_1_253' title='bbox 2367 1852 2679 1912; x_wconf 82' lang='grc' dir='ltr'><strong>ὑπόστασιν,</strong></span> <span class='ocrx_word' id='word_1_254' title='bbox 2726 1848 2792 1920; x_wconf 74' lang='grc' dir='ltr'><strong>ἣν</strong></span> <span class='ocrx_word' id='word_1_255' title='bbox 2817 1848 3066 1920; x_wconf 78' lang='grc' dir='ltr'><strong>σημαίνει</strong></span> <span class='ocrx_word' id='word_1_256' title='bbox 3105 1845 3359 1917; x_wconf 74' lang='grc' dir='ltr'><strong>τοῦνομα,</strong></span> <span class='ocrx_word' id='word_1_257' title='bbox 3388 1839 3829 1914; x_wconf 74' lang='grc' dir='ltr'><strong>ὲπαληθευούσης</strong></span> <span class='ocrx_word' id='word_1_258' title='bbox 3869 1842 3935 1910; x_wconf 77' lang='grc' dir='ltr'><strong>τῇ</strong></span> 
     </span>
    </p>
   </div>
   <div class='ocr_carea' id='block_1_33' title="bbox 695 1933 2264 2025">
    <p class='ocr_par' dir='ltr' id='par_1_33' title="bbox 695 1952 2263 2025">
     <span class='ocr_line' id='line_1_33' title="bbox 695 1952 2263 2025; baseline 0.001 -20"><span class='ocrx_word' id='word_1_259' title='bbox 695 1957 767 2009; x_wconf 74' lang='lat' dir='ltr'><strong>sil.</strong></span> <span class='ocrx_word' id='word_1_260' title='bbox 808 1966 901 2009; x_wconf 88' lang='lat' dir='ltr'><strong>aut</strong></span> <span class='ocrx_word' id='word_1_261' title='bbox 929 1956 1269 2025; x_wconf 78' lang='grc' dir='ltr'><strong>προείρηται,</strong></span> <span class='ocrx_word' id='word_1_262' title='bbox 1298 1964 1390 2008; x_wconf 88' lang='lat' dir='ltr'><strong>aut</strong></span> <span class='ocrx_word' id='word_1_263' title='bbox 1420 1953 1738 2025; x_wconf 86' lang='lat' dir='ltr'><strong>simpliciter</strong></span> <span class='ocrx_word' id='word_1_264' title='bbox 1763 1952 1998 2024; x_wconf 75' lang='grc' dir='ltr'><strong>εἴρηται,</strong></span> <span class='ocrx_word' id='word_1_265' title='bbox 2044 1965 2142 2005; x_wconf 90' lang='lat' dir='ltr'><strong>nec</strong></span> <span class='ocrx_word' id='word_1_266' title='bbox 2170 1966 2263 2006; x_wconf 87' lang='lat' dir='ltr'><strong>us-</strong></span> 
     </span>
    </p>
   </div>
   <div class='ocr_carea' id='block_1_34' title="bbox 2367 1933 3936 2025">
    <p class='ocr_par' dir='ltr' id='par_1_34' title="bbox 2367 1933 3936 2013">
     <span class='ocr_line' id='line_1_34' title="bbox 2367 1933 3936 2013; baseline -0.009 -14"><span class='ocrx_word' id='word_1_267' title='bbox 2367 1945 2522 2013; x_wconf 68' lang='grc' dir='ltr'><strong>οὐσίᾳ</strong></span> <span class='ocrx_word' id='word_1_268' title='bbox 2552 1941 2650 2013; x_wconf 76' lang='grc' dir='ltr'><strong>τῆς</strong></span> <span class='ocrx_word' id='word_1_269' title='bbox 2679 1939 3063 2013; x_wconf 78' lang='grc' dir='ltr'><strong>προσηγορίας.</strong></span> <span class='ocrx_word' id='word_1_270' title='bbox 3111 1956 3129 1989; x_wconf 86' lang='grc' dir='ltr'><strong>ι</strong></span> <span class='ocrx_word' id='word_1_271' title='bbox 3160 1938 3473 1994; x_wconf 82' lang='lat' dir='ltr'><strong>Genituram</strong></span> <span class='ocrx_word' id='word_1_272' title='bbox 3509 1936 3689 2004; x_wconf 84' lang='lat' dir='ltr'><strong>itaque</strong></span> <span class='ocrx_word' id='word_1_273' title='bbox 3737 1933 3936 1989; x_wconf 79' lang='lat' dir='ltr'><strong>Filium</strong></span> 
     </span>
    </p>
   </div>
   <div class='ocr_carea' id='block_1_35' title="bbox 694 2018 3936 2117">
    <p class='ocr_par' dir='ltr' id='par_1_35' title="bbox 694 2018 3936 2117">
     <span class='ocr_line' id='line_1_35' title="bbox 694 2018 3936 2117; baseline -0.012 -8"><span class='ocrx_word' id='word_1_274' title='bbox 694 2063 856 2117; x_wconf 83' lang='lat' dir='ltr'><strong>quam</strong></span> <span class='ocrx_word' id='word_1_275' title='bbox 909 2018 1099 2101; x_wconf 34' lang='grc' dir='ltr'><strong>ἰιιΙΙιὶε⁷</strong></span> <span class='ocrx_word' id='word_1_276' title='bbox 1124 2018 1391 2102; x_wconf 73' lang='lat' dir='ltr'><strong>scribatur</strong></span> <span class='ocrx_word' id='word_1_277' title='bbox 1423 2047 1483 2101; x_wconf 79' lang='lat' dir='ltr'><strong>iw</strong></span> <span class='ocrx_word' id='word_1_278' title='bbox 1524 2018 1637 2109; x_wconf 68' lang='grc' dir='ltr'><strong>τοῖς</strong></span> <span class='ocrx_word' id='word_1_279' title='bbox 1684 2018 1936 2112; x_wconf 38' lang='lat' dir='ltr'><strong>mean,</strong></span> <span class='ocrx_word' id='word_1_280' title='bbox 1975 2044 2263 2114; x_wconf 86' lang='lat' dir='ltr'><strong>quomodo,</strong></span> <span class='ocrx_word' id='word_1_281' title='bbox 2366 2033 2614 2097; x_wconf 86' lang='lat' dir='ltr'><strong>dicimus,</strong></span> <span class='ocrx_word' id='word_1_282' title='bbox 2646 2045 2714 2084; x_wconf 80' lang='lat' dir='ltr'><strong>es</strong></span> <span class='ocrx_word' id='word_1_283' title='bbox 2756 2025 3462 2117; x_wconf 66' lang='lat' dir='ltr'><strong>Scripturarum_doctrina,</strong></span> <span class='ocrx_word' id='word_1_284' title='bbox 3495 2036 3597 2076; x_wconf 93' lang='lat' dir='ltr'><strong>non</strong></span> <span class='ocrx_word' id='word_1_285' title='bbox 3632 2020 3775 2117; x_wconf 75' lang='lat' dir='ltr'><strong>aliud</strong></span> <span class='ocrx_word' id='word_1_286' title='bbox 3804 2018 3936 2088; x_wconf 89' lang='lat' dir='ltr'><strong>quid</strong></span> 
     </span>
    </p>
   </div>
   <div class='ocr_carea' id='block_1_36' title="bbox 696 2109 2264 2209">
    <p class='ocr_par' dir='ltr' id='par_1_36' title="bbox 696 2134 2258 2209">
     <span class='ocr_line' id='line_1_36' title="bbox 696 2134 2258 2209; baseline 0.001 -21"><span class='ocrx_word' id='word_1_287' title='bbox 696 2153 899 2206; x_wconf 68' lang='lat' dir='ltr'><strong>quaeso,</strong></span> <span class='ocrx_word' id='word_1_288' title='bbox 926 2138 1151 2194; x_wconf 83' lang='lat' dir='ltr'><strong>Basilius</strong></span> <span class='ocrx_word' id='word_1_289' title='bbox 1182 2139 1441 2209; x_wconf 81' lang='lat' dir='ltr'><strong>ejusmodi</strong></span> <span class='ocrx_word' id='word_1_290' title='bbox 1475 2137 1733 2192; x_wconf 89' lang='lat' dir='ltr'><strong>librorum</strong></span> <span class='ocrx_word' id='word_1_291' title='bbox 1772 2146 1965 2191; x_wconf 83' lang='lat' dir='ltr'><strong>auctor</strong></span> <span class='ocrx_word' id='word_1_292' title='bbox 2000 2134 2104 2190; x_wconf 92' lang='lat' dir='ltr'><strong>dici</strong></span> <span class='ocrx_word' id='word_1_293' title='bbox 2145 2150 2258 2191; x_wconf 80' lang='lat' dir='ltr'><strong>me—</strong></span> 
     </span>
    </p>
   </div>
   <div class='ocr_carea' id='block_1_37' title="bbox 2367 2109 3936 2209">
    <p class='ocr_par' dir='ltr' id='par_1_37' title="bbox 2367 2109 3936 2187">
     <span class='ocr_line' id='line_1_37' title="bbox 2367 2109 3936 2187; baseline -0.011 -10"><span class='ocrx_word' id='word_1_294' title='bbox 2367 2117 2654 2176; x_wconf 86' lang='lat' dir='ltr'><strong>essentiam</strong></span> <span class='ocrx_word' id='word_1_295' title='bbox 2701 2117 3085 2187; x_wconf 87' lang='lat' dir='ltr'><strong>intelligentes,</strong></span> <span class='ocrx_word' id='word_1_296' title='bbox 3134 2111 3277 2167; x_wconf 87' lang='lat' dir='ltr'><strong>aliud</strong></span> <span class='ocrx_word' id='word_1_297' title='bbox 3331 2111 3459 2180; x_wconf 88' lang='lat' dir='ltr'><strong>quid</strong></span> <span class='ocrx_word' id='word_1_298' title='bbox 3512 2117 3706 2179; x_wconf 67' lang='lat' dir='ltr'><strong>prater</strong></span> <span class='ocrx_word' id='word_1_299' title='bbox 3737 2109 3936 2177; x_wconf 86' lang='lat' dir='ltr'><strong>ipsam,</strong></span> 
     </span>
    </p>
   </div>
   <div class='ocr_carea' id='block_1_38' title="bbox 697 2199 3935 2298">
    <p class='ocr_par' dir='ltr' id='par_1_38' title="bbox 697 2199 3935 2298">
     <span class='ocr_line' id='line_1_38' title="bbox 697 2199 3935 2298; baseline -0.01 -16"><span class='ocrx_word' id='word_1_300' title='bbox 697 2199 803 2283; x_wconf 74' lang='lat' dir='ltr'><strong>rito</strong></span> <span class='ocrx_word' id='word_1_301' title='bbox 830 2199 1035 2298; x_wconf 78' lang='lat' dir='ltr'><strong>possit?</strong></span> <span class='ocrx_word' id='word_1_302' title='bbox 1209 2199 1228 2209; x_wconf 44' lang='grc'>⁷</span> <span class='ocrx_word' id='word_1_303' title='bbox 2369 2214 2423 2268; x_wconf 94' lang='lat' dir='ltr'><strong>id</strong></span> <span class='ocrx_word' id='word_1_304' title='bbox 2453 2212 2593 2282; x_wconf 82' lang='lat' dir='ltr'><strong>quod</strong></span> <span class='ocrx_word' id='word_1_305' title='bbox 2625 2210 2981 2280; x_wconf 83' lang='lat' dir='ltr'><strong>significatur,</strong></span> <span class='ocrx_word' id='word_1_306' title='bbox 3038 2208 3132 2263; x_wconf 89' lang='lat' dir='ltr'><strong>sed</strong></span> <span class='ocrx_word' id='word_1_307' title='bbox 3164 2204 3332 2274; x_wconf 84' lang='lat' dir='ltr'><strong>ipsam</strong></span> <span class='ocrx_word' id='word_1_308' title='bbox 3386 2216 3507 2257; x_wconf 89' lang='lat' dir='ltr'><strong>esse</strong></span> <span class='ocrx_word' id='word_1_309' title='bbox 3550 2199 3935 2263; x_wconf 77' lang='lat' dir='ltr'><strong>substantiam,</strong></span> 
     </span>
    </p>
   </div>
   <div class='ocr_carea' id='block_1_39' title="bbox 764 2293 2264 2388">
    <p class='ocr_par' dir='ltr' id='par_1_39' title="bbox 764 2293 2264 2388">
     <span class='ocr_line' id='line_1_39' title="bbox 764 2293 2264 2388; baseline 0.001 -16"><span class='ocrx_word' id='word_1_310' title='bbox 764 2293 851 2373; x_wconf 65' lang='lat'><strong>75&#39;.</strong></span> <span class='ocrx_word' id='word_1_311' title='bbox 887 2318 1105 2375; x_wconf 82' lang='lat' dir='ltr'><strong>Monere</strong></span> <span class='ocrx_word' id='word_1_312' title='bbox 1140 2318 1312 2388; x_wconf 78' lang='lat' dir='ltr'><strong>juvat,</strong></span> <span class='ocrx_word' id='word_1_313' title='bbox 1358 2318 1569 2374; x_wconf 88' lang='lat' dir='ltr'><strong>libellos</strong></span> <span class='ocrx_word' id='word_1_314' title='bbox 1606 2319 1741 2375; x_wconf 88' lang='lat' dir='ltr'><strong>duos</strong></span> <span class='ocrx_word' id='word_1_315' title='bbox 1792 2318 1956 2375; x_wconf 90' lang='lat' dir='ltr'><strong>fuisse</strong></span> <span class='ocrx_word' id='word_1_316' title='bbox 1987 2319 2160 2375; x_wconf 91' lang='lat' dir='ltr'><strong>editos</strong></span> <span class='ocrx_word' id='word_1_317' title='bbox 2193 2319 2264 2373; x_wconf 85' lang='lat' dir='ltr'><strong>ab</strong></span> 
     </span>
    </p>
   </div>
   <div class='ocr_carea' id='block_1_40' title="bbox 2367 2293 3938 2388">
    <p class='ocr_par' dir='ltr' id='par_1_40' title="bbox 2367 2293 3938 2375">
     <span class='ocr_line' id='line_1_40' title="bbox 2367 2293 3938 2375; baseline -0.012 -15"><span class='ocrx_word' id='word_1_318' title='bbox 2367 2319 2525 2375; x_wconf 87' lang='lat' dir='ltr'><strong>quam</strong></span> <span class='ocrx_word' id='word_1_319' title='bbox 2553 2317 2751 2358; x_wconf 89' lang='lat' dir='ltr'><strong>nomen</strong></span> <span class='ocrx_word' id='word_1_320' title='bbox 2779 2298 3070 2373; x_wconf 83' lang='lat' dir='ltr'><strong>significat,</strong></span> <span class='ocrx_word' id='word_1_321' title='bbox 3103 2311 3226 2353; x_wconf 91' lang='lat' dir='ltr'><strong>cum</strong></span> <span class='ocrx_word' id='word_1_322' title='bbox 3249 2293 3496 2350; x_wconf 63' lang='lat' dir='ltr'><strong>essentia:</strong></span> <span class='ocrx_word' id='word_1_323' title='bbox 3520 2306 3646 2346; x_wconf 87' lang='lat' dir='ltr'><strong>vere</strong></span> <span class='ocrx_word' id='word_1_324' title='bbox 3672 2299 3938 2360; x_wconf 86' lang='lat' dir='ltr'><strong>congruat</strong></span> 
     </span>
    </p>
   </div>
   <div class='ocr_carea' id='block_1_41' title="bbox 696 2409 2261 2483">
    <p class='ocr_par' dir='ltr' id='par_1_41' title="bbox 696 2409 2261 2483">
     <span class='ocr_line' id='line_1_41' title="bbox 696 2409 2261 2483; baseline -0.001 -18"><span class='ocrx_word' id='word_1_325' title='bbox 696 2410 980 2468; x_wconf 84' lang='lat' dir='ltr'><strong>Eunomia.</strong></span> <span class='ocrx_word' id='word_1_326' title='bbox 1008 2410 1203 2475; x_wconf 87' lang='lat' dir='ltr'><strong>Unum,</strong></span> <span class='ocrx_word' id='word_1_327' title='bbox 1235 2426 1394 2483; x_wconf 89' lang='lat' dir='ltr'><strong>quem</strong></span> <span class='ocrx_word' id='word_1_328' title='bbox 1418 2412 1710 2469; x_wconf 84' lang='lat' dir='ltr'><strong>confutavit</strong></span> <span class='ocrx_word' id='word_1_329' title='bbox 1736 2409 1984 2475; x_wconf 86' lang='lat' dir='ltr'><strong>Basilius,</strong></span> <span class='ocrx_word' id='word_1_330' title='bbox 2014 2410 2261 2470; x_wconf 89' lang='lat' dir='ltr'><strong>alterum,</strong></span> 
     </span>
    </p>
   </div>
   <div class='ocr_carea' id='block_1_42' title="bbox 694 2496 2263 2571">
    <p class='ocr_par' dir='ltr' id='par_1_42' title="bbox 694 2496 2263 2571">
     <span class='ocr_line' id='line_1_42' title="bbox 694 2496 2263 2571; baseline -0.003 -16"><span class='ocrx_word' id='word_1_331' title='bbox 694 2516 855 2569; x_wconf 83' lang='lat' dir='ltr'><strong>quem</strong></span> <span class='ocrx_word' id='word_1_332' title='bbox 880 2501 1162 2557; x_wconf 89' lang='lat' dir='ltr'><strong>confutare</strong></span> <span class='ocrx_word' id='word_1_333' title='bbox 1195 2517 1301 2557; x_wconf 91' lang='lat' dir='ltr'><strong>non</strong></span> <span class='ocrx_word' id='word_1_334' title='bbox 1345 2503 1539 2571; x_wconf 90' lang='lat' dir='ltr'><strong>potuit,</strong></span> <span class='ocrx_word' id='word_1_335' title='bbox 1568 2516 1688 2554; x_wconf 92' lang='lat' dir='ltr'><strong>cum</strong></span> <span class='ocrx_word' id='word_1_336' title='bbox 1720 2514 1825 2555; x_wconf 89' lang='lat' dir='ltr'><strong>non</strong></span> <span class='ocrx_word' id='word_1_337' title='bbox 1857 2499 2033 2553; x_wconf 85' lang='lat' dir='ltr'><strong>editus</strong></span> <span class='ocrx_word' id='word_1_338' title='bbox 2061 2496 2135 2554; x_wconf 90' lang='lat' dir='ltr'><strong>sit</strong></span> <span class='ocrx_word' id='word_1_339' title='bbox 2159 2496 2263 2552; x_wconf 81' lang='lat' dir='ltr'><strong>nisi</strong></span> 
     </span>
    </p>
   </div>
   <div class='ocr_carea' id='block_1_43' title="bbox 698 2593 2265 2664">
    <p class='ocr_par' dir='ltr' id='par_1_43' title="bbox 698 2593 2265 2664">
     <span class='ocr_line' id='line_1_43' title="bbox 698 2593 2265 2664; baseline -0.005 -15"><span class='ocrx_word' id='word_1_340' title='bbox 698 2603 820 2661; x_wconf 85' lang='lat' dir='ltr'><strong>post</strong></span> <span class='ocrx_word' id='word_1_341' title='bbox 872 2596 1038 2664; x_wconf 89' lang='lat' dir='ltr'><strong>ipsius</strong></span> <span class='ocrx_word' id='word_1_342' title='bbox 1082 2606 1327 2650; x_wconf 87' lang='lat' dir='ltr'><strong>mortem.</strong></span> <span class='ocrx_word' id='word_1_343' title='bbox 1366 2593 1489 2647; x_wconf 70' lang='lat' dir='ltr'><strong>llaec</strong></span> <span class='ocrx_word' id='word_1_344' title='bbox 1521 2605 1727 2647; x_wconf 89' lang='lat' dir='ltr'><strong>mecum</strong></span> <span class='ocrx_word' id='word_1_345' title='bbox 1782 2605 1902 2646; x_wconf 91' lang='lat' dir='ltr'><strong>cum</strong></span> <span class='ocrx_word' id='word_1_346' title='bbox 1938 2598 2265 2661; x_wconf 87' lang='lat' dir='ltr'><strong>reputarem,</strong></span> 
     </span>
    </p>
   </div>
   <div class='ocr_carea' id='block_1_44' title="bbox 696 2681 2269 2754">
    <p class='ocr_par' dir='ltr' id='par_1_44' title="bbox 696 2681 2269 2754">
     <span class='ocr_line' id='line_1_44' title="bbox 696 2681 2269 2754; baseline -0.002 -15"><span class='ocrx_word' id='word_1_347' title='bbox 696 2687 871 2741; x_wconf 86' lang='lat' dir='ltr'><strong>ultimi</strong></span> <span class='ocrx_word' id='word_1_348' title='bbox 910 2688 1015 2741; x_wconf 90' lang='lat' dir='ltr'><strong>duo</strong></span> <span class='ocrx_word' id='word_1_349' title='bbox 1061 2688 1117 2739; x_wconf 84' lang='lat' dir='ltr'><strong>in</strong></span> <span class='ocrx_word' id='word_1_350' title='bbox 1144 2685 1457 2739; x_wconf 80' lang='lat' dir='ltr'><strong>Eunomium</strong></span> <span class='ocrx_word' id='word_1_351' title='bbox 1486 2684 1607 2738; x_wconf 91' lang='lat' dir='ltr'><strong>libri</strong></span> <span class='ocrx_word' id='word_1_352' title='bbox 1654 2684 1784 2738; x_wconf 90' lang='lat' dir='ltr'><strong>mihi</strong></span> <span class='ocrx_word' id='word_1_353' title='bbox 1815 2683 1986 2754; x_wconf 84' lang='lat' dir='ltr'><strong>magis</strong></span> <span class='ocrx_word' id='word_1_354' title='bbox 2009 2697 2072 2738; x_wconf 83' lang='lat' dir='ltr'><strong>ac</strong></span> <span class='ocrx_word' id='word_1_355' title='bbox 2097 2681 2269 2750; x_wconf 84' lang='lat' dir='ltr'><strong>magis</strong></span> 
     </span>
    </p>
   </div>
   <div class='ocr_carea' id='block_1_45' title="bbox 698 2772 2265 2847">
    <p class='ocr_par' dir='ltr' id='par_1_45' title="bbox 698 2772 2265 2847">
     <span class='ocr_line' id='line_1_45' title="bbox 698 2772 2265 2847; baseline -0.003 -16"><span class='ocrx_word' id='word_1_356' title='bbox 698 2777 932 2847; x_wconf 85' lang='lat' dir='ltr'><strong>suspecti</strong></span> <span class='ocrx_word' id='word_1_357' title='bbox 957 2776 1083 2833; x_wconf 87' lang='lat' dir='ltr'><strong>facti</strong></span> <span class='ocrx_word' id='word_1_358' title='bbox 1114 2785 1261 2836; x_wconf 86' lang='lat' dir='ltr'><strong>sunt.</strong></span> <span class='ocrx_word' id='word_1_359' title='bbox 1288 2776 1473 2832; x_wconf 84' lang='lat' dir='ltr'><strong>Potavi</strong></span> <span class='ocrx_word' id='word_1_360' title='bbox 1495 2775 1637 2832; x_wconf 90' lang='lat' dir='ltr'><strong>enim</strong></span> <span class='ocrx_word' id='word_1_361' title='bbox 1668 2774 1934 2830; x_wconf 80' lang='lat' dir='ltr'><strong>confutari</strong></span> <span class='ocrx_word' id='word_1_362' title='bbox 1973 2774 2027 2829; x_wconf 90' lang='lat' dir='ltr'><strong>in</strong></span> <span class='ocrx_word' id='word_1_363' title='bbox 2059 2772 2265 2828; x_wconf 79' lang='lat' dir='ltr'><strong>ultimis</strong></span> 
     </span>
    </p>
   </div>
   <div class='ocr_carea' id='block_1_46' title="bbox 698 2864 2265 2935">
    <p class='ocr_par' dir='ltr' id='par_1_46' title="bbox 698 2864 2265 2935">
     <span class='ocr_line' id='line_1_46' title="bbox 698 2864 2265 2935; baseline -0.001 -13"><span class='ocrx_word' id='word_1_364' title='bbox 698 2870 906 2925; x_wconf 83' lang='lat' dir='ltr'><strong>duobus</strong></span> <span class='ocrx_word' id='word_1_365' title='bbox 934 2880 1116 2924; x_wconf 83' lang='lat' dir='ltr'><strong>contra</strong></span> <span class='ocrx_word' id='word_1_366' title='bbox 1157 2868 1477 2923; x_wconf 82' lang='lat' dir='ltr'><strong>Eunomium</strong></span> <span class='ocrx_word' id='word_1_367' title='bbox 1516 2867 1667 2923; x_wconf 86' lang='lat' dir='ltr'><strong>libris</strong></span> <span class='ocrx_word' id='word_1_368' title='bbox 1705 2882 1810 2921; x_wconf 89' lang='lat' dir='ltr'><strong>non</strong></span> <span class='ocrx_word' id='word_1_369' title='bbox 1847 2865 2079 2935; x_wconf 87' lang='lat' dir='ltr'><strong>primum</strong></span> <span class='ocrx_word' id='word_1_370' title='bbox 2111 2864 2265 2921; x_wconf 86' lang='lat' dir='ltr'><strong>libel-</strong></span> 
     </span>
    </p>
   </div>
   <div class='ocr_carea' id='block_1_47' title="bbox 696 2956 2268 3028">
    <p class='ocr_par' dir='ltr' id='par_1_47' title="bbox 696 2956 2268 3028">
     <span class='ocr_line' id='line_1_47' title="bbox 696 2956 2268 3028; baseline -0.002 -14"><span class='ocrx_word' id='word_1_371' title='bbox 696 2958 807 3014; x_wconf 87' lang='lat' dir='ltr'><strong>lum</strong></span> <span class='ocrx_word' id='word_1_372' title='bbox 838 2959 1110 3025; x_wconf 81' lang='lat' dir='ltr'><strong>Eunomii,</strong></span> <span class='ocrx_word' id='word_1_373' title='bbox 1139 2960 1233 3013; x_wconf 91' lang='lat' dir='ltr'><strong>sed</strong></span> <span class='ocrx_word' id='word_1_374' title='bbox 1266 2960 1593 3023; x_wconf 87' lang='lat' dir='ltr'><strong>secundum;</strong></span> <span class='ocrx_word' id='word_1_375' title='bbox 1637 2959 1707 3014; x_wconf 92' lang='lat' dir='ltr'><strong>ob</strong></span> <span class='ocrx_word' id='word_1_376' title='bbox 1735 2959 1896 3028; x_wconf 89' lang='lat' dir='ltr'><strong>idque</strong></span> <span class='ocrx_word' id='word_1_377' title='bbox 1919 2958 2139 3014; x_wconf 88' lang='lat' dir='ltr'><strong>secundi</strong></span> <span class='ocrx_word' id='word_1_378' title='bbox 2168 2956 2268 3012; x_wconf 84' lang='lat' dir='ltr'><strong>ltu-</strong></span> 
     </span>
    </p>
   </div>
   <div class='ocr_carea' id='block_1_48' title="bbox 690 3048 2267 3121">
    <p class='ocr_par' dir='ltr' id='par_1_48' title="bbox 690 3048 2267 3121">
     <span class='ocr_line' id='line_1_48' title="bbox 690 3048 2267 3121; baseline 0.001 -17"><span class='ocrx_word' id='word_1_379' title='bbox 690 3051 782 3121; x_wconf 83' lang='lat' dir='ltr'><strong>jtts</strong></span> <span class='ocrx_word' id='word_1_380' title='bbox 806 3049 971 3106; x_wconf 86' lang='lat' dir='ltr'><strong>libelli</strong></span> <span class='ocrx_word' id='word_1_381' title='bbox 1002 3049 1425 3105; x_wconf 83' lang='lat' dir='ltr'><strong>confutationem</strong></span> <span class='ocrx_word' id='word_1_382' title='bbox 1454 3049 1613 3103; x_wconf 86' lang='lat' dir='ltr'><strong>tribui</strong></span> <span class='ocrx_word' id='word_1_383' title='bbox 1639 3065 1743 3104; x_wconf 91' lang='lat' dir='ltr'><strong>non</strong></span> <span class='ocrx_word' id='word_1_384' title='bbox 1770 3065 1927 3120; x_wconf 89' lang='lat' dir='ltr'><strong>posse</strong></span> <span class='ocrx_word' id='word_1_385' title='bbox 1948 3048 2169 3117; x_wconf 85' lang='lat' dir='ltr'><strong>Basilio,</strong></span> <span class='ocrx_word' id='word_1_386' title='bbox 2197 3049 2267 3106; x_wconf 85' lang='lat' dir='ltr'><strong>ob</strong></span> 
     </span>
    </p>
   </div>
   <div class='ocr_carea' id='block_1_49' title="bbox 697 3139 2267 3212">
    <p class='ocr_par' dir='ltr' id='par_1_49' title="bbox 697 3139 2267 3212">
     <span class='ocr_line' id='line_1_49' title="bbox 697 3139 2267 3212; baseline -0.001 -15"><span class='ocrx_word' id='word_1_387' title='bbox 697 3157 817 3197; x_wconf 84' lang='lat' dir='ltr'><strong>eam</strong></span> <span class='ocrx_word' id='word_1_388' title='bbox 849 3157 1008 3212; x_wconf 90' lang='lat' dir='ltr'><strong>quam</strong></span> <span class='ocrx_word' id='word_1_389' title='bbox 1036 3141 1187 3196; x_wconf 88' lang='lat' dir='ltr'><strong>attuli</strong></span> <span class='ocrx_word' id='word_1_390' title='bbox 1214 3142 1497 3197; x_wconf 87' lang='lat' dir='ltr'><strong>rationem.</strong></span> <span class='ocrx_word' id='word_1_391' title='bbox 1531 3139 1593 3192; x_wconf 86' lang='lat' dir='ltr'><strong>Et</strong></span> <span class='ocrx_word' id='word_1_392' title='bbox 1621 3140 1838 3208; x_wconf 89' lang='lat' dir='ltr'><strong>quidem</strong></span> <span class='ocrx_word' id='word_1_393' title='bbox 1864 3142 2119 3209; x_wconf 83' lang='lat' dir='ltr'><strong>scriptor,</strong></span> <span class='ocrx_word' id='word_1_394' title='bbox 2148 3141 2267 3212; x_wconf 88' lang='lat' dir='ltr'><strong>qui-</strong></span> 
     </span>
    </p>
   </div>
   <div class='ocr_carea' id='block_1_50' title="bbox 699 3228 2266 3301">
    <p class='ocr_par' dir='ltr' id='par_1_50' title="bbox 699 3228 2266 3301">
     <span class='ocr_line' id='line_1_50' title="bbox 699 3228 2266 3301; baseline 0.001 -16"><span class='ocrx_word' id='word_1_395' title='bbox 699 3246 911 3301; x_wconf 87' lang='lat' dir='ltr'><strong>cunque</strong></span> <span class='ocrx_word' id='word_1_396' title='bbox 960 3229 1049 3287; x_wconf 87' lang='lat' dir='ltr'><strong>ille</strong></span> <span class='ocrx_word' id='word_1_397' title='bbox 1093 3230 1213 3296; x_wconf 89' lang='lat' dir='ltr'><strong>fuit,</strong></span> <span class='ocrx_word' id='word_1_398' title='bbox 1241 3230 1332 3300; x_wconf 89' lang='lat' dir='ltr'><strong>qui</strong></span> <span class='ocrx_word' id='word_1_399' title='bbox 1362 3230 1581 3285; x_wconf 87' lang='lat' dir='ltr'><strong>ultimos</strong></span> <span class='ocrx_word' id='word_1_400' title='bbox 1606 3229 1743 3283; x_wconf 91' lang='lat' dir='ltr'><strong>duos</strong></span> <span class='ocrx_word' id='word_1_401' title='bbox 1772 3230 1824 3282; x_wconf 84' lang='lat' dir='ltr'><strong>in</strong></span> <span class='ocrx_word' id='word_1_402' title='bbox 1848 3228 2167 3283; x_wconf 85' lang='lat' dir='ltr'><strong>Eunomittm</strong></span> <span class='ocrx_word' id='word_1_403' title='bbox 2199 3233 2266 3286; x_wconf 91' lang='lat' dir='ltr'><strong>li-</strong></span> 
     </span>
    </p>
   </div>
   <div class='ocr_carea' id='block_1_51' title="bbox 699 3322 2265 3395">
    <p class='ocr_par' dir='ltr' id='par_1_51' title="bbox 699 3322 2265 3395">
     <span class='ocr_line' id='line_1_51' title="bbox 699 3322 2265 3395; baseline 0 -18"><span class='ocrx_word' id='word_1_404' title='bbox 699 3325 828 3379; x_wconf 88' lang='lat' dir='ltr'><strong>bros</strong></span> <span class='ocrx_word' id='word_1_405' title='bbox 864 3323 1124 3395; x_wconf 85' lang='lat' dir='ltr'><strong>vulgavit,</strong></span> <span class='ocrx_word' id='word_1_406' title='bbox 1169 3325 1240 3379; x_wconf 88' lang='lat' dir='ltr'><strong>ita</strong></span> <span class='ocrx_word' id='word_1_407' title='bbox 1291 3323 1531 3379; x_wconf 88' lang='lat' dir='ltr'><strong>confutat</strong></span> <span class='ocrx_word' id='word_1_408' title='bbox 1562 3322 1908 3390; x_wconf 85' lang='lat' dir='ltr'><strong>Eunomium,</strong></span> <span class='ocrx_word' id='word_1_409' title='bbox 1942 3332 1998 3376; x_wconf 91' lang='lat' dir='ltr'><strong>ut</strong></span> <span class='ocrx_word' id='word_1_410' title='bbox 2026 3337 2147 3376; x_wconf 90' lang='lat' dir='ltr'><strong>eum</strong></span> <span class='ocrx_word' id='word_1_411' title='bbox 2177 3338 2265 3377; x_wconf 87' lang='lat' dir='ltr'><strong>re-</strong></span> 
     </span>
    </p>
   </div>
   <div class='ocr_carea' id='block_1_52' title="bbox 698 3411 2267 3481">
    <p class='ocr_par' dir='ltr' id='par_1_52' title="bbox 698 3411 2267 3481">
     <span class='ocr_line' id='line_1_52' title="bbox 698 3411 2267 3481; baseline 0.001 -16"><span class='ocrx_word' id='word_1_412' title='bbox 698 3412 1019 3479; x_wconf 86' lang='lat' dir='ltr'><strong>prehendat.</strong></span> <span class='ocrx_word' id='word_1_413' title='bbox 1048 3414 1188 3481; x_wconf 84' lang='lat' dir='ltr'><strong>quod</strong></span> <span class='ocrx_word' id='word_1_414' title='bbox 1216 3413 1409 3467; x_wconf 86' lang='lat' dir='ltr'><strong>Filium</strong></span> <span class='ocrx_word' id='word_1_415' title='bbox 1444 3429 1567 3468; x_wconf 86' lang='lat' dir='ltr'><strong>vere</strong></span> <span class='ocrx_word' id='word_1_416' title='bbox 1595 3414 1797 3468; x_wconf 91' lang='lat' dir='ltr'><strong>diceret</strong></span> <span class='ocrx_word' id='word_1_417' title='bbox 1829 3424 2153 3481; x_wconf 84' lang='lat' dir='ltr'><strong>creaturam,</strong></span> <span class='ocrx_word' id='word_1_418' title='bbox 2185 3411 2267 3467; x_wconf 86' lang='lat' dir='ltr'><strong>af-</strong></span> 
     </span>
    </p>
   </div>
   <div class='ocr_carea' id='block_1_53' title="bbox 698 3503 2265 3573">
    <p class='ocr_par' dir='ltr' id='par_1_53' title="bbox 698 3503 2265 3573">
     <span class='ocr_line' id='line_1_53' title="bbox 698 3503 2265 3573; baseline 0.001 -14"><span class='ocrx_word' id='word_1_419' title='bbox 698 3503 946 3559; x_wconf 83' lang='lat' dir='ltr'><strong>firmaret</strong></span> <span class='ocrx_word' id='word_1_420' title='bbox 989 3518 1120 3559; x_wconf 83' lang='lat' dir='ltr'><strong>vero</strong></span> <span class='ocrx_word' id='word_1_421' title='bbox 1166 3505 1414 3559; x_wconf 89' lang='lat' dir='ltr'><strong>eumdem</strong></span> <span class='ocrx_word' id='word_1_422' title='bbox 1473 3505 1610 3558; x_wconf 84' lang='lat' dir='ltr'><strong>falso</strong></span> <span class='ocrx_word' id='word_1_423' title='bbox 1667 3504 1889 3559; x_wconf 89' lang='lat' dir='ltr'><strong>nomine</strong></span> <span class='ocrx_word' id='word_1_424' title='bbox 1963 3506 2265 3573; x_wconf 89' lang='lat' dir='ltr'><strong>genituram</strong></span> 
     </span>
    </p>
   </div>
   <div class='ocr_carea' id='block_1_54' title="bbox 701 3594 2265 3666">
    <p class='ocr_par' dir='ltr' id='par_1_54' title="bbox 701 3594 2265 3666">
     <span class='ocr_line' id='line_1_54' title="bbox 701 3594 2265 3666; baseline 0.001 -18"><span class='ocrx_word' id='word_1_425' title='bbox 701 3595 826 3652; x_wconf 76' lang='lat' dir='ltr'><strong>dici.</strong></span> <span class='ocrx_word' id='word_1_426' title='bbox 850 3597 1004 3663; x_wconf 80' lang='lat' dir='ltr'><strong>Quod</strong></span> <span class='ocrx_word' id='word_1_427' title='bbox 1047 3607 1109 3652; x_wconf 93' lang='lat' dir='ltr'><strong>ut</strong></span> <span class='ocrx_word' id='word_1_428' title='bbox 1151 3596 1482 3652; x_wconf 77' lang='lat' dir='ltr'><strong>manifestius</strong></span> <span class='ocrx_word' id='word_1_429' title='bbox 1524 3595 1637 3662; x_wconf 87' lang='lat' dir='ltr'><strong>fiat,</strong></span> <span class='ocrx_word' id='word_1_430' title='bbox 1678 3594 1789 3662; x_wconf 88' lang='lat' dir='ltr'><strong>ipsa</strong></span> <span class='ocrx_word' id='word_1_431' title='bbox 1837 3596 2114 3666; x_wconf 87' lang='lat' dir='ltr'><strong>scriptoris</strong></span> <span class='ocrx_word' id='word_1_432' title='bbox 2140 3611 2265 3652; x_wconf 76' lang='lat' dir='ltr'><strong>ver-</strong></span> 
     </span>
    </p>
   </div>
   <div class='ocr_carea' id='block_1_55' title="bbox 701 3687 2262 3759">
    <p class='ocr_par' dir='ltr' id='par_1_55' title="bbox 701 3687 2262 3759">
     <span class='ocr_line' id='line_1_55' title="bbox 701 3687 2262 3759; baseline 0 -18"><span class='ocrx_word' id='word_1_433' title='bbox 701 3690 796 3754; x_wconf 67' lang='lat' dir='ltr'><strong>lna,</strong></span> <span class='ocrx_word' id='word_1_434' title='bbox 822 3703 941 3759; x_wconf 67' lang='lat' dir='ltr'><strong>qua</strong></span> <span class='ocrx_word' id='word_1_435' title='bbox 961 3689 1072 3759; x_wconf 87' lang='lat' dir='ltr'><strong>jam</strong></span> <span class='ocrx_word' id='word_1_436' title='bbox 1096 3689 1399 3758; x_wconf 87' lang='lat' dir='ltr'><strong>retulimus,</strong></span> <span class='ocrx_word' id='word_1_437' title='bbox 1424 3704 1610 3745; x_wconf 86' lang='lat' dir='ltr'><strong>rursus</strong></span> <span class='ocrx_word' id='word_1_438' title='bbox 1628 3688 1698 3744; x_wconf 88' lang='lat' dir='ltr'><strong>ob</strong></span> <span class='ocrx_word' id='word_1_439' title='bbox 1720 3687 1904 3744; x_wconf 87' lang='lat' dir='ltr'><strong>oculos</strong></span> <span class='ocrx_word' id='word_1_440' title='bbox 1934 3702 2131 3757; x_wconf 87' lang='lat' dir='ltr'><strong>ponere</strong></span> <span class='ocrx_word' id='word_1_441' title='bbox 2158 3703 2262 3744; x_wconf 91' lang='lat' dir='ltr'><strong>non</strong></span> 
     </span>
    </p>
   </div>
   <div class='ocr_carea' id='block_1_56' title="bbox 702 3779 2263 3852">
    <p class='ocr_par' dir='ltr' id='par_1_56' title="bbox 702 3779 2263 3852">
     <span class='ocr_line' id='line_1_56' title="bbox 702 3779 2263 3852; baseline 0.002 -18"><span class='ocrx_word' id='word_1_442' title='bbox 702 3781 922 3850; x_wconf 88' lang='lat' dir='ltr'><strong>pigebit.</strong></span> <span class='ocrx_word' id='word_1_443' title='bbox 959 3779 1082 3833; x_wconf 72' lang='lat' dir='ltr'><strong>liter.</strong></span> <span class='ocrx_word' id='word_1_444' title='bbox 1117 3790 1293 3833; x_wconf 83' lang='lat' dir='ltr'><strong>autem</strong></span> <span class='ocrx_word' id='word_1_445' title='bbox 1339 3793 1463 3835; x_wconf 89' lang='lat' dir='ltr'><strong>sunt</strong></span> <span class='ocrx_word' id='word_1_446' title='bbox 1494 3782 1589 3836; x_wconf 92' lang='lat' dir='ltr'><strong>lib.</strong></span> <span class='ocrx_word' id='word_1_447' title='bbox 1620 3790 1812 3851; x_wconf 89' lang='lat' dir='ltr'><strong>quarto</strong></span> <span class='ocrx_word' id='word_1_448' title='bbox 1836 3795 1956 3852; x_wconf 79' lang='lat' dir='ltr'><strong>pag.</strong></span> <span class='ocrx_word' id='word_1_449' title='bbox 1985 3779 2090 3836; x_wconf 75' lang='lat'><strong>287</strong></span> <span class='ocrx_word' id='word_1_450' title='bbox 2117 3800 2131 3836; x_wconf 93' lang='lat'>:</span> <span class='ocrx_word' id='word_1_451' title='bbox 2160 3782 2263 3837; x_wconf 81' lang='lat' dir='ltr'><strong>Mo-</strong></span> 
     </span>
    </p>
   </div>
   <div class='ocr_carea' id='block_1_57' title="bbox 698 3869 2268 3943">
    <p class='ocr_par' dir='ltr' id='par_1_57' title="bbox 698 3869 2268 3943">
     <span class='ocr_line' id='line_1_57' title="bbox 698 3869 2268 3943; baseline 0.001 -20"><span class='ocrx_word' id='word_1_452' title='bbox 698 3870 975 3933; x_wconf 75' lang='grc' dir='ltr'><strong>νόκτιστος</strong></span> <span class='ocrx_word' id='word_1_453' title='bbox 1006 3869 1333 3943; x_wconf 77' lang='grc' dir='ltr'><strong>κυριώτερον</strong></span> <span class='ocrx_word' id='word_1_454' title='bbox 1364 3870 1429 3924; x_wconf 83' lang='grc' dir='ltr'><strong>ἂν</strong></span> <span class='ocrx_word' id='word_1_455' title='bbox 1451 3870 1681 3938; x_wconf 85' lang='grc' dir='ltr'><strong>λέγοιτο,</strong></span> <span class='ocrx_word' id='word_1_456' title='bbox 1714 3870 1914 3940; x_wconf 81' lang='grc' dir='ltr'><strong>κτίσμα</strong></span> <span class='ocrx_word' id='word_1_457' title='bbox 1939 3871 2036 3940; x_wconf 80' lang='grc' dir='ltr'><strong>μὲν</strong></span> <span class='ocrx_word' id='word_1_458' title='bbox 2056 3871 2268 3943; x_wconf 79' lang='grc' dir='ltr'><strong>ἀληθῶς</strong></span> 
     </span>
    </p>
   </div>
   <div class='ocr_carea' id='block_1_58' title="bbox 702 3960 2271 4034">
    <p class='ocr_par' dir='ltr' id='par_1_58' title="bbox 702 3960 2271 4034">
     <span class='ocr_line' id='line_1_58' title="bbox 702 3960 2271 4034; baseline 0.003 -20"><span class='ocrx_word' id='word_1_459' title='bbox 702 3961 822 4014; x_wconf 70' lang='grc' dir='ltr'><strong>κατ’</strong></span> <span class='ocrx_word' id='word_1_460' title='bbox 844 3962 1100 4031; x_wconf 81' lang='grc' dir='ltr'><strong>Εὐνόμιον</strong></span> <span class='ocrx_word' id='word_1_461' title='bbox 1135 3961 1229 4029; x_wconf 82' lang='grc' dir='ltr'><strong>ὢν,</strong></span> <span class='ocrx_word' id='word_1_462' title='bbox 1259 3960 1502 4031; x_wconf 84' lang='grc' dir='ltr'><strong>γέννημα</strong></span> <span class='ocrx_word' id='word_1_463' title='bbox 1526 3961 1584 4013; x_wconf 82' lang='grc' dir='ltr'><strong>δὲ</strong></span> <span class='ocrx_word' id='word_1_464' title='bbox 1619 3961 1979 4030; x_wconf 74' lang='grc' dir='ltr'><strong>ψευδωνύμως</strong></span> <span class='ocrx_word' id='word_1_465' title='bbox 2009 3963 2271 4034; x_wconf 80' lang='grc' dir='ltr'><strong>καλούμε-</strong></span> 
     </span>
    </p>
   </div>
   <div class='ocr_carea' id='block_1_59' title="bbox 704 4052 2267 4122">
    <p class='ocr_par' dir='ltr' id='par_1_59' title="bbox 704 4052 2267 4122">
     <span class='ocr_line' id='line_1_59' title="bbox 704 4052 2267 4122; baseline -0.001 -14"><span class='ocrx_word' id='word_1_466' title='bbox 704 4069 814 4117; x_wconf 84' lang='grc' dir='ltr'><strong>νος.</strong></span> <span class='ocrx_word' id='word_1_467' title='bbox 877 4071 896 4106; x_wconf 82' lang='grc' dir='ltr'>ι</span> <span class='ocrx_word' id='word_1_468' title='bbox 924 4052 1242 4108; x_wconf 86' lang='lat' dir='ltr'><strong>Unicreatus</strong></span> <span class='ocrx_word' id='word_1_469' title='bbox 1272 4054 1439 4121; x_wconf 85' lang='lat' dir='ltr'><strong>magis</strong></span> <span class='ocrx_word' id='word_1_470' title='bbox 1468 4054 1681 4122; x_wconf 88' lang='lat' dir='ltr'><strong>proprie</strong></span> <span class='ocrx_word' id='word_1_471' title='bbox 1711 4053 1998 4114; x_wconf 86' lang='lat' dir='ltr'><strong>diceretur,</strong></span> <span class='ocrx_word' id='word_1_472' title='bbox 2033 4068 2156 4106; x_wconf 90' lang='lat' dir='ltr'><strong>cum</strong></span> <span class='ocrx_word' id='word_1_473' title='bbox 2186 4068 2267 4107; x_wconf 85' lang='lat' dir='ltr'><strong>se-</strong></span> 
     </span>
    </p>
   </div>
   <div class='ocr_carea' id='block_1_60' title="bbox 708 4142 2265 4208">
    <p class='ocr_par' dir='ltr' id='par_1_60' title="bbox 708 4142 2265 4208">
     <span class='ocr_line' id='line_1_60' title="bbox 708 4142 2265 4208; baseline 0.001 -14"><span class='ocrx_word' id='word_1_474' title='bbox 708 4146 942 4200; x_wconf 66' lang='lat' dir='ltr'><strong>cundum</strong></span> <span class='ocrx_word' id='word_1_475' title='bbox 977 4144 1295 4199; x_wconf 84' lang='lat' dir='ltr'><strong>Ennomium</strong></span> <span class='ocrx_word' id='word_1_476' title='bbox 1319 4159 1447 4201; x_wconf 88' lang='lat' dir='ltr'><strong>vere</strong></span> <span class='ocrx_word' id='word_1_477' title='bbox 1499 4153 1746 4198; x_wconf 86' lang='lat' dir='ltr'><strong>creatura</strong></span> <span class='ocrx_word' id='word_1_478' title='bbox 1793 4145 1884 4208; x_wconf 88' lang='lat' dir='ltr'><strong>sit,</strong></span> <span class='ocrx_word' id='word_1_479' title='bbox 1924 4142 2063 4198; x_wconf 87' lang='lat' dir='ltr'><strong>falso</strong></span> <span class='ocrx_word' id='word_1_480' title='bbox 2087 4152 2265 4197; x_wconf 89' lang='lat' dir='ltr'><strong>autem</strong></span> 
     </span>
    </p>
   </div>
   <div class='ocr_carea' id='block_1_61' title="bbox 666 4231 2269 4306">
    <p class='ocr_par' dir='ltr' id='par_1_61' title="bbox 666 4231 2269 4306">
     <span class='ocr_line' id='line_1_61' title="bbox 666 4231 2269 4306; baseline -0.002 -16"><span class='ocrx_word' id='word_1_481' title='bbox 666 4240 669 4241; x_wconf 67' lang='lat'><strong><em>&#39;</em></strong></span> <span class='ocrx_word' id='word_1_482' title='bbox 705 4236 924 4291; x_wconf 90' lang='lat' dir='ltr'><strong>nomine</strong></span> <span class='ocrx_word' id='word_1_483' title='bbox 966 4234 1209 4305; x_wconf 88' lang='lat' dir='ltr'><strong>genitura</strong></span> <span class='ocrx_word' id='word_1_484' title='bbox 1265 4247 1505 4289; x_wconf 76' lang='lat' dir='ltr'><strong>vocetur.</strong></span> <span class='ocrx_word' id='word_1_485' title='bbox 1536 4253 1554 4286; x_wconf 77' lang='grc' dir='ltr'><strong>ι</strong></span> <span class='ocrx_word' id='word_1_486' title='bbox 1602 4231 1847 4306; x_wconf 88' lang='lat' dir='ltr'><strong>Scriptor</strong></span> <span class='ocrx_word' id='word_1_487' title='bbox 1888 4234 2071 4304; x_wconf 86' lang='lat' dir='ltr'><strong>igitur,</strong></span> <span class='ocrx_word' id='word_1_488' title='bbox 2122 4232 2269 4303; x_wconf 81' lang='lat' dir='ltr'><strong>quis-</strong></span> 
     </span>
    </p>
   </div>
   <div class='ocr_carea' id='block_1_62' title="bbox 706 4323 2269 4394">
    <p class='ocr_par' dir='ltr' id='par_1_62' title="bbox 706 4323 2269 4394">
     <span class='ocr_line' id='line_1_62' title="bbox 706 4323 2269 4394; baseline -0.001 -14"><span class='ocrx_word' id='word_1_489' title='bbox 706 4325 832 4394; x_wconf 89' lang='lat' dir='ltr'><strong>quis</strong></span> <span class='ocrx_word' id='word_1_490' title='bbox 859 4336 964 4391; x_wconf 90' lang='lat' dir='ltr'><strong>est,</strong></span> <span class='ocrx_word' id='word_1_491' title='bbox 1008 4326 1317 4381; x_wconf 80' lang='lat' dir='ltr'><strong>confutabat</strong></span> <span class='ocrx_word' id='word_1_492' title='bbox 1350 4340 1472 4380; x_wconf 89' lang='lat' dir='ltr'><strong>eum</strong></span> <span class='ocrx_word' id='word_1_493' title='bbox 1520 4324 1766 4380; x_wconf 84' lang='lat' dir='ltr'><strong>Ennomii</strong></span> <span class='ocrx_word' id='word_1_494' title='bbox 1796 4324 2053 4388; x_wconf 90' lang='lat' dir='ltr'><strong>libellum,</strong></span> <span class='ocrx_word' id='word_1_495' title='bbox 2082 4323 2135 4379; x_wconf 91' lang='lat' dir='ltr'><strong>in</strong></span> <span class='ocrx_word' id='word_1_496' title='bbox 2161 4337 2269 4394; x_wconf 88' lang='lat' dir='ltr'><strong>quo</strong></span> 
     </span>
    </p>
   </div>
   <div class='ocr_carea' id='block_1_63' title="bbox 707 4411 2273 4484">
    <p class='ocr_par' dir='ltr' id='par_1_63' title="bbox 707 4411 2273 4484">
     <span class='ocr_line' id='line_1_63' title="bbox 707 4411 2273 4484; baseline -0.003 -13"><span class='ocrx_word' id='word_1_497' title='bbox 707 4415 996 4472; x_wconf 63' lang='lat' dir='ltr'><strong>haereticus</strong></span> <span class='ocrx_word' id='word_1_498' title='bbox 1027 4417 1115 4472; x_wconf 91' lang='lat' dir='ltr'><strong>ille</strong></span> <span class='ocrx_word' id='word_1_499' title='bbox 1148 4417 1377 4470; x_wconf 81' lang='lat' dir='ltr'><strong>docebat</strong></span> <span class='ocrx_word' id='word_1_500' title='bbox 1402 4414 1596 4469; x_wconf 84' lang='lat' dir='ltr'><strong>Filium</strong></span> <span class='ocrx_word' id='word_1_501' title='bbox 1640 4414 1779 4470; x_wconf 86' lang='lat' dir='ltr'><strong>falso</strong></span> <span class='ocrx_word' id='word_1_502' title='bbox 1814 4415 2031 4469; x_wconf 89' lang='lat' dir='ltr'><strong>nomine</strong></span> <span class='ocrx_word' id='word_1_503' title='bbox 2058 4411 2273 4484; x_wconf 79' lang='lat' dir='ltr'><strong>genitu-</strong></span> 
     </span>
    </p>
   </div>
   <div class='ocr_carea' id='block_1_64' title="bbox 2366 2382 3939 2464">
    <p class='ocr_par' dir='ltr' id='par_1_64' title="bbox 2366 2382 3939 2464">
     <span class='ocr_line' id='line_1_64' title="bbox 2366 2382 3939 2464; baseline -0.01 -15"><span class='ocrx_word' id='word_1_504' title='bbox 2366 2395 2469 2449; x_wconf 87' lang='lat' dir='ltr'><strong>ista</strong></span> <span class='ocrx_word' id='word_1_505' title='bbox 2501 2391 2811 2464; x_wconf 88' lang='lat' dir='ltr'><strong>appellatio.</strong></span> <span class='ocrx_word' id='word_1_506' title='bbox 2840 2412 2858 2445; x_wconf 75' lang='grc' dir='ltr'>ι</span> <span class='ocrx_word' id='word_1_507' title='bbox 2910 2390 3073 2447; x_wconf 89' lang='lat' dir='ltr'><strong>Certe</strong></span> <span class='ocrx_word' id='word_1_508' title='bbox 3106 2388 3364 2460; x_wconf 66' lang='lat' dir='ltr'><strong>geniturae</strong></span> <span class='ocrx_word' id='word_1_509' title='bbox 3408 2382 3821 2454; x_wconf 88' lang='lat' dir='ltr'><strong>appellationem</strong></span> <span class='ocrx_word' id='word_1_510' title='bbox 3850 2394 3939 2434; x_wconf 85' lang='lat' dir='ltr'><strong>es-</strong></span> 
     </span>
    </p>
   </div>
   <div class='ocr_carea' id='block_1_65' title="bbox 2365 2472 3939 2555">
    <p class='ocr_par' dir='ltr' id='par_1_65' title="bbox 2365 2472 3939 2555">
     <span class='ocr_line' id='line_1_65' title="bbox 2365 2472 3939 2555; baseline -0.011 -14"><span class='ocrx_word' id='word_1_511' title='bbox 2365 2485 2554 2542; x_wconf 62' lang='lat' dir='ltr'><strong>sentia</strong></span> <span class='ocrx_word' id='word_1_512' title='bbox 2576 2482 2699 2541; x_wconf 82' lang='lat' dir='ltr'><strong>Filii</strong></span> <span class='ocrx_word' id='word_1_513' title='bbox 2734 2498 2864 2540; x_wconf 84' lang='lat' dir='ltr'><strong>vere</strong></span> <span class='ocrx_word' id='word_1_514' title='bbox 2897 2495 3195 2555; x_wconf 85' lang='lat' dir='ltr'><strong>congruere</strong></span> <span class='ocrx_word' id='word_1_515' title='bbox 3235 2479 3325 2549; x_wconf 89' lang='lat' dir='ltr'><strong>qui</strong></span> <span class='ocrx_word' id='word_1_516' title='bbox 3357 2478 3505 2543; x_wconf 91' lang='lat' dir='ltr'><strong>dicit,</strong></span> <span class='ocrx_word' id='word_1_517' title='bbox 3527 2475 3573 2531; x_wconf 89' lang='lat' dir='ltr'><strong>is</strong></span> <span class='ocrx_word' id='word_1_518' title='bbox 3592 2472 3789 2530; x_wconf 84' lang='lat' dir='ltr'><strong>Filium</strong></span> <span class='ocrx_word' id='word_1_519' title='bbox 3815 2484 3939 2540; x_wconf 90' lang='lat' dir='ltr'><strong>pro-</strong></span> 
     </span>
    </p>
   </div>
   <div class='ocr_carea' id='block_1_66' title="bbox 2366 2563 3938 2647">
    <p class='ocr_par' dir='ltr' id='par_1_66' title="bbox 2366 2563 3938 2647">
     <span class='ocr_line' id='line_1_66' title="bbox 2366 2563 3938 2647; baseline -0.014 -14"><span class='ocrx_word' id='word_1_520' title='bbox 2366 2578 2509 2647; x_wconf 91' lang='lat' dir='ltr'><strong>prio,</strong></span> <span class='ocrx_word' id='word_1_521' title='bbox 2537 2591 2642 2633; x_wconf 89' lang='lat' dir='ltr'><strong>non</strong></span> <span class='ocrx_word' id='word_1_522' title='bbox 2674 2574 2821 2633; x_wconf 87' lang='lat' dir='ltr'><strong>falso</strong></span> <span class='ocrx_word' id='word_1_523' title='bbox 2866 2572 3084 2630; x_wconf 88' lang='lat' dir='ltr'><strong>nomine</strong></span> <span class='ocrx_word' id='word_1_524' title='bbox 3115 2570 3414 2643; x_wconf 85' lang='lat' dir='ltr'><strong>genituram</strong></span> <span class='ocrx_word' id='word_1_525' title='bbox 3441 2576 3616 2621; x_wconf 87' lang='lat' dir='ltr'><strong>vocat.</strong></span> <span class='ocrx_word' id='word_1_526' title='bbox 3652 2563 3938 2631; x_wconf 86' lang='lat' dir='ltr'><strong>Leguntur</strong></span> 
     </span>
    </p>
   </div>
   <div class='ocr_carea' id='block_1_67' title="bbox 2367 2653 3939 2733">
    <p class='ocr_par' dir='ltr' id='par_1_67' title="bbox 2367 2653 3939 2733">
     <span class='ocr_line' id='line_1_67' title="bbox 2367 2653 3939 2733; baseline -0.013 -8"><span class='ocrx_word' id='word_1_527' title='bbox 2367 2686 2515 2727; x_wconf 87' lang='lat' dir='ltr'><strong>num.</strong></span> <span class='ocrx_word' id='word_1_528' title='bbox 2544 2668 2609 2725; x_wconf 82' lang='lat' dir='ltr'><strong>l7</strong></span> <span class='ocrx_word' id='word_1_529' title='bbox 2656 2669 2771 2725; x_wconf 68' lang='lat' dir='ltr'><strong>haec</strong></span> <span class='ocrx_word' id='word_1_530' title='bbox 2810 2668 2971 2723; x_wconf 81' lang='lat' dir='ltr'><strong>verba</strong></span> <span class='ocrx_word' id='word_1_531' title='bbox 3018 2684 3030 2719; x_wconf 90' lang='lat'>:</span> <span class='ocrx_word' id='word_1_532' title='bbox 3074 2664 3133 2718; x_wconf 84' lang='grc' dir='ltr'>Ὀ</span> <span class='ocrx_word' id='word_1_533' title='bbox 3169 2662 3267 2733; x_wconf 74' lang='grc' dir='ltr'><strong>μὲν</strong></span> <span class='ocrx_word' id='word_1_534' title='bbox 3319 2660 3427 2731; x_wconf 81' lang='grc' dir='ltr'><strong>γάρ</strong></span> <span class='ocrx_word' id='word_1_535' title='bbox 3457 2658 3602 2711; x_wconf 72' lang='grc' dir='ltr'><strong>ἐστιν</strong></span> <span class='ocrx_word' id='word_1_536' title='bbox 3637 2653 3939 2725; x_wconf 72' lang='grc' dir='ltr'><strong>ἀγεννήτου</strong></span> 
     </span>
    </p>
   </div>
   <div class='ocr_carea' id='block_1_68' title="bbox 2368 2744 3939 2831">
    <p class='ocr_par' dir='ltr' id='par_1_68' title="bbox 2368 2744 3939 2831">
     <span class='ocr_line' id='line_1_68' title="bbox 2368 2744 3939 2831; baseline -0.011 -15"><span class='ocrx_word' id='word_1_537' title='bbox 2368 2763 2460 2815; x_wconf 73' lang='grc' dir='ltr'><strong>καὶ</strong></span> <span class='ocrx_word' id='word_1_538' title='bbox 2492 2761 2752 2831; x_wconf 79' lang='grc' dir='ltr'><strong>ἅποιήτου</strong></span> <span class='ocrx_word' id='word_1_539' title='bbox 2790 2758 3033 2829; x_wconf 76' lang='grc' dir='ltr'><strong>γέννημα</strong></span> <span class='ocrx_word' id='word_1_540' title='bbox 3074 2755 3169 2807; x_wconf 75' lang='grc' dir='ltr'><strong>καὶ</strong></span> <span class='ocrx_word' id='word_1_541' title='bbox 3205 2753 3428 2820; x_wconf 84' lang='grc' dir='ltr'><strong>ποίημα.</strong></span> <span class='ocrx_word' id='word_1_542' title='bbox 3467 2765 3487 2799; x_wconf 79' lang='grc' dir='ltr'><strong>ι</strong></span> <span class='ocrx_word' id='word_1_543' title='bbox 3517 2746 3612 2802; x_wconf 79' lang='lat' dir='ltr'><strong>Est</strong></span> <span class='ocrx_word' id='word_1_544' title='bbox 3638 2746 3781 2801; x_wconf 90' lang='lat' dir='ltr'><strong>enim</strong></span> <span class='ocrx_word' id='word_1_545' title='bbox 3822 2744 3939 2818; x_wconf 75' lang='lat' dir='ltr'><strong>[Fi-</strong></span> 
     </span>
    </p>
   </div>
   <div class='ocr_carea' id='block_1_69' title="bbox 2367 2840 3940 2922">
    <p class='ocr_par' dir='ltr' id='par_1_69' title="bbox 2367 2840 3940 2922">
     <span class='ocr_line' id='line_1_69' title="bbox 2367 2840 3940 2922; baseline -0.01 -18"><span class='ocrx_word' id='word_1_546' title='bbox 2367 2849 2495 2922; x_wconf 77' lang='lat' dir='ltr'><strong>lius]</strong></span> <span class='ocrx_word' id='word_1_547' title='bbox 2527 2850 2750 2920; x_wconf 91' lang='lat' dir='ltr'><strong>ingeniti</strong></span> <span class='ocrx_word' id='word_1_548' title='bbox 2785 2856 2840 2902; x_wconf 91' lang='lat' dir='ltr'><strong>et</strong></span> <span class='ocrx_word' id='word_1_549' title='bbox 2880 2845 3063 2900; x_wconf 88' lang='lat' dir='ltr'><strong>infacti</strong></span> <span class='ocrx_word' id='word_1_550' title='bbox 3099 2844 3343 2912; x_wconf 86' lang='lat' dir='ltr'><strong>genitura</strong></span> <span class='ocrx_word' id='word_1_551' title='bbox 3372 2849 3427 2896; x_wconf 86' lang='lat' dir='ltr'><strong>et</strong></span> <span class='ocrx_word' id='word_1_552' title='bbox 3472 2840 3711 2894; x_wconf 90' lang='lat' dir='ltr'><strong>factura:</strong></span> <span class='ocrx_word' id='word_1_553' title='bbox 3764 2855 3783 2889; x_wconf 74' lang='grc' dir='ltr'>ι</span> <span class='ocrx_word' id='word_1_554' title='bbox 3820 2851 3940 2906; x_wconf 69' lang='lat' dir='ltr'><strong>quae</strong></span> 
     </span>
    </p>
   </div>
   <div class='ocr_carea' id='block_1_70' title="bbox 2367 2927 3938 3004">
    <p class='ocr_par' dir='ltr' id='par_1_70' title="bbox 2367 2927 3938 3004">
     <span class='ocr_line' id='line_1_70' title="bbox 2367 2927 3938 3004; baseline -0.011 -7"><span class='ocrx_word' id='word_1_555' title='bbox 2367 2941 2613 2997; x_wconf 83' lang='lat' dir='ltr'><strong>Eunomil</strong></span> <span class='ocrx_word' id='word_1_556' title='bbox 2643 2938 2806 2994; x_wconf 88' lang='lat' dir='ltr'><strong>verba</strong></span> <span class='ocrx_word' id='word_1_557' title='bbox 2862 2946 2919 2990; x_wconf 95' lang='lat' dir='ltr'><strong>ut</strong></span> <span class='ocrx_word' id='word_1_558' title='bbox 2953 2932 3337 3004; x_wconf 82' lang='lat' dir='ltr'><strong>intelligantur,</strong></span> <span class='ocrx_word' id='word_1_559' title='bbox 3390 2947 3493 2986; x_wconf 90' lang='lat' dir='ltr'><strong>non</strong></span> <span class='ocrx_word' id='word_1_560' title='bbox 3542 2944 3678 3001; x_wconf 89' lang='lat' dir='ltr'><strong>opus</strong></span> <span class='ocrx_word' id='word_1_561' title='bbox 3714 2938 3802 2983; x_wconf 90' lang='lat' dir='ltr'><strong>est</strong></span> <span class='ocrx_word' id='word_1_562' title='bbox 3832 2927 3938 2979; x_wconf 89' lang='lat' dir='ltr'><strong>ulla</strong></span> 
     </span>
    </p>
   </div>
   <div class='ocr_carea' id='block_1_71' title="bbox 2369 3020 3939 3101">
    <p class='ocr_par' dir='ltr' id='par_1_71' title="bbox 2369 3020 3939 3101">
     <span class='ocr_line' id='line_1_71' title="bbox 2369 3020 3939 3101; baseline -0.011 -14"><span class='ocrx_word' id='word_1_563' title='bbox 2369 3031 2837 3101; x_wconf 81' lang='lat' dir='ltr'><strong>interpretatione.</strong></span> <span class='ocrx_word' id='word_1_564' title='bbox 2865 3026 2997 3083; x_wconf 91' lang='lat' dir='ltr'><strong>Cum</strong></span> <span class='ocrx_word' id='word_1_565' title='bbox 3022 3025 3165 3081; x_wconf 85' lang='lat' dir='ltr'><strong>enim</strong></span> <span class='ocrx_word' id='word_1_566' title='bbox 3193 3026 3352 3080; x_wconf 90' lang='lat' dir='ltr'><strong>homo</strong></span> <span class='ocrx_word' id='word_1_567' title='bbox 3377 3024 3570 3091; x_wconf 87' lang='lat' dir='ltr'><strong>impius</strong></span> <span class='ocrx_word' id='word_1_568' title='bbox 3591 3020 3785 3075; x_wconf 81' lang='lat' dir='ltr'><strong>Filium</strong></span> <span class='ocrx_word' id='word_1_569' title='bbox 3812 3030 3939 3070; x_wconf 84' lang='lat' dir='ltr'><strong>vere</strong></span> 
     </span>
    </p>
   </div>
   <div class='ocr_carea' id='block_1_72' title="bbox 2370 3108 3942 3185">
    <p class='ocr_par' dir='ltr' id='par_1_72' title="bbox 2370 3108 3942 3185">
     <span class='ocr_line' id='line_1_72' title="bbox 2370 3108 3942 3185; baseline -0.01 -8"><span class='ocrx_word' id='word_1_570' title='bbox 2370 3122 2632 3179; x_wconf 78' lang='lat' dir='ltr'><strong>facturam</strong></span> <span class='ocrx_word' id='word_1_571' title='bbox 2662 3119 2886 3185; x_wconf 88' lang='lat' dir='ltr'><strong>diceret,</strong></span> <span class='ocrx_word' id='word_1_572' title='bbox 2923 3133 3080 3173; x_wconf 88' lang='lat' dir='ltr'><strong>nemo</strong></span> <span class='ocrx_word' id='word_1_573' title='bbox 3116 3131 3220 3172; x_wconf 89' lang='lat' dir='ltr'><strong>non</strong></span> <span class='ocrx_word' id='word_1_574' title='bbox 3272 3116 3417 3170; x_wconf 86' lang='lat' dir='ltr'><strong>videt</strong></span> <span class='ocrx_word' id='word_1_575' title='bbox 3459 3113 3703 3167; x_wconf 89' lang='lat' dir='ltr'><strong>eumdem</strong></span> <span class='ocrx_word' id='word_1_576' title='bbox 3733 3108 3942 3178; x_wconf 87' lang='lat' dir='ltr'><strong>pariter</strong></span> 
     </span>
    </p>
   </div>
   <div class='ocr_carea' id='block_1_73' title="bbox 2371 3202 3939 3282">
    <p class='ocr_par' dir='ltr' id='par_1_73' title="bbox 2371 3202 3939 3282">
     <span class='ocr_line' id='line_1_73' title="bbox 2371 3202 3939 3282; baseline -0.01 -13"><span class='ocrx_word' id='word_1_577' title='bbox 2371 3215 2440 3268; x_wconf 88' lang='lat' dir='ltr'><strong>ab</strong></span> <span class='ocrx_word' id='word_1_578' title='bbox 2481 3229 2546 3269; x_wconf 91' lang='lat' dir='ltr'><strong>eo</strong></span> <span class='ocrx_word' id='word_1_579' title='bbox 2573 3227 2700 3269; x_wconf 85' lang='lat' dir='ltr'><strong>vere</strong></span> <span class='ocrx_word' id='word_1_580' title='bbox 2734 3212 3035 3282; x_wconf 83' lang='lat' dir='ltr'><strong>genituram</strong></span> <span class='ocrx_word' id='word_1_581' title='bbox 3065 3219 3314 3263; x_wconf 79' lang='lat' dir='ltr'><strong>vocatum</strong></span> <span class='ocrx_word' id='word_1_582' title='bbox 3347 3205 3535 3268; x_wconf 85' lang='lat' dir='ltr'><strong>fuisse,</strong></span> <span class='ocrx_word' id='word_1_583' title='bbox 3599 3217 3724 3257; x_wconf 89' lang='lat' dir='ltr'><strong>cum</strong></span> <span class='ocrx_word' id='word_1_584' title='bbox 3760 3202 3939 3271; x_wconf 85' lang='lat' dir='ltr'><strong>ipsum</strong></span> 
     </span>
    </p>
   </div>
   <div class='ocr_carea' id='block_1_74' title="bbox 2365 3293 3931 3371">
    <p class='ocr_par' dir='ltr' id='par_1_74' title="bbox 2365 3293 3931 3371">
     <span class='ocr_line' id='line_1_74' title="bbox 2365 3293 3931 3371; baseline -0.008 -12"><span class='ocrx_word' id='word_1_585' title='bbox 2365 3309 2551 3361; x_wconf 89' lang='lat' dir='ltr'><strong>eodem</strong></span> <span class='ocrx_word' id='word_1_586' title='bbox 2598 3304 2757 3359; x_wconf 86' lang='lat' dir='ltr'><strong>modo</strong></span> <span class='ocrx_word' id='word_1_587' title='bbox 2808 3311 2863 3359; x_wconf 91' lang='lat' dir='ltr'><strong>et</strong></span> <span class='ocrx_word' id='word_1_588' title='bbox 2900 3299 3199 3371; x_wconf 84' lang='lat' dir='ltr'><strong>genituram</strong></span> <span class='ocrx_word' id='word_1_589' title='bbox 3259 3307 3313 3351; x_wconf 93' lang='lat' dir='ltr'><strong>et</strong></span> <span class='ocrx_word' id='word_1_590' title='bbox 3371 3295 3631 3350; x_wconf 86' lang='lat' dir='ltr'><strong>facturam</strong></span> <span class='ocrx_word' id='word_1_591' title='bbox 3668 3293 3931 3363; x_wconf 82' lang='lat' dir='ltr'><strong>appellet.</strong></span> 
     </span>
    </p>
   </div>
   <div class='ocr_carea' id='block_1_75' title="bbox 2367 3386 3941 3463">
    <p class='ocr_par' dir='ltr' id='par_1_75' title="bbox 2367 3386 3941 3463">
     <span class='ocr_line' id='line_1_75' title="bbox 2367 3386 3941 3463; baseline -0.009 -12"><span class='ocrx_word' id='word_1_592' title='bbox 2367 3396 2560 3451; x_wconf 89' lang='lat' dir='ltr'><strong>Statim</strong></span> <span class='ocrx_word' id='word_1_593' title='bbox 2606 3397 2684 3449; x_wconf 86' lang='lat' dir='ltr'><strong>sic</strong></span> <span class='ocrx_word' id='word_1_594' title='bbox 2729 3392 3066 3463; x_wconf 82' lang='lat' dir='ltr'><strong>persequitur</strong></span> <span class='ocrx_word' id='word_1_595' title='bbox 3103 3406 3115 3443; x_wconf 90' lang='lat'><strong>:</strong></span> <span class='ocrx_word' id='word_1_596' title='bbox 3164 3386 3319 3442; x_wconf 78' lang='grc' dir='ltr'><strong>Οὕτω</strong></span> <span class='ocrx_word' id='word_1_597' title='bbox 3371 3388 3481 3459; x_wconf 85' lang='grc' dir='ltr'><strong>γὰρ</strong></span> <span class='ocrx_word' id='word_1_598' title='bbox 3526 3386 3592 3441; x_wconf 87' lang='grc' dir='ltr'><strong>ἂν</strong></span> <span class='ocrx_word' id='word_1_599' title='bbox 3627 3389 3753 3449; x_wconf 84' lang='grc' dir='ltr'>ταῖς</span> <span class='ocrx_word' id='word_1_600' title='bbox 3791 3386 3832 3438; x_wconf 92' lang='grc' dir='ltr'><strong><em>Γ</em></strong></span> <span class='ocrx_word' id='word_1_601' title='bbox 3837 3402 3941 3457; x_wconf 84' lang='grc' dir='ltr'><strong>ρα-</strong></span> 
     </span>
    </p>
   </div>
   <div class='ocr_carea' id='block_1_76' title="bbox 2365 3477 3944 3557">
    <p class='ocr_par' dir='ltr' id='par_1_76' title="bbox 2365 3477 3944 3557">
     <span class='ocr_line' id='line_1_76' title="bbox 2365 3477 3944 3557; baseline -0.009 -15"><span class='ocrx_word' id='word_1_602' title='bbox 2365 3489 2491 3557; x_wconf 78' lang='grc' dir='ltr'><strong>φαῖς</strong></span> <span class='ocrx_word' id='word_1_603' title='bbox 2519 3486 2580 3541; x_wconf 81' lang='grc' dir='ltr'><strong>τὸ</strong></span> <span class='ocrx_word' id='word_1_604' title='bbox 2623 3486 2872 3555; x_wconf 69' lang='grc' dir='ltr'><strong>ἀψευδεῖν</strong></span> <span class='ocrx_word' id='word_1_605' title='bbox 2923 3480 3262 3553; x_wconf 80' lang='grc' dir='ltr'><strong>φυλάττοιτο,</strong></span> <span class='ocrx_word' id='word_1_606' title='bbox 3309 3481 3517 3552; x_wconf 79' lang='grc' dir='ltr'><strong>ποίημα</strong></span> <span class='ocrx_word' id='word_1_607' title='bbox 3559 3480 3651 3532; x_wconf 70' lang='grc' dir='ltr'><strong>καὶ</strong></span> <span class='ocrx_word' id='word_1_608' title='bbox 3690 3477 3944 3548; x_wconf 70' lang='grc' dir='ltr'><strong>γέννημα</strong></span> 
     </span>
    </p>
   </div>
   <div class='ocr_carea' id='block_1_77' title="bbox 2365 3570 3942 3650">
    <p class='ocr_par' dir='ltr' id='par_1_77' title="bbox 2365 3570 3942 3650">
     <span class='ocr_line' id='line_1_77' title="bbox 2365 3570 3942 3650; baseline -0.008 -15"><span class='ocrx_word' id='word_1_609' title='bbox 2365 3579 2646 3650; x_wconf 85' lang='grc' dir='ltr'><strong>λεγούσαις</strong></span> <span class='ocrx_word' id='word_1_610' title='bbox 2670 3578 2761 3631; x_wconf 81' lang='grc' dir='ltr'><strong>τὸν</strong></span> <span class='ocrx_word' id='word_1_611' title='bbox 2790 3578 2937 3632; x_wconf 84' lang='grc' dir='ltr'><strong>Υίόν.</strong></span> <span class='ocrx_word' id='word_1_612' title='bbox 2976 3596 2995 3627; x_wconf 80' lang='grc' dir='ltr'><strong>ι</strong></span> <span class='ocrx_word' id='word_1_613' title='bbox 3017 3574 3107 3631; x_wconf 81' lang='lat' dir='ltr'><strong>Sic</strong></span> <span class='ocrx_word' id='word_1_614' title='bbox 3131 3575 3273 3629; x_wconf 89' lang='lat' dir='ltr'><strong>enim</strong></span> <span class='ocrx_word' id='word_1_615' title='bbox 3314 3588 3406 3627; x_wconf 89' lang='lat' dir='ltr'><strong>sua</strong></span> <span class='ocrx_word' id='word_1_616' title='bbox 3446 3571 3714 3626; x_wconf 80' lang='lat' dir='ltr'><strong>constabit</strong></span> <span class='ocrx_word' id='word_1_617' title='bbox 3732 3570 3942 3623; x_wconf 83' lang='lat' dir='ltr'><strong>veritas</strong></span> 
     </span>
    </p>
   </div>
   <div class='ocr_carea' id='block_1_78' title="bbox 2364 3661 3940 3744">
    <p class='ocr_par' dir='ltr' id='par_1_78' title="bbox 2364 3661 3940 3744">
     <span class='ocr_line' id='line_1_78' title="bbox 2364 3661 3940 3744; baseline -0.01 -15"><span class='ocrx_word' id='word_1_618' title='bbox 2364 3673 2679 3744; x_wconf 86' lang='lat' dir='ltr'><strong>Scripturis,</strong></span> <span class='ocrx_word' id='word_1_619' title='bbox 2723 3686 2841 3741; x_wconf 66' lang='lat' dir='ltr'><strong>quae</strong></span> <span class='ocrx_word' id='word_1_620' title='bbox 2873 3669 3063 3725; x_wconf 82' lang='lat' dir='ltr'><strong>Filium</strong></span> <span class='ocrx_word' id='word_1_621' title='bbox 3108 3665 3374 3723; x_wconf 85' lang='lat' dir='ltr'><strong>facturam</strong></span> <span class='ocrx_word' id='word_1_622' title='bbox 3410 3663 3592 3719; x_wconf 85' lang='lat' dir='ltr'><strong>dicunt</strong></span> <span class='ocrx_word' id='word_1_623' title='bbox 3634 3661 3940 3742; x_wconf 29' lang='lat' dir='ltr'><strong>eligenitu.</strong></span> 
     </span>
    </p>
   </div>
   <div class='ocr_carea' id='block_1_79' title="bbox 2363 3754 3942 3823">
    <p class='ocr_par' dir='ltr' id='par_1_79' title="bbox 2363 3754 3942 3823">
     <span class='ocr_line' id='line_1_79' title="bbox 2363 3754 3942 3823; baseline -0.009 -1"><span class='ocrx_word' id='word_1_624' title='bbox 2363 3782 2503 3823; x_wconf 89' lang='lat' dir='ltr'><strong>ram.</strong></span> <span class='ocrx_word' id='word_1_625' title='bbox 2530 3787 2547 3819; x_wconf 85' lang='grc' dir='ltr'>ι</span> <span class='ocrx_word' id='word_1_626' title='bbox 2605 3764 2793 3819; x_wconf 73' lang='lat' dir='ltr'><strong>Videre</strong></span> <span class='ocrx_word' id='word_1_627' title='bbox 2821 3764 2942 3817; x_wconf 88' lang='lat' dir='ltr'><strong>licet</strong></span> <span class='ocrx_word' id='word_1_628' title='bbox 2978 3760 3068 3815; x_wconf 88' lang='lat' dir='ltr'><strong>illa</strong></span> <span class='ocrx_word' id='word_1_629' title='bbox 3110 3775 3259 3814; x_wconf 89' lang='lat' dir='ltr'><strong>num.</strong></span> <span class='ocrx_word' id='word_1_630' title='bbox 3291 3757 3357 3815; x_wconf 78' lang='grc'>19</span> <span class='ocrx_word' id='word_1_631' title='bbox 3390 3774 3405 3812; x_wconf 92' lang='lat'><strong>:</strong></span> <span class='ocrx_word' id='word_1_632' title='bbox 3436 3755 3593 3811; x_wconf 73' lang='grc' dir='ltr'><strong>Κατὰ</strong></span> <span class='ocrx_word' id='word_1_633' title='bbox 3632 3755 3688 3809; x_wconf 76' lang='grc' dir='ltr'><strong>δὲ</strong></span> <span class='ocrx_word' id='word_1_634' title='bbox 3727 3754 3821 3808; x_wconf 83' lang='grc' dir='ltr'><strong>τὸν</strong></span> <span class='ocrx_word' id='word_1_635' title='bbox 3849 3754 3942 3807; x_wconf 81' lang='grc' dir='ltr'><strong>αὑ·</strong></span> 
     </span>
    </p>
   </div>
   <div class='ocr_carea' id='block_1_80' title="bbox 2363 3844 3896 3924">
    <p class='ocr_par' dir='ltr' id='par_1_80' title="bbox 2363 3844 3896 3924">
     <span class='ocr_line' id='line_1_80' title="bbox 2363 3844 3896 3924; baseline -0.01 -14"><span class='ocrx_word' id='word_1_636' title='bbox 2363 3856 2453 3910; x_wconf 86' lang='grc' dir='ltr'><strong>τὸν</strong></span> <span class='ocrx_word' id='word_1_637' title='bbox 2497 3855 2652 3924; x_wconf 85' lang='grc' dir='ltr'><strong>λόγον</strong></span> <span class='ocrx_word' id='word_1_638' title='bbox 2690 3851 2826 3907; x_wconf 76' lang='grc' dir='ltr'><strong>κάπὶ</strong></span> <span class='ocrx_word' id='word_1_639' title='bbox 2866 3850 2957 3905; x_wconf 77' lang='grc' dir='ltr'><strong>τοῦ</strong></span> <span class='ocrx_word' id='word_1_640' title='bbox 2995 3845 3351 3919; x_wconf 82' lang='grc' dir='ltr'><strong>Μονογενοῦς,</strong></span> <span class='ocrx_word' id='word_1_641' title='bbox 3392 3846 3552 3900; x_wconf 82' lang='grc' dir='ltr'><strong>αὐτὸν</strong></span> <span class='ocrx_word' id='word_1_642' title='bbox 3598 3844 3676 3916; x_wconf 80' lang='grc' dir='ltr'><strong>τῷ</strong></span> <span class='ocrx_word' id='word_1_643' title='bbox 3727 3845 3896 3914; x_wconf 75' lang='grc' dir='ltr'><strong>γεννή</strong></span> 
     </span>
    </p>
   </div>
   <div class='ocr_carea' id='block_1_81' title="bbox 2370 3932 3941 4018">
    <p class='ocr_par' dir='ltr' id='par_1_81' title="bbox 2370 3932 3941 4018">
     <span class='ocr_line' id='line_1_81' title="bbox 2370 3932 3941 4018; baseline -0.008 -18"><span class='ocrx_word' id='word_1_644' title='bbox 2370 3962 2520 4018; x_wconf 91' lang='grc' dir='ltr'><strong>ματι.</strong></span> <span class='ocrx_word' id='word_1_645' title='bbox 2556 3965 2573 3997; x_wconf 85' lang='grc' dir='ltr'>ι</span> <span class='ocrx_word' id='word_1_646' title='bbox 2598 3944 2794 4000; x_wconf 82' lang='lat' dir='ltr'><strong>Eadem</strong></span> <span class='ocrx_word' id='word_1_647' title='bbox 2816 3955 3027 4014; x_wconf 88' lang='lat' dir='ltr'><strong>quoque</strong></span> <span class='ocrx_word' id='word_1_648' title='bbox 3069 3941 3275 3994; x_wconf 85' lang='lat' dir='ltr'><strong>ratione</strong></span> <span class='ocrx_word' id='word_1_649' title='bbox 3302 3939 3584 3993; x_wconf 89' lang='lat' dir='ltr'><strong>dicendum</strong></span> <span class='ocrx_word' id='word_1_650' title='bbox 3614 3944 3695 3988; x_wconf 87' lang='lat' dir='ltr'><strong>est</strong></span> <span class='ocrx_word' id='word_1_651' title='bbox 3720 3934 3783 3989; x_wconf 89' lang='lat' dir='ltr'><strong>de</strong></span> <span class='ocrx_word' id='word_1_652' title='bbox 3811 3932 3941 3989; x_wconf 86' lang='lat' dir='ltr'><strong>Uni-</strong></span> 
     </span>
    </p>
   </div>
   <div class='ocr_carea' id='block_1_82' title="bbox 2368 4024 3939 4108">
    <p class='ocr_par' dir='ltr' id='par_1_82' title="bbox 2368 4024 3939 4108">
     <span class='ocr_line' id='line_1_82' title="bbox 2368 4024 3939 4108; baseline -0.008 -16"><span class='ocrx_word' id='word_1_653' title='bbox 2368 4039 2569 4108; x_wconf 87' lang='lat' dir='ltr'><strong>genito,</strong></span> <span class='ocrx_word' id='word_1_654' title='bbox 2604 4036 2745 4107; x_wconf 84' lang='lat' dir='ltr'><strong>quod</strong></span> <span class='ocrx_word' id='word_1_655' title='bbox 2784 4035 2925 4089; x_wconf 89' lang='lat' dir='ltr'><strong>idem</strong></span> <span class='ocrx_word' id='word_1_656' title='bbox 2978 4033 3123 4085; x_wconf 87' lang='lat' dir='ltr'><strong>valet</strong></span> <span class='ocrx_word' id='word_1_657' title='bbox 3151 4030 3292 4099; x_wconf 89' lang='lat' dir='ltr'><strong>quod</strong></span> <span class='ocrx_word' id='word_1_658' title='bbox 3319 4028 3586 4097; x_wconf 86' lang='lat' dir='ltr'><strong>genitura.</strong></span> <span class='ocrx_word' id='word_1_659' title='bbox 3614 4045 3635 4078; x_wconf 77' lang='grc' dir='ltr'>ι</span> <span class='ocrx_word' id='word_1_660' title='bbox 3683 4024 3939 4095; x_wconf 88' lang='lat' dir='ltr'><strong>Sequun-</strong></span> 
     </span>
    </p>
   </div>
   <div class='ocr_carea' id='block_1_83' title="bbox 2369 4115 3938 4188">
    <p class='ocr_par' dir='ltr' id='par_1_83' title="bbox 2369 4115 3938 4188">
     <span class='ocr_line' id='line_1_83' title="bbox 2369 4115 3938 4188; baseline -0.005 -12"><span class='ocrx_word' id='word_1_661' title='bbox 2369 4134 2456 4176; x_wconf 92' lang='lat' dir='ltr'><strong>tur</strong></span> <span class='ocrx_word' id='word_1_662' title='bbox 2504 4123 2589 4175; x_wconf 86' lang='lat' dir='ltr'><strong>illa</strong></span> <span class='ocrx_word' id='word_1_663' title='bbox 2638 4135 2784 4175; x_wconf 91' lang='lat' dir='ltr'><strong>num.</strong></span> <span class='ocrx_word' id='word_1_664' title='bbox 2817 4120 2888 4173; x_wconf 70' lang='lat'><strong>22</strong></span> <span class='ocrx_word' id='word_1_665' title='bbox 2926 4136 2940 4172; x_wconf 88' lang='lat'><strong>:</strong></span> <span class='ocrx_word' id='word_1_666' title='bbox 2985 4118 3296 4188; x_wconf 80' lang='grc' dir='ltr'><strong>Μονογενὴς</strong></span> <span class='ocrx_word' id='word_1_667' title='bbox 3343 4116 3489 4182; x_wconf 79' lang='grc' dir='ltr'><strong>Υἱὸς,</strong></span> <span class='ocrx_word' id='word_1_668' title='bbox 3550 4117 3735 4186; x_wconf 72' lang='grc' dir='ltr'><strong>ἐπειδὴ</strong></span> <span class='ocrx_word' id='word_1_669' title='bbox 3772 4115 3938 4185; x_wconf 82' lang='grc' dir='ltr'><strong>μόνος</strong></span> 
     </span>
    </p>
   </div>
   <div class='ocr_carea' id='block_1_84' title="bbox 2367 4207 3935 4284">
    <p class='ocr_par' dir='ltr' id='par_1_84' title="bbox 2367 4207 3935 4284">
     <span class='ocr_line' id='line_1_84' title="bbox 2367 4207 3935 4284; baseline -0.005 -17"><span class='ocrx_word' id='word_1_670' title='bbox 2367 4213 2659 4284; x_wconf 80' lang='grc' dir='ltr'><strong>ἀγεννήτου</strong></span> <span class='ocrx_word' id='word_1_671' title='bbox 2680 4212 2945 4282; x_wconf 78' lang='grc' dir='ltr'><strong>γέννημα.</strong></span> <span class='ocrx_word' id='word_1_672' title='bbox 2983 4229 3001 4260; x_wconf 88' lang='lat' dir='ltr'><strong>t</strong></span> <span class='ocrx_word' id='word_1_673' title='bbox 3024 4207 3339 4278; x_wconf 77' lang='lat' dir='ltr'><strong>Unigenitus</strong></span> <span class='ocrx_word' id='word_1_674' title='bbox 3358 4207 3551 4271; x_wconf 85' lang='lat' dir='ltr'><strong>Filius,</strong></span> <span class='ocrx_word' id='word_1_675' title='bbox 3570 4211 3819 4277; x_wconf 88' lang='lat' dir='ltr'><strong>quoniam</strong></span> <span class='ocrx_word' id='word_1_676' title='bbox 3853 4223 3935 4263; x_wconf 87' lang='lat' dir='ltr'><strong>so-</strong></span> 
     </span>
    </p>
   </div>
   <div class='ocr_carea' id='block_1_85' title="bbox 2369 4299 3935 4374">
    <p class='ocr_par' dir='ltr' id='par_1_85' title="bbox 2369 4299 3935 4374">
     <span class='ocr_line' id='line_1_85' title="bbox 2369 4299 3935 4374; baseline -0.004 -15"><span class='ocrx_word' id='word_1_677' title='bbox 2369 4304 2450 4359; x_wconf 88' lang='lat' dir='ltr'><strong>lus</strong></span> <span class='ocrx_word' id='word_1_678' title='bbox 2486 4306 2703 4374; x_wconf 85' lang='lat' dir='ltr'><strong>ingeniti</strong></span> <span class='ocrx_word' id='word_1_679' title='bbox 2748 4304 2993 4371; x_wconf 85' lang='lat' dir='ltr'><strong>genitura</strong></span> <span class='ocrx_word' id='word_1_680' title='bbox 3027 4312 3129 4358; x_wconf 85' lang='lat' dir='ltr'><strong>est.</strong></span> <span class='ocrx_word' id='word_1_681' title='bbox 3159 4320 3177 4353; x_wconf 78' lang='grc' dir='ltr'>ι</span> <span class='ocrx_word' id='word_1_682' title='bbox 3212 4299 3301 4356; x_wconf 83' lang='lat' dir='ltr'><strong>Sic</strong></span> <span class='ocrx_word' id='word_1_683' title='bbox 3325 4300 3500 4371; x_wconf 91' lang='lat' dir='ltr'><strong>pergit</strong></span> <span class='ocrx_word' id='word_1_684' title='bbox 3538 4299 3773 4354; x_wconf 69' lang='lat' dir='ltr'><strong>num.24</strong></span> <span class='ocrx_word' id='word_1_685' title='bbox 3802 4319 3815 4353; x_wconf 91' lang='lat'><strong>:</strong></span> <span class='ocrx_word' id='word_1_686' title='bbox 3847 4300 3935 4352; x_wconf 86' lang='grc' dir='ltr'><strong>Εί-</strong></span> 
     </span>
    </p>
   </div>
   <div class='ocr_carea' id='block_1_86' title="bbox 2370 4386 3935 4463">
    <p class='ocr_par' dir='ltr' id='par_1_86' title="bbox 2370 4386 3935 4463">
     <span class='ocr_line' id='line_1_86' title="bbox 2370 4386 3935 4463; baseline -0.007 -15"><span class='ocrx_word' id='word_1_687' title='bbox 2370 4395 2502 4448; x_wconf 83' lang='grc' dir='ltr'><strong>κόνα</strong></span> <span class='ocrx_word' id='word_1_688' title='bbox 2534 4394 2711 4447; x_wconf 78' lang='grc' dir='ltr'><strong>τοίνυν</strong></span> <span class='ocrx_word' id='word_1_689' title='bbox 2749 4392 2946 4463; x_wconf 81' lang='grc' dir='ltr'><strong>φαμὲν,</strong></span> <span class='ocrx_word' id='word_1_690' title='bbox 2987 4391 3084 4461; x_wconf 79' lang='grc' dir='ltr'><strong>οὐχ</strong></span> <span class='ocrx_word' id='word_1_691' title='bbox 3122 4389 3197 4454; x_wconf 87' lang='grc' dir='ltr'><strong>ὡς</strong></span> <span class='ocrx_word' id='word_1_692' title='bbox 3237 4388 3515 4459; x_wconf 84' lang='grc' dir='ltr'><strong>ἀγεννήτῳ</strong></span> <span class='ocrx_word' id='word_1_693' title='bbox 3549 4386 3790 4458; x_wconf 80' lang='grc' dir='ltr'><strong>γέννημα</strong></span> <span class='ocrx_word' id='word_1_694' title='bbox 3835 4402 3935 4438; x_wconf 85' lang='grc' dir='ltr'><strong>πα-</strong></span> 
     </span>
    </p>
   </div>
   <div class='ocr_carea' id='block_1_87' title="bbox 708 4479 2264 4581">
    <p class='ocr_par' dir='ltr' id='par_1_87' title="bbox 708 4479 2264 4577">
     <span class='ocr_line' id='line_1_87' title="bbox 708 4479 2264 4577; baseline -0.002 -15"><span class='ocrx_word' id='word_1_695' title='bbox 708 4520 827 4562; x_wconf 85' lang='lat' dir='ltr'><strong>ram</strong></span> <span class='ocrx_word' id='word_1_696' title='bbox 869 4510 1144 4577; x_wconf 90' lang='lat' dir='ltr'><strong>appellari.</strong></span> <span class='ocrx_word' id='word_1_697' title='bbox 1177 4506 1632 4575; x_wconf 82' lang='lat' dir='ltr'><strong>Quemadmodum</strong></span> <span class='ocrx_word' id='word_1_698' title='bbox 1664 4506 1807 4561; x_wconf 90' lang='lat' dir='ltr'><strong>enim</strong></span> <span class='ocrx_word' id='word_1_699' title='bbox 1856 4506 2007 4571; x_wconf 89' lang='lat' dir='ltr'><strong>illud,</strong></span> <span class='ocrx_word' id='word_1_700' title='bbox 2050 4479 2264 4577; x_wconf 58' lang='grc' dir='ltr'><strong>Ιξτίσμα</strong></span> 
     </span>
    </p>
   </div>
   <div class='ocr_carea' id='block_1_88' title="bbox 2367 4479 3929 4581">
    <p class='ocr_par' dir='ltr' id='par_1_88' title="bbox 2376 4479 3929 4563">
     <span class='ocr_line' id='line_1_88' title="bbox 2376 4479 3929 4563; baseline -0.008 -18"><span class='ocrx_word' id='word_1_701' title='bbox 2376 4488 2751 4563; x_wconf 81' lang='grc' dir='ltr'><strong>ραϐάιλλοντες.</strong></span> <span class='ocrx_word' id='word_1_702' title='bbox 2801 4485 3129 4556; x_wconf 71' lang='lat' dir='ltr'><strong>«imaginem</strong></span> <span class='ocrx_word' id='word_1_703' title='bbox 3178 4483 3340 4554; x_wconf 86' lang='lat' dir='ltr'><strong>igitur</strong></span> <span class='ocrx_word' id='word_1_704' title='bbox 3390 4480 3629 4553; x_wconf 71' lang='lat' dir='ltr'><strong>[Filium]</strong></span> <span class='ocrx_word' id='word_1_705' title='bbox 3677 4479 3929 4541; x_wconf 85' lang='lat' dir='ltr'><strong>dicimus.</strong></span> 
     </span>
    </p>
   </div>
   <div class='ocr_carea' id='block_1_89' title="bbox 709 4595 2275 4671">
    <p class='ocr_par' dir='ltr' id='par_1_89' title="bbox 709 4595 2275 4671">
     <span class='ocr_line' id='line_1_89' title="bbox 709 4595 2275 4671; baseline -0.001 -21"><span class='ocrx_word' id='word_1_706' title='bbox 709 4595 813 4668; x_wconf 68' lang='grc' dir='ltr'><strong>μὲν</strong></span> <span class='ocrx_word' id='word_1_707' title='bbox 849 4597 1065 4667; x_wconf 82' lang='grc' dir='ltr'><strong>ἀληθῶς</strong></span> <span class='ocrx_word' id='word_1_708' title='bbox 1093 4600 1211 4652; x_wconf 83' lang='grc' dir='ltr'><strong>κατ’</strong></span> <span class='ocrx_word' id='word_1_709' title='bbox 1242 4596 1503 4667; x_wconf 80' lang='grc' dir='ltr'><strong>Εὐνόμιον</strong></span> <span class='ocrx_word' id='word_1_710' title='bbox 1541 4595 1640 4661; x_wconf 80' lang='grc' dir='ltr'><strong>ὧν,</strong></span> <span class='ocrx_word' id='word_1_711' title='bbox 1674 4596 1753 4650; x_wconf 88' lang='lat' dir='ltr'><strong>sic</strong></span> <span class='ocrx_word' id='word_1_712' title='bbox 1794 4595 1964 4671; x_wconf 54' lang='grc' dir='ltr'><strong>δε)ςὶρί</strong></span> <span class='ocrx_word' id='word_1_713' title='bbox 2006 4596 2184 4660; x_wconf 87' lang='lat' dir='ltr'><strong>debet,</strong></span> <span class='ocrx_word' id='word_1_714' title='bbox 2215 4604 2275 4649; x_wconf 84' lang='lat' dir='ltr'><strong>ut</strong></span> 
     </span>
    </p>
   </div>
   <div class='ocr_carea' id='block_1_90' title="bbox 708 4688 2270 4745">
    <p class='ocr_par' dir='ltr' id='par_1_90' title="bbox 708 4688 2270 4745">
     <span class='ocr_line' id='line_1_90' title="bbox 708 4688 2270 4745; baseline -0.004 0"><span class='ocrx_word' id='word_1_715' title='bbox 708 4688 1004 4745; x_wconf 85' lang='lat' dir='ltr'><strong>Eunomius</strong></span> <span class='ocrx_word' id='word_1_716' title='bbox 1040 4689 1335 4743; x_wconf 81' lang='lat' dir='ltr'><strong>affirmaret</strong></span> <span class='ocrx_word' id='word_1_717' title='bbox 1374 4688 1566 4742; x_wconf 87' lang='lat' dir='ltr'><strong>Filium</strong></span> <span class='ocrx_word' id='word_1_718' title='bbox 1610 4701 1735 4741; x_wconf 89' lang='lat' dir='ltr'><strong>vere</strong></span> <span class='ocrx_word' id='word_1_719' title='bbox 1759 4694 2063 4739; x_wconf 76' lang='lat' dir='ltr'><strong>creaturam</strong></span> <span class='ocrx_word' id='word_1_720' title='bbox 2104 4698 2270 4741; x_wconf 89' lang='lat' dir='ltr'><strong>esse:</strong></span> 
     </span>
    </p>
   </div>
   <div class='ocr_carea' id='block_1_91' title="bbox 710 4775 2274 4852">
    <p class='ocr_par' dir='ltr' id='par_1_91' title="bbox 710 4775 2274 4852">
     <span class='ocr_line' id='line_1_91' title="bbox 710 4775 2274 4852; baseline -0.004 -18"><span class='ocrx_word' id='word_1_721' title='bbox 710 4784 781 4836; x_wconf 85' lang='lat' dir='ltr'><strong>ita</strong></span> <span class='ocrx_word' id='word_1_722' title='bbox 805 4782 945 4852; x_wconf 85' lang='lat' dir='ltr'><strong>quod</strong></span> <span class='ocrx_word' id='word_1_723' title='bbox 974 4782 1233 4851; x_wconf 81' lang='lat' dir='ltr'><strong>sequitur,</strong></span> <span class='ocrx_word' id='word_1_724' title='bbox 1262 4783 1504 4852; x_wconf 78' lang='grc' dir='ltr'><strong>γέννημα</strong></span> <span class='ocrx_word' id='word_1_725' title='bbox 1532 4780 1588 4832; x_wconf 80' lang='grc' dir='ltr'><strong>δὲ</strong></span> <span class='ocrx_word' id='word_1_726' title='bbox 1619 4776 1987 4847; x_wconf 75' lang='grc' dir='ltr'><strong>ψευδωνύμως</strong></span> <span class='ocrx_word' id='word_1_727' title='bbox 2014 4775 2274 4847; x_wconf 77' lang='grc' dir='ltr'><strong>καλούμε-</strong></span> 
     </span>
    </p>
   </div>
   <div class='ocr_carea' id='block_1_92' title="bbox 707 4868 2270 4942">
    <p class='ocr_par' dir='ltr' id='par_1_92' title="bbox 707 4868 2270 4942">
     <span class='ocr_line' id='line_1_92' title="bbox 707 4868 2270 4942; baseline -0.004 -15"><span class='ocrx_word' id='word_1_728' title='bbox 707 4892 820 4938; x_wconf 82' lang='grc' dir='ltr'><strong>νος,</strong></span> <span class='ocrx_word' id='word_1_729' title='bbox 854 4874 932 4928; x_wconf 87' lang='lat' dir='ltr'><strong>sic</strong></span> <span class='ocrx_word' id='word_1_730' title='bbox 965 4875 1176 4928; x_wconf 90' lang='lat' dir='ltr'><strong>videtur</strong></span> <span class='ocrx_word' id='word_1_731' title='bbox 1219 4873 1644 4942; x_wconf 83' lang='lat' dir='ltr'><strong>intelligendum,</strong></span> <span class='ocrx_word' id='word_1_732' title='bbox 1694 4880 1752 4923; x_wconf 92' lang='lat' dir='ltr'><strong>ut</strong></span> <span class='ocrx_word' id='word_1_733' title='bbox 1785 4870 1898 4939; x_wconf 88' lang='lat' dir='ltr'><strong>ipse</strong></span> <span class='ocrx_word' id='word_1_734' title='bbox 1941 4883 2154 4937; x_wconf 88' lang='lat' dir='ltr'><strong>quoque</strong></span> <span class='ocrx_word' id='word_1_735' title='bbox 2187 4868 2270 4921; x_wconf 86' lang='lat' dir='ltr'><strong>di-</strong></span> 
     </span>
    </p>
   </div>
   <div class='ocr_carea' id='block_1_93' title="bbox 708 4955 2271 5031">
    <p class='ocr_par' dir='ltr' id='par_1_93' title="bbox 708 4955 2271 5031">
     <span class='ocr_line' id='line_1_93' title="bbox 708 4955 2271 5031; baseline -0.008 -9"><span class='ocrx_word' id='word_1_736' title='bbox 708 4973 857 5022; x_wconf 80' lang='lat' dir='ltr'><strong>ceret</strong></span> <span class='ocrx_word' id='word_1_737' title='bbox 897 4963 1089 5019; x_wconf 84' lang='lat' dir='ltr'><strong>Filium</strong></span> <span class='ocrx_word' id='word_1_738' title='bbox 1122 4962 1259 5019; x_wconf 83' lang='lat' dir='ltr'><strong>falso</strong></span> <span class='ocrx_word' id='word_1_739' title='bbox 1288 4964 1503 5017; x_wconf 87' lang='lat' dir='ltr'><strong>nomine</strong></span> <span class='ocrx_word' id='word_1_740' title='bbox 1540 4964 1840 5031; x_wconf 89' lang='lat' dir='ltr'><strong>genituram</strong></span> <span class='ocrx_word' id='word_1_741' title='bbox 1886 4958 2089 5013; x_wconf 88' lang='lat' dir='ltr'><strong>vocari.</strong></span> <span class='ocrx_word' id='word_1_742' title='bbox 2126 4955 2271 5011; x_wconf 82' lang='lat' dir='ltr'><strong>Nihil</strong></span> 
     </span>
    </p>
   </div>
   <div class='ocr_carea' id='block_1_94' title="bbox 706 5047 2268 5121">
    <p class='ocr_par' dir='ltr' id='par_1_94' title="bbox 706 5047 2268 5121">
     <span class='ocr_line' id='line_1_94' title="bbox 706 5047 2268 5121; baseline -0.006 -12"><span class='ocrx_word' id='word_1_743' title='bbox 706 5065 888 5112; x_wconf 87' lang='lat' dir='ltr'><strong>autem</strong></span> <span class='ocrx_word' id='word_1_744' title='bbox 923 5053 1029 5107; x_wconf 87' lang='lat' dir='ltr'><strong>tale</strong></span> <span class='ocrx_word' id='word_1_745' title='bbox 1075 5053 1293 5108; x_wconf 90' lang='lat' dir='ltr'><strong>tradidit</strong></span> <span class='ocrx_word' id='word_1_746' title='bbox 1324 5053 1376 5106; x_wconf 91' lang='lat' dir='ltr'><strong>in</strong></span> <span class='ocrx_word' id='word_1_747' title='bbox 1402 5056 1576 5121; x_wconf 91' lang='lat' dir='ltr'><strong>primo</strong></span> <span class='ocrx_word' id='word_1_748' title='bbox 1607 5069 1706 5108; x_wconf 81' lang='lat' dir='ltr'><strong>suo</strong></span> <span class='ocrx_word' id='word_1_749' title='bbox 1738 5049 1917 5106; x_wconf 89' lang='lat' dir='ltr'><strong>libello</strong></span> <span class='ocrx_word' id='word_1_750' title='bbox 1951 5047 2268 5109; x_wconf 85' lang='lat' dir='ltr'><strong>Eunomius,</strong></span> 
     </span>
    </p>
   </div>
   <div class='ocr_carea' id='block_1_95' title="bbox 707 5138 2269 5214">
    <p class='ocr_par' dir='ltr' id='par_1_95' title="bbox 707 5138 2269 5214">
     <span class='ocr_line' id='line_1_95' title="bbox 707 5138 2269 5214; baseline -0.005 -15"><span class='ocrx_word' id='word_1_751' title='bbox 707 5144 851 5202; x_wconf 86' lang='lat' dir='ltr'><strong>unde</strong></span> <span class='ocrx_word' id='word_1_752' title='bbox 879 5157 1218 5214; x_wconf 84' lang='lat' dir='ltr'><strong>consequens</strong></span> <span class='ocrx_word' id='word_1_753' title='bbox 1244 5153 1345 5209; x_wconf 89' lang='lat' dir='ltr'><strong>est,</strong></span> <span class='ocrx_word' id='word_1_754' title='bbox 1374 5153 1433 5195; x_wconf 92' lang='lat' dir='ltr'><strong>ut</strong></span> <span class='ocrx_word' id='word_1_755' title='bbox 1468 5144 1516 5196; x_wconf 88' lang='lat' dir='ltr'><strong>id</strong></span> <span class='ocrx_word' id='word_1_756' title='bbox 1545 5141 1786 5197; x_wconf 84' lang='lat' dir='ltr'><strong>docuerit</strong></span> <span class='ocrx_word' id='word_1_757' title='bbox 1815 5140 1865 5193; x_wconf 91' lang='lat' dir='ltr'><strong>in</strong></span> <span class='ocrx_word' id='word_1_758' title='bbox 1898 5140 2153 5200; x_wconf 85' lang='lat' dir='ltr'><strong>secundo,</strong></span> <span class='ocrx_word' id='word_1_759' title='bbox 2179 5138 2269 5209; x_wconf 92' lang='lat' dir='ltr'><strong>qni</strong></span> 
     </span>
    </p>
   </div>
   <div class='ocr_carea' id='block_1_96' title="bbox 707 5229 2267 5304">
    <p class='ocr_par' dir='ltr' id='par_1_96' title="bbox 707 5229 2267 5304">
     <span class='ocr_line' id='line_1_96' title="bbox 707 5229 2267 5304; baseline -0.006 -10"><span class='ocrx_word' id='word_1_760' title='bbox 707 5247 859 5294; x_wconf 82' lang='lat' dir='ltr'><strong>certe</strong></span> <span class='ocrx_word' id='word_1_761' title='bbox 910 5236 1014 5292; x_wconf 90' lang='lat' dir='ltr'><strong>dici</strong></span> <span class='ocrx_word' id='word_1_762' title='bbox 1071 5252 1177 5290; x_wconf 92' lang='lat' dir='ltr'><strong>non</strong></span> <span class='ocrx_word' id='word_1_763' title='bbox 1208 5242 1383 5304; x_wconf 89' lang='lat' dir='ltr'><strong>potest</strong></span> <span class='ocrx_word' id='word_1_764' title='bbox 1410 5236 1717 5290; x_wconf 84' lang='lat' dir='ltr'><strong>confutatus</strong></span> <span class='ocrx_word' id='word_1_765' title='bbox 1747 5248 1777 5287; x_wconf 88' lang='lat' dir='ltr'><strong>a</strong></span> <span class='ocrx_word' id='word_1_766' title='bbox 1830 5232 2029 5287; x_wconf 88' lang='lat' dir='ltr'><strong>Basilio</strong></span> <span class='ocrx_word' id='word_1_767' title='bbox 2083 5229 2267 5290; x_wconf 86' lang='lat' dir='ltr'><strong>fuisse.</strong></span> 
     </span>
    </p>
   </div>
   <div class='ocr_carea' id='block_1_97' title="bbox 706 5321 2266 5395">
    <p class='ocr_par' dir='ltr' id='par_1_97' title="bbox 706 5321 2266 5395">
     <span class='ocr_line' id='line_1_97' title="bbox 706 5321 2266 5395; baseline -0.006 -13"><span class='ocrx_word' id='word_1_768' title='bbox 706 5341 833 5382; x_wconf 89' lang='lat' dir='ltr'><strong>cum</strong></span> <span class='ocrx_word' id='word_1_769' title='bbox 867 5325 1038 5382; x_wconf 88' lang='lat' dir='ltr'><strong>solum</strong></span> <span class='ocrx_word' id='word_1_770' title='bbox 1072 5334 1191 5395; x_wconf 87' lang='lat' dir='ltr'><strong>post</strong></span> <span class='ocrx_word' id='word_1_771' title='bbox 1226 5324 1345 5393; x_wconf 86' lang='lat' dir='ltr'><strong>ejus</strong></span> <span class='ocrx_word' id='word_1_772' title='bbox 1385 5324 1660 5377; x_wconf 90' lang='lat' dir='ltr'><strong>interitum</strong></span> <span class='ocrx_word' id='word_1_773' title='bbox 1691 5324 1950 5393; x_wconf 88' lang='lat' dir='ltr'><strong>prodierit</strong></span> <span class='ocrx_word' id='word_1_774' title='bbox 1991 5322 2042 5374; x_wconf 90' lang='lat' dir='ltr'><strong>in</strong></span> <span class='ocrx_word' id='word_1_775' title='bbox 2077 5321 2266 5375; x_wconf 90' lang='lat' dir='ltr'><strong>lucem.</strong></span> 
     </span>
    </p>
   </div>
   <div class='ocr_carea' id='block_1_98' title="bbox 710 5412 2267 5484">
    <p class='ocr_par' dir='ltr' id='par_1_98' title="bbox 710 5412 2267 5484">
     <span class='ocr_line' id='line_1_98' title="bbox 710 5412 2267 5484; baseline -0.003 -15"><span class='ocrx_word' id='word_1_776' title='bbox 710 5415 821 5471; x_wconf 81' lang='lat' dir='ltr'><strong>Nec</strong></span> <span class='ocrx_word' id='word_1_777' title='bbox 852 5417 985 5472; x_wconf 86' lang='lat' dir='ltr'><strong>satis</strong></span> <span class='ocrx_word' id='word_1_778' title='bbox 1014 5416 1111 5470; x_wconf 91' lang='lat' dir='ltr'><strong>fuit</strong></span> <span class='ocrx_word' id='word_1_779' title='bbox 1158 5415 1362 5482; x_wconf 88' lang='lat' dir='ltr'><strong>dicere,</strong></span> <span class='ocrx_word' id='word_1_780' title='bbox 1408 5414 1537 5468; x_wconf 87' lang='lat' dir='ltr'><strong>nihil</strong></span> <span class='ocrx_word' id='word_1_781' title='bbox 1588 5416 1693 5467; x_wconf 85' lang='lat' dir='ltr'><strong>tale</strong></span> <span class='ocrx_word' id='word_1_782' title='bbox 1722 5417 1777 5467; x_wconf 89' lang='lat' dir='ltr'><strong>in</strong></span> <span class='ocrx_word' id='word_1_783' title='bbox 1822 5415 1997 5484; x_wconf 90' lang='lat' dir='ltr'><strong>primo</strong></span> <span class='ocrx_word' id='word_1_784' title='bbox 2026 5412 2267 5467; x_wconf 86' lang='lat' dir='ltr'><strong>Eunomii</strong></span> 
     </span>
    </p>
   </div>
   <div class='ocr_carea' id='block_1_99' title="bbox 709 5504 2271 5577">
    <p class='ocr_par' dir='ltr' id='par_1_99' title="bbox 709 5504 2271 5577">
     <span class='ocr_line' id='line_1_99' title="bbox 709 5504 2271 5577; baseline -0.003 -16"><span class='ocrx_word' id='word_1_785' title='bbox 709 5508 847 5563; x_wconf 85' lang='lat' dir='ltr'><strong>libro</strong></span> <span class='ocrx_word' id='word_1_786' title='bbox 884 5508 1137 5577; x_wconf 85' lang='lat' dir='ltr'><strong>reperiri,</strong></span> <span class='ocrx_word' id='word_1_787' title='bbox 1175 5522 1293 5562; x_wconf 91' lang='lat' dir='ltr'><strong>cum</strong></span> <span class='ocrx_word' id='word_1_788' title='bbox 1345 5507 1528 5561; x_wconf 89' lang='lat' dir='ltr'><strong>dicere</strong></span> <span class='ocrx_word' id='word_1_789' title='bbox 1579 5505 1763 5560; x_wconf 87' lang='lat' dir='ltr'><strong>liceret</strong></span> <span class='ocrx_word' id='word_1_790' title='bbox 1815 5506 2015 5575; x_wconf 83' lang='lat' dir='ltr'><strong>aliquid</strong></span> <span class='ocrx_word' id='word_1_791' title='bbox 2053 5504 2271 5558; x_wconf 84' lang='lat' dir='ltr'><strong>omnino</strong></span> 
     </span>
    </p>
   </div>
   <div class='ocr_carea' id='block_1_100' title="bbox 709 5594 2267 5668">
    <p class='ocr_par' dir='ltr' id='par_1_100' title="bbox 709 5594 2267 5668">
     <span class='ocr_line' id='line_1_100' title="bbox 709 5594 2267 5668; baseline -0.004 -15"><span class='ocrx_word' id='word_1_792' title='bbox 709 5600 1042 5653; x_wconf 85' lang='lat' dir='ltr'><strong>contrarium</strong></span> <span class='ocrx_word' id='word_1_793' title='bbox 1074 5599 1127 5653; x_wconf 88' lang='lat' dir='ltr'><strong>in</strong></span> <span class='ocrx_word' id='word_1_794' title='bbox 1168 5613 1233 5653; x_wconf 93' lang='lat' dir='ltr'><strong>eo</strong></span> <span class='ocrx_word' id='word_1_795' title='bbox 1260 5598 1364 5668; x_wconf 87' lang='lat' dir='ltr'><strong>legi</strong></span> <span class='ocrx_word' id='word_1_796' title='bbox 1397 5597 1466 5651; x_wconf 88' lang='lat' dir='ltr'><strong>ab</strong></span> <span class='ocrx_word' id='word_1_797' title='bbox 1491 5596 1747 5651; x_wconf 88' lang='lat' dir='ltr'><strong>omnibus</strong></span> <span class='ocrx_word' id='word_1_798' title='bbox 1777 5611 1952 5665; x_wconf 86' lang='lat' dir='ltr'><strong>posse.</strong></span> <span class='ocrx_word' id='word_1_799' title='bbox 1995 5594 2111 5650; x_wconf 85' lang='lat' dir='ltr'><strong>.lam</strong></span> <span class='ocrx_word' id='word_1_800' title='bbox 2143 5609 2267 5663; x_wconf 87' lang='lat' dir='ltr'><strong>pro-</strong></span> 
     </span>
    </p>
   </div>
   <div class='ocr_carea' id='block_1_101' title="bbox 712 5688 2269 5760">
    <p class='ocr_par' dir='ltr' id='par_1_101' title="bbox 712 5688 2269 5760">
     <span class='ocr_line' id='line_1_101' title="bbox 712 5688 2269 5760; baseline -0.002 -13"><span class='ocrx_word' id='word_1_801' title='bbox 712 5691 885 5747; x_wconf 83' lang='lat' dir='ltr'><strong>banda</strong></span> <span class='ocrx_word' id='word_1_802' title='bbox 922 5705 1011 5745; x_wconf 77' lang='lat' dir='ltr'><strong>res</strong></span> <span class='ocrx_word' id='word_1_803' title='bbox 1039 5700 1125 5745; x_wconf 92' lang='lat' dir='ltr'><strong>est</strong></span> <span class='ocrx_word' id='word_1_804' title='bbox 1163 5689 1431 5760; x_wconf 86' lang='lat' dir='ltr'><strong>aliquibus</strong></span> <span class='ocrx_word' id='word_1_805' title='bbox 1459 5689 1741 5757; x_wconf 77' lang='lat' dir='ltr'><strong>exemplis.</strong></span> <span class='ocrx_word' id='word_1_806' title='bbox 1767 5704 1885 5757; x_wconf 74' lang='lat' dir='ltr'><strong>qua:</strong></span> <span class='ocrx_word' id='word_1_807' title='bbox 1911 5688 2104 5758; x_wconf 86' lang='lat' dir='ltr'><strong>cuique</strong></span> <span class='ocrx_word' id='word_1_808' title='bbox 2137 5688 2269 5743; x_wconf 88' lang='lat' dir='ltr'><strong>libe-</strong></span> 
     </span>
    </p>
   </div>
   <div class='ocr_carea' id='block_1_102' title="bbox 714 5779 2259 5850">
    <p class='ocr_par' dir='ltr' id='par_1_102' title="bbox 714 5779 2259 5850">
     <span class='ocr_line' id='line_1_102' title="bbox 714 5779 2259 5850; baseline -0.001 -15"><span class='ocrx_word' id='word_1_809' title='bbox 714 5798 830 5837; x_wconf 85' lang='lat' dir='ltr'><strong>rum</strong></span> <span class='ocrx_word' id='word_1_810' title='bbox 860 5781 957 5838; x_wconf 88' lang='lat' dir='ltr'><strong>erit</strong></span> <span class='ocrx_word' id='word_1_811' title='bbox 990 5782 1171 5836; x_wconf 85' lang='lat' dir='ltr'><strong>videre</strong></span> <span class='ocrx_word' id='word_1_812' title='bbox 1199 5782 1250 5836; x_wconf 91' lang='lat' dir='ltr'><strong>in</strong></span> <span class='ocrx_word' id='word_1_813' title='bbox 1277 5781 1597 5849; x_wconf 77' lang='lat' dir='ltr'><strong>Appendice,</strong></span> <span class='ocrx_word' id='word_1_814' title='bbox 1629 5780 1715 5835; x_wconf 88' lang='lat' dir='ltr'><strong>ubi</strong></span> <span class='ocrx_word' id='word_1_815' title='bbox 1746 5782 1977 5850; x_wconf 89' lang='lat' dir='ltr'><strong>primum</strong></span> <span class='ocrx_word' id='word_1_816' title='bbox 2020 5779 2120 5834; x_wconf 89' lang='lat' dir='ltr'><strong>hoc</strong></span> <span class='ocrx_word' id='word_1_817' title='bbox 2155 5780 2259 5834; x_wconf 78' lang='lat' dir='ltr'><strong>Eu-</strong></span> 
     </span>
    </p>
   </div>
   <div class='ocr_carea' id='block_1_103' title="bbox 2376 4568 3933 4651">
    <p class='ocr_par' dir='ltr' id='par_1_103' title="bbox 2376 4568 3933 4651">
     <span class='ocr_line' id='line_1_103' title="bbox 2376 4568 3933 4651; baseline -0.008 -14"><span class='ocrx_word' id='word_1_818' title='bbox 2376 4600 2478 4637; x_wconf 87' lang='lat' dir='ltr'><strong>nou</strong></span> <span class='ocrx_word' id='word_1_819' title='bbox 2527 4582 2666 4651; x_wconf 79' lang='lat' dir='ltr'><strong>quod</strong></span> <span class='ocrx_word' id='word_1_820' title='bbox 2713 4580 2945 4649; x_wconf 86' lang='lat' dir='ltr'><strong>ingenito</strong></span> <span class='ocrx_word' id='word_1_821' title='bbox 2982 4576 3285 4645; x_wconf 86' lang='lat' dir='ltr'><strong>genituram</strong></span> <span class='ocrx_word' id='word_1_822' title='bbox 3331 4587 3721 4644; x_wconf 86' lang='lat' dir='ltr'><strong>comparemus.</strong></span> <span class='ocrx_word' id='word_1_823' title='bbox 3755 4590 3773 4623; x_wconf 77' lang='grc' dir='ltr'>ι</span> <span class='ocrx_word' id='word_1_824' title='bbox 3833 4568 3933 4625; x_wconf 85' lang='lat' dir='ltr'><strong>His</strong></span> 
     </span>
    </p>
   </div>
   <div class='ocr_carea' id='block_1_104' title="bbox 2375 4660 3933 4742">
    <p class='ocr_par' dir='ltr' id='par_1_104' title="bbox 2375 4660 3933 4742">
     <span class='ocr_line' id='line_1_104' title="bbox 2375 4660 3933 4742; baseline -0.009 -14"><span class='ocrx_word' id='word_1_825' title='bbox 2375 4676 2495 4728; x_wconf 69' lang='lat' dir='ltr'><strong>atlzli</strong></span> <span class='ocrx_word' id='word_1_826' title='bbox 2527 4680 2700 4742; x_wconf 86' lang='lat' dir='ltr'><strong>potest</strong></span> <span class='ocrx_word' id='word_1_827' title='bbox 2727 4670 2857 4725; x_wconf 87' lang='lat' dir='ltr'><strong>illud</strong></span> <span class='ocrx_word' id='word_1_828' title='bbox 2898 4688 2911 4723; x_wconf 87' lang='lat'><strong>:</strong></span> <span class='ocrx_word' id='word_1_829' title='bbox 2940 4668 3009 4721; x_wconf 83' lang='grc' dir='ltr'><strong>Ἢ</strong></span> <span class='ocrx_word' id='word_1_830' title='bbox 3041 4666 3168 4721; x_wconf 75' lang='grc' dir='ltr'><strong>ἄλλο</strong></span> <span class='ocrx_word' id='word_1_831' title='bbox 3196 4666 3295 4737; x_wconf 75' lang='grc' dir='ltr'><strong>μὲν</strong></span> <span class='ocrx_word' id='word_1_832' title='bbox 3320 4666 3471 4737; x_wconf 73' lang='grc' dir='ltr'><strong>παρὰ</strong></span> <span class='ocrx_word' id='word_1_833' title='bbox 3501 4666 3591 4718; x_wconf 85' lang='grc' dir='ltr'><strong>τὸν</strong></span> <span class='ocrx_word' id='word_1_834' title='bbox 3622 4662 3767 4717; x_wconf 84' lang='grc' dir='ltr'><strong>Υίόν.</strong></span> <span class='ocrx_word' id='word_1_835' title='bbox 3801 4660 3933 4715; x_wconf 80' lang='grc' dir='ltr'><strong>Γέν-</strong></span> 
     </span>
    </p>
   </div>
   <div class='ocr_carea' id='block_1_105' title="bbox 2374 4752 3925 4837">
    <p class='ocr_par' dir='ltr' id='par_1_105' title="bbox 2374 4752 3925 4837">
     <span class='ocr_line' id='line_1_105' title="bbox 2374 4752 3925 4837; baseline -0.006 -18"><span class='ocrx_word' id='word_1_836' title='bbox 2374 4782 2521 4837; x_wconf 75' lang='grc' dir='ltr'><strong>νημα</strong></span> <span class='ocrx_word' id='word_1_837' title='bbox 2544 4762 2602 4817; x_wconf 82' lang='grc' dir='ltr'><em>δέ</em></span> <span class='ocrx_word' id='word_1_838' title='bbox 2628 4780 2641 4794; x_wconf 90' lang='grc'><strong>·</strong></span> <span class='ocrx_word' id='word_1_839' title='bbox 2686 4756 2764 4825; x_wconf 73' lang='grc' dir='ltr'><strong>εἷς</strong></span> <span class='ocrx_word' id='word_1_840' title='bbox 2815 4760 2921 4830; x_wconf 77' lang='grc' dir='ltr'><strong>γὰρ</strong></span> <span class='ocrx_word' id='word_1_841' title='bbox 2965 4760 3055 4812; x_wconf 76' lang='grc' dir='ltr'><strong>καὶ</strong></span> <span class='ocrx_word' id='word_1_842' title='bbox 3092 4758 3382 4831; x_wconf 78' lang='grc' dir='ltr'><strong>μονογενὴς</strong></span> <span class='ocrx_word' id='word_1_843' title='bbox 3430 4759 3458 4810; x_wconf 85' lang='grc' dir='ltr'>ὀ</span> <span class='ocrx_word' id='word_1_844' title='bbox 3498 4754 3698 4825; x_wconf 80' lang='grc' dir='ltr'><strong>Κύριος</strong></span> <span class='ocrx_word' id='word_1_845' title='bbox 3746 4752 3925 4824; x_wconf 80' lang='grc' dir='ltr'><strong>ἡμῶν.</strong></span> 
     </span>
    </p>
   </div>
   <div class='ocr_carea' id='block_1_106' title="bbox 2382 4844 3928 4918">
    <p class='ocr_par' dir='ltr' id='par_1_106' title="bbox 2382 4844 3928 4918">
     <span class='ocr_line' id='line_1_106' title="bbox 2382 4844 3928 4918; baseline -0.007 -11"><span class='ocrx_word' id='word_1_846' title='bbox 2382 4859 2526 4908; x_wconf 67' lang='lat' dir='ltr'><strong>«Ant</strong></span> <span class='ocrx_word' id='word_1_847' title='bbox 2558 4854 2697 4908; x_wconf 89' lang='lat' dir='ltr'><strong>aliud</strong></span> <span class='ocrx_word' id='word_1_848' title='bbox 2739 4865 2869 4907; x_wconf 86' lang='lat' dir='ltr'><strong>sane</strong></span> <span class='ocrx_word' id='word_1_849' title='bbox 2899 4862 3094 4918; x_wconf 68' lang='lat' dir='ltr'><strong>prtetcr</strong></span> <span class='ocrx_word' id='word_1_850' title='bbox 3146 4850 3359 4905; x_wconf 88' lang='lat' dir='ltr'><strong>Filium.</strong></span> <span class='ocrx_word' id='word_1_851' title='bbox 3415 4848 3507 4903; x_wconf 83' lang='lat' dir='ltr'><strong>Est</strong></span> <span class='ocrx_word' id='word_1_852' title='bbox 3552 4857 3728 4900; x_wconf 85' lang='lat' dir='ltr'><strong>autem</strong></span> <span class='ocrx_word' id='word_1_853' title='bbox 3768 4844 3928 4916; x_wconf 86' lang='lat' dir='ltr'><strong>geni-</strong></span> 
     </span>
    </p>
   </div>
   <div class='ocr_carea' id='block_1_107' title="bbox 2375 4936 3931 5015">
    <p class='ocr_par' dir='ltr' id='par_1_107' title="bbox 2375 4936 3931 5015">
     <span class='ocr_line' id='line_1_107' title="bbox 2375 4936 3931 5015; baseline -0.008 -14"><span class='ocrx_word' id='word_1_854' title='bbox 2375 4958 2493 5001; x_wconf 81' lang='lat' dir='ltr'><strong>tura</strong></span> <span class='ocrx_word' id='word_1_855' title='bbox 2529 4967 2540 5001; x_wconf 91' lang='lat'>:</span> <span class='ocrx_word' id='word_1_856' title='bbox 2574 4948 2769 5015; x_wconf 89' lang='lat' dir='ltr'><strong>quippe</strong></span> <span class='ocrx_word' id='word_1_857' title='bbox 2812 4959 2948 4997; x_wconf 89' lang='lat' dir='ltr'><strong>unus</strong></span> <span class='ocrx_word' id='word_1_858' title='bbox 2978 4954 3033 4997; x_wconf 91' lang='lat' dir='ltr'><strong>et</strong></span> <span class='ocrx_word' id='word_1_859' title='bbox 3075 4944 3380 5012; x_wconf 90' lang='lat' dir='ltr'><strong>unigenitus</strong></span> <span class='ocrx_word' id='word_1_860' title='bbox 3425 4948 3507 4993; x_wconf 89' lang='lat' dir='ltr'><strong>est</strong></span> <span class='ocrx_word' id='word_1_861' title='bbox 3543 4936 3797 4992; x_wconf 90' lang='lat' dir='ltr'><strong>Dominus</strong></span> <span class='ocrx_word' id='word_1_862' title='bbox 3832 4951 3931 4988; x_wconf 86' lang='lat' dir='ltr'><strong>no-</strong></span> 
     </span>
    </p>
   </div>
   <div class='ocr_carea' id='block_1_108' title="bbox 2374 5021 3926 5098">
    <p class='ocr_par' dir='ltr' id='par_1_108' title="bbox 2374 5021 3926 5098">
     <span class='ocr_line' id='line_1_108' title="bbox 2374 5021 3926 5098; baseline -0.01 -9"><span class='ocrx_word' id='word_1_863' title='bbox 2374 5050 2503 5089; x_wconf 84' lang='lat' dir='ltr'><strong>ster.</strong></span> <span class='ocrx_word' id='word_1_864' title='bbox 2538 5055 2557 5088; x_wconf 76' lang='grc' dir='ltr'>ι</span> <span class='ocrx_word' id='word_1_865' title='bbox 2626 5034 2849 5087; x_wconf 78' lang='lat' dir='ltr'><strong>Maxime</strong></span> <span class='ocrx_word' id='word_1_866' title='bbox 2900 5033 3190 5085; x_wconf 78' lang='lat' dir='ltr'><strong>notandum</strong></span> <span class='ocrx_word' id='word_1_867' title='bbox 3241 5029 3380 5098; x_wconf 88' lang='lat' dir='ltr'><strong>quod</strong></span> <span class='ocrx_word' id='word_1_868' title='bbox 3439 5026 3631 5095; x_wconf 76' lang='lat' dir='ltr'><strong>legitur</strong></span> <span class='ocrx_word' id='word_1_869' title='bbox 3676 5039 3825 5079; x_wconf 90' lang='lat' dir='ltr'><strong>num.</strong></span> <span class='ocrx_word' id='word_1_870' title='bbox 3856 5021 3926 5075; x_wconf 71' lang='grc'><strong>27</strong></span> 
     </span>
    </p>
   </div>
   <div class='ocr_carea' id='block_1_109' title="bbox 2374 5114 3925 5191">
    <p class='ocr_par' dir='ltr' id='par_1_109' title="bbox 2374 5114 3925 5191">
     <span class='ocr_line' id='line_1_109' title="bbox 2374 5114 3925 5191; baseline -0.011 -9"><span class='ocrx_word' id='word_1_871' title='bbox 2374 5128 2475 5182; x_wconf 89' lang='lat' dir='ltr'><strong>hoc</strong></span> <span class='ocrx_word' id='word_1_872' title='bbox 2506 5126 2662 5180; x_wconf 89' lang='lat' dir='ltr'><strong>modo</strong></span> <span class='ocrx_word' id='word_1_873' title='bbox 2691 5146 2704 5180; x_wconf 92' lang='lat'><strong>:</strong></span> <span class='ocrx_word' id='word_1_874' title='bbox 2732 5122 2864 5177; x_wconf 72' lang='grc' dir='ltr'><strong>Οὔτε</strong></span> <span class='ocrx_word' id='word_1_875' title='bbox 2899 5122 2953 5176; x_wconf 78' lang='grc' dir='ltr'>δὲ</span> <span class='ocrx_word' id='word_1_876' title='bbox 2983 5122 3234 5191; x_wconf 72' lang='grc' dir='ltr'><strong>γεννητὸς</strong></span> <span class='ocrx_word' id='word_1_877' title='bbox 3261 5120 3288 5171; x_wconf 80' lang='grc' dir='ltr'>ὁ</span> <span class='ocrx_word' id='word_1_878' title='bbox 3316 5120 3521 5190; x_wconf 79' lang='grc' dir='ltr'><strong>Πατὴρ,</strong></span> <span class='ocrx_word' id='word_1_879' title='bbox 3557 5117 3677 5170; x_wconf 75' lang='grc' dir='ltr'><strong>οὔτε</strong></span> <span class='ocrx_word' id='word_1_880' title='bbox 3698 5114 3925 5184; x_wconf 77' lang='grc' dir='ltr'><strong>ἀγέννηο</strong></span> 
     </span>
    </p>
   </div>
   <div class='ocr_carea' id='block_1_110' title="bbox 2370 5206 3925 5287">
    <p class='ocr_par' dir='ltr' id='par_1_110' title="bbox 2370 5206 3925 5287">
     <span class='ocr_line' id='line_1_110' title="bbox 2370 5206 3925 5287; baseline -0.01 -14"><span class='ocrx_word' id='word_1_881' title='bbox 2370 5237 2461 5283; x_wconf 81' lang='grc' dir='ltr'><strong>τος</strong></span> <span class='ocrx_word' id='word_1_882' title='bbox 2487 5223 2516 5272; x_wconf 86' lang='grc' dir='ltr'>ὁ</span> <span class='ocrx_word' id='word_1_883' title='bbox 2556 5218 2700 5282; x_wconf 74' lang='grc' dir='ltr'>Υἱὸς,</span> <span class='ocrx_word' id='word_1_884' title='bbox 2729 5215 2841 5270; x_wconf 83' lang='grc' dir='ltr'><strong>ἀλλ’</strong></span> <span class='ocrx_word' id='word_1_885' title='bbox 2877 5218 3013 5287; x_wconf 80' lang='grc' dir='ltr'><strong>ὅπερ</strong></span> <span class='ocrx_word' id='word_1_886' title='bbox 3042 5216 3183 5268; x_wconf 77' lang='grc' dir='ltr'><strong>ἔστιν</strong></span> <span class='ocrx_word' id='word_1_887' title='bbox 3220 5212 3605 5282; x_wconf 72' lang='grc' dir='ltr'><strong>ἁτελευτὴτως.</strong></span> <span class='ocrx_word' id='word_1_888' title='bbox 3648 5207 3804 5261; x_wconf 76' lang='grc' dir='ltr'><strong>τοῦτο</strong></span> <span class='ocrx_word' id='word_1_889' title='bbox 3830 5206 3925 5258; x_wconf 79' lang='grc' dir='ltr'><strong>καὶ</strong></span> 
     </span>
    </p>
   </div>
   <div class='ocr_carea' id='block_1_111' title="bbox 2371 5294 3925 5381">
    <p class='ocr_par' dir='ltr' id='par_1_111' title="bbox 2371 5294 3925 5381">
     <span class='ocr_line' id='line_1_111' title="bbox 2371 5294 3925 5381; baseline -0.01 -18"><span class='ocrx_word' id='word_1_890' title='bbox 2371 5312 2660 5381; x_wconf 76' lang='grc' dir='ltr'><strong>λεγόμενον</strong></span> <span class='ocrx_word' id='word_1_891' title='bbox 2681 5306 2891 5378; x_wconf 78' lang='grc' dir='ltr'><strong>ἀληθῶς</strong></span> <span class='ocrx_word' id='word_1_892' title='bbox 2917 5308 3178 5376; x_wconf 78' lang='grc' dir='ltr'><strong>γέννημα,</strong></span> <span class='ocrx_word' id='word_1_893' title='bbox 3212 5304 3338 5358; x_wconf 77' lang='grc' dir='ltr'><strong>Υἱὸν</strong></span> <span class='ocrx_word' id='word_1_894' title='bbox 3370 5303 3627 5374; x_wconf 80' lang='grc' dir='ltr'><strong>ὑπήκοον,</strong></span> <span class='ocrx_word' id='word_1_895' title='bbox 3654 5308 3759 5353; x_wconf 84' lang='lat' dir='ltr'><strong>etc.</strong></span> <span class='ocrx_word' id='word_1_896' title='bbox 3790 5314 3810 5348; x_wconf 85' lang='lat' dir='ltr'><strong>t</strong></span> <span class='ocrx_word' id='word_1_897' title='bbox 3829 5294 3925 5349; x_wconf 75' lang='lat' dir='ltr'><strong>Ne-</strong></span> 
     </span>
    </p>
   </div>
   <div class='ocr_carea' id='block_1_112' title="bbox 2373 5386 3890 5474">
    <p class='ocr_par' dir='ltr' id='par_1_112' title="bbox 2373 5386 3890 5474">
     <span class='ocr_line' id='line_1_112' title="bbox 2373 5386 3890 5474; baseline -0.012 -17"><span class='ocrx_word' id='word_1_898' title='bbox 2373 5420 2478 5474; x_wconf 85' lang='lat' dir='ltr'><strong>que</strong></span> <span class='ocrx_word' id='word_1_899' title='bbox 2527 5418 2655 5457; x_wconf 83' lang='lat' dir='ltr'><strong>vero</strong></span> <span class='ocrx_word' id='word_1_900' title='bbox 2705 5401 2914 5471; x_wconf 84' lang='lat' dir='ltr'><strong>genitus</strong></span> <span class='ocrx_word' id='word_1_901' title='bbox 2971 5408 3053 5452; x_wconf 84' lang='lat' dir='ltr'><strong>est</strong></span> <span class='ocrx_word' id='word_1_902' title='bbox 3091 5396 3271 5458; x_wconf 79' lang='lat' dir='ltr'><strong>Pater,</strong></span> <span class='ocrx_word' id='word_1_903' title='bbox 3321 5408 3495 5462; x_wconf 88' lang='lat' dir='ltr'><strong>neque</strong></span> <span class='ocrx_word' id='word_1_904' title='bbox 3529 5388 3798 5459; x_wconf 87' lang='lat' dir='ltr'><strong>ingenitus</strong></span> <span class='ocrx_word' id='word_1_905' title='bbox 3829 5386 3890 5441; x_wconf 78' lang='grc' dir='ltr'><strong>ιιί</strong></span> 
     </span>
    </p>
   </div>
   <div class='ocr_carea' id='block_1_113' title="bbox 2372 5476 3924 5562">
    <p class='ocr_par' dir='ltr' id='par_1_113' title="bbox 2372 5476 3924 5562">
     <span class='ocr_line' id='line_1_113' title="bbox 2372 5476 3924 5562; baseline -0.012 -13"><span class='ocrx_word' id='word_1_906' title='bbox 2372 5496 2475 5551; x_wconf 88' lang='lat' dir='ltr'><strong>lius</strong></span> <span class='ocrx_word' id='word_1_907' title='bbox 2511 5495 2647 5552; x_wconf 89' lang='lat' dir='ltr'><strong>:sed</strong></span> <span class='ocrx_word' id='word_1_908' title='bbox 2684 5493 2825 5562; x_wconf 88' lang='lat' dir='ltr'><strong>quod</strong></span> <span class='ocrx_word' id='word_1_909' title='bbox 2858 5500 2940 5544; x_wconf 83' lang='lat' dir='ltr'><strong>est</strong></span> <span class='ocrx_word' id='word_1_910' title='bbox 2964 5490 3080 5543; x_wconf 86' lang='lat' dir='ltr'><strong>sine</strong></span> <span class='ocrx_word' id='word_1_911' title='bbox 3104 5487 3208 5539; x_wconf 90' lang='lat' dir='ltr'><strong>ullo</strong></span> <span class='ocrx_word' id='word_1_912' title='bbox 3237 5488 3363 5550; x_wconf 87' lang='lat' dir='ltr'><strong>line,</strong></span> <span class='ocrx_word' id='word_1_913' title='bbox 3407 5484 3459 5538; x_wconf 90' lang='lat' dir='ltr'><strong>id</strong></span> <span class='ocrx_word' id='word_1_914' title='bbox 3499 5482 3657 5535; x_wconf 88' lang='lat' dir='ltr'><strong>etiam</strong></span> <span class='ocrx_word' id='word_1_915' title='bbox 3691 5476 3924 5533; x_wconf 84' lang='lat' dir='ltr'><strong>fatemur</strong></span> 
     </span>
    </p>
   </div>
   <div class='ocr_carea' id='block_1_114' title="bbox 2374 5578 3920 5655">
    <p class='ocr_par' dir='ltr' id='par_1_114' title="bbox 2374 5578 3920 5655">
     <span class='ocr_line' id='line_1_114' title="bbox 2374 5578 3920 5655; baseline -0.01 -13"><span class='ocrx_word' id='word_1_916' title='bbox 2374 5604 2501 5645; x_wconf 82' lang='lat' dir='ltr'><strong>vere</strong></span> <span class='ocrx_word' id='word_1_917' title='bbox 2526 5586 2627 5643; x_wconf 91' lang='lat' dir='ltr'><strong>dici</strong></span> <span class='ocrx_word' id='word_1_918' title='bbox 2685 5584 3007 5655; x_wconf 87' lang='lat' dir='ltr'><strong>genituram,</strong></span> <span class='ocrx_word' id='word_1_919' title='bbox 3046 5578 3238 5636; x_wconf 85' lang='lat' dir='ltr'><strong>Filium</strong></span> <span class='ocrx_word' id='word_1_920' title='bbox 3299 5584 3755 5643; x_wconf 63' lang='lat' dir='ltr'><strong>obsequentem,»</strong></span> <span class='ocrx_word' id='word_1_921' title='bbox 3816 5581 3920 5628; x_wconf 84' lang='lat' dir='ltr'><strong>etc.</strong></span> 
     </span>
    </p>
   </div>
   <div class='ocr_carea' id='block_1_115' title="bbox 2375 5662 3922 5749">
    <p class='ocr_par' dir='ltr' id='par_1_115' title="bbox 2375 5662 3922 5749">
     <span class='ocr_line' id='line_1_115' title="bbox 2375 5662 3922 5749; baseline -0.013 -15"><span class='ocrx_word' id='word_1_922' title='bbox 2375 5678 2615 5749; x_wconf 89' lang='lat' dir='ltr'><strong>Denique</strong></span> <span class='ocrx_word' id='word_1_923' title='bbox 2653 5674 2751 5730; x_wconf 87' lang='lat' dir='ltr'><strong>sub</strong></span> <span class='ocrx_word' id='word_1_924' title='bbox 2799 5673 2955 5727; x_wconf 85' lang='lat' dir='ltr'><strong>finem</strong></span> <span class='ocrx_word' id='word_1_925' title='bbox 2999 5670 3179 5741; x_wconf 86' lang='lat' dir='ltr'><strong>operis</strong></span> <span class='ocrx_word' id='word_1_926' title='bbox 3231 5682 3379 5722; x_wconf 89' lang='lat' dir='ltr'><strong>num.</strong></span> <span class='ocrx_word' id='word_1_927' title='bbox 3414 5664 3483 5720; x_wconf 71' lang='lat'><strong>28</strong></span> <span class='ocrx_word' id='word_1_928' title='bbox 3535 5666 3613 5719; x_wconf 89' lang='lat' dir='ltr'><strong>sic</strong></span> <span class='ocrx_word' id='word_1_929' title='bbox 3663 5662 3922 5730; x_wconf 79' lang='lat' dir='ltr'><strong>scriptum</strong></span> 
     </span>
    </p>
   </div>
   <div class='ocr_carea' id='block_1_116' title="bbox 2374 5749 3919 5828">
    <p class='ocr_par' dir='ltr' id='par_1_116' title="bbox 2374 5749 3919 5828">
     <span class='ocr_line' id='line_1_116' title="bbox 2374 5749 3919 5828; baseline -0.016 -3"><span class='ocrx_word' id='word_1_930' title='bbox 2374 5767 2673 5824; x_wconf 69' lang='lat' dir='ltr'><strong>invenimus</strong></span> <span class='ocrx_word' id='word_1_931' title='bbox 2722 5786 2733 5819; x_wconf 86' lang='lat'>:</span> <span class='ocrx_word' id='word_1_932' title='bbox 2779 5762 2906 5826; x_wconf 72' lang='grc' dir='ltr'><strong>Υἱὸς</strong></span> <span class='ocrx_word' id='word_1_933' title='bbox 2954 5761 3048 5815; x_wconf 78' lang='grc' dir='ltr'><strong>τοῦ</strong></span> <span class='ocrx_word' id='word_1_934' title='bbox 3083 5759 3240 5825; x_wconf 78' lang='grc' dir='ltr'><strong>Θεοῦ,</strong></span> <span class='ocrx_word' id='word_1_935' title='bbox 3285 5758 3523 5828; x_wconf 68' lang='grc' dir='ltr'><strong>γέννημα</strong></span> <span class='ocrx_word' id='word_1_936' title='bbox 3569 5751 3662 5806; x_wconf 73' lang='grc' dir='ltr'><strong>τοῦ</strong></span> <span class='ocrx_word' id='word_1_937' title='bbox 3694 5749 3919 5819; x_wconf 73' lang='grc' dir='ltr'><strong>ἀγεννήο</strong></span> 
     </span>
    </p>
   </div>
  </div>
