4080 6314
1207 383 1269 439 D.
1309 383 1453 438 IUL.
1491 377 1817 438 CARNEllll
1860 378 2243 433 PliﬁiFATlO.

3084 392 3333 436 οειιινιι

161 518 255 575 του,
279 526 297 561 ι
320 504 488 563 Filius
516 499 637 564 Dei,
664 500 907 570 genitura
931 501 1177 571 tngeniti.
1208 521 1229 555 s
1264 502 1401 559 Ecce
1438 512 1687 573 congesta
1716 499 1761 557 Α
1787 496 1996 551 Etenim
2048 494 2095 549 si
2148 506 2270 548 eum
2321 507 2447 548 vero
2499 490 2717 547 nomine
2747 499 2990 545 vocasset
3017 492 3340 560 genituram,

162 594 330 649 suntin
364 600 530 643 unum
561 588 745 641 omnia
781 588 916 657 loca,
974 588 1027 642 in
1072 588 1267 657 quibus
1315 590 1609 646 Eunomius
1632 589 1687 646 in

159 683 305 752 primo
327 690 429 732 suo
457 674 642 731 libello
671 679 889 733 nomine
917 674 1177 746 genitum
1204 680 1393 734 utitur.
1427 674 1535 732 Sed
1563 687 1684 732 tan-

160 788 250 829 tum
291 769 459 833 abest,
490 776 553 823 ut
604 768 805 825 alicubi
857 769 1001 823 dicat
1051 767 1245 827 Filium
1305 769 1442 825 falso
1475 772 1691 827 nomine

160 864 431 934 genituram
465 864 670 928 vocari,
704 871 760 915 ut
800 860 961 914 etiam
990 877 1095 917 uno
1125 865 1177 917 in
1212 862 1333 916 loco
1380 862 1568 917 doceat
1598 878 1691 934 ge-

164 959 330 1007 nitura
375 968 575 1009 nomen
616 952 866 1009 essentia:
912 951 1030 1008 Filii
1072 967 1390 1023 congruere,
1424 958 1475 1011 in
1519 957 1689 1013 altero

156 1059 265 1099 vero
298 1047 574 1117 conceptis
601 1042 782 1098 verbis
823 1048 1126 1114 pronuntiet
1168 1044 1359 1100 Filium
1385 1064 1512 1104 vere
1540 1051 1689 1121 geni-

154 1149 304 1192 turam
340 1139 471 1194 dici.
513 1136 648 1190 Cum
679 1149 826 1205 ergo,
860 1144 919 1190 ut
946 1150 1014 1189 ex
1049 1135 1208 1193 dictis
1251 1149 1417 1209 patet,
1467 1142 1518 1193 iu
1568 1141 1689 1195 ulti-

156 1228 237 1283 mis
256 1228 458 1283 duobus
486 1226 544 1278 in
571 1222 884 1279 Esuomimu
929 1224 1078 1281 libris
1115 1230 1421 1283 confutatus
1450 1229 1519 1282 sit
1546 1228 1590 1283 is
1619 1229 1687 1282 li-

153 1320 319 1383 bellus,
345 1317 396 1371 in
434 1331 541 1386 quo
566 1316 847 1372 haereticus
884 1316 971 1374 ille
998 1318 1293 1373 aﬂirmahat
1325 1318 1515 1375 Filium
1554 1319 1688 1375 falso

153 1410 341 1463 nomine
375 1408 683 1479 genituram
732 1408 1013 1477 appellari,
1046 1410 1100 1463 id
1137 1426 1244 1463 non
1276 1410 1491 1467 videtur
1540 1412 1687 1466 acci-

153 1500 373 1570 piendum
425 1501 498 1557 de
554 1500 731 1572 primo
772 1498 1019 1555 Eunomii
1054 1499 1258 1569 libello,
1303 1503 1356 1558 in
1407 1516 1515 1573 quo
1558 1504 1687 1559 nihil

154 1593 242 1645 tale
268 1590 559 1655 invenitur.
600 1594 694 1649 sed
721 1593 789 1647 de
820 1590 1080 1658 secundo,
1118 1606 1275 1661 quem
1325 1604 1474 1648 certe
1503 1593 1691 1648 contu-

150 1691 247 1738 tare
269 1700 367 1741 non
396 1685 578 1755 potuit
603 1684 851 1749 Basilius,
880 1683 982 1739 nisi
1009 1688 1209 1739 mortui
1236 1686 1429 1739 librum
1456 1684 1686 1754 aliquem

150 1775 402 1831 confutare
454 1787 620 1844 posse
670 1772 937 1828 dicantur.
979 1774 1235 1845 Sequitur
1258 1775 1471 1843 quidem
1504 1769 1691 1829 neces-

1791 584 1972 641 dicere
2002 597 2109 640 non
2142 580 2403 652 potuisset
2436 580 2605 650 ipsius
2672 579 2963 635 essentiam
3024 577 3348 631 indiscrimi-

1790 679 1959 731 natim
2006 672 2111 731 dici
2163 683 2322 742 posse
2380 672 2639 743 genitam,
2664 678 2755 725 aut
2802 687 2907 726 non
2933 665 3345 741 genitam.lilu.t

1788 765 1931 819 enim
1962 762 2305 837 apertissime
2328 771 2608 832 repugnat,
2633 759 2831 827 aliquid
2863 776 2989 815 vero
3018 758 3234 815 nomine
3263 772 3349 828 ge-

1793 858 2025 912 nituram
2084 850 2467 918 vocari,cnjus
2530 864 2707 907 tamen
2743 854 2973 905 essentia
3025 852 3127 908 t'lci
3182 853 3345 921 possit

1787 962 1894 1002 non
1924 950 2123 1019 genita.
2167 944 2283 999 Non
2311 954 2543 1012 estergo
2571 944 2711 1015 quod
2773 944 3049 1007 miremur,
3102 945 3147 995 si
3197 943 3346 1011 quis-

1792 1040 1931 1109 piam
1961 1043 2189 1109 scriptor
2222 1038 2509 1093 conl'utans
2526 1038 2815 1091 secundum
2850 1037 3040 1089 librum
3075 1032 3339 1091 Ennomii.

1788 1128 1985 1184 dixerit
2014 1131 2207 1185 Filium
2260 1141 2326 1180 ex
2377 1126 2495 1196 ejus
2532 1129 2797 1179 sententia
2852 1127 2989 1181 falso
3020 1127 3236 1180 nomine
3260 1140 3349 1196 ge-

1792 1220 2025 1278 nituram
2059 1220 2315 1293 appellari
2353 1234 2369 1271 :
2406 1219 2498 1273 sed
2534 1218 2759 1272 mirandi
2791 1229 2932 1273 esset
2957 1220 3123 1284 locus,
3148 1220 3190 1273 si
3240 1217 3346 1272 Ba-

1788 1313 1943 1370 silius
1969 1314 2085 1382 cjus
2115 1314 2191 1370 rei
2222 1311 2545 1368 Eunomium
2601 1308 2985 1376 insimulasset,
3012 1327 3135 1365 cum
3172 1310 3349 1365 Enno-

1788 1407 1951 1469 mius,
1979 1415 2036 1458 ut
2058 1420 2125 1459 ex
2154 1406 2318 1460 dictis
2364 1402 2555 1472 liquet.
2592 1402 2646 1455 in
2677 1404 2852 1471 primo
2879 1416 2977 1456 suo
3017 1404 3194 1457 libello
3225 1402 3349 1458 huic

1789 1499 2122 1556 accusationi
2150 1498 2324 1553 locum
2349 1498 2554 1552 nullum
2591 1496 2816 1551 dederit.
2846 1496 2913 1551 Et
2945 1499 3197 1567 quoniam
3230 1512 3346 1551 ma-

1786 1592 1876 1660 gni
1906 1588 2162 1646 momenti
2189 1594 2291 1650 est,
2318 1601 2477 1642 nosse
2520 1598 2641 1643 uter
2684 1586 2898 1642 libellus
2933 1588 3173 1643 Ennoutii
3207 1586 3350 1641 retu-

1790 1693 1933 1739 tetur
1960 1684 2014 1740 in
2040 1681 2196 1739 libris
2223 1687 2421 1751 quarto
2452 1688 2504 1732 ct
2534 1682 2721 1749 quinto
2744 1690 2932 1734 contra
2973 1680 3217 1733 eumdem
3243 1678 3351 1733 Eu-

1790 1776 2071 1830 nomium:
2113 1773 2370 1846 experiar
2400 1784 2592 1825 rursus
2647 1787 2716 1826 an
2757 1770 2986 1841 probare
3020 1771 3217 1839 possim
3263 1785 3349 1825 re-

155 1865 300 1927 sario,
335 1872 391 1917 ut
423 1862 477 1916 in
527 1862 818 1931 postremis
844 1864 1051 1921 duobus
1082 1868 1135 1918 in
1181 1862 1500 1919 Eunomitms
1532 1866 1683 1922 libris
1717 1852 1756 1907 Β
1786 1864 2009 1920 lutatum
2053 1866 2221 1922 luisse
2281 1880 2384 1921 non
2412 1864 2665 1936 primum,
2695 1867 2786 1920 sed
2835 1865 3152 1920 secundum.
3182 1860 3352 1917 Nemo

153 1949 435 2006 «uolutatus
469 1953 543 2007 sit
567 1954 836 2010 secundus
869 1955 1119 2012 Eunomii
1151 1955 1380 2021 libellus,
1412 1956 1457 2013 si
1484 1956 1689 2027 primus

153 2045 250 2112 ejus
275 2043 410 2100 liber
446 2044 505 2100 in
536 2044 623 2102 his
652 2061 753 2101 non
784 2046 1131 2102 confutatur:
1162 2049 1257 2102 sed
1290 2048 1343 2103 id
1372 2056 1551 2103 tamen
1576 2064 1687 2104 rur-

152 2150 229 2191 cus
274 2138 601 2195 continuare
645 2139 777 2194 libet
808 2155 876 2193 ex
914 2138 1160 2208 Gregorii
1206 2137 1434 2210 Nysseni
1482 2138 1684 2207 verbis,

151 2224 247 2292 qsi,
274 2236 329 2280 ut
360 2236 552 2281 notum
594 2236 701 2292 est,
736 2230 1035 2282 secundum
1086 2228 1227 2284 hunc
1256 2229 1506 2283 Eunomii
1538 2230 1688 2283 libel-

152 2319 243 2373 lum
292 2317 515 2374 refellit.
585 2317 793 2373 lndneit
850 2318 1015 2390 igitur
1069 2319 1150 2375 sic
1217 2320 1521 2389 loquentem
1578 2320 1689 2375 Eu-

153 2410 362 2465 nomium
422 2409 723 2482 Gregorius
796 2408 1074 2485 Nyssenus
1143 2412 1388 2467 oratione
1432 2410 1488 2478 3,
1556 2421 1687 2467 tom.

155 2498 208 2561 li,
254 2513 367 2571 pag.
415 2498 519 2555 5H
568 2516 583 2554 :
644 2500 909 2571 Γεννητὸν
970 2500 1125 2566 ὂντα,
1180 2502 1335 2574 φησι,
1388 2500 1482 2556 τὸν
1538 2502 1687 2568 Υίδν,

152 2591 229 2643 καὶ
258 2591 498 2660 γέννημα
527 2590 707 2659 λέγειν
734 2592 794 2643 οὗ
834 2590 1267 2663 παραιτούμεθα,
1285 2593 1386 2662 τῆς
1415 2591 1691 2662 γεννηθεί-

153 2697 234 2751 σης
275 2682 439 2751 αὐτῆς
473 2681 685 2745 οὐσίας.
718 2683 813 2734 καὶ
840 2683 941 2752 τῆς
986 2680 1079 2735 τοῦ
1110 2680 1241 2736 Υἱοῦ
1294 2683 1689 2755 προσηγορίας,

151 2775 233 2844 τὴν
277 2773 533 2846 τοιαύτην
588 2773 695 2828 τῶν
746 2775 1025 2844 ὀνομάτων
1068 2775 1442 2846 οἰκειουμένης
1486 2776 1692 2847 σχέσιν.

155 2883 171 2914 ι
207 2863 460 2931 Genitum,
502 2867 701 2936 inquit,
752 2865 947 2921 Filium
999 2880 1137 2935 esse,
1175 2874 1231 2922 et
1273 2866 1572 2937 genituram
1603 2865 1691 2922 di-

1788 1968 1969 2011 autem
2004 1955 2163 2026 paulo
2188 1958 2417 2024 peritior
2447 1954 2621 2011 nescit
2672 1956 3006 2011 adversarios
3029 1956 3208 2011 dicere
3230 1954 3355 2010 soli-

1788 2057 1891 2115 tos,
1932 2046 2005 2119 (ὁ)
2049 2045 2307 2102 Basilium
2338 2048 2392 2101 in
2426 2048 2583 2103 libris
2634 2056 2829 2118 quarto
2868 2056 2924 2101 et
2950 2049 3137 2117 quinto
3164 2060 3351 2103 contra

1788 2138 2107 2195 Eminentius
2162 2141 2233 2195 de
2287 2138 2471 2192 multis
2519 2154 2639 2208 qua:
2698 2139 2768 2194 ab
2816 2140 2933 2211 ipso
2991 2138 3354 2194 atterebantur

1788 2232 2199 2299 Scripturarum
2247 2232 2574 2289 testimoniis
2611 2244 2853 2287 seorsum
2898 2232 3064 2299 loqui.
3090 2230 3198 2300 Ego
3225 2228 3351 2300 qni-

1788 2322 1909 2376 dem
1982 2321 2211 2377 libenter
2266 2325 2481 2381 fatebor
2544 2324 2833 2395 protulisse
2900 2322 3221 2379 Eunomium
3283 2336 3351 2378 ex

1790 2412 2087 2481 Scripturis
2123 2414 2236 2467 loca
2296 2416 2457 2469 multa
2500 2416 2565 2470 ad
2606 2414 2935 2486 probandam
2964 2431 3117 2469 suam
3139 2416 3352 2485 opinio-

1789 2519 1912 2560 nem
1949 2520 1965 2559 :
2004 2505 2098 2559 sed
2138 2518 2275 2575 nego
2329 2506 2444 2559 haec
2470 2503 2767 2575 Scriptum
2811 2506 2925 2561 loca
2965 2520 3083 2574 qua:
3119 2506 3172 2560 in
3203 2506 3354 2560 libris

1789 2604 1983 2667 quarto
2031 2602 2088 2651 et
2115 2594 2304 2664 quinto
2337 2606 2521 2650 contra
2548 2596 2862 2651 Eunomiuus
2882 2597 3264 2668 explanantur,
3296 2597 3350 2651 in

1788 2686 2029 2755 ejusdem
2062 2686 2308 2744 Eunomii
2338 2688 2475 2744 libro
2498 2689 2672 2758 primo
2700 2689 2944 2757 reperiri.
2981 2688 3047 2743 Et
3070 2702 3197 2743 vero
3229 2704 3351 2744 cum

1794 2786 1903 2833 tam
1933 2777 2101 2833 multa
2139 2787 2483 2849 exponentur
2508 2780 2912 2850 Scripturarum
2954 2778 3261 2835 testimonia
3293 2780 3349 2835 in

1792 2866 1999 2923 duobus
2034 2868 2119 2925 his
2147 2884 2285 2939 quos
2328 2872 2439 2925 dixi
2495 2872 2668 2937 libris,
2698 2882 2876 2929 tamen
2910 2870 3181 2927 allirmare
3222 2885 3351 2942 pos-

150 2972 255 3013 cere
290 2973 388 3015 non
432 2973 773 3025 recusamus,
814 2974 936 3015 cum
974 2959 1089 3031 ipsa
1144 2959 1323 3031 genita
1358 2960 1613 3027 essentia,
1639 2970 1696 3017 et
1791 2973 1931 3024 sum,
1971 2958 2017 3014 si
2069 2956 2209 3017 forte
2258 2960 2363 3015 tria
2419 2973 2513 3015 aut
2554 2973 2784 3031 quatuor
2840 2963 3100 3031 excipias,
3139 2962 3349 3031 reliqua

153 3049 253 3104 l‘iiii
282 3051 567 3121 appellatio
606 3053 763 3107 talem
800 3052 1075 3108 nominum
1100 3050 1413 3109 relationem
1450 3053 1549 3107 sibi
1573 3054 1691 3109 vin-

153 3142 307 3197 dicare
337 3144 527 3212 possit.
565 3162 587 3196 s
614 3142 909 3198 Eunomius
935 3145 1180 3212 quidem,
1204 3151 1263 3197 ut
1286 3158 1469 3199 verum
1500 3143 1689 3207 fatear,

156 3247 241 3285 nun
264 3248 518 3303 expresse
551 3234 659 3289 hoc
704 3233 825 3289 loco
849 3234 927 3288 ait
956 3232 1153 3288 Filium
1201 3233 1335 3289 falso
1356 3234 1569 3289 nomine
1594 3248 1686 3303 ge-

156 3322 361 3376 nituram
390 3321 657 3393 appellari
690 3339 705 3376 :
761 3322 855 3377 sed
910 3330 1089 3377 tamen
1134 3322 1209 3377 ita
1235 3322 1404 3392 loqui,
1436 3340 1457 3375 c
1482 3325 1691 3393 genitu-

155 3428 247 3466 rant
295 3412 472 3467 dicere
529 3425 639 3466 non
673 3424 988 3465 recusamus
1017 3407 1287 3483 [Filium],
1328 3430 1349 3464 ι
1418 3410 1533 3482 ejus
1584 3420 1687 3477 est,

151 3503 226 3570 qui
250 3504 393 3575 quasi
445 3504 654 3558 invitus
682 3499 880 3557 Filium
937 3510 1095 3555 vocat
1139 3502 1463 3569 genituram,
1494 3502 1692 3572 quique

152 3598 307 3666 aliquo
336 3596 498 3653 modo
526 3595 795 3666 signiticet
816 3607 941 3649 eum
984 3606 1095 3647 non
1128 3590 1347 3663 proprie
1404 3592 1476 3646 ita
1508 3590 1691 3647 vocari

153 3687 359 3752 debere;
416 3685 490 3741 ob
546 3687 710 3753 idque
766 3685 1065 3741 Eunomius
1110 3698 1140 3739 a
1186 3684 1453 3752 scriptore
1506 3699 1689 3756 repre-

152 3776 288 3830 luendi
333 3778 533 3832 merito
581 3775 777 3846 potuit,
824 3776 967 3844 quod
992 3776 1226 3846 quodam
1268 3776 1428 3831 modo
1473 3775 1691 3833 doceret

152 3864 319 3924 Filium
361 3868 501 3925 falso
557 3867 777 3923 nomine
819 3868 1122 3934 genituram
1153 3867 1360 3922 vocari.
1404 3865 1573 3936 Magis
1622 3865 1689 3921 ad

150 3974 244 4014 rem
274 3962 473 4017 iaciunt
494 3974 621 4033 qua:
642 3959 746 4016 hoc
767 3957 884 4029 ipso
918 3958 969 4012 in
992 3958 1109 4014 loco
1136 3956 1405 4028 leguntur.
1438 3955 1563 4013 ilzec
1592 3970 1691 4012 au-

152 4058 240 4102 ιω
265 4058 384 4105 mm
422 4050 501 4121 (α)
532 4068 548 4105 ε
582 4047 735 4112 Τέως
776 4047 873 4119 μὲν
908 4040 1003 4101 οὖν
1044 4049 1073 4101 ὁ
1122 4046 1383 4118 κριτικῶς
1404 4046 1509 4101 τῶν
1532 4048 1685 4116 λεγο-

151 4138 299 4207 μένων
320 4141 554 4207 ἁκούων,
584 4141 775 4195 τούτου
811 4138 1122 4213 μεμνήσθω,
1151 4140 1233 4193 ὅτι
1267 4139 1367 4213 τὴν
1413 4138 1685 4212 γεννηθεῖ-

151 4244 228 4282 σαν
250 4230 503 4300 λέγει,ὠς
535 4234 733 4305 μηκέτι
774 4237 910 4306 μήτε
930 4234 1027 4305 τὴν
1062 4234 1404 4304 ἀγεννησίαν,
1425 4235 1561 4305 μήτε
1589 4235 1687 4306 τὴν

147 4322 364 4393 γέννησιν
422 4328 544 4380 ἀντ’
597 4327 785 4391 οὐσίας
829 4325 1367 4398 παραλαμϐάνεσθαι,
1422 4326 1534 4379 ἀλλ’
1582 4327 1688 4397 ἰδίᾳ

150 4412 230 4481 μιν
256 4414 346 4486 τὴν
366 4415 556 4469 οὐσίαν
579 4412 1121 4487 παραλαμϐάνεσθαι,
1156 4414 1263 4487 ἰδίᾳ
1305 4414 1364 4469 δὲ
1409 4415 1472 4467 τὸ
1496 4430 1687 4486 γεννη-

1791 3053 1973 3107 omnia
2016 3052 2068 3108 in
2093 3053 2267 3122 primo
2289 3051 2537 3108 Eunomii
2564 3052 2743 3107 libello
2771 3068 2875 3108 non
2908 3053 3036 3123 legi.
3069 3051 3350 3123 Reliquum

1794 3152 1878 3197 est
1915 3143 2079 3213 igitur
2111 3153 2169 3196 ut
2225 3152 2304 3199 tot
2360 3142 2764 3215 Scripturarum
2795 3146 3125 3212 testimonia,
3148 3161 3267 3217 quae
3296 3148 3348 3202 iu

1795 3230 1946 3288 libris
1976 3243 2176 3301 quarto
2205 3244 2262 3288 et
2294 3235 2482 3305 quiqu
2512 3246 2697 3291 contra
2730 3235 3054 3291 Enumiunt
3078 3240 3352 3308 explican-

1790 3332 1897 3389 tur,
1932 3325 2137 3395 proiata
2171 3326 2282 3383 sint
2326 3327 2395 3381 ab
2442 3326 2705 3383 Eunomio
2731 3342 2837 3403 non
2869 3330 2921 3383 iu
2954 3330 3126 3399 primo
3157 3343 3256 3385 suo
3283 3329 3352 3385 li-

1791 3416 1946 3484 bello,
1987 3418 2040 3472 in
2102 3432 2209 3487 quo
2262 3433 2367 3474 non
2417 3420 2801 3487 inveniuntur,
2841 3419 2934 3475 sed
2992 3420 3044 3475 in
3091 3421 3347 3481 secundo.

1789 3521 1947 3576 quem
1985 3516 2136 3565 certe
2172 3508 2403 3566 Basilius
2454 3512 2735 3568 confutare
2802 3528 2905 3568 non
2966 3513 3162 3581 potuit,
3223 3527 3347 3566 enm

1789 3612 1914 3656 ante
1940 3609 2185 3656 mortuus
2208 3610 2374 3669 esset,
2398 3616 2559 3671 quam
2594 3604 2859 3658 secundus
2890 3603 2982 3659 ille
3008 3603 3222 3659 libellus
3247 3618 3345 3675 pn-

1790 3692 1987 3746 blieum
2037 3692 2360 3761 accepisset.
2395 3690 2463 3746 Et
2492 3701 2553 3745 ut
2584 3692 2759 3763 magis
2811 3692 3158 3748 confirmetur
3204 3696 3346 3764 quod

1789 3782 1922 3850 dixi,
1961 3783 2120 3839 velim
2164 3784 2451 3856 diligenter
2482 3782 2733 3855 legantur
2762 3799 2881 3854 qua:
2917 3784 2969 3839 in
2994 3785 3132 3840 libro
3153 3797 3348 3855 quarto

1789 3871 1989 3941 scripta
2028 3881 2175 3942 sunt,
2192 3887 2312 3943 pag.
2340 3870 2466 3937 29!,
2498 3872 2585 3927 ubi
2630 3873 2749 3943 ejus
2782 3872 2903 3928 libri
2943 3882 3131 3927 auctor
3181 3870 3346 3941 expli-

1786 3970 1875 4018 cat
1902 3962 2029 4020 illud
2054 3962 2239 4032 Marci,
2264 3962 2459 4019 Nullus
2487 3966 2649 4019 bonus
2672 3966 2774 4017 nisi
2811 3980 2946 4019 unus
2971 3961 3112 4017 Deus
3134 3961 3197 4016 ⁸³.
3226 3960 3344 4019 .lam

1789 4067 2029 4124 quaeram
2058 4054 2124 4111 ad
2153 4068 2312 4125 quem
2347 4053 2597 4108 Eunomii
2626 4051 2823 4107 librum
2871 4052 3164 4123 respexerit
3205 4053 3342 4109 scri-

1793 4154 1935 4216 ptor,
1970 4161 2093 4202 cum
2139 4160 2203 4201 ea
2256 4158 2376 4216 qua!
2404 4144 2559 4199 retuli
2606 4140 2771 4199 Ilarci
2799 4144 2961 4200 verba
3006 4143 3341 4214 explanaret.

1788 4238 2111 4307 Respexitne
2138 4237 2206 4292 ad
2231 4237 2488 4309 primum,
2514 4250 2582 4290 an
2632 4236 2699 4292 ad
2746 4236 3079 4291 secundum?
3122 4235 3347 4291 Constat

1784 4333 1933 4382 certe
1968 4325 2035 4380 ad
2056 4324 2286 4396 primum
2314 4325 2581 4394 respicere
2616 4338 2719 4381 non
2753 4327 3010 4395 potuisse,
3041 4337 3163 4379 eum
3193 4323 3245 4379 in
3278 4338 3344 4378 eo

1788 4416 1913 4470 illud
1956 4413 2118 4472 Marci
2149 4416 2513 4471 testimonium
2554 4430 2660 4471 nou
2715 4414 2950 4486 legatur.
2995 4414 3343 4486 Consequens

149 4504 279 4575 θῆναι
302 4507 489 4580 αὐτὴν,
513 4507 549 4579 ἢ
581 4505 657 4579 μὴ
679 4506 1022 4578 γεννηθῆναι,
1043 4508 1130 4563 διὰ
1156 4506 1265 4561 τῶν
1290 4505 1685 4580 ἐπιθεωρουμι-

1788 4515 1873 4562 est
1899 4507 2083 4577 igitur,
2114 4514 2173 4560 ut
2201 4504 2500 4577 respexerit
2520 4505 2585 4560 ad
2626 4505 2941 4569 secundum,
2966 4504 3019 4559 in
3046 4520 3172 4575 quo,
3205 4514 3342 4560 teste

150 4612 235 4651 νων
260 4600 386 4672 αὐτῇ
420 4598 734 4673 ἰδιωμάτων
766 4597 1164 4654 κατανοεῖσθαι.
1202 4617 1222 4651 ι
1263 4598 1339 4654 Eo
1361 4613 1530 4670 usque
1563 4598 1684 4668 qui-

150 4688 270 4756 dem,
286 4694 372 4760 qui
405 4707 532 4747 cum
554 4690 768 4759 judicio
788 4703 852 4745 ea
888 4702 1009 4759 qua:
1028 4688 1281 4745 dicuntur
1327 4691 1497 4757 audit,
1524 4688 1683 4761 hujus

150 4778 444 4845 meminerit,
466 4779 621 4850 quod
660 4779 895 4851 genitam
937 4778 1229 4835 essentiam
1279 4778 1430 4843 dicit,
1467 4788 1528 4835 ut
1571 4794 1678 4836 non

150 4868 351 4938 amplius
376 4882 631 4927 naturam
662 4868 1027 4941 generationis
1059 4876 1358 4941 expertem,
1385 4882 1559 4939 neque
1590 4886 1683 4941 ge-

152 4960 453 5016 nerationem
480 4977 587 5033 pro
619 4962 734 5031 ipsa
770 4960 1007 5016 essentia
1034 4974 1313 5016 sumamus
1343 4976 1357 5013 :
1391 4960 1486 5017 sed
1523 4975 1679 5030 sepa-

150 5052 281 5107 ratim
328 5053 545 5123 quidem
606 5052 937 5116 essentiam,
987 5050 1280 5121 separatim
1328 5065 1455 5107 vero
1508 5053 1675 5122 ipsam

150 5143 348 5201 genitam
396 5156 540 5210 esse,
570 5141 661 5195 vel
710 5156 815 5197 non
860 5143 1131 5213 genitam,
1174 5156 1271 5212 per
1324 5144 1677 5211 proprietates

151 5247 245 5295 una
286 5234 336 5290 in
384 5250 448 5291 ea
509 5232 941 5302 conspiciuntur,
983 5233 1364 5302 intelligaus.
1393 5252 1413 5287 ι
1461 5233 1601 5305 Ergo
1632 5235 1674 5288 si

152 5317 248 5378 Filii
272 5326 519 5391 essentia,
548 5333 612 5380 ut
641 5323 902 5379 Eunomia
929 5322 1120 5394 placet,
1142 5324 1247 5379 dici
1274 5333 1483 5395 poterat
1510 5323 1675 5379 indis-

156 5417 451 5474 criminatim
490 5426 591 5473 aut
620 5416 825 5486 genita,
874 5422 967 5470 aut
996 5429 1100 5469 non
1129 5415 1304 5485 genita
1329 5454 1345 5480 ,
1380 5413 1547 5470 Filius
1583 5414 1680 5467 fai-

151 5518 201 5558 ω
249 5518 440 5567 tantum
492 5510 719 5567 nomine
766 5509 1009 5578 genitura
1078 5508 1147 5562 ab
1197 5510 1313 5577 ipso
1365 5508 1675 5563 vocabatur.

209 5618 273 5695 (ᾳ)
297 5620 688 5695 FregLNyssq
710 5620 933 5695 tom._ll,
955 5631 1095 5695 orat.
1129 5620 1185 5695 ii.

1785 4598 2043 4669 Gregorio
2064 4594 2325 4668 Nysseno,
2362 4597 2609 4652 utebatur
2634 4595 2930 4650 Eunomius
2963 4594 3033 4649 iis
3078 4609 3198 4665 qua:
3230 4594 3339 4649 disi

1787 4688 2063 4762 Evangelii
2104 4688 2289 4746 verbis
2334 4690 2402 4745 ad
2426 4703 2578 4745 suam
2605 4686 2911 4759 opinionem
2948 4686 3337 4742 stabiliendam.

1786 4781 2081 4838 Audiamus
2130 4779 2446 4853 Gregorium
2498 4779 2826 4853 Nyssenum,
2854 4778 3004 4849 cujus
3046 4778 3163 4833 hac
3214 4786 3340 4831 sunt

1784 4874 1925 4929 libro
1947 4873 2229 4930 undecimo
2257 4883 2443 4930 contra
2474 4871 2816 4934 Eunomiunt,
2850 4879 2989 4925 tomo
3013 4868 3075 4935 Il,
3111 4884 3164 4938 p.
3185 4866 3288 4922 694
3320 4885 3337 4923 :

1784 4961 1991 5019 Οὐκοῦν
2036 4964 2237 5035 ἀγαθὸς
2281 4965 2311 5019 ὁ
2336 4962 2484 5025 Υἱός.
2525 4960 2666 5014 Ἀλλ’
2702 4960 2891 5027 οὐδεὶς,
2921 4961 3106 5032 φησιν,
3138 4958 3340 5028 ἀγαθὸς

1780 5056 1830 5108 si
1863 5056 1938 5127 μὴ
1973 5050 2053 5121 εἷς
2102 5058 2133 5110 ὁ
2158 5054 2357 5119 Θεός...
2400 5052 2577 5117 Ἀλλὰ,
2630 5052 2795 5124 φησὶ,
2833 5051 2926 5107 τοῦ
2968 5052 3086 5115 svo;
3132 5051 3167 5123 ή
3198 5050 3341 5117 λέξις

1780 5146 2066 5221 ἀποκρίνει
2097 5147 2190 5202 τὸν
2220 5147 2349 5201 Υἱὺν
2370 5146 2471 5217 τῆς
2496 5146 2588 5199 τοῦ
2614 5142 2817 5213 ἀγαθοῦ
2848 5142 3153 5206 κοινωνίας.
3190 5158 3209 5193 t
3231 5140 3337 5197 Bo-

1782 5252 1886 5293 nus
1934 5239 2097 5309 igitur
2140 5238 2330 5295 Filius.
2398 5235 2505 5294 Sed
2554 5236 2749 5303 nullus,
2802 5234 3001 5304 inquit,
3031 5233 3191 5289 bonus
3233 5235 3339 5287 nisi

1782 5345 1917 5384 unus
1944 5328 2171 5387 θαι...
2228 5329 2357 5397 Sed,
2414 5328 2585 5400 inquit
2622 5322 2986 5403 [Eunomlus].
3034 5326 3193 5379 unius
3247 5324 3337 5379 die

1781 5420 1888 5477 ctio
1931 5419 2125 5477 Filium
2173 5438 2204 5478 a
2250 5422 2372 5478 boni
2418 5421 2794 5478 communione
2826 5417 3080 5474 secernit.
3122 5434 3143 5470 ι
3176 5414 3333 5473 Plura

1782 5510 1874 5579 qui
1908 5512 2066 5581 volet,
2098 5515 2236 5584 legat
2267 5514 2466 5584 primas
2519 5522 2725 5585 septem
2775 5510 3002 5584 paginas
3031 5508 3145 5579 ejus
3176 5524 3331 5580 quem

206 5689 269 5756 (⁸)
297 5689 432 5761 ιεκὸ
453 5689 749 5764 Protogeni
775 5693 865 5765 qui
900 5694 953 5750 in
989 5694 1120 5750 edit.
1165 5689 1336 5751 Paris.
1366 5692 1570 5763 positus
1590 5700 1673 5750 est

1788 5707 1819 5750 e
1849 5692 1938 5749 lib.
1970 5708 2021 5750 tv
2051 5694 2104 5749 in
2130 5690 2465 5751 Enitendum.

208 5778 248 5820 ἐ
269 5781 419 5841 Marc.
444 5801 502 5852 ι,
533 5785 626 5843 l8.
