4088 6310
707 375 978 414 CCXXX"!!!

2066 358 2597 416 PROLEGOMENA.

701 484 824 522 mox
856 468 1090 524 iudicavi
1124 467 1270 529 libri,
1317 482 1543 535 quarum
1572 482 1638 521 ex
1698 468 1924 523 lectione
1954 470 2112 539 plane
2140 478 2345 533 con-A
2374 473 2596 527 nitatem
2658 476 2919 529 revocarit
2964 476 3016 528 in
3062 473 3303 539 dubium,
3359 477 3452 530 sed
3506 477 3645 546 quod
3702 482 3913 546 tempori

700 559 862 612 stabit
894 556 1212 609 Eunomium
1247 557 1384 609 inter
1436 567 1629 611 czetera
1669 555 1965 626 Scriptura:
2024 562 2266 617 testimo-

701 648 787 698 nia
844 645 1133 715 protulisse
1186 653 1243 699 et
1284 644 1437 713 illud,
1490 663 1508 697 ι
1550 643 1739 701 Nullus
1768 648 1942 703 bonus
1989 649 2092 703 nisi
2132 666 2269 705 unus

704 739 862 795 Deus.
902 757 921 790 ι
966 738 1062 793 Est
1092 737 1244 793 locus
1299 739 1353 791 in
1412 739 1586 809 primo
1637 738 1887 796 Eunomii
1940 740 2144 808 libello,
2176 744 2268 814 qui

699 844 939 886 errorem
971 831 1103 885 viris
1141 831 1223 885 vel
1254 831 1633 887 eruditissimis
1662 831 1895 901 obiicere
1923 842 2118 905 potest,
2146 851 2266 891 cum

701 921 815 976 viro
845 922 1085 976 doctrina
1120 925 1395 991 praestanti
1444 921 1636 977 Joanni
1670 924 1891 980 Alberto
1936 925 2182 980 Fabricio
2214 942 2269 981 re

700 1014 811 1082 ipsa
856 1014 1138 1082 objecerit.
1188 1013 1364 1068 Verba
1420 1024 1598 1069 autem
1665 1015 1911 1070 Eunomii
1974 1018 2087 1072 lucc
2145 1029 2269 1073 sunt

696 1120 845 1160 num.
873 1104 942 1158 27
971 1124 985 1160 :
1016 1105 1231 1159 Τούτων
1264 1106 1328 1175 δὴ
1352 1106 1568 1161 πάντων
1601 1107 1865 1179 εὐκρινῶς
1900 1110 1997 1179 μὲν
2014 1112 2106 1164 καὶ
2134 1112 2268 1164 πλα-

692 1194 919 1265 τύτερον
968 1198 1026 1248 ὲν
1079 1196 1285 1265 ἑτέροις
1314 1197 1446 1268 ἡμῖν
1489 1196 1971 1269 ἀποδεδειγμένων,
1998 1201 2055 1252 ὲν
2076 1200 2269 1270 βραχεί

690 1286 748 1339 δὲ
771 1285 864 1338 νῦν
904 1285 1038 1356 πρὸς
1089 1286 1234 1359 ὑμᾶς
1263 1288 1740 1359 ὁμολογουμένων,
1765 1300 1871 1344 etc.
1909 1308 1928 1341 ι
1968 1290 2101 1345 Cum
2153 1290 2265 1358 jam

694 1380 940 1433 universa
969 1377 1174 1447 liquido
1197 1379 1480 1445 magisque
1510 1377 1718 1447 prolixe
1748 1377 1873 1432 alibi
1907 1394 1936 1431 a
1973 1379 2129 1435 nobis
2178 1382 2269 1437 de-

695 1479 1013 1538 monstrata,
1049 1484 1191 1524 nunc
1226 1484 1353 1524 vero
1385 1470 1438 1524 in
1477 1476 1693 1525 brevem
1724 1472 1791 1527 ad
1827 1487 1922 1528 vos
1965 1474 2267 1530 confessio-

695 1580 818 1619 nem
846 1565 953 1618 sint
984 1572 1285 1630 contracta,
1308 1581 1327 1615 ι
1362 1571 1468 1619 etc.
1511 1562 1681 1633 Quem
1718 1568 1783 1620 ad
1820 1567 1992 1621 locum
2030 1568 2073 1622 is
2106 1583 2263 1638 quem

696 1671 817 1710 mox
846 1657 1121 1711 nominavi
1152 1658 1236 1712 vir
1266 1658 1612 1712 doctissimus
1644 1659 1783 1712 lianc
1806 1668 1985 1711 notam
2009 1658 2212 1713 addidit
2248 1678 2261 1713 :

699 1766 718 1799 ι
764 1747 1040 1805 Notandns
1085 1749 1171 1804 hic
1227 1748 1398 1812 locus,
1429 1763 1536 1815 quo
1566 1747 1630 1800 ad
1660 1748 1912 1803 uberiora
1940 1764 2036 1805 sua
2065 1751 2264 1820 scripta

2370 568 2712 623 serviendum
2747 568 3018 634 sapienter
3044 569 3320 638 iudicarit.
3354 572 3527 639 Atque
3553 574 3604 627 in
3639 571 3743 626 illis
3795 573 3915 641 ipsis

2369 672 2506 725 quos
2539 658 2615 713 De
2666 658 2871 729 Spiritu
2912 670 3092 715 salicto
3144 660 3465 725 conscripsit
3510 664 3685 728 libris,
3733 679 3917 719 nomen

2369 745 2463 801 Dei
2487 763 2554 803 ne
2590 750 2755 804 semel
2783 746 2996 817 quidem
3033 750 3255 818 Spiritui
3293 759 3479 803 sancto
3531 755 3789 808 tributum
3850 754 3918 806 le-

2367 838 2562 907 gimus.
2589 839 2715 907 Ejus
2740 839 2948 911 generis
2976 849 3099 892 sunt
3128 842 3263 896 liber
3293 841 3482 897 tertius
3515 843 3568 894 in
3604 844 3917 899 Eunomium

2368 937 2422 981 et
2458 929 2845 984 celeberrimus
2880 930 2968 983 ille
3010 928 3075 982 ad
3113 929 3541 998 Amphilochium
3597 930 3677 985 De
3727 936 3918 1003 Spiritu

2367 1035 2547 1075 sancio
2584 1021 2716 1074 liber
2750 1038 2761 1071 :
2790 1037 3015 1090 quorum
3042 1020 3095 1075 in
3128 1030 3352 1092 utroque
3391 1035 3448 1079 ut
3505 1025 3918 1096 evidentissime,

2369 1113 2443 1167 ita
2474 1112 2824 1167 invictissime
2854 1114 3277 1187 probatqnidem
3335 1117 3571 1186 Spiritus
3622 1121 3796 1175 sancti
3847 1124 3921 1178 di-

2371 1206 2669 1265 vinitatem,
2707 1217 2803 1258 nec
2847 1219 3074 1272 usquam
3130 1215 3306 1260 tamen
3365 1206 3629 1276 Spiritum
3685 1223 3920 1267 sanctum

2370 1296 2534 1351 Deum
2578 1293 2829 1363 appellat.
2862 1293 2961 1361 Qui
2992 1308 3121 1363 ergo
3156 1296 3273 1353 ﬁeri
3321 1300 3509 1366 possit,
3539 1312 3599 1355 ut
3629 1318 3816 1357 eorum
3861 1304 3923 1358 de

2368 1387 2561 1458 quibus
2583 1387 2761 1454 agitur
2791 1386 3048 1442 librorum
3078 1397 3267 1443 auctor
3290 1393 3398 1457 sit,
3423 1404 3550 1445 cum
3580 1392 3634 1445 in
3664 1396 3795 1465 ipsis
3825 1410 3922 1450 non

2366 1479 2531 1535 semel
2558 1478 2791 1550 Spiritus
2816 1492 3036 1536 sanctus
3068 1480 3208 1536 Deus
3253 1486 3519 1539 vocetur?
3562 1485 3820 1560 Exempla
3866 1504 3925 1545 eo

2367 1585 2475 1639 quo
2517 1569 2865 1625 inveniuntur
2917 1574 3129 1638 ordine,
3159 1574 3427 1642 subjicere
3470 1578 3646 1631 visum
3682 1590 3784 1633 est.
3816 1584 3927 1635 l’ri-

2368 1671 2512 1709 mum
2567 1659 2809 1714 occurrit
2861 1658 2989 1712 illud
3054 1660 3127 1731 (p.
3181 1662 3306 1733 ίΞ99)
3350 1664 3456 1717 :Ei
3491 1666 3672 1719 τοίνυν
3726 1670 3927 1735 οὐδενός

2368 1749 2513 1801 ἐστιν
2529 1750 2745 1819 ἀφιέναι
2772 1752 3064 1822 ἁμαρτίας,
3087 1753 3272 1827 ὥσπερ
3292 1758 3389 1811 οὑκ
3411 1757 3576 1823 ἐστιν,
3597 1762 3644 1812 εἰ
3665 1762 3741 1833 μὴ
3774 1764 3927 1833 μόνου

688 1841 799 1908 jam
828 1852 952 1895 ante
984 1841 1113 1895 illud
1152 1849 1361 1907 tempus
1390 1838 1535 1894 edita
1584 1838 1880 1896 Eunomius
1918 1852 2193 1911 provocat.
2239 1864 2258 1898 ι

2371 1840 2522 1909 Θεοῦ,
2555 1844 2748 1915 ἀφίησι
2793 1845 2849 1897 δὲ
2878 1846 2938 1897 τὸ
2967 1845 3190 1917 Πνεῦμα
3230 1822 3291 1904 τὸ
3339 1853 3492 1921 ἅγιον
3518 1822 3608 1908 διὰ
3641 1822 3753 1910 τῶν
3774 1822 3926 1911 ’ἀπο-

693 1934 760 1987 Ει
798 1948 923 1987 vero
955 1933 998 1985 si
1054 1930 1221 1987 semel
1266 1945 1453 1986 verum
1501 1944 1586 1988 est
1617 1934 1938 1989 Eunomiqu
1983 1948 2109 1992 ante
2144 1955 2263 1993 eum

692 2040 854 2093 quem
916 2023 1147 2078 Basilius
1203 2022 1509 2080 confutavit
1560 2025 1757 2079 librum
1816 2026 1953 2081 alios
2004 2030 2265 2097 quosdam

693 2116 966 2187 longiores
1016 2118 1282 2183 edidisse;
1313 2116 1570 2186 quidquid
1612 2133 1640 2170 a
1691 2119 1847 2173 nobis
1906 2122 2153 2190 superius
2186 2123 2266 2176 di-

698 2221 846 2265 ctum
872 2222 973 2275 est,
1002 2225 1095 2279 per
1125 2225 1182 2263 se
1224 2211 1436 2277 penitus
1476 2210 1606 2264 ruit.
1642 2208 1776 2264 Nam
1800 2210 1902 2265 dici
1940 2212 2138 2281 poterit
2164 2212 2267 2267 Ba-

694 2304 870 2365 silius,
902 2318 1022 2356 cum
1061 2303 1113 2355 in
1141 2302 1295 2357 libris
1322 2313 1516 2372 quarto
1544 2312 1599 2356 et
1622 2304 1813 2373 quinto
1866 2316 2052 2359 contra
2090 2306 2266 2359 Euno-

692 2396 855 2445 mium
921 2394 1085 2447 multa
1145 2392 1545 2464 Scripturarum
1623 2393 1740 2448 loca
1789 2395 2114 2464 explicaret,
2157 2412 2260 2450 non

693 2489 994 2558 respexisse
1016 2490 1230 2559 quidem
1267 2490 1332 2543 ad
1361 2504 1483 2543 eum
1517 2489 1712 2545 librum
1741 2530 1756 2555 ,
1792 2505 1952 2560 quem
1988 2493 2261 2547 nominavi

695 2581 927 2649 primum
957 2581 1203 2636 Eunomii
1248 2580 1510 2645 libellum,
1542 2582 1635 2635 sed
1674 2583 1738 2636 ad
1770 2584 1969 2652 scripta
2017 2585 2260 2652 quaedam

697 2673 963 2743 longiora,
993 2673 1245 2744 quaejam
1297 2687 1424 2732 ante
1473 2678 1615 2731 edita
1654 2676 1720 2730 ab
1764 2676 2029 2732 Eunomio
2096 2678 2263 2734 fuisse

697 2764 925 2818 allirmat
986 2766 1221 2822 Joannes
1270 2769 1522 2822 Albertus
1550 2769 1850 2825 Fabricius.
1884 2768 1989 2825 Sed
2016 2771 2108 2841 qui
2150 2786 2261 2825 rem

697 2856 855 2923 paulo
883 2858 1139 2911 attentius
1172 2857 1549 2921 considerarit,
1588 2861 1764 2924 facile,
1811 2862 2021 2929 Opinor,
2074 2860 2263 2915 latebi-

699 2958 786 2998 tur
811 2962 914 2999 non
942 2946 1084 3015 loqui
1114 2947 1455 3010 Ennomium,
1487 2962 1552 3001 eo
1568 2963 1724 3017 quem
1743 2949 2004 3017 exscripsi
2026 2950 2167 3012 loco,
2196 2951 2261 3003 de

701 3041 970 3109 prioribus
1000 3042 1319 3109 quibusdam
1356 3041 1570 3109 scriptis
1600 3057 1627 3093 a
1664 3056 1725 3095 se
1767 3041 1877 3109 jam
1905 3050 2061 3095 antea
2087 3042 2261 3111 vulga-

2372 1934 2571 1988 στόλων
2595 1953 2607 1966 ’
2639 1936 2768 1999 Θεὸς
2805 1936 2912 2007 ἄρα
2939 1936 3000 1987 τὸ
3022 1937 3245 2008 Πνεῦμα
3288 1943 3349 1995 τὸ
3380 1945 3551 2011 ἅγιον,
3590 1948 3804 2019 καὶτῆς
3834 1952 3927 2002 αὑ-

2366 2027 2465 2097 τῆς
2496 2028 2771 2096 ἐνεργείας
2826 2028 2903 2099 τῷ
2957 2030 3129 2101 Πατρὶ
3178 2032 3271 2084 καὶ
3334 2034 3411 2104 τῷ
3450 2035 3580 2087 Υἰῶ.
3611 2056 3629 2086 ι
3677 2037 3861 2107 Itaque
3886 2044 3928 2094 si

2368 2117 2563 2170 nullius
2588 2126 2673 2171 est
2696 2120 2968 2176 remittere
3000 2131 3240 2192 peccata,
3262 2122 3403 2177 sicut
3427 2140 3559 2179 sane
3595 2128 3795 2183 nullius
3828 2141 3927 2191 est,

2369 2206 2471 2261 nisi
2491 2206 2585 2260 Dei
2624 2206 2815 2275 solius,
2860 2210 3091 2266 remittit
3114 2220 3292 2267 autem
3323 2212 3559 2283 Spiritus
3587 2228 3809 2273 sanctus
3833 2235 3928 2289 per

2368 2300 2672 2367 apostolos;
2715 2302 2856 2357 Deus
2899 2318 3025 2372 ergo
3055 2313 3139 2359 est
3184 2303 3415 2374 Spiritus
3445 2319 3688 2373 sanctus,
3718 2320 3769 2365 et
3795 2313 3931 2377 ejus-

2367 2390 2487 2442 dem
2526 2392 2857 2459 operationis
2888 2404 3048 2460 atque
3083 2394 3245 2449 Pater
3300 2408 3354 2450 et
3412 2398 3597 2453 Filius.
3632 2419 3651 2452 ι
3726 2400 3930 2459 Rursus

2366 2482 2444 2535 sic
2471 2479 2703 2551 loquitur
2730 2482 2964 2552 scriptor
2991 2484 3066 2553 (p.
3094 2484 3220 2551 500)
3254 2503 3265 2536 :
3320 2487 3380 2539 Et
3412 2488 3465 2540 δὲ
3499 2488 3651 2541 λαλεί
3697 2493 3756 2545 ἐν
3799 2495 3931 2549 ἀπο-

2367 2575 2570 2639 στόλοις
2601 2578 2692 2630 καὶ
2713 2580 2768 2630 ὲν
2792 2579 3095 2649 προφήταις
3125 2579 3184 2632 τὸ
3208 2579 3450 2652 Πνεῦμα,
3481 2585 3630 2639 πᾶσα
3657 2584 3714 2637 δὲ
3747 2586 3931 2659 Γραφὴ

2366 2665 2743 2732 Θεόπνευστοε,
2780 2669 2967 2721 εἴπατε
3010 2672 3122 2731 τοῖς
3159 2670 3411 2724 ἀσεϐοῦσι
3436 2713 3450 2736 ,
3485 2672 3599 2736 πῶς
3627 2677 3687 2727 οὐ
3710 2676 3841 2742 Θεὸς
3878 2679 3935 2731 τὸ

2367 2758 2589 2829 Πνεῦμα
2619 2758 2678 2811 τὸ
2712 2760 2863 2827 ἆγιον
2908 2760 3193 2830 τυγχάνει,
3233 2762 3331 2833 τῆς
3375 2763 3562 2817 τούτου
3616 2769 3936 2838 συγγραφῆς

2367 2848 2719 2901 Θεοπνεύστου
2776 2849 2971 2918 οῦσηςς
3028 2870 3045 2901 ο
3076 2852 3226 2916 Quod
3256 2854 3301 2905 si
3331 2853 3563 2920 Spiritus
3588 2858 3638 2910 in
3677 2859 3934 2925 apostolis

2363 2948 2417 2991 et
2446 2939 2722 3005 prophetis
2752 2938 3010 3008 loquitur,
3046 2940 3330 3008 omnisque
3354 2944 3631 3011 Scriptura
3679 2946 3936 3000 divinitus

2365 3029 2619 3097 inspirata
2677 3040 2801 3093 est,
2855 3030 3017 3085 dicite
3064 3032 3241 3101 impiis
3304 3049 3315 3084 :
3375 3033 3653 3100 Quomodo
3702 3036 3935 3107 Spiritus

700 3130 787 3191 tis,
817 3131 911 3184 sed
939 3132 1004 3184 de
1027 3131 1197 3198 prima
1235 3132 1313 3183 sui
1345 3130 1504 3183 libelli
1537 3140 1686 3200 parte
1710 3171 1724 3195 ,
1750 3147 1922 3202 eaque
1949 3133 2257 3202 prolixiore.

2371 3132 2586 3175 sanctus
2625 3122 2762 3176 Deus
2788 3138 2891 3177 non
2924 3132 3027 3185 est,
3055 3139 3175 3178 cum
3212 3126 3356 3179 illius
3404 3125 3683 3196 Scriptura
3740 3132 3935 3185 divini-

700 3223 927 3277 Constat
959 3227 1099 3276 enim
1138 3224 1462 3278 Eunomium
1507 3224 1746 3279 libellum
1807 3242 1962 3279 suum
2024 3227 2076 3279 in
2138 3227 2268 3281 duas

698 3325 879 3382 partes
910 3316 1155 3370 divisisse
1188 3338 1198 3371 :
1226 3331 1450 3384 quarum
1486 3317 1537 3369 in
1566 3319 1745 3386 priore
1768 3333 1917 3371 suam
1944 3320 2267 3373 sententiam

700 3406 874 3459 fusius
902 3410 1141 3475 exponit,
1180 3407 1231 3459 in
1265 3408 1430 3460 altera
1458 3422 1608 3470 vero,
1642 3407 1801 3461 libelli
1832 3412 1913 3461 sui
1947 3413 2102 3479 quasi
2154 3414 2269 3481 epi-

699 3506 878 3550 tomen
915 3498 1200 3565 quamdam
1233 3496 1378 3550 fecit.
1412 3496 1465 3550 ld
1504 3500 1575 3551 ita
1617 3510 1735 3552 esse
1788 3499 1941 3553 docet
1979 3499 2268 3555 Ennomius

702 3590 834 3658 ipse,
866 3590 1018 3657 cujus
1043 3590 1156 3643 haec
1194 3598 1319 3643 sunt
1344 3589 1527 3652 verba,
1553 3605 1702 3642 num.
1726 3588 1795 3643 26
1830 3607 1843 3642 :
1903 3589 2039 3642 Ἀλλ’
2081 3591 2165 3642 ἵνα
2195 3591 2267 3661 μὴ

699 3680 777 3749 τῷ
806 3684 969 3749 μήκει
992 3681 1098 3733 τῶν
1128 3682 1298 3750 λόγων
1340 3684 1741 3754 ἀποκνήσωμεν
1778 3682 1906 3746 τοὺς
1955 3681 2267 3748 ἀκούοντας,

700 3771 879 3823 πᾶσαν
926 3773 983 3823 ὲν
1030 3771 1223 3842 βραχεῖ
1247 3772 1354 3824 τῶν
1407 3773 1678 3844 ῥηθέντων
1744 3775 2128 3844 περιλαϐόντες
2176 3778 2272 3847 τὴν

701 3862 953 3933 δύναμιν,
981 3873 1087 3918 etc.
1228 3862 1427 3917 Verum
1484 3880 1552 3918 ne
1599 3880 1911 3919 sermonum
1971 3867 2275 3934 prolixitate

705 3954 983 4007 auditores
1020 3967 1342 4019 gravemus,
1390 3953 1635 4008 minusve
1684 3954 1890 4009 alacres
1952 3957 2270 4023 reddamus,

704 4044 894 4113 paucis
923 4058 1107 4096 eorum
1133 4058 1252 4109 quae
1282 4044 1515 4098 diximus
1549 4045 1653 4098 vim
1680 4059 1891 4099 omnem
1923 4047 2275 4113 comprehen-

708 4136 920 4198 dentes,
962 4152 980 4183 ι
1014 4142 1118 4185 etc.
1173 4132 1353 4198 Quare
1385 4138 1575 4188 horum
1621 4138 1932 4203 verborum,
1961 4135 2176 4190 Τούτων
2208 4137 2270 4207 δὴ

704 4227 920 4278 πάντων
975 4224 1239 4295 εὐκρινῶς
1284 4225 1379 4293 μὲν
1440 4226 1535 4279 καὶ
1592 4227 1927 4298 πλατύτερον
1971 4231 2027 4281 ὲν
2071 4229 2273 4299 ἑτέροις

704 4319 835 4387 ἡμῖν
861 4314 1349 4385 ἀποδεδειγμένων,
1384 4315 1426 4367 is
1452 4324 1536 4368 est
1564 4330 1758 4370 sensus
1790 4334 1802 4370 :
1843 4336 1861 4368 ι
1896 4319 2026 4372 Cum
2050 4318 2158 4385 jam
2187 4321 2277 4372 de-

704 4417 1009 4463 monstrata
1039 4410 1146 4462 sint
1185 4423 1212 4460 a
1248 4409 1404 4463 nobis
1430 4409 1541 4463 haec
1575 4412 1757 4465 omnia
1799 4411 1999 4480 liquide
2023 4422 2077 4465 et
2104 4414 2273 4481 magis

2376 3225 2461 3269 tus
2490 3215 2745 3285 inspirata
2779 3215 2899 3270 sit?
2930 3235 2947 3268 ι
2984 3216 3154 3271 Verba
3195 3219 3497 3287 scriptoris,
3545 3234 3669 3275 cum
3705 3223 3937 3291 explicat

2374 3305 2500 3359 illud
2534 3303 2756 3360 Joannis
2784 3322 2857 3371 Iv,
2885 3305 2977 3373 24,
3038 3305 3267 3376 Spiritus
3314 3320 3387 3363 est
3437 3310 3596 3374 Deus,
3634 3312 3747 3365 haec
3814 3323 3939 3366 sunt

2374 3401 2451 3472 (p.
2479 3402 2602 3472 3l0)
2634 3422 2645 3456 :
2677 3403 2886 3474 ’Ὥσπερ
2939 3404 3046 3476 γὰρ
3073 3404 3133 3458 τὸ
3182 3405 3403 3475 Πνεῦμα
3437 3407 3463 3458 ὁ
3514 3406 3664 3469 Θεὸς.
3694 3407 3836 3461 κατὰ
3858 3408 3936 3469 τὸ,

2372 3494 2523 3556 Ναὸς
2548 3494 2683 3547 Θεοῦ
2741 3498 2863 3548 ὲστε
2896 3498 2991 3548 καὶ
3036 3497 3097 3548 τὸ
3150 3496 3373 3564 Πνεῦμα
3410 3496 3501 3548 τοῦ
3543 3497 3679 3549 Θεοῦ
3716 3502 3859 3551 οἰκεῖ
3883 3500 3939 3549 ἐν

2374 3586 2500 3651 ὑμῖν
2520 3602 2532 3614 ·
2566 3585 2707 3637 οὕτω
2733 3586 2826 3637 καὶ
2853 3586 2881 3636 ὁ
2909 3585 3040 3648 Θεὸς
3069 3586 3127 3637 τὸ
3176 3586 3418 3655 Πνεῦμα,
3446 3586 3545 3656 τῆς
3582 3588 3813 3658 Τριὰδος
3869 3590 3941 3660 μὴ

2370 3672 2818 3745 διακοπτομένης,
2856 3674 2987 3744 μηδὲ
3039 3672 3413 3747 χωριζομένης
3450 3678 3547 3748 τὴν
3574 3679 3755 3746 φύσιν,
3801 3681 3941 3734 ὥστε

2374 3765 2467 3817 καὶ
2514 3763 2583 3816 τὰ
2615 3763 2853 3834 ὀνόματα
2886 3763 2958 3834 μὴ
3020 3764 3365 3834 χωρίζεσθαι.
3414 3784 3431 3816 ‹
3469 3766 3939 3832 Quemadmodum

2374 3857 2517 3910 enim
2558 3854 2791 3924 Spiritus
2815 3853 2954 3908 Deus
2987 3863 3091 3921 est,
3146 3854 3298 3923 juxta
3355 3855 3501 3919 illud,
3540 3855 3813 3927 Templum
3851 3860 3943 3915 Dei

2374 3948 2518 4012 estis,
2547 3956 2593 3999 et
2631 3945 2860 4011 Spiritus
2895 3944 2991 4019 Dei
3042 3947 3245 4000 habitat
3295 3948 3349 4001 in
3394 3949 3534 4003 vobis
3570 3950 3684 4003 :ita
3708 3961 3763 4006 et
3804 3952 3945 4007 Deus

2374 4036 2609 4104 Spiritus
2650 4048 2753 4101 est,
2793 4053 2896 4090 non
2930 4038 3159 4092 dissecta
3188 4038 3473 4103 Trinitate,
3518 4055 3697 4111 neque
3744 4060 3945 4100 secun-

2373 4127 2496 4181 dum
2551 4136 2797 4180 naturam
2829 4140 3077 4196 separata
3113 4145 3126 4181 :
3164 4132 3305 4185 sicut
3346 4134 3557 4187 nomina
3607 4137 3774 4190 etiam
3837 4154 3944 4192 non

2373 4232 2712 4290 separentur.
2752 4240 2771 4273 ι
2810 4220 3001 4275 Parum
3034 4223 3135 4277 fuit
3184 4227 3283 4279 hoc
3328 4226 3445 4280 loco
3482 4229 3733 4298 scriptori
3767 4230 3943 4299 Spiri-

2377 4323 2484 4368 tum
2518 4326 2759 4369 sanctum
2810 4315 2977 4370 Deum
3031 4332 3221 4371 vocare
3262 4335 3277 4372 :
3315 4322 3409 4374 sed
3452 4326 3615 4377 etiam
3668 4327 3943 4379 rationem

2376 4407 2549 4461 reddit
2578 4424 2676 4461 cur
2713 4409 2783 4462 ita
2817 4408 3000 4463 iaciat.
3035 4410 3325 4475 Quoniam,
3368 4414 3561 4483 inquit,
3616 4425 3672 4468 ut
3702 4414 3946 4474 Trinitas

705 4500 914 4567 prolixe
954 4500 1007 4552 in
1040 4501 1251 4552 caeteris
1278 4513 1396 4568 qua:
1434 4502 1746 4566 praecedunt
1796 4503 2273 4571 argumentationi-
2303 4518 2348 4574 ι)
2374 4511 2479 4549 non
2506 4507 2789 4566 separatur
2835 4499 3127 4551 secundum
3166 4508 3412 4552 naturam
3441 4540 3455 4562 ,
3492 4502 3562 4554 ita
3593 4516 3692 4557 nec
3725 4504 3947 4558 nomina

702 4593 825 4655 bus,
860 4610 879 4643 ι
924 4601 1032 4645 etc.
1071 4590 1215 4645 Sane
1246 4605 1274 4643 a
1300 4605 1385 4644 me
1436 4590 1644 4644 faciunt
1674 4590 1881 4661 antiqui
1916 4606 2105 4649 omnes
2132 4595 2270 4648 scri-

702 4692 908 4753 ptores,
939 4682 1027 4749 qui
1055 4681 1191 4735 duos
1226 4682 1488 4734 duntaxat
1525 4680 1773 4735 Eunomii
1836 4681 2044 4738 libellos
2108 4699 2271 4756 agno-

705 4788 855 4836 vere,
888 4771 1183 4842 Gregorius
1216 4773 1507 4846 Nyssenus,
1551 4771 1969 4843 Philostorgius,
2021 4776 2265 4846 Photius,

705 4874 762 4918 et
798 4864 913 4918 alii.
944 4862 1060 4918 Jam
1096 4865 1141 4919 si
1193 4868 1316 4934 quis
1350 4874 1557 4934 quaerat
1585 4878 1648 4918 ex
1688 4879 1792 4931 me,
1816 4881 1914 4921 cur
1954 4868 2264 4934 Eunomius,

705 4958 796 5024 qui
826 4958 877 5011 in
910 4959 1084 5027 primo
1107 4972 1206 5011 suo
1247 4960 1452 5026 scripto
1485 4957 1678 5012 Filium
1726 4958 1956 5013 libenter
2011 4960 2268 5027 simplici-

710 5058 898 5119 terque
926 5051 1228 5118 genituram
1264 5052 1511 5115 vocabat,
1550 5053 1650 5106 hoc
1673 5051 1811 5105 idem
1841 5060 2019 5106 tamen
2058 5067 2160 5105 non
2190 5050 2269 5106 le-

705 5142 842 5196 cerit
901 5142 952 5195 in
1003 5142 1205 5208 altero;
1248 5142 1422 5196 dicam
1468 5141 1628 5211 hujus
1679 5144 1753 5197 rei
1812 5142 2041 5198 fortasse
2088 5144 2266 5199 afferri

708 5248 867 5303 posse
920 5235 1257 5301 probabilem
1309 5249 1547 5298 causam,
1583 5235 1832 5289 videlicet
1882 5234 2202 5289 Eunomium
2238 5250 2267 5287 a

708 5327 905 5381 Basilio
952 5329 1020 5381 ob
1076 5328 1333 5396 genitum
1395 5343 1584 5381 nomen
1632 5334 1739 5379 tam
1798 5327 1938 5382 male
1991 5335 2267 5397 acceptum

708 5418 893 5483 fuisse,
929 5427 987 5472 ut
1032 5433 1097 5474 eo
1154 5418 1409 5486 deinceps
1470 5430 1577 5472 tam
1628 5418 1792 5472 libere
1841 5420 1915 5472 nti
1975 5432 2138 5472 ausus
2168 5432 2270 5471 non

709 5510 801 5563 sit.

779 5602 889 5659 ἴδ’.
918 5603 1041 5657 Fuit
1066 5614 1296 5673 tempus,
1324 5611 1380 5656 ut
1413 5611 1597 5657 notum
1621 5610 1703 5655 est
1731 5641 1746 5667 ,
1774 5616 1894 5656 cum
1931 5600 2159 5655 Basilius
2186 5614 2276 5653 ne—

711 5708 815 5763 que
847 5696 895 5747 in
918 5695 1028 5747 suis
1060 5695 1230 5761 libris,
1264 5711 1434 5765 neque
1463 5694 1514 5747 in
1548 5693 1775 5763 publicis
1795 5692 2132 5748 orationibus
2158 5690 2278 5759 Spi-

712 5784 874 5840 ritum
915 5794 1158 5841 sanctum
1192 5787 1357 5842 Deum
1405 5796 1657 5852 vocaret,
1689 5799 1790 5838 non
1830 5787 1969 5854 quod
2000 5784 2114 5851 ejus
2140 5782 2272 5837 divi»

2377 4589 2539 4643 etiam
2587 4597 2925 4659 separantur.
2980 4588 3149 4645 Secus
3200 4602 3376 4647 autem
3436 4592 3630 4647 fecisse
3682 4593 3947 4650 Basiliqu

2380 4690 2601 4749 norunt,
2645 4682 2839 4750 quibus
2878 4697 2984 4735 non
3021 4684 3245 4737 omnino
3286 4685 3463 4753 ignota
3506 4695 3591 4739 est
3643 4694 3948 4755 temporum

2380 4774 2594 4829 illorum
2626 4775 2873 4840 historia,
2902 4774 2981 4829 sic
3021 4784 3080 4828 ut
3126 4775 3460 4829 intereadum
3508 4774 3773 4847 Spiritum
3818 4796 3948 4835 sano

2374 4878 2523 4922 ctum
2578 4878 2782 4922 naturae
2827 4868 3021 4921 divinae
3070 4869 3390 4937 participem
3433 4884 3550 4925 esse
3584 4872 3844 4939 privatim
3895 4882 3949 4927 et

2374 4959 2588 5029 publice
2620 4958 2991 5027 proﬁteretur,
3046 4970 3363 5013 cumtamen
3390 4961 3536 5029 pacis
3589 4976 3718 5032 ergo
3772 4960 3945 5017 Deum

2375 5051 2648 5119 appellare
2690 5051 3004 5105 abstineret.
3051 5049 3157 5104 Sed
3212 5050 3401 5104 audire
3453 5051 3581 5104 mihi
3620 5053 3806 5103 videor
3858 5055 3946 5120 qui

2377 5141 2564 5195 dicunt
2614 5141 2777 5194 fuisse
2834 5140 2998 5195 etiam
3032 5148 3260 5208 tempus,
3308 5155 3429 5193 cum
3488 5140 3714 5193 Basilius
3740 5147 3859 5192 tum
3892 5141 3945 5193 in

2377 5233 2644 5300 aliquibus
2670 5231 2920 5300 epistolis
2954 5240 3063 5285 tum
3090 5232 3140 5285 in
3196 5230 3423 5299 publicis
3454 5229 3777 5300 quibusdam
3815 5245 3946 5285 con-

2378 5324 2631 5376 cionihus
2662 5321 2922 5391 Spiritum
2955 5331 3199 5376 sanctum
3223 5323 3387 5376 Deum
3408 5329 3655 5385 vocaret;
3681 5322 3751 5375 ob
3783 5322 3947 5391 idque

2378 5414 2491 5467 ﬁeri
2528 5415 2796 5481 potuisse,
2857 5425 2915 5467 ut
2949 5416 3003 5469 in
3041 5414 3230 5483 quinto
3280 5427 3491 5482 quoque
3524 5419 3711 5466 contra
3756 5410 3942 5468 Euno-

2376 5504 2537 5558 mium
2556 5505 2696 5558 libro
2728 5505 2833 5559 hoc
2859 5504 2907 5558 ei
2943 5519 3136 5557 nomen
3156 5504 3378 5557 dederit.
3397 5501 3557 5555 Bene.
3580 5500 3686 5555 Sed
3712 5502 3947 5569 quaestio

2380 5612 2485 5651 n0n
2518 5607 2619 5661 est,
2649 5606 2826 5649 utrum
2861 5596 3093 5650 Basilius
3119 5594 3371 5663 Spiritum
3393 5604 3636 5647 sanetum
3676 5596 3729 5646 in
3751 5595 3947 5662 quinto

2382 5699 2559 5741 contra
2598 5686 2915 5742 Eunomium
2949 5688 3085 5741 libro
3121 5687 3283 5741 Deum
3312 5694 3509 5740 vocare
3543 5683 3808 5750 potuerit,
3855 5685 3947 5738 sed

2382 5788 2557 5834 utrum
2600 5795 2657 5834 re
2698 5780 2809 5849 ipsa
2862 5777 3063 5834 vocarit
3096 5790 3109 5829 :
3143 5776 3284 5846 quod
3322 5775 3503 5831 falsum
3537 5788 3657 5830 esse
3688 5774 3946 5829 arbitror.
