4088 6310
1234 394 1297 446 ι).
1338 395 1480 450 JUL.
1515 397 1840 451 GARNERII
1880 400 2260 453 PREFATIO.

3136 422 3361 458 εειλγιιι

159 508 367 563 Ειοιιίπι
400 512 443 563 si
473 507 706 561 Basilius
734 510 835 563 sibi
866 523 960 578 per
984 518 1189 576 tempus
1223 512 1383 564 licere
1410 514 1720 568 credidisset
1748 522 1795 576 Α
1826 518 2024 585 aliquid
2052 518 2154 568 dici
2180 533 2336 583 posse
2373 518 2544 583 majus
2568 527 2657 569 aut
2698 520 3080 586 magnitudine,
3117 531 3208 571 aut
3237 531 3374 571 tem-

158 594 252 653 Dei
280 614 475 653 nomen
514 596 737 665 Spiritui
769 607 954 652 sancto
982 597 1033 649 in
1062 598 1198 653 libro
1227 598 1417 667 quinto
1448 602 1716 669 tribuere;

160 704 265 745 non
323 690 479 742 video
519 703 737 745 causam
792 687 979 754 ullam,
1013 705 1109 744 cur
1151 692 1201 745 iu
1250 692 1409 747 tertio
1458 692 1594 747 libro
1623 695 1722 749 bac

162 782 276 850 ipsa
312 782 379 833 de
424 796 528 850 qua
574 784 750 854 agitur
804 795 932 836 voce
964 784 1037 837 uti
1072 782 1323 838 noluerit.
1357 784 1423 837 Et
1471 799 1599 839 vero
1633 786 1723 839 mi-

160 871 313 925 randi
360 884 505 927 esset
540 875 723 936 locus,
752 872 819 937 si,
870 886 1152 945 postquam
1188 876 1418 931 Basilius
1464 876 1719 945 Spiritum

161 972 411 1019 sanctum
443 968 494 1020 in
544 965 704 1019 tertio
734 965 870 1021 libro
896 969 1060 1023 Deum
1110 982 1303 1022 vocare
1338 978 1441 1023 tam
1487 968 1723 1023 studiose

160 1056 416 1122 cavisset,
445 1058 627 1113 statim
665 1057 715 1110 id
745 1058 793 1113 ei
842 1061 1076 1115 nominis
1125 1060 1176 1112 in
1212 1061 1399 1129 quinto
1426 1062 1561 1116 libro
1583 1078 1723 1131 smpe

161 1146 451 1206 tribueret.
485 1149 659 1204 Unum
689 1153 865 1206 adhuc
888 1162 1152 1221 superest,
1190 1157 1329 1224 quod
1380 1154 1590 1207 videtur
1630 1168 1723 1208 no-

169 1246 281 1295 tatu
333 1241 728 1309 dignissimum.
772 1244 1058 1310 Postquam
1105 1245 1359 1314 scriptor,
1389 1253 1446 1296 ut
1471 1257 1538 1297 ex
1568 1259 1723 1313 supe-

162 1330 401 1385 rioribus
439 1344 671 1397 constat,
696 1336 899 1402 aliquot
942 1334 993 1389 in
1038 1335 1173 1390 locis
1201 1335 1457 1405 Spiritum
1481 1345 1722 1392 sanctum

160 1422 334 1477 Deum
368 1425 616 1491 vocarit;
650 1422 1005 1479 conﬁdentior
1054 1425 1247 1489 factus,
1292 1424 1569 1493 aliquanto
1606 1436 1725 1494 post

162 1518 366 1583 majora
398 1517 581 1572 audet.
612 1517 701 1570 Ait
733 1517 875 1572 enim
906 1520 996 1573 Dei
1025 1518 1285 1588 Spiritum
1320 1517 1499 1571 vocari
1532 1526 1586 1571 et
1619 1519 1725 1571 Do-

163 1608 367 1663 mitium
404 1620 460 1665 et
507 1610 699 1675 Deum,
754 1612 1202 1680 quemadmodum
1236 1621 1292 1667 et
1337 1612 1587 1665 Verbum.
1620 1609 1726 1663 Sed

164 1696 335 1768 ipsum
362 1703 549 1756 audire
577 1714 810 1770 praestat.
832 1702 921 1755 Sic
946 1704 1103 1769 igitur
1137 1705 1369 1773 loquitur
1401 1704 1549 1774 (pag.
1574 1702 1721 1774 5H):

163 1790 268 1842 Καὶ
303 1791 509 1859 Κύριος
538 1794 628 1843 καὶ
657 1791 785 1854 Θεὸς
802 1791 1013 1862 εἴρηται
1046 1793 1104 1845 τὸ
1136 1793 1228 1845 τοῦ
1242 1794 1373 1846 Θεοῦ
1390 1795 1724 1867 Πνεῦμα,ὡς

1821 616 1970 668 pore.
2001 613 2093 655 aut
2116 603 2396 670 dignitate,
2424 616 2516 659 aut
2546 607 2803 672 potentia,
2832 615 2921 658 aut
2958 616 3212 672 tanquam
3243 622 3374 658 cau-

1824 706 1960 744 sam.
1996 694 2284 761 Postquam
2322 702 2497 745 autem
2539 693 2671 747 dixit
2705 692 2911 746 Patrem
2949 693 3083 747 Filio
3110 709 3215 745 non
3262 708 3381 745 esse

1823 782 2117 851 majorem,
2187 796 2358 848 neque
2411 784 2809 853 magnitudine,
2876 800 3047 852 neque
3101 792 3383 850 tempore,

1824 889 1997 941 neque
2050 876 2330 945 dignitate,
2378 888 2545 943 neque
2574 874 2833 946 potentia,
2865 875 3132 927 concludit
3165 874 3382 943 genito-

1829 981 1942 1020 rem
1974 969 2153 1034 genito
2179 968 2433 1038 majorem
2463 981 2673 1034 quoque
2702 984 2804 1022 non
2837 980 2955 1021 esse
2984 978 3232 1032 tanquam
3262 979 3386 1014 cau-

1822 1056 2224 1122 sam..Ejusluec
2255 1057 2552 1111 suntverba
2582 1056 2703 1122 (lib.
2726 1074 2797 1121 Iv,
2832 1076 2882 1126 p.
2908 1054 3050 1123 289)
3084 1072 3095 1106 :
3132 1051 3266 1106 Οὔτε
3308 1050 3383 1115 ὡς

1824 1145 2011 1207 αἴτιος·
2036 1144 2157 1196 ἐπεὶ
2182 1146 2376 1214 ὁμοίως
2402 1144 2495 1198 καὶ
2522 1144 2682 1196 αὐτοῦ
2710 1149 2799 1197 καὶ
2817 1148 2973 1216 ἡμῶν
2991 1141 3212 1217 μείζων,
3230 1142 3385 1211 εἴπερ

1824 1239 1931 1307 γὰρ
1961 1236 2123 1288 αὐτοῦ
2148 1236 2240 1289 καὶ
2263 1236 2416 1305 ἡμῶν
2442 1236 2630 1298 αἴτιος.
2653 1253 2671 1285 t
2697 1234 2803 1287 Nec
2829 1247 2883 1286 ut
2904 1253 3060 1290 causa
3082 1233 3277 1307 [major
3304 1241 3385 1284 est

1825 1330 1983 1385 Pater
2016 1327 2207 1400 Filio];
2234 1329 2485 1396 quoniam
2511 1327 2714 1396 pariter
2746 1336 2799 1379 et
2835 1326 2931 1377 illo
2953 1338 3004 1378 et
3031 1328 3183 1381 nobis
3213 1324 3386 1393 major

1824 1430 1986 1484 esset,
2035 1436 2153 1473 cum
2193 1421 2359 1486 ipsius
2388 1426 2439 1471 et
2487 1420 2652 1472 nostri
2712 1429 2854 1472 esset
2881 1431 3066 1469 causa.
3102 1435 3120 1467 ι
3155 1416 3385 1470 Basilius

1826 1526 1953 1566 vero
2000 1525 2144 1574 eum,
2191 1523 2351 1579 quem
2381 1508 2522 1571 dixi,
2557 1511 2849 1575 Scriptura:
2896 1509 3068 1562 locum
3118 1507 3183 1558 ita
3222 1507 3386 1559 inter—

1825 1609 2094 1670 pretatur,
2129 1609 2186 1653 ut
2220 1607 2591 1653 asseveranter
2647 1600 2787 1651 dicat
2812 1597 3022 1650 Patrem
3055 1596 3190 1651 Filio
3223 1595 3390 1664 majo-

1828 1708 1939 1745 rem
1970 1707 2091 1747 esse
2120 1702 2372 1760 tanquam
2401 1703 2640 1742 causam.
2674 1688 2763 1739 Sic
2795 1697 2973 1739 autem
3012 1688 3245 1754 loquitur
3293 1688 3386 1740 lib.

1829 1783 1999 1850 primo
2028 1798 2175 1836 num.
2202 1783 2273 1835 ‘25
2292 1798 2304 1833 :
2325 1783 2579 1833 Λεῑπεται
2611 1780 2788 1832 τοίνυν
2812 1777 2950 1830 κατὰ
2978 1777 3067 1829 τὸν
3094 1780 3190 1847 τῆς
3214 1778 3388 1839 αἰτίας

164 1882 251 1933 καὶ
282 1883 312 1932 6
340 1857 533 1949 Adyoq.
565 1901 583 1932 ι
624 1882 687 1935 Ει
721 1857 980 1935 Dominus
1010 1894 1063 1937 et
1094 1884 1233 1937 Deus
1267 1883 1440 1938 dictus
1489 1857 1573 1939 est
1599 1887 1721 1953 Spi—

1837 1872 1984 1939 λόγον
2014 1869 2245 1923 ἐνταῦθα
2278 1870 2335 1921 τὸ
2373 1872 2551 1939 μεῖζον
2590 1868 2859 1937 λέγεσθαι.
2903 1865 3118 1936 Ἐπειδὴ
3144 1870 3251 1935 γὰρ
3284 1866 3391 1917 ἀπὸ

167 1975 301 2026 ritus
333 1974 451 2037 Dei,
502 1975 638 2030 sicut
666 1986 719 2031 et
748 1976 1003 2030 Verbum.
1046 1996 1065 2029 ›
1098 1977 1298 2031 Adduci
1328 1991 1599 2044 nunquam
1632 1992 1727 2043 po-

167 2072 303 2132 tero,
336 2077 399 2121 ut
428 2069 590 2124 hazca
624 2068 827 2125 Basilio
857 2072 1057 2139 scripta
1103 2069 1267 2125 fuisse
1314 2069 1550 2123 credam.
1590 2065 1730 2121 Nihil

168 2160 329 2226 enim,
385 2171 445 2214 ut
493 2161 622 2215 mihi
666 2164 879 2231 quidem
931 2164 1174 2229 videtur,
1214 2178 1243 2215 a
1282 2162 1461 2215 Basilii
1505 2160 1732 2215 consilio

175 2254 346 2322 magis
375 2254 614 2307 alienum
644 2254 937 2322 excogitari
987 2262 1182 2323 potest.
1214 2255 1363 2320 Quod
1409 2263 1463 2307 ut
1509 2254 1733 2306 manile-

169 2344 303 2398 stius
332 2344 431 2397 ﬁat
469 2354 630 2414 atque
658 2346 990 2415 exploratius
1016 2386 1031 2413 ,
1087 2363 1198 2402 rem
1252 2346 1415 2399 altius
1468 2356 1731 2417 repetam.

171 2433 354 2490 Etate
388 2438 479 2490 illa
507 2450 659 2492 erant
693 2455 795 2493 non
826 2440 1003 2510 pauci,
1033 2440 1147 2509 qui,
1178 2441 1319 2508 quod
1343 2439 1574 2508 Spiritus
1610 2455 1733 2493 san-

174 2534 287 2579 ctus
309 2527 363 2580 in
407 2528 705 2595 Scripturis
732 2547 995 2597 nusquam
1030 2531 1170 2584 Deus
1204 2545 1459 2591 expresse
1494 2542 1730 2593 vocetur,

175 2617 270 2671 hoc
306 2617 355 2670 ci
396 2632 592 2671 nomen
625 2621 752 2673 dare
787 2620 1129 2673 recursabant.
1169 2617 1263 2671 Vir
1288 2627 1464 2671 autem
1499 2620 1733 2687 pruden-

177 2709 419 2764 tissimus
447 2709 675 2764 Basilius
706 2714 930 2781 tempori
951 2711 1220 2783 paulisper
1250 2710 1542 2765 cedemlum
1566 2720 1733 2773 ratus,

183 2803 340 2856 modo
390 2817 505 2855 rem
564 2813 847 2869 statueret,
897 2804 964 2858 de
1017 2804 1160 2858 nudo
1213 2803 1379 2855 verbo
1415 2803 1735 2855 contendere

180 2895 370 2947 noluit.
430 2895 660 2948 Malobat
691 2896 855 2960 enim,
908 2911 1026 2963 quae
1060 2896 1175 2964 ejus
1204 2896 1253 2948 in
1288 2909 1475 2947 omnes
1499 2894 1735 2947 cbaritas

178 2995 313 3049 erat,
348 2984 598 3036 inﬁrmus
646 3000 769 3037 cum
817 2986 1045 3038 inﬁrmis
1073 2987 1210 3047 ﬁeri,
1244 2996 1300 3036 ut
1334 2998 1425 3036 eos
1454 2984 1735 3035 lucriface—

175 3083 271 3137 ret,
308 3089 473 3141 quam
529 3088 686 3125 unam
736 3086 918 3127 vocem
947 3074 1267 3127 obstinatius
1305 3074 1611 3136 defendere,
1646 3088 1737 3125 re-

1829 1965 1921 2018 τοῦ
1963 1963 2173 2034 Πατρδς
2214 1963 2247 2031 ἡ
2290 1962 2430 2032 ἀρχὴ
2472 1959 2548 2029 τῷ
2593 1960 2724 2027 Υἱῴ,
2762 1959 2901 2011 κατὰ
2941 1958 3099 2010 τοῦτο
3144 1952 3392 2027 μείζωνὸ

1830 2058 2038 2129 Πατὴρ,
2072 2058 2145 2119 ὡς
2174 2056 2341 2119 αἴτιος
2365 2054 2456 2107 καὶ
2481 2053 2639 2123 ἀρχή.
2687 2050 2775 2101 Διὸ
2808 2051 2898 2101 καὶ
2939 2051 2966 2100 6
2994 2050 3193 2121 Κύριος
3220 2046 3393 2110 οὕτως

2066 2152 2127 2202 '0
2153 2148 2352 2215 Πατήρ
2386 2164 2502 2215 μου
2528 2143 2740 2214 μείζων
2774 2142 2890 2211 μού
2921 2141 3047 2194 ἐστι
3068 2181 3081 2203 ,
3119 2141 3250 2193 καθὸ
3280 2140 3392 2192 Πα-

1830 2242 1939 2312 τὴρ
1972 2241 2233 2310 δηλονότι.
2280 2241 2353 2291 Τὸ
2383 2240 2472 2301 δὲ,
2519 2239 2739 2307 Πατὴρ,
2788 2236 2839 2288 τί
2874 2235 3000 2289 ἄλλο
3050 2232 3322 2302 σημαίνει,
3358 2230 3392 2301 ἢ

1832 2334 1952 2405 οὐχὶ
1998 2332 2059 2384 τὸ
2092 2330 2239 2385 αἰτία
2274 2328 2411 2382 εἶναι
2455 2328 2547 2381 καὶ
2598 2328 2737 2397 ἁρχὴ
2770 2328 2861 2380 τοῦ
2904 2327 2961 2393 ἐξ
3006 2324 3168 2379 αὑτοῦ
3204 2340 3395 2393 γεννη-

1835 2428 2053 2493 Θέντος;
2093 2445 2110 2477 t
2148 2424 2430 2493 Reliquum
2480 2432 2561 2476 est
2620 2422 2801 2489 igitur,
2848 2428 2907 2471 ut
2944 2434 3041 2471 vox
3096 2418 3267 2483 majus
3308 2416 3394 2469 hic

1832 2520 2124 2573 secundum
2179 2532 2357 2569 causa:
2408 2514 2669 2567 rationem
2704 2512 2931 2563 dicatur.
2976 2508 3107 2562 Nam
3143 2507 3392 2575 quoniam

1834 2624 1860 2660 a
1896 2608 2052 2659 Patre
2092 2607 2240 2674 origo
2272 2615 2355 2657 est
2392 2604 2547 2665 Filio,
2576 2605 2677 2656 ltoc
2727 2601 2896 2668 major
2923 2612 3005 2653 est
3038 2598 3222 2661 Pntt'r,
3254 2596 3396 2666 quod

1834 2713 1991 2749 causa
2020 2696 2088 2748 sit
2111 2708 2161 2748 et
2194 2694 2539 2763 principium.
2567 2694 2900 2759 Quapropter
2939 2702 2992 2743 et
3027 2690 3283 2741 Dominus
3318 2688 3397 2740 sic

1833 2789 1969 2842 dixit
2001 2803 2013 2839 :
2050 2785 2211 2839 Paler
2236 2804 2376 2838 meus
2418 2786 2585 2853 major
2609 2801 2687 2836 me
2717 2799 2812 2844 est,
2866 2792 3020 2851 prout
3050 2780 3207 2833 Pater
3250 2780 3398 2829 vitle-

1835 2884 1977 2937 licet.
2010 2880 2142 2934 lllttd
2196 2889 2396 2941 autem,
2443 2878 2621 2941 Pater,
2675 2878 2799 2945 quid
2840 2876 2982 2929 aliud
3013 2875 3233 2933 indicat,
3271 2870 3394 2930 nisi,

1834 2990 2050 3029 causam
2084 2982 2244 3041 alque
2265 2970 2524 3035 originem
2555 2983 2672 3021 esse
2695 2968 2807 3033 t'jus
2836 2968 2922 3031 qui
2952 2982 3012 3017 ex
3047 2965 3161 3031 ipso
3185 2970 3397 3029 getiztus

1836 3068 1960 3121 est?
1992 3086 2010 3118 ι
2050 3068 2336 3133 Postquam
2391 3074 2573 3115 autem
2631 3058 2868 3112 Basilius
2922 3057 3106 3125 paucis
3160 3053 3398 3104 ostendit

1830 2147 1981 2202 εἶπεν
2005 2168 2017 2179 ’

176 3179 285 3216 ram
316 3165 465 3217 illam
517 3164 757 3234 quidem,
807 3164 901 3218 sed
929 3165 993 3217 ad
1026 3164 1251 3218 salutem
1289 3174 1461 3216 tamen
1496 3178 1600 3217 non
1640 3176 1735 3215 ne-
1761 3188 1803 3244 ο
1838 3158 2048 3211 Patrem
2086 3172 2188 3207 non
2245 3155 2348 3207 dici
2400 3154 2679 3220 majori-tn,
2739 3168 2910 3219 neque
2940 3147 3232 3202 secundum
3270 3144 3399 3197 sub-

177 3260 497 3311 cessariatn.
528 3258 706 3320 Fides,
741 3267 799 3311 ut
826 3268 970 3312 recte
994 3256 1287 3325 judicabat,
1320 3257 1371 3310 in
1397 3272 1505 3309 rem
1540 3257 1730 3323 ipsam,

179 3364 281 3402 non
315 3350 367 3401 in
405 3350 609 3401 nudum
637 3350 858 3402 verbum
892 3350 1055 3401 cadit.
1088 3346 1248 3401 Fides
1278 3348 1450 3415 jubet,
1483 3358 1539 3401 ut
1566 3348 1735 3415 Spiri—

177 3450 283 3493 tum
319 3451 566 3493 sanctum
601 3440 764 3493 Deum
812 3454 931 3493 esse
969 3440 1287 3503 credamus;
1330 3453 1449 3489 eum
1482 3449 1538 3490 ut
1566 3440 1736 3491 nomi-

178 3544 365 3582 nemus
398 3528 593 3592 Deum,
620 3528 912 3597 nonjubet.
948 3528 1021 3582 Ex
1061 3528 1255 3597 quibus
1284 3526 1510 3595 perspici
1543 3537 1734 3595 potest,

175 3621 427 3675 Basilium
461 3622 773 3691 praestitisse
807 3637 863 3676 se
896 3635 1015 3675 eum
1038 3621 1088 3674 in
1117 3629 1225 3673 toto
1255 3620 1354 3672 hoc
1384 3620 1615 3687 negotio,
1646 3617 1735 3686 qui

174 3724 225 3767 et
242 3715 356 3782 ipse
373 3730 496 3767 cum
518 3714 743 3767 inﬁrmis
772 3714 1010 3767 inﬁrmus
1034 3713 1197 3765 videri
1223 3712 1394 3773 vellet,
1416 3727 1511 3764 nec
1530 3725 1736 3779 sequam

176 3815 419 3873 putasse,
456 3815 515 3855 ut
559 3805 628 3857 ob
668 3820 825 3856 unam
881 3817 1100 3860 vocem.
1159 3818 1278 3871 quae
1325 3802 1601 3854 dicebatur
1634 3816 1736 3852 non

180 3891 409 3942 inveniri
440 3891 492 3941 in
525 3890 839 3958 Scripturis,
874 3891 1207 3943 inﬁrmorum
1256 3892 1401 3944 salus
1448 3890 1742 3956 negligere-

181 3988 283 4033 tur.
320 3978 464 4047 Ergo
493 3995 656 4031 unum
696 3982 795 4032 hoc
819 3994 919 4046 ego
953 3978 1018 4031 ab
1058 3994 1120 4032 eo
1150 3993 1443 4047 rogassem,
1480 3987 1533 4029 ut
1557 3986 1742 4030 osten-

179 4070 351 4124 di‘sset
379 4070 525 4124 hunc
548 4070 840 4138 Scriptura:
864 4070 1059 4134 locum,
1099 4071 1149 4124 in
1178 4086 1283 4140 quo
1328 4071 1563 4139 Spiritus
1606 4087 1737 4124 san-

181 4175 300 4217 ctus
328 4173 384 4218 et
416 4162 677 4216 Dominus
705 4171 759 4215 et
786 4161 922 4214 Deus
954 4173 1193 4227 vocatur,
1231 4164 1369 4216 sicut
1391 4172 1445 4215 et
1468 4161 1699 4217 Verbum
1725 4184 1737 4217 :

181 4267 283 4321 qua
317 4254 506 4319 utique
557 4253 640 4304 via
677 4259 732 4305 et
759 4251 905 4303 brevi
942 4261 995 4302 et
1034 4249 1175 4304 facili
1211 4251 1451 4305 inﬁrmos
1498 4251 1617 4304 illos
1653 4267 1741 4303 sa-

182 4360 312 4399 nare
370 4345 654 4413 potuisset.
712 4344 944 4397 Verbum
1004 4343 1219 4410 quidem
1285 4344 1424 4410 apud
1484 4342 1740 4397 Joannem

181 4452 439 4509 expresse
496 4437 663 4490 Deum
716 4438 820 4491 dici
873 4447 1085 4492 constat
1122 4451 1135 4486 :
1172 4436 1263 4488 sed
1295 4451 1400 4502 quo
1452 4435 1744 4505 Scriptura:

1835 3252 2299 3313 stantiam,neqne
2325 3246 2617 3299 seeimdum
2667 3244 2878 3305 molem,
2915 3241 3093 3296 statim
3115 3239 3183 3288 ita
3215 3250 3399 3301 perse-

1836 3345 2014 3413 quitur
2040 3358 2058 3397 :
2086 3340 2401 3402 ’Υπόλοιπος
2420 3333 2509 3389 οὖν
2532 3339 2674 3389 ἐστιν
2691 3337 2717 3387 6
2746 3334 2873 3405 παρ’
2889 3331 3042 3403 ἡμῶν
3066 3326 3272 3398 λεχθεὶς
3305 3322 3400 3377 τοῦ

1841 3434 2085 3507 μείζονος
2107 3432 2323 3504 τρόπος,
2348 3434 2376 3484 6
2410 3430 2505 3499 τῆς
2532 3429 2724 3497 ἀρχῆς,
2749 3426 2909 3493 λέγω,
2948 3423 3038 3476 καὶ
3076 3419 3173 3489 τῆς
3198 3418 3395 3479 αἰτίας.

1845 3550 1863 3582 t
1907 3532 2161 3597 Superest
2208 3530 2367 3595 igitur
2394 3526 2457 3587 is,
2500 3540 2659 3592 quem
2707 3537 2803 3575 nos
2858 3520 3112 3575 diximus.
3182 3510 3400 3576 majoris

1840 3623 2044 3684 modus,
2098 3619 2365 3690 principii.
2430 3620 2666 3680 inquam,
2723 3623 2777 3667 et
2845 3622 3037 3664 causae.
3078 3625 3095 3656 ι
3132 3602 3399 3664 Basilius,

1838 3715 1978 3782 quod
2010 3722 2115 3764 tam
2149 3722 2524 3763 asseveranter
2557 3708 2714 3770 dixit,
2765 3706 2815 3756 id
2860 3701 3038 3755 statim
3076 3709 3270 3765 negare
3295 3707 3399 3745 non

1842 3810 2011 3868 solet;
2047 3820 2146 3857 nec
2184 3816 2309 3871 pttto
2350 3803 2464 3868 ejus
2504 3802 2575 3853 rei
2620 3796 2924 3865 exemplum
2962 3794 3123 3844 ullum
3172 3785 3400 3856 proferri

1843 3912 2016 3966 posse.
2063 3896 2238 3948 Malim
2278 3910 2407 3961 ergo
2442 3895 2573 3946 duos
2628 3893 2722 3943 bos
2768 3890 2819 3941 in
2878 3884 3191 3940 Eunomium
3238 3880 3402 3932 libros

1843 3990 1996 4041 alteri
2021 3990 2193 4042 cuivis
2240 3988 2488 4054 scriptori
2533 3986 2793 4038 tribuere.
2817 3996 2974 4049 quam
3014 3990 3262 4038 magnum
3296 3970 3396 4023 Ba-

1843 4081 2018 4135 silium
2054 4082 2274 4133 insuctze
2308 4079 2541 4133 levitatis
2567 4086 2871 4144 suspectum
2915 4070 3155 4123 reddere.
3195 4065 3296 4117 Sed
3339 4062 3404 4116 de

1844 4175 1927 4227 bis
1965 4174 2096 4227 Satis
2129 4191 2142 4226 :
2179 4188 2320 4225 nunc
2369 4174 2431 4225 de
2465 4170 2787 4236 quibusdam
2835 4163 3043 4217 Veteris
3069 4156 3401 4214 Tcstamenti

1844 4267 1977 4319 locis
2008 4264 2371 4316 instituendus
2407 4276 2585 4314 sermo
2618 4271 2719 4313 est.

1922 4354 2008 4407 75.
2044 4354 2119 4424 (a)
2154 4354 2335 4405 Mirari
2388 4353 2533 4405 subit
2591 4352 2870 4405 adversam
2923 4344 3245 4401 sententiam
3301 4356 3404 4395 non

1849 4447 2059 4499 aliunde
2086 4446 2250 4515 magis
2283 4445 2565 4506 inﬁrmari,
2588 4459 2747 4511 quam
2781 4441 2919 4494 unde
2950 4440 3181 4490 maxime
3210 4434 3407 4487 conﬁr-

183 4531 298 4584 loco
354 4530 595 4597 Spiritus
641 4540 862 4583 sanctus
910 4543 1166 4597 expresse
1222 4528 1362 4582 Deus
1416 4531 1592 4584 dictus
1639 4530 1739 4589 sit,
1777 4542 1818 4594 ι)
1852 4537 1984 4590 mari
2025 4536 2183 4605 vulgo
2235 4546 2472 4605 putatur,
2526 4534 2744 4587 Monere
2801 4544 2929 4597 ergo
2977 4529 3146 4596 juvat,
3191 4526 3293 4577 hoc
3338 4525 3406 4575 ab

182 4623 451 4692 hodieque
510 4622 806 4690 ignoratur.
888 4621 1144 4690 Equidem
1201 4636 1305 4675 non
1365 4621 1633 4686 mirarer,
1698 4622 1741 4675 si

184 4709 450 4779 Spiritum
510 4717 755 4764 sanctum
804 4710 856 4762 in
911 4708 1203 4779 Scripturis
1282 4709 1500 4780 oblique
1576 4710 1741 4765 Deum

182 4803 440 4873 appellari
506 4803 730 4856 dixisset
782 4801 1005 4857 Basilius
1064 4819 1076 4854 :
1141 4804 1275 4869 sed,
1354 4812 1411 4855 ut
1480 4803 1607 4857 mihi
1667 4804 1745 4856 vi-

184 4898 362 4960 detur,
402 4893 662 4963 Spiritum
699 4904 943 4948 sanctum
976 4894 1163 4948 eodem
1191 4911 1295 4963 quo
1331 4896 1559 4950 Verbum
1588 4896 1745 4949 modo

185 4989 233 5042 in
260 4987 565 5056 Scripturis
588 4988 752 5042 Deum
788 4988 1043 5056 appellari
1078 4988 1142 5053 ",
1177 5004 1276 5043 nec
1308 4990 1441 5058 ipse,
1472 5003 1568 5043 nec
1593 4990 1744 5059 quis-

185 5094 349 5148 quam
386 5077 546 5142 alius,
582 5078 685 5131 nisi
718 5078 879 5133 fuerit
902 5077 1121 5132 omnino
1146 5077 1546 5147 Scripturarum
1578 5080 1745 5146 rudis,

186 5171 367 5224 dicere
393 5168 592 5238 potuit.

253 5257 347 5310 74.
401 5256 536 5310 Illud
584 5254 824 5320 Joannis,
867 5256 1028 5310 Pater
1061 5256 1230 5326 major
1269 5275 1349 5311 me
1378 5269 1452 5312 est
1481 5260 1546 5325 "’,
1580 5260 1661 5314 bis
1691 5260 1743 5313 in

188 5355 339 5409 libris
370 5363 556 5406 contra
586 5351 919 5405 Euruomium
949 5354 1285 5423 explicatur:
1320 5355 1415 5408 sed
1442 5354 1553 5409 lucc
1582 5356 1749 5425 expli-

189 5447 334 5501 catio
372 5456 480 5500 tam
516 5445 731 5499 diversa
763 5456 866 5509 est,
900 5454 958 5498 ut
989 5446 1106 5515 ejus
1137 5462 1273 5500 unus
1300 5456 1351 5500 et
1398 5447 1535 5501 idem
1565 5460 1751 5504 auctor

188 5554 311 5596 esse
362 5555 467 5594 non
517 5540 711 5608 possit.
757 5538 846 5592 Ait
897 5538 1058 5609 igitur
1103 5541 1333 5611 scriptor
1364 5540 1541 5609 quarti
1592 5539 1736 5609 libri,

1852 4629 2183 4684 adversariis
2218 4627 2569 4681 callidissime
2608 4624 2710 4675 dici
2760 4623 2994 4685 solitum,
3048 4619 3306 4673 Basiliam
3353 4617 3406 4667 in

1850 4729 2041 4789 quarto
2066 4721 2119 4773 in
2157 4719 2475 4772 Eunomium
2527 4716 2663 4769 libro
2695 4725 3001 4768 exsecutum
3055 4712 3219 4765 fuisse
3266 4708 3407 4778 quod

1851 4812 1901 4866 in
1933 4811 2167 4866 secundo
2195 4810 2461 4863 facturum
2492 4823 2552 4862 se
2584 4811 2923 4876 promiserat.
2972 4804 3205 4858 Basilius
3237 4802 3407 4865 enim,

1850 4906 2119 4974 inquiunt,
2152 4902 2506 4969 pollicebatur
2535 4904 2584 4954 in
2620 4900 2854 4954 secundo
2883 4907 3065 4951 contra
3088 4894 3408 4949 Eunomium

1850 4997 2002 5059 libro,
2023 5010 2082 5049 se
2106 4994 2171 5046 ab
2191 4994 2273 5046 illa
2293 4992 2603 5046 Salomonis
2633 4990 2920 5051 sententia,
2937 4989 3187 5041 Dominus
3212 4985 3408 5039 creavit

1848 5104 1928 5141 me
1962 5087 2030 5149 “,
2066 5084 2236 5138 fusius
2269 5084 2321 5137 in
2361 5082 2580 5151 proprio
2615 5081 2731 5135 loco
2784 5079 3086 5133 locuturum
3118 5095 3132 5131 :
3172 5074 3312 5143 quod
3342 5072 3412 5125 ab

1851 5193 1913 5232 eo
1945 5179 1995 5231 in
2024 5176 2159 5231 libro
2198 5184 2390 5246 quarto
2420 5174 2618 5228 factum
2644 5171 2809 5224 luisse
2858 5176 3096 5223 censent.
3153 5164 3264 5231 Ego
3292 5160 3412 5229 qui-

1850 5268 1968 5321 dem
2005 5282 2109 5320 non
2153 5282 2287 5335 nego
2317 5265 2429 5318 bazc
2461 5262 2725 5331 promissa
2767 5273 2887 5313 esse
2926 5273 2954 5310 a
2990 5253 3187 5308 Basilio
3224 5250 3315 5303 lib.
3345 5247 3407 5310 ll,

1856 5377 2002 5414 num.
2030 5360 2101 5414 20
2138 5376 2149 5414 :
2187 5360 2279 5414 sed
2318 5359 2388 5411 ita
2435 5358 2626 5419 sentio,
2690 5364 2897 5407 tantum
2964 5350 3155 5402 abesse
3202 5352 3255 5397 ut
3310 5342 3411 5395 hoc

1857 5463 2045 5502 eorum
2085 5448 2401 5503 sententiam
2441 5445 2699 5507 stabiliat,
2729 5453 2785 5495 ut
2819 5456 2936 5494 eam
2970 5438 3146 5507 potius
3173 5433 3413 5488 funditus

1859 5548 2087 5596 evertat.
2117 5540 2203 5605 Et,
2232 5549 2287 5593 ut
2310 5554 2370 5593 ea
2396 5539 2460 5593 de
2482 5552 2539 5592 re
2565 5552 2594 5590 a
2618 5535 2859 5606 quolibet
2888 5528 3182 5587 existimari
3217 5525 3411 5598 possit,

257 5677 335 5749 (α)
360 5677 506 5748 Lege
536 5677 820 5746 Prologum
850 5678 938 5746 qui
970 5678 1021 5731 in
1051 5678 1176 5732 edit.
1207 5677 1375 5731 Paris.
1402 5686 1606 5743 posrtus
1636 5685 1718 5733 est
1740 5687 1861 5732 ante
1885 5678 2077 5735 librum
2112 5687 2355 5749 quartum
2395 5686 2573 5732 contra
2603 5673 2937 5726 Eunomium.

267 5798 309 5828 “
330 5796 484 5853 Joan.
515 5812 553 5865 ι,
584 5796 632 5848 ι.
712 5795 754 5827 ⁸⁷
778 5793 927 5851 Joan.
964 5797 1174 5863 xrv,28.
1254 5797 1296 5827 “
1324 5796 1479 5850 PrOV.
1506 5810 1621 5858 rm,
1650 5794 1736 5849 22.
