4088 6310
681 308 812 348 CCXL

2034 305 2554 360 PROLEGOMENA.

674 420 853 479 operte
885 412 1116 479 pretium
1151 414 1422 486 ducoqua:
1447 418 1500 472 in
1539 419 1691 475 libris
1718 424 1952 475 secundo
1976 431 2028 477 et
2051 428 2237 491 quarto

2343 436 2431 482 νος
2476 422 2540 489 τῇ
2576 421 2747 488 φωνῇ.
2795 437 2813 468 ο
2852 417 2952 484 Qui
2981 426 3121 473 enim
3158 419 3325 479 dixit,
3374 418 3594 473 Posscdi
3628 416 3885 468 hominem

676 499 924 568 leguntur
964 503 1040 572 (ρ.
1067 504 1201 570 ἳὸϐ,
1240 505 1392 579 293),
1448 509 1734 580 diligenter
1763 512 1904 564 inter
1939 529 1997 569 se
2018 527 2231 581 compa.

678 607 818 646 rare.
843 593 1390 654 Animadvertendum
1430 600 1613 669 igitur,
1649 601 1903 656 Basiliam
1928 606 2089 661 verba
2118 604 2230 661 haec

678 676 1002 748 Salomonis,
1037 684 1290 741 Dominus
1322 691 1517 744 creavit
1565 708 1663 756 me,
1716 691 1822 746 alio
1870 698 2083 765 quidem
2116 694 2232 751 loco

677 773 854 839 aptius
884 772 1300 848 diligentiusque
1323 780 1424 834 sibi
1452 783 1809 836 examinanda
1839 786 2177 857 proposuisse
2214 805 2226 840 :

676 861 769 916 sed
806 873 979 919 tamen
1038 869 1149 924 IITC
1190 871 1301 940 ipsa
1344 870 1645 928 Salomonis
1703 878 1864 931 verba
1906 892 2012 933 tam
2071 893 2233 946 parce

680 963 891 1023 tamque
952 960 1292 1031 indiligenter
1331 965 1383 1019 itt
1446 978 1635 1036 quarto
1689 980 1870 1024 contra
1918 972 2231 1026 Eunomium

677 1042 815 1097 libro
842 1051 1237 1115 expenduntur,
1270 1066 1327 1106 ttt
1376 1057 1419 1110 si
1468 1060 1585 1124 quis
1616 1056 1875 1115 BlSililllll
1929 1064 2115 1117 harum
2152 1060 2230 1113 iu-

678 1138 1123 1201 terpretationunt
1147 1140 1311 1198 faciat
1333 1157 1633 1211 auctorem,
1662 1166 1783 1204 cum
1826 1152 2103 1222 promissis
2128 1167 2232 1206 non

673 1226 887 1280 stetisse
924 1231 1156 1285 fateatur
1186 1252 1405 1291 necesse
1448 1238 1541 1293 sit.
1592 1239 1656 1295 Et
1688 1258 1815 1297 vero
1839 1245 1880 1294 si
1907 1242 2034 1309 quid
2069 1243 2233 1296 alicu-

668 1316 758 1383 jus
789 1325 1048 1377 momenti
1102 1325 1293 1391 legitur
1325 1329 1375 1380 itt
1406 1329 1547 1386 libro
1593 1343 1810 1402 quarto,
1843 1332 1892 1384 id
1916 1332 2027 1401 jam
2070 1347 2098 1385 a
2134 1331 2234 1384 Ba-

674 1406 799 1461 silio
849 1424 1274 1481 praeoccupatum
1310 1417 1487 1473 fuerat
1541 1422 1592 1474 in
1642 1421 1894 1483 secundo.
1928 1420 2095 1487 Quale
2128 1432 2230 1486 est,

675 1501 816 1564 quod
846 1500 1044 1555 dicitur
1065 1504 1130 1558 de
1163 1508 1430 1577 scriptore
1461 1511 1871 1565 Proverbiorum
1910 1531 1924 1566 :
1959 1526 2058 1567 nec
2080 1512 2232 1566 valde

673 1587 859 1641 dubito
881 1594 1157 1657 ηυῑιγιίιιτὶ
1187 1603 1366 1667 quarti
1398 1612 1586 1655 auctor
1618 1615 1769 1655 suam
1798 1602 2229 1673 explanationem

674 1689 703 1730 a
736 1676 935 1739 Basilio
971 1696 1241 1743 mutuatus
1295 1691 1387 1742 sit.
1437 1689 1682 1759 Reliqua,
1717 1707 1835 1759 qua:
1878 1708 2041 1761 pauca
2082 1701 2226 1759 sunt,

2331 523 2424 577 per
2450 509 2631 572 Deum,
2664 516 2877 561 constat
2902 522 3022 560 eum
3074 509 3173 562 hac
3219 520 3351 559 voce
3398 522 3552 560 usum
3597 514 3739 569 esse,
3779 517 3884 555 non

2329 598 2472 664 quod
2506 606 2741 650 creasset
2791 596 2946 658 Cain,
2990 599 3083 649 sed
3144 593 3284 666 quod
3344 595 3639 661 genuisset.
3678 610 3698 644 ι
3750 588 3886 643 Vide

2338 686 2519 756 igitur,
2542 701 2666 743 ecce
2697 687 2787 742 tibi
2814 686 2914 740 duo
2945 686 3209 749 homines,
3233 698 3459 757 quorum
3488 684 3646 749 alter,
3676 692 3735 737 ut
3757 695 3886 751 pro-

2330 778 2559 847 positum
2617 785 2956 845 assequalur,
3009 790 3151 841 eum,
3205 791 3365 845 quem
3417 772 3553 832 dixi,
3612 772 3887 828 Ceneseos

2331 866 2505 920 locum
2540 868 2793 935 depravat
2825 866 3002 933 ;alter
3030 876 3156 918 vero
3179 864 3321 920 hunc
3347 867 3519 936 ipsum
3550 859 3729 913 locum
3764 868 3888 930 apte

2330 969 2382 1014 et
2413 960 2569 1012 docte
2602 960 2754 1011 citat.
2794 959 2888 1014 llic
2920 957 3133 1012 tandem
3168 956 3295 1012 huic
3344 953 3693 1026 disputationi
3723 951 3885 1006 tinem

2334 1053 2623 1121 imponam,
2656 1050 2701 1103 si
2736 1059 2914 1105 tamen
2945 1052 3092 1121 prius
3124 1062 3402 1113 monuero,
3460 1064 3563 1109 me,
3598 1042 3746 1113 quod
3799 1055 3889 1095 res

2334 1153 2455 1197 uota
2484 1143 2574 1206 sit,
2604 1156 2709 1196 non
2740 1140 3024 1196 allaturum
3080 1139 3311 1210 insignia
3359 1138 3564 1206 aliquot
3612 1132 3886 1200 exempla.

2332 1235 2529 1301 quibus
2557 1231 2765 1286 ostendi
2822 1234 2991 1301 possit
3020 1247 3181 1303 opera
3218 1230 3394 1299 aliqua
3434 1230 3556 1283 aliis
3584 1224 3891 1283 etiam-Pa-

2334 1326 2502 1380 tribus
2539 1324 2665 1379 olim
2698 1322 2831 1377 falso
2868 1326 3069 1380 tributa
3102 1324 3307 1377 fuisse:
3348 1334 3517 1387 neque
3544 1321 3685 1374 hanc
3715 1329 3888 1372 meam

2330 1417 2633 1486 opinionem
2655 1415 2980 1469 obstinatius
3008 1412 3377 1475 defensurum,
3421 1412 3464 1464 si
3503 1424 3626 1463 eam
3661 1408 3892 1465 eruditis

2331 1509 2636 1564 hominibus
2668 1521 2772 1562 non
2797 1508 3012 1576 probari
3046 1508 3363 1577 intelligam.

2335 1642 2363 1714 ς
2389 1642 2499 1700 XII.
2527 1640 3071 1697 Dciurubratiuucula
3097 1643 3317 1712 quadam
3354 1641 3417 1695 de
3458 1634 3659 1709 Spiritu
3684 1641 3892 1689 saneto.

674 1783 795 1825 cum
827 1784 1001 1828 tamen
1032 1775 1259 1831 Basilius
1304 1755 1711 1847 responsionem
1736 1755 1953 1851 longam
1985 1790 2038 1835 et
2070 1755 2229 1835 accu;
2259 1755 2305 1816 Β
2404 1771 2492 1827 76.
2529 1772 2781 1842 Sequitur
2806 1782 2923 1841 post
2955 1772 3198 1841 quintum
3228 1774 3283 1826 in
3313 1772 3631 1828 Eunomium
3690 1766 3891 1820 librum

676 1871 847 1913 ratam
888 1863 1201 1928 promisisse
1241 1866 1505 1932 videatur,
1555 1881 1648 1923 aut
1702 1884 1806 1923 non
1857 1869 2133 1939 pertinent
2162 1870 2228 1926 ad

675 1966 814 2015 rem,
861 1962 952 2006 aut
1004 1969 1283 2025 perperam
1328 1968 1378 2011 et
1443 1972 1628 2014 contra
1681 1960 1937 2015 librorum
1989 1964 2227 2018 omnium

674 2038 833 2092 ﬁdem
883 2044 1248 2110 proferuntur.
1281 2047 1613 2114 Adprimum
1641 2065 1807 2118 genus
1856 2061 2065 2121 spectat
2098 2050 2227 2107 illud

676 2128 931 2187 Davidis:
962 2134 1223 2202 Καρδίαν
1274 2139 1803 2207 καθαρὰν-κτίσον
1850 2142 1921 2197 ἐν
1968 2145 2136 2214 ἐμοὶ,
2196 2147 2229 2197 ὁ

674 2224 841 2289 Θεός.
879 2225 981 2279 (.‘or
1008 2232 1255 2281 mundum
1298 2247 1416 2284 crea
1453 2233 1501 2284 in
1526 2249 1624 2299 me,
1658 2234 1795 2287 Deus
1822 2236 1887 2287 ".
1911 2235 2039 2288 Item
2066 2237 2225 2289 illud:

672 2313 866 2368 Γενοῦ
896 2332 995 2385 μοι
1016 2318 1103 2384 εἰς
1134 2320 1281 2373 Θεὸν
1305 2324 1781 2389 ὐπεριισπιστήν.
1829 2324 1957 2378 Esto
2002 2326 2129 2378 mihi
2173 2327 2228 2379 in

673 2400 841 2457 Deum
890 2417 1229 2473 protectorem
1253 2411 1318 2463 ⁷⁰.
1362 2411 1490 2463 illud
1534 2426 1796 2481 quoque:
1847 2414 2083 2485 Ἐγένου
2127 2432 2230 2485 μοι

670 2498 761 2562 εὶς
797 2500 1115 2565 σωτηρίαν.
1180 2497 1377 2554 Factus
1407 2519 1461 2555 es
1508 2504 1634 2558 mihi
1666 2507 1718 2559 in
1764 2507 1982 2561 salutem
2011 2509 2079 2563 τι.
2110 2507 2228 2563 Uno

672 2588 860 2654 verbo,
880 2590 1123 2659 quisquis
1145 2590 1332 2662 legerit
1360 2594 1520 2650 breve
1559 2596 1659 2652 hoc
1682 2599 1831 2668 quasi
1853 2600 2227 2670 fragmentum,

675 2681 729 2735 in
755 2694 862 2751 quo
890 2694 1076 2739 auctor
1106 2685 1279 2741 locum
1330 2686 1742 2745 Proverbiorum
1812 2692 2101 2761 explanare
2150 2696 2233 2749 iu-

675 2773 951 2836 stituerat,
983 2788 1343 2843 nequaquam,
1367 2786 1517 2845 puto,
1547 2778 1875 2833 inlicialtitur
1897 2782 2066 2849 ipsum
2093 2797 2232 2850 saepe

674 2860 890 2929 quidvis
915 2863 1093 2929 potius
1135 2864 1349 2929 fecisse,
1380 2882 1541 2934 quam
1594 2871 1736 2937 quod
1790 2870 2093 2926 faciendum
2128 2875 2228 2928 sibi

676 2961 1047 3021 proposuerat.
1083 2954 1160 3009 Ad
1199 2957 1494 3012 secundum
1526 2973 1695 3027 genus
1737 2960 1928 3016 referri
1958 2978 2116 3033 posse
2153 2966 2233 3019 vi-

673 3041 832 3097 detur
903 3043 1028 3098 illud
1074 3064 1087 3098 :
1147 3046 1466 3115 Ἐπόίησεν
1513 3050 1684 3117 υἱοὺς
1738 3052 1837 3107 καὶ
1890 3054 2231 3125 θυγατέρας.

679 3132 825 3192 Fecit
859 3138 997 3206 ﬁlios
1018 3149 1065 3194 et
1097 3140 1263 3210 ﬁlias.
1296 3140 1428 3196 Nam
1469 3143 1521 3198 itt
1556 3143 1693 3199 Gen.
1744 3161 1863 3217 cap.
1899 3162 1933 3199 ν
1971 3164 2077 3204 non
2112 3165 2235 3205 raro

680 3226 779 3297 legi
811 3228 1098 3299 ἐγέννησεν
1127 3232 1276 3296 υἱοὺς
1320 3234 1414 3286 καὶ
1446 3236 1767 3307 θυγατέρας,
1796 3256 1815 3288 ι
1852 3237 2048 3293 Genuit
2096 3240 2236 3295 ﬁlios

677 3330 731 3371 (ιι
767 3320 925 3382 tilias,
960 3339 978 3371 ι
1016 3323 1130 3376 scio
1151 3326 1365 3390 quide
1398 3345 1412 3379 :
1449 3333 1541 3379 sed
1570 3328 1658 3379 ubi
1697 3328 1956 3397 scriptum
1986 3328 2231 3383 invenia-

678 3422 786 3477 tut,
814 3410 1065 3483 ἐποίησεν
1102 3415 1249 3477 υἱοὺς
1280 3416 1374 3469 καὶ
1401 3414 1726 3488 θυγατέρας,
1762 3437 1781 3471 ι
1830 3417 1983 3473 Fecit
2014 3419 2153 3475 filios
2182 3430 2236 3477 et

680 3503 852 3566 tilias,
888 3520 907 3553 ι
946 3504 1147 3583 nescio.
1199 3502 1452 3561 Fortasse
1509 3507 1746 3575 scriptor
1796 3509 2007 3576 putavit
2058 3508 2236 3578 legere

680 3594 781 3647 sibi
806 3593 989 3659 licere,
1033 3595 1284 3665 ἐποίησεν
1309 3596 1454 3661 υἱοὺς
1492 3597 1587 3650 καὶ
1618 3595 1945 3670 θυγατέρας,
1984 3600 2125 3666 quod
2160 3600 2234 3655 ita

678 3686 795 3753 ejus
816 3688 1141 3757 propositum
1157 3690 1452 3758 postularet
1482 3706 1496 3743 :
1523 3692 1615 3746 sed
1652 3693 1751 3745 hoc
1778 3693 1825 3744 ei
1859 3693 1977 3761 quis
1990 3692 2238 3750 dederit?

684 3778 932 3847 Ejusdem
974 3783 1188 3850 generis
1238 3792 1363 3837 sunt
1402 3793 1456 3837 et
1497 3783 1583 3837 illa
1631 3782 1705 3854 (p.
1734 3782 1893 3853 295):
1926 3783 2156 3854 Λέγεται
2181 3784 2238 3838 δὲ

682 3870 778 3924 καὶ
799 3870 890 3924 ἐπὶ
908 3874 1237 3944 γεννήματος
1258 3874 1461 3943 κτίσμα
1482 3874 1575 3926 καὶ
1599 3874 1827 3944 ποίημα,
1847 3874 1922 3937 ὡς
1938 3875 1998 3928 τό
2015 3892 2029 3906 ο
2063 3876 2227 3929 Ἐκτι-

680 3960 863 4031 σάμην
891 3962 1175 4032 ἄνθρωπον
1218 3964 1305 4016 διὰ
1344 3964 1437 4015 τοῦ
1470 3963 1626 4015 Θεοῦ.
1668 3982 1686 4015 α
1720 3963 1859 4029 Quin
1907 3976 1959 4019 et
1990 3967 2237 4033 genitura

682 4055 880 4108 dicitur
898 4064 1141 4109 creatura
1167 4063 1219 4109 et
1243 4054 1471 4116 factura,
1497 4066 1554 4109 ut
1571 4055 1722 4118 illud,
1743 4053 1931 4110 Crcavi
1964 4056 2234 4112 hominem

682 4160 781 4213 per
809 4146 995 4201 Deum.
1035 4166 1054 4199 ι
1094 4146 1257 4212 Satis,
1292 4149 1517 4218 opinor,
1566 4162 1757 4203 omnes
1795 4157 1993 4202 norunt
2030 4164 2136 4205 non
2164 4149 2236 4204 ita

687 4238 789 4307 legi
814 4236 950 4292 Gen.
983 4254 1056 4305 ιν,
1086 4239 1139 4301 l,
1175 4258 1193 4289 ι
1232 4238 1419 4293 Creavi
1447 4238 1713 4294 hominem
1739 4254 1835 4309 per
1863 4238 2063 4296 Deum:
2096 4258 2116 4293 t
2148 4241 2240 4295 sed

688 4338 869 4381 tamen
900 4342 1012 4380 rem
1049 4327 1207 4395 [mitto
1258 4327 1567 4396 diligentius
1595 4328 1927 4383 considerari
1955 4328 2093 4383 volo.
2130 4326 2242 4384 Hoc

687 4418 849 4486 igitur
883 4417 1013 4471 dicit
1066 4418 1340 4485 scriptor,
1388 4418 1690 4487 genituram
1741 4420 1921 4474 vocari
1977 4434 2135 4489 posse
2189 4430 2241 4475 et

694 4527 715 4561 ι
754 4518 1056 4564 creaturam
1109 4508 1372 4562 facturam
1405 4524 1418 4558 :
1463 4526 1481 4559 ι
1510 4508 1652 4575 quod
1700 4516 1760 4562 ut
1804 4510 2028 4580 probet,
2064 4510 2239 4565 locum

691 4601 969 4655 Gcnrseos
993 4614 1338 4668 corrumpere
1393 4599 1597 4653 veritus
1642 4612 1747 4653 non
1803 4607 1907 4653 est.
1956 4596 2243 4656 Enimvero

690 4704 866 4759 neque
898 4690 949 4741 in
979 4689 1191 4750 Biltliis,
1245 4703 1415 4758 neque
1460 4688 1513 4743 in
1548 4688 1687 4743 notis
1734 4685 1951 4753 Nobilii,
1984 4703 2160 4758 neque
2188 4691 2241 4743 in

689 4779 962 4847 llexaplis,
986 4795 1161 4848 neque
1192 4780 1244 4833 in
1270 4781 1390 4834 aliis
1422 4794 1540 4849 quae
1564 4778 2248 4848 viderelicuitcxemplari-

689 4872 791 4926 hus
818 4886 1041 4939 usquam
1074 4871 1268 4940 legitur
1292 4872 1428 4926 Gen.
1455 4888 1527 4937 tv,
1551 4873 1601 4936 l,
1627 4873 1976 4942 ὲκτισάμην,‹
1995 4874 2171 4927 creavi
2192 4892 2205 4925 :
2223 4894 2240 4924 ι

692 4959 784 5012 sed
815 4959 1012 5027 ultique
1045 4973 1235 5023 magno
1266 4959 1523 5013 librorum
1563 4961 1702 5014 inter
1723 4975 1780 5014 se
1808 4976 2077 5015 consensu
2114 4962 2246 5031 legi-

696 5060 784 5099 tur
816 5046 1218 5118 Ἕκτησὰμην,
1248 5047 1490 5102 Possedi.
1520 5049 1637 5104 Jam
1662 5052 1943 5105 audiamus
1971 5050 2244 5116 Basilium,

694 5142 784 5204 qui
822 5141 924 5195 huc
962 5141 1076 5210 ipso
1130 5140 1422 5210 Scriptura:
1473 5142 1788 5195 testimonio
1847 5141 2155 5197 fidelissime
2188 5145 2255 5198 ad

698 5231 1110 5300 institutumque
1140 5232 1695 5287 aceommodatissime
1737 5249 1866 5287 usus
1912 5244 1996 5288 est
2044 5235 2134 5289 lib.
2189 5251 2252 5301 tt,

701 5339 851 5375 num.
892 5322 980 5375 20.
1035 5323 1125 5378 Sic
1171 5336 1350 5378 autem
1400 5324 1636 5389 loquitur
1690 5340 1703 5379 :
1788 5326 1846 5378 '0
1892 5326 2001 5395 γὰρ
2050 5326 2252 5391 εἰπὼν,

712 5412 1094 5483 Ἐκτησάμην
1122 5413 1429 5483 ἄνθρωπον
1452 5414 1549 5468 διὰ
1570 5415 1675 5468 τοῦ
1713 5416 1879 5478 Θεοῦ,
1914 5418 2033 5487 οὐχὶ
2071 5418 2256 5482 κτίσας

699 5504 788 5557 τὶν
809 5506 970 5570 Κάῖν,
1004 5506 1137 5560 ἀλλὰ
1168 5511 1447 5579 γεννήσας,
1491 5508 1662 5581 ταύτῃ
1708 5509 1951 5577 φαίνεται
1984 5511 2258 5581 χρησάμε-

772 5679 815 5710 ⁴⁸
854 5676 968 5732 l’sal
1024 5695 1073 5744 L,
1116 5680 1195 5733 l2.
1276 5684 1318 5714 ⁷ο
1360 5680 1496 5736 Psul.
1540 5698 1661 5749 xxx,
1698 5683 1747 5735 5.
1820 5685 1859 5715 τ’
1886 5682 2024 5738 Psal.
2054 5701 2214 5751 cxvu,
2248 5685 2333 5739 2|.

2333 1862 2788 1919 lueubratiuucula
2815 1863 3056 1933 quaedam
3095 1863 3161 1917 de
3205 1861 3409 1931 Spiritu
3435 1872 3610 1915 sancto
3641 1874 3659 1911 :
3687 1861 3753 1909 de
3784 1866 3894 1923 qua

2332 1970 2475 2011 nunc
2506 1970 2653 2012 more
2682 1966 2867 2011 nostro
2908 1955 3185 2026 disputare
3239 1954 3589 2007 instituimus.
3653 1946 3896 2003 Libellus

2333 2047 2422 2102 ille
2469 2062 2573 2103 non
2616 2048 2805 2120 magni
2844 2056 2927 2103 est
2978 2044 3265 2107 momenti;
3322 2057 3418 2095 nec
3455 2039 3685 2093 multum
3724 2037 3897 2090 refert

2334 2140 2417 2195 eui
2455 2140 2743 2209 tribuatur,
2778 2140 3001 2203 Basilio,
3048 2151 3115 2189 an
3153 2134 3323 2188 cuivis
3368 2130 3524 2186 alteri
3578 2126 3839 2197 scriptori
3876 2140 3891 2175 :

2335 2232 2584 2301 quoniam
2617 2240 2793 2285 tamen
2818 2230 2949 2285 mihi
2978 2242 3081 2283 non
3112 2227 3239 2281 licet
3264 2224 3553 2294 quidquam
3587 2217 3897 2289 prreterire,

2333 2323 2515 2391 paucis
2537 2322 2707 2375 dicam
2740 2321 2879 2391 quod
2914 2320 3109 2375 sentio.
3141 2317 3387 2371 Arbitror
3413 2314 3571 2385 igitur
3596 2314 3700 2367 hoc
3723 2322 3896 2375 opus-

2334 2410 2512 2464 culum
2564 2408 2749 2465 Basilii
2787 2425 2890 2465 non
2921 2424 3039 2466 esse
3083 2427 3098 2464 :
3129 2409 3221 2464 sed
3245 2408 3395 2477 cujus
3423 2406 3512 2472 sit,
3534 2413 3683 2458 certo
3712 2402 3899 2453 dicere

2335 2517 2441 2557 non
2474 2517 2636 2573 queo.
2667 2501 2792 2557 Mihi
2826 2512 3002 2558 tamen
3025 2500 3317 2557 verisimile
3361 2500 3418 2553 tit
3449 2493 3813 2563 compositum
3842 2488 3895 2540 id

2340 2594 2509 2650 fuisse
2541 2594 2609 2649 ab
2640 2595 2742 2649 hoc
2789 2594 2907 2665 ipso
2948 2592 3235 2662 scriptore,
3285 2592 3374 2659 qui
3412 2588 3629 2640 ultimos
3668 2583 3806 2636 duos
3841 2580 3897 2632 in

2336 2685 2653 2739 Eunomium
2680 2685 2844 2740 libros
2873 2684 3062 2739 edidit.
3099 2682 3166 2735 Et
3208 2681 3420 2750 quidem
3457 2692 3560 2731 non
3591 2684 3738 2728 tanta
3769 2671 3896 2727 dili—

2335 2774 2513 2843 gentia
2565 2774 2798 2842 scriptus
2850 2782 2932 2827 est
2959 2773 3048 2827 hic
3092 2770 3326 2837 libellus,
3366 2777 3425 2824 ut
3467 2768 3669 2824 Basilio
3700 2766 3897 2836 Magno

2337 2863 2498 2917 tribui
2530 2864 2651 2932 jure
2673 2864 2845 2934 possit
2879 2879 2893 2916 :
2927 2863 3035 2919 imo
3061 2861 3239 2934 potius
3262 2864 3591 2934 compositus
3628 2870 3714 2917 est
3749 2859 3897 2914 indi-

2338 2955 2557 3028 ligentia
2580 2971 2665 3024 ea,
2687 2971 2806 3029 quae
2834 2956 2886 3011 in
2910 2971 3032 3011 eum
3054 2972 3209 3027 quem
3236 2957 3343 3011 dixi
3361 2958 3673 3025 scriptorem
3690 2951 3900 3020 Optime

2340 3054 2642 3105 conveniat.
2678 3050 2827 3117 Quod
2858 3061 3036 3106 autem
3062 3050 3192 3113 dixi,
3237 3048 3403 3101 videri
3457 3047 3593 3099 hanc
3648 3043 3902 3097 lucubra-

2340 3143 2629 3197 tiunculam
2688 3143 2757 3197 ab
2807 3142 2995 3196 eodem
3048 3141 3313 3210 scriptore
3350 3140 3549 3193 editam
3584 3137 3775 3203 fuisse,
3806 3135 3899 3206 qui

2338 3240 2639 3300 postremos
2662 3230 2795 3285 duos
2815 3229 2869 3283 in
2897 3226 3216 3284 Eunomium
3243 3228 3410 3283 libros
3444 3226 3704 3297 vulgavit,
3732 3227 3790 3280 id
3832 3240 3899 3280 ex

2339 3322 2480 3375 notis
2532 3327 2695 3389 patet.
2743 3318 2799 3375 In
2833 3321 2919 3376 his
2958 3321 3101 3376 enim
3133 3320 3441 3375 monuimus
3488 3318 3677 3374 ultima
3719 3316 3900 3387 quinti

2340 3411 2459 3466 libri
2495 3415 2659 3468 verba
2694 3427 2815 3468 cum
2845 3412 3033 3482 primis
3063 3411 3218 3480 hujus
3245 3409 3727 3466 lucubratiuncula:
3779 3423 3901 3462 ver-

2338 3506 2423 3561 bis
2447 3505 2520 3559 ita
2551 3506 2602 3560 in
2656 3505 2927 3560 veteribus
2966 3504 3285 3573 quibusdam
3324 3501 3475 3556 libris
3501 3500 3643 3554 inter
3672 3511 3732 3552 se
3768 3512 3904 3552 con-

2334 3597 2506 3669 jungi,
2540 3610 2597 3652 ut
2622 3596 2876 3652 continua
2932 3596 3175 3651 oratione
3222 3594 3378 3664 plane
3422 3593 3669 3662 legantur
3702 3607 3717 3644 :
3753 3591 3903 3661 quod

2342 3702 2487 3748 certe
2518 3690 2720 3746 iudicio
2744 3697 2828 3744 est
2855 3688 2999 3743 hanc
3026 3686 3551 3742 lucubratiunculam
3587 3683 3718 3738 nihil
3744 3682 3904 3739 aliud

2342 3799 2483 3849 esse.
2536 3783 2637 3839 nisi
2671 3781 2840 3853 quinti
2892 3780 3017 3837 libri
3065 3778 3335 3851 epilogum
3380 3778 3448 3831 ab
3482 3791 3587 3830 uno
3621 3785 3676 3831 et
3704 3777 3904 3832 eodem

2341 3887 2559 3932 auctore
2577 3876 2965 3945 conscriptum.
2992 3872 3060 3929 Et
3078 3872 3182 3929 hoc
3213 3871 3339 3926 inde
3361 3870 3669 3924 conﬁrmari
3699 3878 3904 3939 potest,

2341 3967 2484 4037 quod
2518 3975 2578 4021 ut
2605 3967 2657 4020 in
2694 3965 2896 4021 ultimis
2934 3965 3142 4021 duobus
3178 3965 3233 4019 in
3261 3962 3581 4017 Eunomium
3611 3961 3798 4025 libris,
3831 3962 3904 4015 ita

2339 4068 2394 4116 et
2427 4059 2479 4114 in
2508 4057 2600 4113 illo
2630 4070 2845 4128 quoque
2896 4055 3158 4128 opusculo
3206 4055 3439 4125 Spiritus
3491 4062 3711 4109 sanctus
3759 4053 3908 4110 Dens

2342 4161 2582 4207 vocetur.
2616 4149 2732 4217 Qua
2766 4157 2944 4205 autem
2993 4147 3271 4217 diligentia
3302 4146 3538 4216 scriptus
3580 4146 3653 4199 sit
3691 4144 3789 4199 hic
3836 4143 3907 4197 li—

2343 4241 2534 4306 bellus,
2577 4238 2687 4309 jam
2718 4238 3014 4294 videamus.
3065 4236 3165 4293 libi
3201 4244 3389 4291 auctor
3434 4238 3499 4290 de
3528 4235 3701 4289 anima
3769 4247 3906 4302 pura

2347 4333 2618 4401 loquitur,
2677 4330 2749 4383 ita
2785 4329 2999 4397 scripsit
3047 4344 3063 4381 :
3105 4327 3352 4400 Προσίτω
3382 4326 3437 4378 δὲ
3478 4324 3664 4395 ἡσύχῳ
3687 4325 3754 4392 τῇ
3808 4340 3909 4377 κα-

2344 4422 2619 4476 ταστάσει.
2658 4418 2894 4488 ’Ἠσυχον
2931 4416 2988 4469 δὲ
3028 4416 3196 4485 αὐτῆς
3234 4415 3391 4476 ἔστω,
3425 4412 3680 4483 μὴμόνον
3712 4411 3780 4465 τὸ
3808 4429 3907 4466 πε-

2350 4510 2654 4583 ρικείμενον
2678 4506 2855 4577 σῶμα,
2888 4505 2980 4558 καὶ
3006 4504 3035 4555 ὁ
3079 4502 3171 4557 τοῦ
3203 4501 3448 4573 σώματος
3478 4502 3713 4557 κλύδων·
3767 4502 3909 4557 ἀλλὰ

2346 4607 2441 4659 καὶ
2471 4606 2579 4657 πᾶν
2605 4602 2664 4655 τὸ
2685 4600 2964 4671 περιέχον·
2994 4596 3242 4668 οὐρανὸς,
3287 4597 3379 4667 γῆ,
3410 4594 3669 4661 θάλασσα,
3706 4596 3809 4649 καὶ
3842 4598 3910 4650 τὰ

2348 4697 2405 4747 ὲν
2429 4695 2637 4755 τούτοις
2662 4691 2873 4760 λογικά.
2905 4709 2923 4742 ‹
2951 4689 3177 4742 Accedat
3208 4697 3384 4742 autent
3420 4687 3704 4756 tranquillo
3732 4698 3905 4741 statu.

2352 4785 2461 4839 Nec
2491 4785 2661 4837 solum
2689 4797 2880 4850 corpus
2906 4780 3021 4847 ejus
3044 4779 3456 4846 circumjaecns,
3485 4787 3539 4831 ct
3579 4790 3747 4832 restus
3783 4794 3903 4832 cor-

2349 4880 2495 4949 poris
2544 4874 2830 4942 trauquilla
2861 4874 2965 4927 sint
2996 4890 3010 4926 :
3043 4872 3135 4925 sed
3181 4872 3340 4925 etiam
3375 4870 3632 4939 quidquid
3659 4871 3827 4923 ambit
3857 4878 3908 4922 et

2348 4966 2831 5037 circumplectitur,
2860 4962 3051 5018 cmlum
3104 4962 3368 5027 videlicet,
3409 4974 3573 5027 terra,
3624 4974 3797 5027 mare,
3854 4970 3905 5013 et

2350 5072 2468 5127 qum
2506 5058 2559 5111 in
2600 5056 2666 5110 iis
2697 5063 2823 5109 sunt
2875 5053 3182 5108 rationalia.
3219 5070 3239 5103 ιι
3267 5052 3428 5119 Quasi
3484 5067 3612 5107 vero
3633 5052 3802 5105 situm
3855 5052 3906 5104 in

2348 5148 2504 5202 nobis
2527 5154 2691 5208 esset,
2729 5156 2786 5200 ut
2822 5143 3015 5199 cmlum
3050 5154 3301 5212 terraque
3348 5153 3403 5196 et
3427 5157 3575 5197 mare
3614 5142 3905 5211 tranquilla

2352 5238 2549 5293 forent.
2586 5236 2737 5303 Quod
2768 5235 3028 5305 sequitur,
3063 5236 3135 5289 ita
3159 5236 3443 5289 obscurum
3491 5242 3598 5299 est,
3630 5242 3692 5287 ut
3709 5234 3909 5290 doctis-

2354 5327 2474 5383 simi
2504 5328 2609 5382 duo
2656 5328 2755 5380 viri
2782 5321 3173 5395 Trapezuntius
3203 5336 3254 5378 et
3278 5324 3628 5379 Combelisius
3675 5324 3908 5397 scripto.

2358 5423 2434 5473 ris
2467 5418 2788 5473 sententiam
2828 5433 2931 5471 non
2976 5418 3205 5471 assecuti
3257 5417 3419 5470 fuisse
3464 5415 3774 5472 videantur.
3816 5416 3911 5471 Est

2359 5521 2533 5567 autem
2558 5509 2817 5579 ejusmodi
2854 5530 2865 5565 :
2896 5508 3005 5563 Καὶ
3034 5510 3178 5562 πᾶσα
3212 5509 3499 5572 ὑπόστασις
3536 5507 3780 5576 δικαίων,
3819 5511 3911 5563 καὶ
