4088 6310
1356 336 1636 395 NOTITIA
1682 336 1774 389 EX
1813 335 2156 392 FABRICIO.

3190 357 3387 396 CCXLIII

145 458 386 511 caeteros,
438 463 529 515 qut
578 448 646 504 de
694 449 1043 518 scriptoribus
1080 451 1476 507 ecclesiasticis
1527 466 1709 523 egere.
1742 456 1788 513 Α
1826 448 1886 502 tii
1923 449 2187 513 narratio,
2212 450 2307 504 sed
2332 448 2527 519 sapius
2551 451 2868 513 emendata;
2900 459 3159 520 prmterea
3195 453 3387 507 multas

136 539 402 595 Antonius
451 538 780 596 Possevinus
832 543 886 596 in
934 543 1205 612 Apparatu
1251 560 1403 597 sacro
1437 545 1598 599 etiam
1648 547 1715 600 de

135 630 413 685 codicibus
442 632 789 701 scriptorum,
821 633 1004 688 Basilii
1057 650 1217 688 manu
1250 636 1510 703 exaratis,
1538 638 1627 705 qui
1658 638 1711 690 in

134 723 264 777 bibl.
298 723 635 791 Augustana,
659 725 986 781 Messanensi
1012 737 1065 782 et
1084 726 1457 785 Monachiensi
1475 738 1707 794 exstant,

134 825 339 877 nionet,
386 826 547 885 atque
600 817 653 870 in
682 817 959 874 versiones
985 820 1167 874 varias
1211 822 1533 890 scriptorum
1562 822 1711 875 Basi-

133 906 400 960 Iianornm
476 907 885 963 observationes
958 910 1263 981 complures
1318 928 1440 967 cum
1512 913 1711 968 lectore

133 998 518 1052 ro:nmunicat.

199 1089 548 1144 Abrahamus
589 1090 863 1148 Scultetus
892 1106 1045 1163 parte
1078 1111 1131 1149 tv
1164 1094 1412 1149 Medulla:
1460 1094 1704 1163 Patrum,

132 1196 247 1249 pag.
280 1182 422 1235 1015
450 1199 601 1252 seqq.

198 1276 347 1329 Guil.
381 1278 593 1331 Caveus
628 1278 678 1330 in
733 1278 867 1333 Vitis
921 1280 1305 1348 primitivorum
1342 1280 1561 1335 Patrum
1603 1282 1707 1337 Ec-

132 1365 323 1427 clesiic,
361 1363 584 1434 Anglice
613 1367 850 1437 scriptis.
884 1380 937 1423 et
968 1369 1163 1423 deinde
1208 1371 1488 1427 translatis
1530 1376 1580 1426 in
1607 1374 1708 1427 litt-

135 1472 257 1523 guns
296 1456 571 1527 Belgicam
634 1470 796 1528 atque
844 1459 1248 1525 Germanicam,
1300 1473 1430 1518 tom.
1492 1467 1532 1519 II
1576 1466 1704 1521 edit.

135 1545 489 1610 Germanicae,
534 1562 650 1617 pag.
686 1548 788 1603 504
810 1580 835 1591 -
860 1551 983 1605 598.
1014 1552 1194 1607 Brem.
1240 1554 1399 1618 i70l,
1430 1556 1515 1610 4ο.

198 1635 254 1688 D.
292 1636 623 1705 Theophilus
658 1638 924 1707 Spizelius
979 1641 1032 1696 in
1093 1640 1272 1698 Vetere
1306 1648 1590 1700 Academia
1618 1647 1708 1702 le-

135 1745 189 1781 su
211 1728 434 1792 Christi,
470 1745 592 1799 pag.
625 1732 694 1787 75
722 1749 837 1802 seq.
873 1736 1041 1790 FABR.

1817 541 1905 595 ille
1940 556 2026 595 res
2054 541 2136 595 vel
2171 543 2372 597 certius
2409 542 2489 597 vel
2520 543 2709 597 saltem
2740 543 3070 613 probabilius
3094 546 3339 612 exposuit
3370 563 3386 601 :

1814 633 2052 686 maxime
2099 643 2314 687 versata
2358 643 2439 687 est
2488 631 2601 699 ejus
2649 649 2778 687 cura
2836 636 2887 688 in
2932 638 3062 700 vita,
3120 637 3388 707 praecipue

1814 724 2057 793 epistolis
2078 725 2306 794 aliisque
2342 726 2559 794 scriptis
2579 726 2762 781 Basilii
2805 729 3097 781 secundum
3130 732 3389 798 temporis

1813 817 2077 870 rationem
2119 818 2173 871 in
2234 818 2511 873 meliorem
2541 820 2783 872 ordinem
2818 820 3145 889 redigendis,
3173 833 3267 875 aut
3295 839 3389 877 ve-

1811 906 1885 959 ris
1913 923 1940 959 a
1982 906 2129 961 falsis
2155 922 2218 962 ac
2251 908 2613 979 supposititiis
2645 909 3012 963 discernendis
3043 924 3056 960 :
3090 925 3184 963 nec
3208 920 3386 963 tamen

1810 1014 1839 1052 a
1872 1003 2105 1068 partium
2148 1002 2331 1055 studio
2368 1013 2463 1055 aut
2506 1002 2794 1055 timiditate
2824 1001 3053 1070 quadam
3088 1003 3141 1055 in
3170 1001 3387 1071 judiciis

1808 1091 1919 1145 suis
1946 1092 2166 1146 omnino
2198 1093 2297 1147 fuit
2329 1094 2373 1147 is
2408 1094 2614 1148 alienus
2650 1094 2748 1163 (α).

1880 1184 2055 1255 Aﬂqua
2101 1186 2253 1240 lance
2297 1195 2405 1240 tam
2448 1186 2801 1249 eruditionis,
2856 1185 3058 1255 ingenii
3109 1184 3388 1255 animique

1809 1282 2062 1346 virtutes,
2098 1297 2218 1351 qua:
2251 1281 2486 1347 insignes
2522 1281 2572 1333 in
2613 1279 2812 1333 Basilio
2851 1278 2915 1331 Μ.
2955 1279 3192 1341 luerunt,
3221 1294 3383 1345 quam

1810 1374 2176 1439 inﬁrmitates,
2210 1374 2495 1441 disciplina
2533 1373 2654 1424 vitae
2684 1373 2995 1425 tuonasticm
3026 1387 3145 1425 cum
3196 1371 3385 1441 primis

1812 1478 2149 1529 contractas,
2182 1466 2502 1534 ponderavit
2528 1464 2815 1529 sobrieque
2842 1462 3105 1531 judicavit
3131 1473 3184 1516 et
3216 1463 3382 1516 vitam

1810 1560 2117 1626 scriptaque
2164 1573 2225 1610 ac
2272 1557 2571 1609 doctrinam
2625 1555 2802 1608 Basilii
2849 1555 3064 1621 copiose
3100 1565 3154 1608 et
3200 1565 3383 1609 curate

1808 1650 2074 1719 exposuit,
2109 1666 2207 1702 nec
2252 1664 2377 1700 raro
2407 1646 2654 1699 Garucrii
2708 1648 3005 1699 sententias
3040 1646 3385 1715 rationesque

1808 1741 2139 1796 examinavit
2178 1749 2228 1793 et
2270 1738 2457 1803 rejecit
2500 1738 2582 1789 .Io.
2628 1737 2883 1791 Matthias
2940 1738 3236 1791 Sehrmckh
3278 1740 3330 1790 in
3365 1756 3378 1790 :

196 1821 343 1876 Cave
371 1823 425 1876 itt
462 1822 699 1878 Historia
728 1827 992 1883 litteraria
1029 1831 1275 1899 scriptor.
1308 1832 1459 1897 eccl.,
1499 1844 1629 1888 tom.
1661 1834 1701 1901 Ι,
1736 1815 1778 1869 Β
1808 1833 2029 1889 Christi.
2061 1832 2606 1900 Kirchengesclticltte,
2639 1841 2777 1895 part.
2814 1846 2932 1890 xm,
2974 1846 3096 1899 pag.
3149 1830 3170 1883 1
3198 1860 3224 1872 -
3252 1831 3379 1884 220.

138 1926 251 1981 pag.
289 1913 397 1969 258
425 1930 601 1986 seqq.,
628 1920 715 1977 ed.
747 1918 911 1974 Basil.

201 2006 308 2061 The
324 2008 543 2077 clergies
576 2009 841 2078 Honour;
871 2028 955 2078 or,
987 2016 1077 2068 the
1107 2013 1254 2069 Lives
1281 2017 1342 2085 of
1362 2015 1417 2071 S.
1448 2016 1598 2071 Basit
1622 2020 1705 2075 the

136 2096 305 2166 Creat,
344 2104 678 2169 arcli-bishop
727 2104 785 2171 of
833 2103 1251 2170 Neo-Cmsarea.
1287 2110 1393 2161 and
1419 2108 1503 2164 SI.
1540 2110 1706 2180 Chry-

135 2204 348 2255 sostom,
424 2195 793 2260 arch-bishop
858 2196 919 2263 of
960 2194 1171 2265 CPole,
1232 2199 1412 2252 drawn
1468 2202 1531 2270 by
1597 2217 1709 2271 way

136 2284 189 2351 of
229 2285 487 2339 l'arallel.
540 2285 780 2345 London.
827 2286 1047 2344 Printed
1103 2290 1185 2346 for
1226 2290 1320 2346 ιν.
1357 2293 1584 2363 Cooper.
1637 2325 1707 2335 —-

136 2375 283 2438 1681,
319 2375 375 2429 8.

194 2464 319 2522 Cas.
356 2464 603 2523 Oudinus
659 2468 711 2523 in
768 2467 1060 2524 Comment.
1119 2468 1223 2525 SS.
1256 2472 1464 2536 eccles.,
1498 2483 1627 2528 IOIII.
1662 2472 1703 2537 I,

134 2574 244 2629 pag.
281 2559 391 2613 545
446 2574 623 2631 seqq.,
658 2563 752 2633 qui
816 2578 873 2618 se
910 2562 1194 2631 proﬁtetur
1227 2563 1392 2617 multa
1427 2567 1493 2619 ab
1523 2565 1603 2618 EI.
1635 2566 1703 2619 dtt

133 2651 219 2707 Pin
268 2653 358 2708 vel
401 2657 625 2722 omissa,
672 2656 757 2712 vel
813 2658 1157 2713 dissimulata
1188 2672 1310 2712 esse
1354 2659 1705 2711 animadver-

137 2747 276 2811 tisse,
309 2756 363 2802 et
413 2749 465 2801 in
497 2764 616 2817 cap.
652 2750 823 2817 primo
852 2750 1017 2804 vitam
1070 2766 1134 2804 ac
1174 2750 1479 2803 doctrinam
1512 2749 1569 2803 S.
1602 2750 1704 2801 Ba-

134 2840 253 2899 silii.
287 2840 557 2894 Caesarea:
603 2842 984 2909 Cappadocum
1036 2842 1299 2911 episcopi,
1329 2842 1550 2897 uberius
1583 2858 1704 2911 per-

134 2936 394 2999 sequitur.

197 3031 349 3087 Sam.
409 3032 653 3103 Basnagc
710 3033 763 3086 in
825 3032 1048 3099 Anna..,
1108 3042 1241 3088 tom.
1277 3032 1361 3097 III,
1400 3049 1520 3103 pag.
1551 3033 1605 3096 4,
1634 3031 1703 3087 25

1882 1923 1957 1979 De
1991 1924 2279 1993 praecipuis
2314 1921 2496 1974 Basilii
2536 1922 2753 1989 scriptis
2800 1933 2986 1973 curate
3037 1923 3169 1989 egit,
3222 1933 3277 1977 et
3327 1923 3379 1977 in

1808 2019 1950 2071 notis
1985 2024 2139 2070 acute
2182 2016 2459 2082 libereque.
2484 2014 2752 2083 judicavit
2786 2015 2852 2069 de
2900 2016 3008 2069 illis
3037 2014 3250 2070 Seinler
3279 2017 3329 2069 in
3365 2036 3377 2069 :

1808 2109 2115 2163 Geschichte
2138 2108 2231 2161 der
2260 2107 2594 2159 christlichen
2638 2106 3068 2174 Claubenslehre,
3100 2110 3380 2179 praemissa

1808 2196 2208 2265 Baumgarlenii
2270 2197 2570 2266 Theologia?
2608 2197 2899 2264 polemicar,
2952 2208 3084 2255 tom.
3139 2200 3377 2272 Il|,pag.

1809 2289 2065 2344 123—168.

1876 2381 2099 2434 Christi.
2130 2381 2343 2435 Frider.
2403 2382 2643 2436 Bmssler
2694 2382 2745 2434 in
2778 2399 2791 2434 :
2825 2380 3074 2434 Biblioth.
3102 2385 3196 2436 der
3249 2382 3379 2435 Κῖν-

1811 2473 2124 2537 cltenvtcter,
2146 2483 2277 2526 tom.
2310 2473 2417 2536 VII,
2447 2490 2569 2541 pag.
2605 2474 2790 2536 1-157,
2821 2476 2886 2529 de
2935 2474 3131 2529 Basilio
3177 2475 3245 2532 M.
3275 2477 3386 2546 egit

1806 2576 1861 2620 et
1890 2579 2144 2634 excerpta
2177 2566 2346 2629 dedit,
2374 2568 2612 2634 aspersis
2637 2568 2763 2620 hinc
2800 2567 2924 2621 inde
2957 2569 3113 2622 battis
3139 2570 3385 2622 animad-

1814 2659 2184 2723 versionibns,
2214 2673 2279 2712 ex
2319 2658 2473 2713 libris
2506 2674 2563 2712 ιιι
2601 2669 2784 2711 contra
2830 2658 3167 2725 Ennomium,
3195 2676 3260 2715 ex
3288 2662 3384 2721 lib.

1805 2750 1873 2800 ad
1898 2748 2319 2815 Amphilochium
2350 2753 2414 2801 de
2440 2749 2646 2817 Spiritu
2675 2749 2757 2814 S.,
2784 2765 2847 2804 ex
2881 2749 3116 2805 homiliis
3142 2753 3196 2806 1ο
3224 2754 3386 2806 Deum

1806 2857 1911 2895 non
1950 2858 2059 2894 esse
2104 2852 2373 2894 auctorem
2404 2841 2555 2904 mali,
2581 2844 2639 2894 2°
2678 2842 2753 2895 De
2780 2844 3053 2910 gentilium
3086 2844 3235 2898 libris
3268 2861 3387 2898 cum

1808 2934 1986 3003 fructu
2028 2933 2279 3002 legendis,
2318 2944 2372 2984 et
2401 2934 2458 2987 5ο
2491 2933 2565 2987 De
2608 2932 2770 2986 libero
2814 2932 3071 2997 arbitrio;
3103 2951 3165 2989 ex
3194 2937 3390 2991 asceti-

1808 3029 1886 3079 cis
1924 3025 2172 3095 scriptis,
2209 3026 2445 3093 denique
2485 3040 2551 3079 ex
2600 3027 2874 3094 epistolis;
2910 3028 2963 3081 in
3009 3028 3093 3081 his
3122 3030 3390 3099 prazcipue

131 3138 298 3193 seqq.,
331 3140 457 3192 pag.
487 3123 578 3185 29,
619 3126 683 3177 de
738 3134 977 3192 tempore
1033 3138 1138 3191 quo
1202 3122 1433 3177 Basilius
1484 3130 1703 3177 creatus
1735 3160 1776 3217 ϐ
1812 3126 2031 3172 secutus
2084 3127 2169 3172 est
2217 3117 2591 3173 recensiouem
2637 3117 2714 3170 Dn
2752 3119 2872 3184 Pin,
2905 3120 2996 3189 qui
3052 3120 3104 3173 in
3153 3124 3390 3176 secundo

133 3215 286 3271 inerit
314 3217 605 3283 episcopus
633 3214 857 3280 Cznsar.,
886 3230 1011 3284 pag.
1036 3215 1121 3276 52.
1150 3214 1217 3268 56
1244 3230 1419 3286 seqq.,
1440 3215 1511 3269 ιη
1530 3229 1708 3284 seqq.,

132 3308 214 3365 51.
250 3308 337 3372 b9,
358 3308 452 3361 70.

196 3396 308 3454 Jac.
348 3398 597 3470 Basnage
628 3400 679 3454 in
715 3416 727 3451 :
764 3398 1001 3454 Histoire
1050 3398 1113 3452 de
1159 3396 1397 3466 l‘Eglise,
1422 3414 1546 3467 p-g.
1585 3397 1709 3461 6I'5,

133 3490 249 3555 633.
286 3492 386 3548 6H
425 3508 605 3562 seqq.,
636 3493 772 3547 1156
800 3507 981 3561 seqq.,
1016 3492 1155 3547 1195
1189 3506 1340 3560 seqq.

196 3585 397 3639 Arnold
433 3588 483 3638 in
524 3598 538 3635 :
571 3583 933 3636 Kirchen-und
978 3581 1453 3643 Ketzer-Historie,
1502 3590 1638 3651 part.
1670 3597 1708 3643 ι,

134 3676 220 3729 lib.
248 3692 323 3739 tv,
349 3692 474 3745 cap.
506 3676 560 3740 6,
593 3676 619 3747 §
658 3676 750 3739 57,
778 3673 869 3737 38,
892 3673 984 3729 39.

197 3770 438 3826 Gottlieb
512 3769 679 3824 Stolle
752 3767 803 3822 in
837 3784 852 3823 :
890 3766 1181 3821 Nachricht
1233 3783 1331 3821 von
1388 3766 1489 3821 den
1540 3764 1715 3819 Leben

138 3866 315 3918 ....der
342 3862 759 3925 Kircnenra'ler,
790 3868 919 3924 etc.,
952 3875 1072 3930 pag.
1101 3858 1205 3913 559
1244 3873 1394 3927 seqq.

198 3957 262 4010 R.
292 3955 494 4010 Ceiller
524 3952 665 4005 Hist.
718 3956 836 4021 gén.
886 3957 977 4007 des
1031 3961 1143 4005 aut.
1182 3950 1389 4013 eccles.,
1448 3959 1579 4005 tom.
1622 3951 1710 4017 VI,

134 4063 244 4119 pag.
277 4046 348 4101 60

195 4140 511 4212 Apollinare
554 4134 783 4205 Agresta
835 4130 957 4186 Vita
1013 4132 1101 4187 del
1165 4133 1601 4203 protopatriarca
1628 4132 1709 4191 Β.

134 4234 330 4289 Basilio
367 4231 447 4287 Μ.
488 4230 545 4284 In
576 4229 832 4295 Messina,
873 4225 1015 4284 nella
1049 4227 1341 4298 stamperia
1383 4228 1438 4283 di
1478 4226 1713 4283 Vicenzo

136 4328 221 4381 d‘A
233 4326 398 4390 mico,
426 4324 584 4386 168l,
612 4323 692 4377 ιο.

196 4417 278 4473 Jo.
312 4416 415 4472 Ge.
450 4414 808 4484 Werenberg,
841 4412 987 4467 Diss.
1050 4414 1115 4467 de
1172 4410 1453 4481 prudentia
1512 4409 1707 4465 Basilii

137 4511 204 4566 Μ.
231 4513 289 4565 in
334 4508 634 4577 refutandis
660 4507 937 4561 Imreticis.
965 4504 1161 4575 Lipsiae
1195 4503 1353 4569 1725,
1384 4503 1461 4557 4ο.

197 4603 243 4658 J.
278 4602 381 4657 Ge.
427 4599 646 4658 Walch.
688 4596 829 4652 Hist.
896 4599 1080 4653 eccles.
1138 4594 1211 4649 Ν.
1266 4595 1352 4659 Τ..
1415 4609 1537 4666 pag.
1574 4595 1708 4649 I557

138 4710 309 4766 seqq.,
344 4703 403 4747 et
458 4694 662 4763 passim
710 4692 764 4746 in
811 4688 1143 4746 Bibliotheca
1198 4689 1511 4758 patristica;
1570 4686 1710 4741 lente

140 4786 285 4851 1770,
322 4784 455 4841 mai.
490 4784 544 4839 8.

202 4875 595 4930 bitucidazioni
637 4873 1091 4929 critico-istoriche
1123 4874 1263 4928 della
1307 4874 1413 4926 vita
1458 4874 1512 4926 di
1557 4879 1710 4925 santo

143 4967 333 5023 Basilio
365 4969 444 5025 Μ.
470 4968 555 5023 dal
578 4964 849 5036 Giuseppe
880 4966 967 5022 del
991 4965 1154 5019 Pozo.
1190 4966 1374 5021 Roma:
1401 4966 1559 5031 I7I6,
1585 4964 1661 5018 4ο.

203 5057 537 5127 Hamberger
567 5055 620 5109 in
647 5070 660 5106 :
692 5052 1053 5125 Zuverlwssig.
1096 5054 1432 5123 Nachricht.,
1485 5067 1613 5111 tom.
1649 5054 1712 5119 Il,

144 5165 250 5219 pag.
286 5147 392 5203 804
424 5164 577 5219 seqq.
619 5146 867 5217 Inprimis
914 5148 1216 5202 laudandus
1243 5159 1326 5202 cst
1354 5165 1382 5201 a
1412 5148 1710 5220 diligentia,

146 5240 311 5291 studio
338 5252 581 5307 curaque
624 5238 676 5291 in
729 5234 851 5288 Vita
897 5235 1082 5291 Basilii
1134 5236 1351 5290 uberius
1397 5237 1711 5306 explicanda

145 5343 189 5382 et
216 5328 529 5398 colligendis
562 5337 725 5397 atque
770 5324 962 5383 melius
1005 5326 1322 5383 ordinandis
1353 5326 1539 5384 Basilii
1575 5328 1713 5383 scri-

147 5436 257 5486 pus.

1817 3220 1963 3264 ιοιιιο
2020 3210 2188 3264 Nam
2241 3209 2409 3273 Bibl.,
2461 3225 2581 3278 pag.
2629 3210 2873 3263 268-59.
2924 3212 3051 3264 edit.
3110 3211 3251 3277 Lat.,
3287 3227 3384 3267 eas

1814 3303 2106 3357 secundum
2150 3301 2411 3369 temporis
2453 3302 2700 3354 ordinem
2748 3302 3037 3371 disponere
3093 3313 3256 3373 atque
3296 3321 3391 3359 ex-

1814 3393 2014 3463 plicare
2068 3393 2349 3446 sustinuit.
2406 3393 2513 3448 Sed
2557 3393 2848 3448 dolendqu
2888 3404 2992 3457 cst,
3045 3394 3374 3449 Rtesslcrurn

1812 3486 2054 3540 caruisse
2078 3487 2208 3541 edit.
2245 3485 2522 3550 Garnerii,
2547 3488 2636 3555 qui
2666 3486 2831 3538 multa
2867 3486 3001 3539 vidit
3043 3488 3255 3542 acutius
3280 3502 3391 3543 tne-

1814 3578 2023 3648 liusque
2048 3578 2337 3648 disposuit.
2371 3578 2520 3631 11Αιιι.

2171 3712 2260 3767 IV.
2302 3728 2410 3767 ALII
2452 3727 2640 3767 BASILII
2681 3727 2850 3767 unus
2896 3727 3022 3765 xxx.

1883 3850 2117 3905 Basilius
2170 3850 2338 3904 abbas
2409 3849 2465 3905 S.
2525 3847 2717 3901 Laurae
2776 3862 2945 3918 prope
3000 3846 3389 3920 Hierosolyma.

1814 3942 1948 3996 Vide
1986 3943 2148 4007 infra,
2187 3942 2476 3997 Maleinus.

1880 4032 2137 4101 Basilius,
2180 4033 2546 4089 Achridenus.
2586 4032 2721 4090 Vide
2769 4033 2930 4101 infra,
2961 4033 3393 4089 Thessalonicen-

1885 4222 2163 4295 [Basilius,
2196 4222 2485 4293 episcopus
2516 4221 2880 4285 Alexandriae,
2909 4234 3031 4275 cum
3062 4218 3129 4272 72
3167 4219 3387 4289 episco-

1813 4316 1897 4385 pis
1938 4313 2259 4383 subscripsit
2292 4313 2580 4377 Gennadii,
2626 4311 2953 4380 patriarchae
2997 4310 3226 4375 CPolit.,
3269 4311 3397 4381 Epi-

1815 4407 1963 4461 stoltn
2011 4406 2303 4478 encyclicae
2359 4407 2425 4459 ad
2481 4420 2673 4460 omnes
2728 4405 3178 4474 metr0politanos
3228 4403 3390 4459 A.C.

1744 4510 1789 4569 υ
1816 4498 1941 4554 A59.
1969 4496 2031 4554 V.
2067 4499 2187 4554 cod.
2218 4498 2521 4551 Vindobon.
2569 4496 2776 4552 Caesar.
2814 4495 2999 4557 XLIV.
3049 4506 3103 4550 et
3138 4495 3393 4552 Lambcc.

1817 4590 2111 4647 Comment.
2170 4590 2303 4655 VIII,
2364 4606 2489 4663 pag.
2551 4590 2654 4647 888
2700 4606 2883 4661 seqq.,
2932 4589 3115 4659 ibique
3178 4588 3391 4645 Kollar.

1818 4683 2017 4757 linum]

1890 4775 2140 4841 Basilius,
2172 4775 2479 4830 Amasenus
2527 4774 2579 4827 in
2630 4772 2963 4841 Cappadocia
3015 4772 3302 4843 episcopus
3341 4779 3398 4827 ct

1822 4878 2030 4939 martyr
2065 4866 2389 4921 Nicomedia:
2424 4866 2488 4918 A.
2520 4864 2579 4918 C.
2620 4864 2747 4928 522,
2775 4870 2839 4920 de
2871 4880 2979 4934 quo
3020 4863 3397 4919 Henscbenius

1822 4961 1875 5014 in
1911 4961 2055 5014 Actis
2092 4972 2348 5021 sanctor.,
2384 4966 2513 5011 tom.
2553 4954 2618 5009 III
2674 4958 2843 5027 April.
2876 4955 2970 5018 26,
3000 4955 3252 5025 pag.4IG
3278 4972 3373 5024 seq

1816 5055 1953 5107 Acta
2014 5050 2104 5103 illa
2159 5049 2406 5103 fabulosa
2453 5049 2704 5103 videntur
2752 5044 2987 5113 Valesio,
3024 5060 3145 5116 pag.
3189 5043 3296 5100 208
3327 5046 3394 5097 ad

1819 5142 2013 5199 Euseb.
2047 5141 2345 5215 [canticum
2372 5156 2515 5197 sacr.
2546 5142 2595 5193 in
2621 5138 2771 5192 illum
2800 5137 2854 5192 d.
2878 5138 2948 5193 26
2981 5140 3113 5209 Apr.
3140 5135 3204 5191 V.
3230 5136 3394 5191 Lam-

1817 5238 1933 5293 bec.
1975 5234 2178 5291 Comm.
2211 5233 2345 5298 VIII,
2382 5249 2501 5304 pag.
2537 5229 2689 5303 2I0.]

1886 5327 2115 5392 Basilus,
2147 5326 2263 5382 sive
2304 5325 2531 5380 Basilius
2580 5327 2723 5379 arcis
2753 5323 2997 5379 Mechrere
3026 5320 3101 5391 (b)
3136 5329 3299 5391 atque
3328 5322 3397 5375 ab

1818 5425 1885 5478 A.
1918 5422 1978 5477 C.
2007 5420 2133 5483 556,
2166 5436 2274 5490 quo
2318 5418 2629 5473 Marcellum
2673 5419 2726 5472 in
2758 5416 2961 5488 synodo
2988 5414 3149 5471 CPoI.
3181 5414 3397 5483 deposi-

202 5517 309 5572 lul.
340 5515 592 5572 Garuier.
613 5514 663 5565 in
692 5513 811 5567 Vita
837 5514 895 5569 S.
926 5511 1131 5578 Basilii,
1164 5516 1450 5586 prmniissa
1491 5528 1619 5571 tom.
1656 5515 1727 5569 Il'l
1824 5524 1935 5568 tum
1966 5521 2202 5575 constat,
2232 5512 2551 5581 Ancyranus
2576 5510 2887 5579 cpiscopus,
2933 5508 2999 5563 de
3032 5524 3139 5577 quo
3169 5506 3393 5561 Ilieron.

147 5602 291 5674 0pp.,
310 5623 430 5678 pag.
449 5606 1087 5663 xxxvn-cxxxvaasis
1111 5608 1326 5674 quidem
1340 5607 1729 5662 estTillemon-

1828 5607 1902 5659 De
1926 5607 2166 5673 scriptor.
2194 5603 2402 5669 eccles.,
2439 5620 2557 5674 cap.
2591 5602 2679 5656 89.
2716 5600 2879 5655 Plura
2910 5600 2977 5655 de
3015 5614 3080 5654 eo
3107 5596 3398 5654 Tillemon-

206 5723 279 5847 ἕο)
316 5720 515 5776 Recole
551 5730 734 5775 notam
766 5718 842 5787 (I)
876 5718 1170 5788 superioris
1199 5720 1408 5788 pagina:
1430 5734 1609 5774 ccxu.
1645 5718 1809 5775 Eotr.
3012 5784 3024 5796 .
3228 5785 3238 5794 _
3277 5782 3287 5793 .

228 5798 277 5847 bi
311 5792 535 5847 Rectius
560 5794 614 5844 in
638 5790 878 5847 pluribus
898 5793 1051 5845 codd.
1091 5791 1215 5846 libri
1254 5791 1657 5847 Ilieronvmiani
1695 5790 1766 5845 De
1794 5788 2133 5847 scriptoribus
2163 5788 2375 5847 ecclcs..
2405 5800 2525 5847 cap.
2552 5784 2643 5847 89.
2674 5786 2888 5847 legitur,
2918 5792 3054 5839 artis
3100 5784 3285 5839 medici

228 5784 277 5867 ὁ)
311 5792 535 5849 Rectius
560 5794 614 5844 in
638 5784 878 5857 pluribus
898 5784 1051 5845 codd.
1091 5784 1215 5846 libri
1254 5784 1657 5862 I‘Iieronymiani
1695 5790 1766 5845 De
1794 5788 2133 5862 scriptoribus
2163 5788 2375 5855 ποιεί..
2405 5800 2525 5857 cap.
2552 5784 2643 5853 89,
2674 5786 2888 5857 legitur,
2918 5784 3054 5839 artis
3100 5784 3391 5839 medicina'.
