4088 6310
736 353 921 395 CCXL"

2093 331 2618 394 PROLECOIIENA.

745 460 866 522 lius,
910 467 1039 510 tom.
1092 454 1157 512 ιί
1194 456 1417 513 Mentor.
1484 459 1825 514 (t‘clesiastic.
1880 457 2017 512 Cum
2080 455 2295 511 Arianis
2326 464 2371 520 Α
2404 453 2626 517 dicavit,
2672 451 2975 515 familiaris,
3007 451 3118 519 jam
3158 454 3437 525 episcOpus
3466 456 3610 512 circa
3640 456 3705 513 A.
3750 456 3809 513 C.
3835 460 3947 527 572,

740 563 845 605 non
873 547 1090 613 iecisse,
1129 552 1320 619 probat
1345 552 1407 607 ι).
1440 552 1644 623 lttigius
1674 551 1968 621 appendice
1998 550 2064 605 ad
2096 548 2186 603 lib.
2223 548 2297 603 De

732 640 1095 696 hmesiarchis
1118 642 1299 695 saculi
1332 657 1347 696 ι
1377 654 1424 698 et
1460 660 1521 707 ιι,
1559 659 1680 714 pag.
1714 644 1819 698 455
1844 657 1998 712 seqq.

810 731 1067 799 Basilius,
1116 735 1434 805 Ancyranus
1489 737 1794 806 episcopus.
1849 736 2052 806 junior,
2089 733 2183 803 qui
2247 733 2299 787 in

739 826 941 897 synodo
971 825 1183 880 Nicaena
1214 841 1275 890 ιι,
1306 828 1368 880 Α.
1403 825 1464 881 C.
1493 826 1619 893 787,
1662 826 2056 882 confessionem
2086 824 2300 886 obtulit,

738 930 855 987 qua:
903 926 1081 971 exstat
1129 926 1262 970 tom.
1300 916 1364 969 lll
1413 914 1698 971 Conrilior.
1728 917 1860 971 edit.
1894 916 2149 979 Biniana,
2178 932 2298 987 pag.

736 1006 859 1063 481.
888 1005 1055 1061 ΡΑιιιι.
1090 1005 1245 1061 Conf.
1282 1007 1412 1060 Arta
1434 1018 1665 1062 sanctor.
1699 1023 1773 1062 ιιι.
1811 1006 1993 1070 Mam,
2022 1008 2299 1076 Antwerp.

738 1097 896 1162 1685,
926 1107 1056 1153 ιοιιι.
1103 1095 1188 1151 Ill.
1231 1095 1489 1153 Diversus
1519 1101 1587 1155 ab
1619 1097 1832 1165 Basilio,
1861 1100 2149 1169 Ancyrano
2180 1112 2303 1167 pre-

734 1189 974 1262 sbytero.

802 1281 1007 1347 Basilii,
1074 1284 1377 1357 presbyteri
1428 1282 1725 1354 Ancyrani,
1782 1281 2124 1352 martyrium,
2176 1278 2298 1335 Flo-

735 1383 873 1430 rent.
910 1374 962 1428 in
998 1377 1120 1431 cod.
1152 1375 1411 1431 Laurent.
1446 1372 1535 1439 IV,
1573 1390 1657 1427 nr.
1693 1372 1785 1434 45,
1819 1372 1949 1442 plut.
1974 1372 2029 1425 4.
2066 1371 2125 1425 V.
2158 1371 2299 1425 Ban-

736 1464 849 1519 dini
885 1463 1004 1519 Cat.
1043 1464 1197 1519 codd.
1226 1463 1392 1519 Laur.
1430 1465 1475 1528 ι,
1510 1478 1634 1533 pag.
1670 1460 1777 1515 5‘22
1802 1475 1978 1530 scqq.,
2005 1458 2230 1514 Fanntc.

800 1554 1054 1622 Basilius,
1114 1556 1490 1611 Antiochenus
1534 1566 1840 1623 episcolins,
1874 1553 1941 1605 Α.
1998 1551 2058 1604 C.
2090 1548 2197 1604 456
2246 1560 2299 1604 et

730 1646 858 1713 457,
913 1648 1069 1717 cujus
1130 1648 1375 1703 meminit
1410 1645 1742 1716 Nicephorus
1795 1659 1883 1710 xv,
1914 1641 2001 1698 19.
2033 1642 2299 1699 Sitneon.s

730 1741 973 1795 cremitae
1003 1741 1070 1795 ad
1125 1754 1247 1795 eum
1291 1738 1517 1809 epistola
1570 1739 1711 1807 apud
1763 1737 2075 1806 Evagriutn,
2107 1736 2199 1791 lib.
2234 1750 2293 1800 ιι,

2408 546 2651 615 adeoque
2674 560 2702 599 a
2738 544 3091 615 Seleuciensi,
3119 548 3209 621 qui
3235 547 3389 603 annis
3423 548 3703 618 sexaginta
3739 554 3950 623 amplius

2407 647 2528 706 post
2557 634 2755 702 ﬂoruit,
2786 639 2927 694 haud
2959 640 3123 696 dubie
3154 640 3419 704 diversus,
3450 638 3575 695 licet
3599 640 3747 695 aliud
3776 644 3935 699 visum

2406 727 2477 780 sit
2508 726 2641 782 viris
2694 728 3012 798 quibusdam
3062 731 3255 795 doctis,
3300 731 3500 786 secutis
3542 730 3799 787 Pbotium
3843 736 3951 789 cod.

2404 832 2625 874 curnt.
2682 816 2881 876 Confer
2926 820 3360 887 Tillemontium,
3409 832 3541 878 tom.
3596 823 3689 880 XV
3742 822 3950 879 lenior.

2403 912 2527 967 bist.
2556 910 2767 977 ποιεί..
2796 927 2916 984 pag.
2949 913 3074 979 540.
3107 924 3164 971 et
3218 928 3338 985 qua
3373 913 3515 970 infra
3540 914 3597 971 in
3624 915 3833 973 Basilio
3857 915 3952 971 Ba-

2406 1002 2684 1071 phanensi.

2474 1092 2727 1167 [Basilius
2775 1092 3213 1153 lalimbanensis.
3249 1094 3312 1151 V.
3354 1110 3515 1168 supra
3545 1096 3652 1154 vol.
3706 1096 3798 1167 IV,
3837 1112 3947 1170 pag.

2404 1183 2527 1251 666,
2559 1195 2672 1241 not.
2705 1202 2757 1240 o.
2787 1184 2984 1258 11ηιά

2473 1276 2725 1341 Basilius,
2764 1277 3185 1347 Irenopolitanus
3247 1278 3301 1332 in
3344 1277 3532 1336 Cilicia
3590 1292 3895 1350 episcopus.
3927 1295 3951 1329 τι

2404 1382 2511 1437 quo
2584 1368 2887 1425 Nestoriaui
2975 1368 3106 1425 dicti
3178 1368 3553 1431 Βασιλειανοι.
3624 1379 3688 1427 ιιι
3763 1370 3957 1427 nosvit

2406 1458 2563 1515 Ilicb.
2619 1460 2666 1517 le
2716 1460 2884 1530 Qttien
2954 1462 3021 1517 ad
3090 1458 3175 1516 Jo.
3232 1462 3619 1521 Damascenum
3647 1503 3664 1530 ,
3715 1475 3843 1520 tom.
3896 1480 3955 1525 ι,

2407 1566 2527 1621 pag.
2557 1550 2679 1608 100.
2716 1552 2805 1608 De
2841 1551 2959 1621 ejus
2992 1550 3243 1607 Historia
3269 1554 3635 1611 ecclesiastica:
3664 1555 3818 1611 libris
3851 1556 3943 1609 tri-

2404 1645 2525 1709 bus,
2547 1641 2767 1700 Pbotius
2791 1644 2911 1701 cod.
2937 1658 3066 1699 xt.n.
3097 1640 3257 1716 [Add.
3288 1642 3443 1699 Phot.
3473 1646 3595 1700 cod.
3626 1646 3775 1714 xcv.)
3805 1645 3948 1708 Viae,

2404 1748 2524 1805 quae
2553 1735 2661 1790 dixi
2702 1735 2792 1791 lib.
2825 1752 2873 1803 r,
2909 1752 3028 1806 cap.
3083 1738 3133 1791 1.
3164 1732 3297 1807 [ιόι.
3334 1737 3437 1801 Vll,
3460 1753 3583 1807 pag.
3611 1738 3720 1793 419
3746 1748 3801 1794 et
3827 1737 3947 1799 457.

730 1847 853 1903 cap.
882 1831 967 1887 10.
1020 1833 1098 1888 Ad
1133 1831 1382 1888 eumdem
1430 1830 1688 1885 Basilinm
1741 1828 1960 1897 scripsit
2009 1827 2116 1882 Leo
2146 1828 2297 1897 imp.,
2332 1828 2373 1883 Β
2406 1826 2705 1901 μιαν]
2734 1827 2860 1897 Ejus
2892 1844 3025 1901 Opus
3054 1842 3236 1886 contra
3272 1829 3607 1897 Archelaum,
3642 1829 3877 1887 Colonia
3901 1832 3950 1885 in

729 1932 785 1978 t-t
809 1921 919 1977 Leo
941 1923 959 1977 I
980 1925 1264 1993 episcopus
1294 1922 1453 1979 Rom.
1477 1934 1533 1979 et
1549 1921 1870 1985 Baradatus,
1910 1927 2051 1976 tcste
2086 1920 2301 1991 Ephra-

729 2028 819 2068 mo
832 2015 975 2084 apud
996 2013 1244 2070 Photimn
1278 2014 1401 2069 cod.
1424 2028 1642 2078 ccxxtx,
1674 2018 1773 2068 sub
1799 2011 2136 2068 οη.-Ειιιιι.
2162 2010 2300 2064 Lan-

728 2106 964 2160 daturin
992 2105 1208 2160 Niczena
1235 2107 1460 2175 synodo,
1493 2105 1544 2159 in
1574 2104 1693 2159 cod.
1717 2102 1934 2159 XXXIV
1981 2102 2203 2157 Coislin.
2239 2100 2299 2155 V.

728 2195 1029 2251 Ilontfauc.
1061 2196 1203 2252 Bibl.
1229 2196 1412 2261 Coist.,
1454 2212 1575 2267 pag.
1601 2197 1722 2251 102.
1754 2195 1924 2249 Hann.

800 2286 1055 2362 [Basilius
1100 2290 1485 2356 Armeniacus,
1529 2288 1912 2359 calligraphus,
1945 2287 2010 2340 Δ.
2044 2285 2106 2343 C.
2139 2284 2299 2342 1066.

729 2377 798 2434 V.
831 2378 1124 2435 Hontfaur.
1180 2381 1450 2449 Pala’ogr.
1485 2377 1602 2444 Gn,
1647 2395 1769 2451 pag.
1795 2380 1865 2436 55
1886 2396 1947 2435 ac
1970 2379 2069 2445 96;
2093 2388 2147 2434 et
2176 2394 2296 2450 pag.

725 2466 784 2532 9,
807 2466 897 2531 55,
927 2467 1019 2531 65,
1046 2468 1136 2533 70,
1171 2468 1262 2530 80,
1285 2468 1408 2523 505.
1456 2470 1644 2524 Adhuc
1673 2480 2041 2525 memorantur
2072 2471 2302 2526 Basilius

726 2555 941 2625 Barele,
968 2573 1016 2617 s.
1058 2558 1289 2626 Boleris,
1319 2562 1411 2631 qui
1443 2562 1670 2632 scripsit
1714 2563 1959 2631 quaedam
1994 2560 2300 2628 Euripidis;

724 2649 981 2719 Basilius,
1013 2652 1205 2719 lector,
1238 2655 1461 2723 scripsit
1489 2654 1688 2711 saeculo
1707 2668 1784 2709 ιιι
1813 2652 1959 2709 Petri
1982 2653 2300 2709 Antiocheni

724 2754 784 2801 et
812 2746 1041 2803 aliorum
1072 2763 1221 2817 epp.;
1250 2747 1483 2805 Basilius
1529 2750 1785 2806 sacerdos
1806 2748 2024 2821 scripsit
2051 2749 2303 2822 Origcnis

724 2853 866 2909 opus
916 2840 971 2893 in
1020 2836 1145 2895 Job.
1189 2852 1246 2896 et
1288 2838 1663 2913 Chrysostomi
1707 2840 1978 2911 quaedam,
2025 2841 2092 2896 Δ.
2135 2838 2295 2906 1448ς

728 2929 959 2985 Basilius
994 2928 1298 2998 Scalidrus,
1342 2933 1608 2995 notarius,
1656 2931 1878 3001 scripsit
1924 2931 1989 2985 Α.
2022 2931 2162 2985 1424
2189 2932 2298 2986 Da-

729 3021 968 3077 mascenl
999 3036 1124 3093 opp.
1142 3020 1387 3092 quadam
1421 3021 1516 3083 ib.,
1542 3036 1664 3093 pag.
1692 3019 1784 3089 55,
1813 3021 1880 3078 de
1910 3020 2160 3087 notariis,
2190 3022 2302 3077 sive

726 3128 1051 3170 arcanorum
1076 3113 1295 3169 scribis.
1340 3111 1539 3186 llsnt..]

796 3202 1048 3269 Basilius,
1098 3206 1374 3275 Aquarum
1434 3206 1742 3263 Sexttarum
1787 3207 2093 3280 episc0pus,
2143 3208 2296 3280 cujus

727 3293 973 3350 meminit
999 3292 1309 3351 Honoratus
1344 3295 1395 3350 in
1435 3294 1553 3349 Vita
1584 3293 1786 3350 Hilarii
1815 3297 2019 3353 Arelat.
2048 3314 2166 3370 cap.
2200 3300 2291 3355 22.

797 3384 1029 3441 Basilius
1076 3384 1287 3457 junior,
1342 3394 1547 3450 asceta,
1617 3383 1775 3456 cujus
1841 3382 2023 3440 Vitam
2084 3390 2299 3458 scripsit

723 3475 1044 3547 Gregorius,
1082 3476 1202 3548 ejus
1221 3476 1540 3547 discipulus.
1575 3476 1757 3533 clarus
1804 3477 2136 3549 temporibus
2163 3474 2299 3533 Lro-

728 3566 814 3622 nis
851 3566 1118 3637 Sapientis
1153 3569 1281 3637 imp.
1331 3568 1519 3624 Exstat
1571 3568 1625 3624 in
1660 3568 1810 3624 Actis
1857 3578 2115 3631 sanctor..
2163 3579 2293 3624 ιοιιι.

728 3656 795 3715 Ill
826 3658 1111 3730 April.26.
1145 3656 1463 3732 [Montl‘auc.
1489 3660 1543 3715 in
1579 3656 1842 3727 Palaogr.
1874 3657 1993 3722 Cra,
2023 3674 2142 3731 pag.
2168 3661 2296 3728 3'13,

724 3764 795 3805 ex
840 3747 1203 3823 cod.Regia.]
1249 3751 1401 3807 Adde
1460 3748 1808 3804 Latntecimn
1861 3747 1993 3815 Vltl,
2026 3765 2148 3823 pag.
2192 3752 2297 3808 559

723 3834 873 3911 [ρει.
910 3838 1015 3893 760
1045 3840 1133 3893 ed.
1162 3837 1369 3894 Kollar.
1396 3838 1465 3895 de
1498 3836 1620 3894 cod.
1657 3834 1899 3904 XXXIV,
1924 3854 1979 3894 ιι.
2013 3836 2150 3912 Lll.]

800 3930 1054 3995 Basilius,
1082 3930 1457 3989 Bicantlorum
1488 3931 1794 4002 presbyter,
1818 3933 1885 3988 de
1906 3946 2014 4003 quo
2045 3929 2298 3990 Moschus

726 4021 783 4077 in
823 4019 983 4076 Prata
1002 4021 1255 4090 spiritali,
1282 4037 1404 4091 cap.
1438 4022 1527 4077 40.

796 4110 1020 4168 Basilius
1060 4110 1493 4184 Bulgaroctouus
1540 4110 1616 4184 (α)
1667 4111 1987 4183 imperator,
2027 4112 2096 4170 ab
2141 4114 2205 4169 Δ.
2230 4114 2293 4172 C.

720 4200 829 4258 970
856 4204 922 4257 ad
945 4200 1102 4268 1025,
1127 4202 1193 4259 de
1204 4202 1356 4272 cujus
1379 4202 1608 4259 novellis
1622 4202 2106 4258 constitutionibus
2121 4202 2295 4260 dicam

724 4295 864 4351 libro
886 4288 972 4348 Vl.
990 4292 1140 4364 [Ejus
1160 4292 1629 4361 Antipltarntacttrn
1655 4293 1709 4348 in
1730 4293 1851 4350 cod.
1867 4289 2120 4347 Laurent.
2156 4289 2294 4357 XIX.

725 4403 782 4442 ιι.
807 4387 863 4452 5,
897 4385 1029 4455 plut.
1059 4386 1150 4442 75.
1186 4383 1317 4441 Vide
1362 4385 1593 4440 Βίιιιιιίιι.
1626 4386 1749 4444 Cat.
1779 4385 1934 4442 codd.
1978 4382 2071 4440 Gr.
2100 4382 2290 4455 Laur.,

722 4477 813 4546 Ill,
840 4494 961 4551 pag.
997 4477 1111 4533 l67.
1141 4476 1338 4549 lianc.)

794 4573 1029 4629 Basilius
1096 4571 1444 4628 Cmsariensis
1502 4570 1577 4643 (ὑ)
1632 4568 1839 4639 junior,
1897 4568 2051 4639 cujus
2106 4566 2292 4623 inediti

728 4663 1101 4721 commentarii
1132 4664 1198 4719 ad
1233 4662 1509 4719 orationes
1552 4660 1904 4725 Nazianzeni,
1932 4659 2291 4717 Constantino

725 4754 1199 4827 l‘orpbyrogcneto
1230 4751 1415 4816 dicati,
1446 4761 1661 4806 exstant
1710 4750 1762 4804 in
1797 4749 1958 4803 variis
1994 4747 2288 4805 bibliothe-

721 4851 821 4910 cis,
847 4856 907 4902 ut
934 4844 1102 4918 [Flon
1154 4843 1408 4899 Laurent.
1469 4841 1601 4897 Vide
1661 4841 1887 4897 Bantini
1944 4838 2064 4896 Cat.
2098 4842 2139 4905 Ι,
2167 4854 2289 4911 pag.

721 4938 826 4997 556
856 4935 1039 5009 seqq.]
1066 4936 1419 4999 Coisliniana,
1460 4952 1583 5007 pag.
1618 4935 1744 5002 200,
1778 4947 1834 4990 et
1881 4935 1936 4988 in
1993 4934 2167 4989 tribus
2196 4948 2289 4988 co-

722 5030 952 5093 dicibus,
1000 5042 1123 5098 pag.
1169 5027 1276 5083 298
1306 5042 1460 5096 seqq.
1500 5025 1616 5100 [ubi
1660 5040 1875 5097 quoque
1921 5040 2042 5096 pag.
2074 5023 2180 5080 209
2213 5026 2279 5079 de

722 5122 837 5187 ejus
871 5133 959 5187 ep.
1013 5116 1078 5171 ad
1133 5115 1547 5172 Constantinum
1597 5116 1757 5186 imp.,
1803 5117 1923 5186 ejus
1983 5112 2102 5168 Vita
2142 5116 2195 5169 in
2228 5128 2283 5169 c.

719 5208 859 5265 Caes.
898 5206 1252 5264 CLXXXVII.
1283 5207 1347 5262 V.
1378 5207 1569 5263 Lamb.
1601 5206 1690 5273 Ill,
1726 5222 1847 5279 pag.
1885 5207 2011 5261 412.
2051 5202 2247 5277 Ilsnt..]

791 5298 1041 5365 Basilius,
1072 5298 1464 5371 Chrysostomi,
1494 5300 1584 5370 qui
1609 5302 1657 5355 ei
1691 5298 1859 5354 libros
1894 5298 1967 5353 De
1997 5297 2289 5352 sacerdotio

796 5504 1033 5581 (α),ἶίιῷ
1062 5508 1335 5581 Μιειιίιιιιι,
1367 5526 1490 5581 pag.
1521 5508 1742 5581 230,_ad
1773 5506 1969 5581 Georg.
2003 5504 2283 5581 Acmpoli-

722 5573 974 5650 tuthEt
1003 5578 1231 5650 Bandin.
1279 5573 1396 5635 Gai.
1432 5573 1587 5636 Eadd.
1630 5573 1797 5635 Laur.
1854 5573 1944 5633 Ill'
1995 5594 2114 5648 pag.
2152 5573 2280 5637 191»

721 5664 778 5701 ιι.
806 5647 868 5701 17
885 5647 946 5703 et
966 5648 1078 5720 18.]
2077 5647 2081 5648 “

756 5786 765 5789 _
795 5715 869 5787 (b)
903 5717 1183 5789 Videqutc
1216 5717 1282 5771 de
1316 5718 1407 5775 illo
1439 5720 1531 5775 lib.
1557 5735 1612 5789 γ,
1648 5734 1771 5789 cap.
1820 5719 1921 5789 15,
1971 5734 2094 5787 pag.
2148 5714 2277 5772 540.

753 5786 807 5835 In
837 5784 942 5839 yol.
969 5785 1054 5839 VII
1083 5784 1214 5843 nov.
1244 5790 1356 5855 ω..
1386 5804 1505 5861 pag.
1543 5787 1641 5842 451
1673 5784 1854 5858 séqq.]
1884 5784 2095 5843 Caycus
2139 5789 2281 5841 hunc

2401 1920 2660 1976 Armenia
2719 1922 3115 1993 presbyterum,
3182 1932 3450 1980 memorat
3505 1921 3953 1978 Suidastcontra

2400 2008 2661 2065 Joannem
2698 2008 3133 2081 Scytltopolitam,
3162 2012 3385 2070 Photius
3414 2012 3532 2070 cod.
3561 2025 3690 2067 cm.

2472 2101 2703 2158 Basilius
2747 2101 3047 2169 confessor,
3092 2106 3375 2175 episcopus
3402 2104 3681 2163 Cretensis
3731 2115 3787 2161 et
3840 2106 3960 2161 dein

2408 2189 2940 2260 Thessalonicensis,
2997 2195 3063 2250 de
3112 2208 3218 2263 qno
3270 2194 3559 2254 Bollandus
3612 2198 3681 2252 ad
3738 2196 3961 2253 Kalend.

2402 2285 2692 2349 Februar.,
2722 2296 2850 2342 tom.
2881 2284 2922 2349 ι,
2940 2299 3061 2356 pag.
3099 2284 3205 2339 242
3235 2301 3384 2357 seqq.
3410 2288 3576 2347 Pass.
3598 2288 3962 2346 —Canticmn

2401 2381 2457 2435 d.
2488 2378 2555 2435 12
2581 2378 2753 2450 April.
2785 2380 2838 2434 in
2867 2377 2927 2437 S.
2968 2377 3327 2435 confessorem
3360 2380 3632 2445 Basiliam.
3660 2384 3962 2454 episcopum

2403 2471 2546 2527 Parii
2578 2473 2629 2527 in
2662 2472 2794 2528 Asia
2822 2471 3049 2537 btinore,
3077 2471 3219 2527 inter
3252 2471 3460 2526 cantica
3483 2487 3637 2527 sacra
3667 2474 3723 2528 in
3750 2484 3964 2530 sanctos

2402 2561 2567 2616 totius
2593 2561 2792 2616 mensis
2831 2561 3000 2629 April.
3029 2563 3083 2617 in
3130 2561 3252 2617 cod.
3278 2558 3375 2616 XII
3400 2558 3599 2617 Casar.
3633 2559 3865 2619 Vindob.
3900 2566 3962 2618 de

2401 2664 2509 2719 quo
2536 2646 2601 2703 V.
2657 2646 2913 2707 Lambec.
2947 2648 3238 2707 Comment.
3296 2642 3429 2715 Vill,
3478 2665 3605 2723 pag.
3652 2650 3760 2707 208
3810 2667 3960 2723 seqq.

2402 2740 2573 2797 Hanc.

2468 2854 2726 2912 Consqu
2760 2869 2777 2907 :
2813 2854 3029 2912 Caecina
3058 2854 3253 2912 Decius
3281 2854 3511 2912 Basilius
3541 2853 3613 2929 (c)
3638 2854 3705 2911 Δ.
3740 2854 3811 2912 C.
3840 2853 3962 2917 405,

2398 2955 2455 3001 et
2472 2945 2685 3004 Caecina
2711 2945 2904 3002 Decius
2933 2945 3188 3009 Basilius,
3214 2944 3417 3016 junior,
3442 2944 3507 3000 Δ.
3534 2944 3675 3010 529ς
3703 2954 3819 3001 tum
3841 2942 3963 3001 ιηυ

2400 3038 2519 3091 vius
2550 3036 2779 3092 Basilius
2799 3035 2863 3089 Α.
2892 3034 3020 3101 480.
3056 3044 3113 3091 et
3137 3035 3354 3090 Flavius
3378 3036 3606 3091 Basilius
3660 3035 3875 3105 junior,
3898 3038 3962 3091 Α.

2406 3125 2541 3193 541,
2574 3126 2796 3183 ultimus
2830 3127 3186 3199 privatorum,
3221 3126 3313 3196 qui
3352 3124 3696 3181 consulatum
3740 3125 3967 3182 ordina.

2400 3220 2539 3276 rium
2566 3221 2820 3293 gesserit,
2851 3234 3159 3291 nomenque
3199 3234 3344 3277 anno
3368 3219 3599 3277 dederit.
3627 3218 3763 3276 Vide
3791 3218 3968 3277 Victo-

2400 3314 2463 3368 rii
2492 3312 2757 3369 Cononem
2788 3312 3125 3378 Paschnlem,
3154 3329 3279 3386 pag.
3308 3309 3400 3371 69.

2469 3424 2769 3497 [Basilius,
2834 3422 3162 3479 Emessenns
3228 3423 3545 3493 cpiscopus,
3598 3438 3707 3480 scr.
3791 3420 3967 3479 Vitatis

2402 3513 2683 3579 Theodori,
2736 3513 3059 3585 archiepisc.
3101 3511 3379 3575 Edesseni.
3436 3514 3491 3568 in
3542 3516 3667 3571 cod.
3728 3513 3960 3571 Taurin.

2396 3603 2645 3662 CXLVII.
2685 3602 2806 3662 Vitl.
2866 3601 2991 3661 Cat.
3040 3603 3199 3659 codd.
3256 3597 3352 3657 Gr.
3395 3601 3587 3668 Tutin,
3650 3620 3777 3677 pag.
3842 3607 3965 3662 258.

2398 3695 2594 3772 utut.)

2466 3809 2746 3883 [Basilius,
2784 3809 3048 3867 diaconus
3084 3816 3141 3866 et
3188 3822 3222 3867 a
3250 3809 3675 3876 commentariis,
3717 3808 3971 3866 interfuit

2396 3901 2605 3974 synodo
2643 3899 2713 3956 ab
2748 3900 2941 3958 Alexio
2975 3901 3250 3957 Comneno
3300 3912 3658 3975 congregatae.
3691 3901 3760 3958 V.
3801 3901 3960 3959 aloni-

2399 3993 2544 4049 fauc.
2568 3989 2712 4047 Bibl.
2740 3990 2985 4055 Coislin.,
3006 4004 3126 4062 pag.
3162 3988 3282 4045 105.
3313 4019 3385 4033 -
3411 3992 3565 4048 Alius
3593 3991 3810 4061 Basilii,
3845 3994 3967 4051 dia-

2396 4084 2541 4152 coni,
2590 4083 3036 4157 reliquorumque
3095 4078 3483 4137 monachorum
3522 4083 3852 4153 supplicatio
3904 4088 3971 4141 ad

2398 4174 2562 4246 itnpp.
2596 4172 2959 4231 Theodosium
2985 4180 3043 4228 et
3070 4168 3530 4235 Valentinianum,
3574 4171 3844 4228 adversus
3864 4173 3969 4229 Nc-

2397 4265 2650 4330 storinm,
2684 4265 2737 4320 in
2765 4262 2982 4320 concilii
3015 4262 3273 4334 Ephesini
3299 4270 3440 4331 part.
3490 4275 3529 4326 ι,
3557 4276 3681 4336 pag.
3715 4263 3851 4333 510,
3884 4267 3969 4321 ed.

2397 4358 2652 4413 Romanis
2697 4352 2858 4410 1008.
2904 4353 2964 4408 V.
3000 4351 3320 4409 Asscmanni
3371 4350 3615 4426 Prolegg.
3676 4355 3743 4412 ad
3805 4356 3968 4427 Ephr.

2397 4449 2545 4521 Syri,
2572 4447 2735 4520 Ορρ.,
2770 4457 2899 4501 ιοιιι.
2952 4446 2995 4512 l,
3018 4461 3137 4519 pag.
3174 4462 3231 4511 x,
3262 4444 3289 4519 ς
3317 4460 3409 4504 xtl.
3441 4445 3639 4520 Huc.)

2470 4563 2715 4625 Basilius,
2749 4558 2946 4628 Ephesi
2966 4560 3269 4629 cpiscopus,
3305 4558 3364 4614 Α.
3391 4558 3454 4615 C.
3480 4557 3741 4615 454-444.

2466 4654 2568 4727 [Ad
2598 4652 2874 4720 Basiliutn,
2909 4651 3215 4715 et'etnitant,
3248 4652 3437 4708 scribit
3467 4650 3736 4707 Theodor.
3778 4653 3971 4711 Studi-

2393 4756 2469 4805 ta.
2504 4746 2567 4804 V.
2588 4744 2879 4801 Bonifauc.
2920 4743 3060 4799 Bibl.
3090 4741 3279 4810 Coisl.,
3310 4756 3432 4813 pag.
3464 4742 3588 4799 515.

2465 4836 2718 4902 Basilius,
2744 4836 3129 4894 Eucbaitarum
3158 4835 3465 4907 episcopus,
3493 4845 3547 4890 et
3567 4833 3833 4901 Basilius,
3857 4840 3972 4907 epi-

2395 4941 2591 4998 scopus
2646 4924 2894 4991 Laristae,
2954 4925 3318 4980 interfuerunt
3368 4928 3593 4996 synodo,
3653 4924 3722 4979 ab
3781 4925 3973 4983 Alexio

2393 5020 2667 5077 Comneno
2693 5025 3056 5088 congregatae.
3091 5012 3156 5071 V.
3194 5012 3483 5075 Iiontfauc.
3512 5016 3550 5071 I.
3585 5030 3661 5079 c.,
3682 5029 3816 5090 pag.
3847 5020 3968 5075 104.

2394 5109 2591 5184 utan]

2463 5206 2712 5271 Bastlius,
2747 5200 3268 5274 llierosolymitanus
3304 5198 3633 5272 patriarcha,
3663 5200 3828 5273 cujus
3854 5215 3969 5269 epl-

2398 5300 2534 5357 stola
2566 5298 2818 5368 synodica
2856 5296 2922 5349 ad
2969 5295 3102 5363 imp.
3134 5292 3515 5363 Theophilum,
3551 5291 3643 5362 qui
3695 5294 3768 5349 ab
3801 5293 3872 5347 Δ.
3904 5288 3965 5345 C.

2391 5502 2561 5558 refert
2588 5502 2657 5557 ad
2687 5502 2751 5555 Α.
2779 5498 2842 5557 C.
2872 5488 2998 5561 675.
3032 5498 3125 5556 sed
3164 5498 3349 5568 junior
3372 5506 3476 5568 est,
3508 5506 3565 5553 et
3614 5498 3967 5554 Constantini

2388 5570 3016 5644 Porpltyrogenitisetate
3042 5567 3296 5644 scripsit.
3357 5568 3415 5644 A_
3430 5567 3706 5644 sambuco
3742 5581 3971 5644 vocatur

2388 5636 2909 5704 Thessalonicensis,
2961 5640 3057 5694 sed
3110 5636 3225 5707 ipse
3275 5653 3333 5691 se
3380 5637 3564 5691 Basilii
3604 5636 3966 5697 Caesariensis

2388 5712 2642 5790 xor.ku
2666 5711 2761 5790 nat
2790 5709 3177 5790 bvdparogﬂnai
3206 5708 3396 5790 ρόνου
3428 5708 3663 5778 appellat

2459 5784 2535 5853 (c)
2561 5782 2642 5836 Ad
2666 5784 2809 5839 hunc
2834 5777 3023 5837 scribit
3054 5777 3326 5835 Sidonius.
