4088 6310
1396 354 1675 413 NOTITIA
1716 356 1809 411 EX
1853 358 2192 415 FABRICIO.

3227 358 3400 403 (ςκιν

167 480 274 540 839
298 484 368 541 ad
399 484 498 539 8M
532 481 694 535 rebus
725 478 955 549 praefuit,
981 487 1161 534 exstat
1186 474 1238 531 in
1272 478 1580 535 Combellsii
1615 480 1735 536 Ha-
1764 488 1813 543 Α
1836 482 2061 539 Coislin.
2094 481 2347 546 CCLXX,
2392 491 2552 551 quam
2605 474 2769 531 edidit
2821 470 3111 528 Montlauc.
3153 470 3206 524 in
3258 468 3397 526 Bibl.

167 577 349 646 stipula
381 577 519 642 orig.
552 570 745 637 CPol.,
779 585 899 641 pag.
948 568 1206 627 Ilo-MS.
1244 569 1418 626 Paris.
1456 570 1618 638 1664,
1646 576 1723 628 4ο.

166 665 334 723 Fuit.
367 664 607 733 Epistola
650 662 739 717 illa
787 662 1060 735 synodalia
1112 659 1178 716 ad
1225 662 1416 733 imper.
1462 660 1732 737 Theophi—

164 758 273 812 lum
304 755 744 821 leouomachum,
778 772 875 827 pro
918 753 1066 809 cultu
1117 768 1395 809 sacrarum
1433 754 1729 824 imaginum

166 861 509 905 memoratur
540 859 592 902 et
631 849 784 905 locus
812 847 1122 916 excerpitur
1149 863 1179 902 a
1216 846 1503 901 Lambecio
1529 847 1727 907 Comm.

164 942 228 993 de
253 941 387 994 bibl.
418 939 646 1007 Casam,
698 942 807 996 vol.
836 937 967 1003 VIll,
994 954 1117 1010 pag.
1152 940 1276 995 697.
1308 939 1445 993 Add.
1485 954 1604 1011 pag.
1631 942 1733 997 708

164 1046 345 1100 seqq.,
376 1031 466 1085 ubi
499 1032 549 1086 in
584 1042 708 1087 nota
755 1029 1111 1085 Combelisius
1140 1029 1384 1098 carpitur
1419 1039 1474 1086 et
1513 1042 1733 1086 contex-

167 1132 252 1175 tus
276 1120 376 1176 Gr.
412 1123 676 1178 benellcio
712 1120 912 1175 codicis
939 1119 1171 1175 Caesarei
1224 1120 1521 1190 suppletur.
1573 1120 1729 1176 Conf.

163 1224 326 1282 supra
363 1214 472 1266 vol.
506 1211 638 1272 VIII,
680 1225 801 1282 pag.
830 1212 920 1274 81,
945 1217 1082 1263 sect.
1111 1208 1164 1261 5.
1208 1208 1380 1266 Hann.

235 1301 517 1375 [Basilins,
546 1301 971 1368 Λατινελέγκτης
1010 1299 1459 1356 Itieromonacbus
1501 1299 1733 1365 Studita,

167 1396 254 1462 qui
287 1401 481 1447 contra
526 1390 746 1445 Latinos
790 1389 1026 1458 scripsit,
1069 1400 1400 1445 memoratus
1428 1389 1496 1444 ab
1543 1391 1736 1448 Allatio

169 1484 241 1537 De
265 1499 543 1543 consensu,
566 1498 619 1550 ῃ.
654 1480 761 1534 555
787 1490 838 1535 et
869 1480 992 1535 614.
1025 1480 1221 1551 ΒΑΜ]

234 1574 474 1629 Basilius
497 1573 944 1643 Irenopolitanus,
976 1586 1261 1641 perperam
1297 1585 1327 1625 a
1356 1571 1521 1628 Cilice
1548 1572 1738 1627 distin-

169 1668 352 1734 guitur
382 1668 436 1723 in
487 1666 893 1735 Chartophylace
927 1663 1089 1717 Cavei
1119 1662 1233 1733 (qui
1268 1663 1319 1717 id
1362 1675 1506 1719 recte
1548 1663 1739 1719 deinde

170 1762 503 1829 emendavit)
521 1768 574 1814 et
598 1759 651 1812 in
681 1755 961 1809 Pandectis
993 1754 1331 1810 Hendreichii
1368 1755 1739 1811 Brandeubur-

170 1866 324 1920 gtcts.

240 1938 493 1999 Basilius,
540 1934 753 1992 Isauria
805 1938 1124 2008 episcopus,
1180 1937 1320 1994 idem
1363 1952 1483 1994 cum
1546 1937 1729 1994 Selen-

169 2030 360 2085 densi.

236 2121 489 2189 Basilius,
520 2121 747 2178 Larissae
769 2122 823 2177 in
855 2122 1134 2177 Thessalia
1169 2123 1611 2191 metropolitanus
1636 2124 1739 2178 Ba-

170 2214 309 2279 luz.,
356 2231 414 2284 p.
451 2214 554 2269 886
613 2214 776 2268 Nam
821 2214 1022 2267 collect.
1064 2214 1251 2266 concil.
1306 2213 1392 2285 [V.
1439 2217 1504 2268 de
1543 2214 1738 2269 Basilio

169 2305 507 2369 Euchaitar.,
535 2315 664 2369 etc.,
700 2314 882 2359 notata
911 2320 964 2374 p.
996 2305 1030 2358 8
1060 2304 1230 2376 estr.]

234 2418 473 2473 Basilius
518 2417 758 2481 Macedo,
815 2417 944 2485 imp.
983 2416 1050 2471 ab
1101 2416 1165 2470 Λ.
1211 2414 1270 2471 C.
1301 2415 1404 2471 866
1444 2416 1510 2472 ad
1539 2414 1641 2472 889
1676 2415 1740 2471 de

167 2510 318 2579 cuius
345 2509 664 2578 κεφαλαίοις
689 2512 1091 2583 παραινετικοῖς
1123 2509 1231 2563 dixi
1262 2510 1356 2565 lib.
1384 2524 1433 2577 ν,
1455 2524 1505 2565 c.
1530 2509 1585 2564 5.
1606 2508 1735 2582 [vol.

169 2596 299 2666 VIII,
327 2616 383 2669 p.
428 2600 499 2652 62
541 2598 657 2669 δτι]
694 2601 766 2653 De
814 2601 929 2665 ejus
971 2601 1137 2654 variis
1174 2600 1657 2655 Constitutionibus
1687 2612 1741 2655 et

168 2689 395 2757 legibus,
435 2688 659 2756 aliisque
692 2689 924 2759 scriptis,
958 2690 1025 2744 ad
1051 2688 1171 2757 jura
1199 2689 1592 2758 spectantibus,
1628 2690 1739 2743 dis-

170 2778 377 2832 serendi
441 2777 591 2833 Iocus
629 2778 734 2833 erit
759 2779 915 2861 .Iibro
960 2794 1046 2845 vr,
1086 2778 1538 2848 quemadmodum
1571 2787 1627 2835 et
1676 2780 1744 2835 de

171 2864 406 2924 Novellis
440 2868 623 2925 Basilii
646 2867 1088 2941 Porphyrogcniti
1112 2868 1241 2940 imp.

235 2982 511 3048 Basilius,
546 2983 827 3053 Magnesia:
869 2984 1182 3053 episcopus,
1235 2982 1478 3048 interluit
1516 2984 1742 3041 concilio

170 3074 387 3129 Nicano
419 3090 481 3138 ιι,
519 3084 646 3126 tom.
680 3073 745 3125 III
778 3074 936 3136 Binii,
961 3088 1012 3142 p.
1040 3073 1161 3127 5l6.

235 3185 475 3241 Basilius
514 3200 715 3253 magus,
746 3185 813 3239 de
843 3199 949 3253 quo
1002 3184 1294 3253 Gregorius
1338 3184 1560 3254 Magnus
1594 3185 1687 3239 lib.
1726 3176 1813 3240 ια

173 3276 471 3345 Dialogor.,
499 3292 551 3345 p.
604 3277 733 3331 1551
796 3292 936 3346 seq.,
972 3285 1098 3331 tom.
1138 3275 1341 3346 l0pp.,
1378 3288 1433 3331 et
1462 3275 1746 3331 Cassiodo-

171 3386 257 3425 rus
286 3386 364 3433 tv,
398 3368 455 3430 2,
498 3369 622 3422 Var.

233 3484 471 3540 Basilius
492 3482 770 3542 Maleiuus.
790 3483 846 3538 S.
868 3482 1055 3537 Laurae
1080 3497 1242 3553 prope
1265 3482 1629 3555 Ilierosolyma
1658 3500 1745 3538 ar-

169 3575 546 3646 chipresbyter
561 3583 613 3629 et
629 3574 811 3638 abbas,
831 3575 980 3643 cujus
993 3573 1261 3646 ἀσκητικὴ
1279 3571 1621 3639 ὑποτύπωσις
1644 3576 1740 3645 (α),

170 3680 219 3728 et
246 3670 487 3734 libellus,
524 3684 630 3737 quo
683 3668 890 3738 probat,
939 3678 1133 3723 ascetm
1174 3683 1278 3722 non
1308 3682 1428 3724 esse
1472 3667 1739 3738 captanda

170 3763 459 3817 honoraria
515 3776 614 3815 nec
662 3761 892 3815 honores
942 3760 1276 3825 ambiendus,
1314 3775 1416 3813 ms.
1453 3757 1641 3813 Gmce
1688 3758 1741 3811 in

171 3849 461 3903 Bodleiana
494 3848 625 3902 bibl.
677 3848 837 3902 Fann.
872 3847 1191 3915 Informatio
1236 3848 1490 3915 ascetica,
1522 3847 1575 3901 in
1608 3846 1738 3903 bibl.

169 3940 371 3996 Bodlei.
400 3940 525 3995 eod.
549 3930 609 3985 V.
628 3932 869 3993 Herbert.
889 3939 1017 3993 ibid.
1038 3940 1176 3993 inter
1197 3939 1352 3994 codd.
1382 3938 1483 3993 Th.
1511 3939 1646 4002 Boe.
1684 3954 1737 3994 η.

169 4030 412 4086 CCLXIII
443 4034 561 4086 cod.
591 4030 751 4094 XVII,
779 4032 977 4085 Ascette
1013 4047 1114 4084 non
1134 4047 1244 4086 esse
1268 4032 1553 4101 captandas
1577 4032 1741 4086 Itono-

174 4138 273 4176 m.
297 4151 368 4163 -
397 4123 538 4175 Add.
566 4123 631 4175 ad
655 4131 835 4176 notam
864 4122 1086 4189 scripta.

237 4211 495 4285 [Basilius
522 4212 702 4272 abbas.
732 4211 1047 4283 ἡγούμενος·
1089 4212 1155 4265 ad
1201 4226 1323 4266 eum
1358 4208 1739 4265 scribitTheo-

169 4302 329 4359 dorus
356 4302 594 4357 Studita.
616 4304 670 4355 V.
697 4303 1054 4357 Montl'ancon.
1082 4301 1219 4375 Bibl.
1249 4301 1435 4367 Coisl.,
1467 4317 1588 4372 pag.
1615 4302 1737 4367 ιιι,

170 4392 289 4460 380,
312 4394 443 4457 522,
475 4393 601 4461 εει,
636 4393 762 4449 413.
796 4392 992 4465 Πλημ]

1837 573 2021 640 CoisL,
2049 588 2102 644 p.
2134 572 2236 627 349
2260 588 2375 643 sqq.
2410 580 2465 629 et
2489 566 2715 625 Basilius
2740 568 2840 623 iste
2872 566 3177 620 nominatur
3206 561 3397 634 p.373.

1840 662 2185 826 "‘[Rgagilinm
2217 751 2473 815 medicus,
2502 748 2897 823 Bogomilorum
2934 749 3204 803 hmreseos
3238 744 3323 798 fax
3349 754 3405 798 et

1842 846 1989 902 tuba.
2020 846 2081 902 V.
2132 844 2385 899 Allatium
2413 840 2490 895 De
2530 858 2804 904 consensu,
2848 854 2968 909 pag.
3016 838 3142 894 655.
3183 838 3258 892 De
3284 836 3405 890 aliis

1839 937 2051 993 Basiliis
2096 935 2321 993 medicis
2350 950 2401 988 v.
2440 932 2575 988 infra
2608 935 2659 987 in
2703 933 2927 990 elencho
2957 932 3215 985 medicor.
3248 937 3405 993 vett.,

1842 1027 1947 1081 vol.
1973 1025 2104 1092 XIII,
2137 1043 2190 1097 p.
2220 1025 2321 1080 I00
2359 1039 2467 1093 sq.;
2528 1023 2620 1078 sed
2658 1025 2799 1079 conf.
2855 1024 3028 1091 ipsum
3084 1019 3296 1074 Fabric.
3348 1018 3405 1073 in

1841 1119 1947 1173 vol.
1980 1116 2107 1181 VIII,
2147 1134 2197 1185 p.
2236 1117 2341 1173 547
2376 1130 2455 1182 sq.
2486 1124 2589 1169 vet.
2628 1112 2759 1167 edit.
2792 1109 2985 1185 Manu]

1913 1208 2142 1263 Basilius
2165 1208 2557 1277 Megalomites,
2581 1204 2733 1272 cujus
2770 1202 3073 1273 JEnigmata
3103 1199 3288 1256 Graece
3314 1213 3409 1253 e3-

1840 1312 1987 1360 stant
2015 1317 2116 1356 ms.
2167 1299 2279 1355 CXI
2305 1301 2356 1354 in
2416 1298 2547 1353 bibl.
2583 1296 2784 1351 Bodlei.
2815 1294 2915 1367 [De
2949 1296 3145 1350 Basilio
3179 1291 3411 1363 Megalo-

1840 1398 1971 1451 mite
2024 1409 2078 1449 v.
2127 1392 2268 1447 inira
2302 1391 2410 1447 vol.
2458 1389 2526 1454 Χ,
2559 1405 2611 1461 p.
2645 1387 2746 1442 538
2784 1386 2869 1441 ed.
2918 1396 3025 1439 vet.
3074 1385 3202 1451 Ejus
3244 1382 3409 1439 Eni-

1841 1495 2015 1551 gmata
2084 1485 2137 1536 in
2206 1484 2365 1538 codd.
2425 1480 2554 1537 bibl.
2615 1477 2761 1551 publ.
2817 1475 2988 1531 Paris.
3052 1473 3299 1528 CMLVIII
3355 1483 3409 1528 et

1844 1572 2155 1629 uucxxx.
2187 1570 2383 1642 Ιὶλιιι]

1915 1662 2204 1734 [Basilius,
2237 1660 2467 1716 Moldav.
2520 1660 2790 1730 princeps,
2842 1659 2907 1713 de
2954 1675 3061 1728 quo
3106 1676 3155 1714 ν.
3204 1657 3408 1713 Kollar.

1845 1754 2120 1825 Supplem.
2174 1753 2242 1807 ad
2294 1751 2565 1807 Lambecii
2622 1750 2942 1816 Comment.,
2994 1764 3114 1819 pag.
3165 1751 3271 1806 240
3322 1764 3405 1821 sq.

1771 1843 1815 1900 B
1843 1845 2045 1919 Hann]

1910 1941 2156 2006 Basilius,
2210 1937 2501 1992 monachus
2547 1937 2869 2009 Cappadox,
2900 1936 3052 2006 cujus
3106 1935 3279 1990 fertur
3324 1949 3409 1988 re-

1838 2052 2091 2107 sponsum
2138 2035 2251 2088 sive
2295 2029 2541 2102 ἀναφορὰ
2596 2030 2659 2083 ad
2703 2030 2964 2091 Nicctam,
3013 2027 3409 2098 metrdpolitam

1840 2126 2375 2181 Thessalonicensem
2415 2122 2560 2176 circa
2601 2120 2664 2172 A.
2700 2118 2762 2173 C.
2798 2117 2953 2173 1200.
3012 2118 3175 2173 Fara.
3210 2118 3275 2171 ad
3304 2116 3409 2171 Ba-

1840 2219 2018 2273 silinm
2062 2233 2114 2270 v.
2154 2215 2380 2271 Bandin.
2423 2212 2545 2269 Cat.
2580 2211 2733 2267 codd.
2784 2209 2877 2265 Gr.
2916 2208 3099 2274 Laur.,
3138 2210 3180 2277 I,
3210 2224 3329 2282 pag.
3353 2209 3409 2273 9,

1841 2325 1894 2361 n.
1933 2308 2020 2361 86.
2042 2307 2358 2361 Monachum
2387 2305 2573 2359 scribit
2603 2302 2871 2358 Theodor.
2913 2301 3143 2356 Studita.
3163 2302 3223 2355 V.
3242 2303 3413 2356 Mont-

1841 2395 1983 2453 I'auc.
2028 2395 2161 2450 Bibl.
2193 2394 2439 2458 Coislin.,
2472 2410 2591 2465 pag.
2624 2394 2740 2449 I49.
2763 2393 2905 2448 Inter
2940 2395 3177 2450 tnelodos
3196 2394 3414 2450 Graecos

1841 2488 2002 2555 infra,
2038 2488 2144 2543 vol.
2181 2488 2252 2552 Χ,
2287 2504 2407 2557 pag.
2444 2489 2564 2543 I3I.
2590 2487 2817 2556 Quidam
2877 2488 3239 2560 calligraphus
3284 2503 3409 2544 saec.

1839 2596 1913 2634 si.
1942 2580 2005 2632 V.
2039 2580 2330 2634 Montl'auc.
2360 2579 2723 2647 Palwograph.
2756 2578 2876 2643 Gr.,
2906 2595 2959 2646 p.
3008 2581 3130 2634 5H.
3170 2581 3339 2635 ΗΑιιι.

1913 2669 2121 2742 [Basilii
2181 2668 2384 2722 minimi
2421 2668 2533 2737 (qui
2584 2666 2785 2722 scholia
2842 2682 3054 2737 quoque
3096 2669 3311 2738 scripsit
3361 2670 3413 2723 in

1843 2759 2085 2831 Gregorii
2108 2759 2361 2815 Nazianz.
2388 2758 2503 2815 XVI
2535 2761 2721 2829 oratt.)
2750 2759 3030 2829 epistolam
3060 2762 3125 2815 ad
3148 2760 3415 2816 Constan-

1844 2850 2014 2902 tinum
2050 2848 2475 2918 Porphyrogen.,
2508 2864 2538 2903 e
2594 2849 2716 2903 cod.
2762 2848 3003 2902 Naniano
3045 2847 3206 2903 LXIV
3240 2850 3413 2919 publi-

1843 2939 1984 2994 cavit
2038 2937 2337 3008 Mingarell.
2386 2940 2439 2993 iu
2493 2948 2597 2994 cat.
2634 2940 2789 2995 codd.
2821 2956 2901 3009 gr.
2954 2939 3089 2995 Nan.
3118 2957 3168 3010 p.
3200 2941 3303 2997 I15
3327 2958 3411 3012 sq.

1843 3031 1981 3086 Add.
2005 3028 2234 3085 Bandin.
2273 3030 2325 3085 in
2375 3040 2474 3085 cat.
2510 3032 2664 3087 codd.
2715 3030 2808 3086 Gr.
2844 3029 3119 3096 Laurent,
3145 3033 3185 3097 l,
3225 3048 3278 3102 p.
3310 3035 3413 3089 536

1846 3139 1966 3194 sqq.
1999 3122 2198 3194 HAIIL.]

1921 3212 2198 3285 [Basilins,
2221 3215 2503 3284 episcopus
2524 3215 2835 3277 Ναυκλὲων,
2860 3217 2995 3270 inter
3022 3216 3415 3287 subscriptores

1844 3304 2082 3373 epistolae
2114 3304 2379 3361 Gennadii
2432 3308 2721 3378 encyclica:
2766 3324 2817 3365 a.
2863 3308 2986 3363 459.
3036 3307 3098 3362 V.
3144 3308 3413 3366 Lambecil

1844 3396 2131 3452 Comment.
2152 3410 2205 3453 et
2227 3396 2427 3453 Kollar.
2459 3408 2571 3453 not.
2602 3400 2709 3452 vol.
2751 3386 2878 3459 VIII,
2907 3415 2959 3468 p.
2991 3398 3115 3455 894.
3149 3399 3344 3473 Hann.)

1912 3487 2141 3543 Basilius
2196 3488 2651 3553 Nicomediensis.
2686 3501 2911 3563 martyr.
2950 3492 3125 3561 Supra
3158 3493 3212 3549 in
3252 3498 3416 3551 Ama-

1842 3594 1991 3635 seno.
2021 3579 2094 3631 De
2124 3579 2243 3633 aliis
2283 3579 2494 3636 Basiliis
2547 3583 2874 3654 martyribus
2917 3594 3039 3639 octo
3076 3585 3156 3640 vel
3192 3602 3410 3655 novem,

1841 3669 2104 3724 Baronius
2126 3672 2191 3725 ad
2219 3670 2562 3742 Martyrolog.
2604 3671 2923 3728 Romanum.

1914 3750 2167 3823 Basilius,
2215 3762 2475 3829 patricius
2522 3769 2577 3814 et
2628 3748 2926 3828 praefectus
2956 3764 3213 3828 cubiculi,
3261 3764 3413 3829 cujus

1846 3847 2225 3913 Nanmachica,
2273 3848 2530 3904 hactenus
2568 3848 2787 3916 inedita,
2837 3851 2974 3905 daho
3022 3852 3207 3907 Graece
3250 3852 3410 3910 infra.

1840 3938 2004 3995 Faan.
2032 3940 2112 3995 Ad
2138 3954 2259 3995 eum
2290 3940 2476 3994 scribit
2519 3939 2833 3994 Theodorus
2876 3940 3107 3997 Studita.
3152 3943 3214 3998 V.
3244 3943 3415 3999 Mont-

1839 4031 1981 4086 Iane.
2016 4031 2148 4084 Bibl.
2182 4030 2419 4095 Coislin.,
2444 4046 2565 4101 pag.
2592 4030 2715 4085 522.
2754 4030 2921 4086 Hann.

1913 4122 2137 4177 Basilius
2173 4122 2449 4192 Pegoriota
2473 4163 2489 4187 ,
2522 4123 2612 4191 qui
2646 4122 2786 4177 inter
2814 4124 3052 4179 melodos
3080 4123 3278 4179 Greca
3305 4124 3409 4179 Ec-

1842 4212 2018 4266 clesitc
2042 4212 2291 4266 laudatur
2321 4227 2350 4265 a
2383 4210 2563 4267 Leone
2600 4211 2818 4281 Allatio,
2849 4224 2921 4278 et,
2954 4215 3043 4284 qui
3076 4216 3226 4285 plura
3258 4219 3322 4271 de
3345 4232 3411 4271 eo

1840 4304 2236 4370 dicet,Urbano
2260 4303 2517 4360 Godlrido
2546 4304 2734 4361 Sibero
2762 4304 2922 4379 [inl’ra
2953 4308 3057 4366 vol.
3078 4308 3147 4372 Χ.
3173 4325 3225 4378 p.
3261 4308 3406 4383 Ibi].

1911 4396 2141 4453 Basilius
2169 4396 2541 4467 Philippensis,
2580 4397 2731 4466 cujus
2758 4399 2973 4454 bomilia
3018 4400 3069 4451 in
3120 4412 3411 4467 praesenta-

234 4488 471 4543 Basilius
512 4495 711 4551 asceta,
762 4484 1019 4541 Marciani
1054 4483 1364 4555 discipulus,
1400 4500 1429 4538 a
1468 4501 1577 4557 quo
1610 4501 1738 4543 con-
1770 4517 1815 4572 ο
1844 4484 2041 4539 tionem
2093 4484 2154 4541 Β.
2190 4485 2424 4554 Virginis
2468 4487 2518 4541 in
2549 4486 2746 4554 templo
2779 4525 2795 4549 ,
2825 4502 2925 4541 ms.
2967 4486 3151 4543 Graece
3187 4491 3236 4542 in
3274 4490 3405 4547 bibl.

166 4582 335 4637 ditum
369 4578 757 4634 monasterium
789 4578 841 4632 in
884 4577 1252 4642 Seleucobelo,
1289 4577 1505 4632 civitate
1546 4577 1735 4649 Syriae,

166 4683 355 4728 narrat
409 4671 772 4727 Theodoritus
824 4668 1028 4725 Hister.
1080 4669 1309 4740 religios.
1358 4686 1477 4740 cap.
1506 4672 1560 4735 5,
1597 4672 1738 4726 inter

166 4763 461 4830 discipulos
489 4762 604 4833 ejus
639 4762 918 4824 Sabinum,
960 4762 1260 4832 miramque
1296 4772 1350 4816 et
1384 4760 1540 4829 hujus
1566 4763 1739 4817 absti-

165 4855 407 4909 nentiam
466 4855 783 4922 praedicans.
820 4854 1079 4908 Eumdem
1128 4867 1250 4907 cum
1303 4852 1501 4907 Basilio
1550 4852 1735 4907 Seleu-

165 4944 332 4999 ἀεηεί
375 4943 525 4997 illum
554 4945 681 5000 facit
716 4944 976 5000 Baronius
1002 4946 1068 5000 ad
1096 4944 1163 4997 Α.
1188 4942 1251 4999 C.
1281 4944 1407 5007 588,
1442 4960 1494 4997 n.
1524 4942 1613 5007 68,
1640 4943 1734 4998 sed

166 5036 403 5098 rectius,
452 5033 887 5105 distinguendum
934 5050 1088 5099 esse,
1132 5046 1315 5091 mouet
1363 5034 1736 5090 Tillentontius

164 5130 295 5179 tom.
330 5121 426 5178 XV
452 5120 696 5191 femen,
725 5141 779 5194 p.
801 5124 926 5181 3H.

232 5214 492 5287 [Basilius
529 5214 875 5282 Iauichaus,
905 5216 1076 5287 Sergii
1122 5216 1440 5287 discipulus,
1476 5216 1529 5272 in
1554 5215 1734 5273 Photii

164 5306 476 5361 narratione
523 5305 592 5361 de
636 5305 942 5364 llanichaeis
1000 5308 1479 5378 repullulantibus,
1510 5310 1563 5364 in
1608 5310 1733 5365 cod.

228 5462 310 5529 (ο)
358 5460 734 5537 ﬂamand
767 5463 857 5537 Illa
896 5464 1020 5537 sive
1062 5465 1352 5537 descriptio
1385 5468 1508 5523 vita:
1536 5483 1721 5523 mona-

163 5532 313 5586 stic:
342 5532 549 5601 ‘Latine
586 5542 764 5587 exstat
795 5535 848 5587 in
896 5532 1484 5591 bibliothecis'l’atrum
1507 5577 1522 5601 ,
1553 5538 1722 5591 inter-

162 5610 313 5678 prete
330 5598 726 5678 llael’ontano,
749 5611 876 5678 tom.
908 5602 1051 5678 XXII
1075 5604 1418 5678 edit.Lugd.,
1450 5598 1573 5678 pag.
1592 5607 1723 5678 750-

1843 4578 2043 4631 Bodlei.
2086 4575 2166 4649 [n.
2214 4576 2519 4633 CCXXXIV
2544 4586 2599 4631 et
2624 4575 3197 4645 MMMCCCLXXXIII,
3230 4592 3283 4636 et
3332 4583 3410 4637 in-

1844 4676 1927 4724 ter
1962 4667 2115 4722 codd.
2163 4667 2293 4721 Gale
2318 4684 2372 4720 n.
2405 4666 2984 4741 MMMMMCMXLIXJ

1912 4759 2165 4825 Basilius,
2222 4759 2440 4814 Pisidia:
2509 4759 2815 4830 episcopus,
2882 4761 3295 4831 lconomachus,
3354 4766 3405 4819 in

1841 4867 1995 4922 quem
2026 4852 2348 4907 invehuntur
2372 4851 2556 4907 Patres
2594 4853 2784 4923 synodi
2817 4868 2913 4920 vn,
2931 4855 3143 4911 actione
3166 4872 3179 4909 ι
3199 4896 3214 4922 ,
3240 4855 3408 4911 tom.l

1838 4941 2073 4998 Binianm
2101 4943 2229 4997 edit.
2268 4958 2317 4994 a.
2354 4941 2510 5006 I6I8,
2550 4958 2599 5012 p.
2626 4941 2755 4997 489..

1910 5033 2140 5087 Basilius
2175 5034 2476 5103 presbyter,
2512 5034 2668 5101 cujus
2704 5030 2825 5085 Vita
2860 5044 3078 5088 auctore
3120 5034 3320 5087 incerto
3352 5033 3409 5087 in

1842 5134 1967 5179 tom.
1998 5123 2061 5177 Ill
2096 5125 2211 5179 Act.
2258 5132 2513 5187 sanctor.,
2548 5122 2723 5176 Martii
2764 5122 2856 5188 22,
2890 5138 3009 5195 pag.
3050 5125 3173 5180 380.
3219 5123 3408 5177 Latino

1838 5226 1892 5270 et
1926 5216 2112 5271 Graece
2142 5216 2207 5269 ad
2247 5215 2533 5269 voluminis
2573 5216 2794 5273 calcem.
2829 5216 2988 5272 FABR.
3028 5218 3107 5271 Ad
3150 5216 3401 5269 Basilium

1838 5309 2208 5378 presbyterum
2234 5306 2421 5362 scribit
2442 5306 2595 5362 Joan.
2631 5308 2998 5381 Chrysostom.
3024 5308 3089 5363 V.
3114 5306 3402 5362 Montfauc.

1824 5464 2161 5525 DCCCLVIII
2197 5475 2252 5520 et
2282 5464 2589 5520 MDCXXX.
2633 5496 2701 5506 —
2737 5464 2919 5521 Basilii
2976 5467 3243 5528 monachi,
3267 5483 3406 5535 prae-

1826 5540 1983 5607 positi
2037 5538 2228 5591 Laurze

1825 5604 1992 5678 ﬁlium
2029 5622 2210 5678 suum;
2258 5607 2609 5678 it._ejusdem_
2634 5614 2689 5659 et
2726 5604 3189 5678 aliornmEcloga:
3212 5606 3407 5678 legum,

2301 5536 2655 5597 Mallinorum,
2702 5534 2889 5599 Capita
2956 5534 3277 5603 parwnelica’
3333 5535 3405 5591 ad

163 5668 284 5746 732.
328 5668 433 5747 [In
468 5672 641 5747 indice
688 5673 808 5747 cod.
837 5674 958 5747 msti
1002 5675 1231 5747 Antonii
1264 5668 1493 5747 Eparchi
1521 5668 1721 5747 :iinl'ra
1825 5668 1881 5731 in
1916 5679 2069 5732 codd.
2108 5668 2395 5747 Escoria_l.,'
2410 5684 2546 5732 teste
2580 5674 2773 5730 Pluere
2812 5675 2863 5731 in
2897 5676 3077 5729 Itiner.
3101 5668 3193 5744 per

162 5738 216 5795 ia
259 5737 363 5795 vol.
390 5737 460 5805 Χ,
490 5741 631 5809 [pag.
687 5740 820 5801 ‘79.,
867 5740 922 5795 In
976 5744 1134 5803 codd.
1186 5737 1323 5803 bibl:
1368 5737 1717 5816 publ.‘Paris.

477 5836 749 5898 Ρλτιοι..
775 5836 890 5901 Gn.
924 5840 1167 5903 XXIX.

1830 5763 1951 5817 pag.
1986 5747 2105 5801 I6I.
2140 5745 2331 5817 ΙΙιιιι..]

3048 5856 3099 5918 Ρ
