4080 6314
725 386 952 427 CCXLVI”

2075 367 2605 424 PROLEGOMENA.

702 503 862 551 ‘rum,
900 507 929 540 α
969 486 1155 555 Ruﬁno
1184 503 1449 541 conversa.
1503 486 1577 542 De
1607 486 1790 557 regula
1828 486 2075 542 monacb.
2108 488 2169 542 V.
2200 489 2272 541 in-

2378 508 2456 563 De
2497 509 2736 576 scriptor.
2782 508 2987 573 eccles.,
3029 524 3150 579 pag.
3196 507 3293 563 177
3324 522 3461 576 seq.,
3496 506 3561 559 ab
3590 503 3949 561 Hendreicbio

722 583 805 636 fra
833 584 898 636 ad
933 581 999 635 IX
1027 622 1041 646 ,
1088 581 1169 635 11.
1226 578 1477 635 Ruﬁnum
1505 594 1622 635 esse
1672 580 1963 649 pessimum
2016 580 2278 649 interpre-

724 682 854 737 tem,
888 673 1074 727 statuit
1135 670 1357 727 lluetius
1414 671 1491 726 De
1542 672 2001 741 interpretatione,
2062 671 2183 725 libr.
2217 688 2278 737 ιι,

720 778 844 833 pag.
891 763 995 816 246
1028 779 1110 833 sq.
1144 762 1229 817 ed.
1276 762 1469 818 Stadaa.
1503 763 1661 826 1680,
1702 763 1781 818 8°.
1806 791 1873 805 -—
1904 762 1978 816 De
2032 763 2118 817 ed.
2159 762 2274 816 Col.

723 856 882 910 1551.
928 855 1060 909 Vide
1111 853 1336 908 Panzer.
1392 854 1458 909 Α.
1516 854 1603 920 Τ.,
1658 854 1745 918 Vl,
1787 871 1837 923 p.
1887 853 2012 918 414,
2064 871 2117 909 ιι.
2154 852 2277 906 609.

721 948 889 1002 ΙΙΑιιι..

791 1037 989 1110 ίΙέιιίε.
1013 1037 1173 1091 1525.
1206 1035 1389 1090 Basilii
1413 1034 1481 1088 Μ.
1502 1049 1661 1103 opera
1679 1049 1744 1090 ex
1769 1035 2102 1105 interpretat.
2120 1032 2276 1088 Joan.

717 1128 1057 1200 Argyropuli,
1099 1128 1164 1183 G.
1205 1128 1581 1197 Trapezuntii,
1608 1136 1661 1181 et
1699 1126 1875 1196 Rapit.
1920 1126 2275 1180 Volaterrani.

717 1236 807 1287 ap.
855 1218 975 1273 Jod.
1007 1219 1251 1271 Badium.
1288 1214 1419 1283 fol.;
1474 1217 1615 1271 conf.
1674 1216 2101 1274 Schoenemann.
2132 1215 2272 1270 Bibl.

714 1338 785 1352 --
838 1308 1062 1363 Patrum
1110 1306 1258 1375 Lat.,
1293 1309 1331 1373 l,
1362 1323 1412 1376 p.
1443 1306 1545 1362 619
1572 1323 1655 1378 sq.
1688 1338 1759 1349 —
1797 1307 1873 1363 De
1929 1307 2273 1377 Trapezuntii

716 1401 966 1455 versione
1016 1400 1277 1454 librorum
1313 1400 1712 1455 Basiliicontra
1743 1398 2083 1464 Eunomium,
2133 1399 2275 1467 ejus-

714 1509 821 1564 que
876 1492 1204 1546 editionibus
1238 1507 1287 1545 v.
1321 1491 1454 1546 Zeni
1501 1491 1721 1545 Dissert.
1758 1490 2025 1555 Vossiane,
2051 1501 2179 1546 tom.
2206 1490 2271 1557 11,

713 1603 767 1656 p.
794 1586 848 1650 9,
875 1601 929 1639 ιι.
968 1582 1051 1639 Vl.
1080 1610 1154 1625 -
1180 1583 1414 1639 Garnier
1448 1584 1502 1635 in
1536 1580 1689 1652 praef.
1716 1582 1783 1636 ad
1818 1591 1951 1637 tom.
1982 1579 2002 1633 1
2030 1581 2187 1651 Opp.,
2215 1597 2269 1651 p.

713 1693 787 1743 tv,
822 1683 1086 1731 memorat
1112 1674 1242 1728 edit.
1277 1672 1396 1728 Lat.
1428 1671 1601 1729 Paris.
1626 1672 1787 1740 1525,
1816 1666 1934 1739 fol.,
1964 1688 2052 1744 ap.
2078 1674 2273 1729 Ascen-

708 1771 871 1824 siutn.
907 1767 1079 1822 111111..

781 1861 943 1916 Basil.
976 1860 1135 1926 1540,
1170 1857 1289 1925 lol.,
1316 1857 1457 1928 apud
1503 1857 1829 1929 Hervagium
1884 1872 2006 1913 cum
2058 1857 2268 1929 praefat.
2302 1842 2345 1899 Β

710 1953 1011 2024 Wolfgangi
1042 1951 1285 2007 Masculi.
1315 1951 1467 2006 Hanc
1494 1951 1784 2006 editionem
1816 1960 2012 2020 praeter
2061 1951 2271 2008 Gesne-

707 2062 825 2102 rum
866 2055 1111 2101 recenset
1153 2044 1511 2098 Bellarntinus
1535 2042 1612 2098 De
1647 2042 1707 2098 S.
1746 2043 1815 2099 Ε.
1845 2054 1900 2098 et
1932 2043 1994 2099 Β.
2030 2043 2269 2099 Gerbar-

706 2143 809 2196 dus
837 2142 888 2193 in
917 2136 1246 2206 Patrologia.
1266 2136 1431 2191 FABB.
1465 2135 1754 2207 Inscriptio
1788 2136 1904 2191 haec
1935 2145 2020 2191 est
2050 2154 2066 2190 :
2101 2124 2273 2204 0pm

708 2230 774 2285 D.
809 2230 998 2285 Basilii
1029 2230 1108 2285 Μ.
1143 2262 1210 2271 -
1235 2232 1425 2285 Omnia
1450 2273 1465 2297 ,
1498 2233 1604 2286 sive
1630 2247 1803 2286 recens
1836 2248 2010 2297 versa,
2044 2232 2152 2286 sive
2203 2232 2273 2286 ad

708 2320 917 2378 Graecos
968 2325 1274 2394 archetypos
1312 2325 1386 2377 ita
1424 2323 1649 2389 collata,
1686 2340 1778 2393 per
1818 2323 2020 2394 Wolfg.
2052 2324 2271 2379 Mascu-

705 2418 814 2470 lum
835 2455 850 2478 ,
883 2415 1190 2481 Dusauum,
1223 2426 1278 2470 ut
1319 2415 1482 2470 aliam
1511 2417 1723 2471 omnino
1750 2417 1942 2487 faciem
1989 2420 2269 2487 sumpsisse

705 2508 1001 2561 rideantur.
1018 2506 1254 2571 Quorum
1274 2509 1540 2576 catalogus
1570 2510 1862 2577 insequitur
1880 2511 2264 2581 pullationem.

705 2599 869 2653 Basil.
904 2613 968 2654 ex
1016 2596 1107 2653 οϐ’.
1160 2596 1499 2667 Hervagiana
1536 2598 1751 2663 MDXL,
1784 2600 1875 2654 [οὶ.
1907 2600 2152 2670 Ειθιιιρὶ.
2185 2608 2270 2656 est

705 2691 758 2745 in
787 2690 916 2745 bibl.
956 2691 1111 2745 acad.
1147 2690 1363 2761 Erlang.
1397 2689 1567 2745 Haec.

773 2785 937 2838 Basil.
970 2784 1128 2848 1552,
1161 2784 1277 2850 lol.,
1316 2784 1508 2839 edente
1539 2781 1675 2838 Jano
1705 2784 1986 2847 Cornario.

774 2876 936 2932 Basil.
958 2875 1254 2942 1565,101.,
1272 2875 1410 2946 apud
1426 2872 1581 2932 Joan.
1604 2873 1919 2946 Oporinum,
1940 2892 2060 2932 cum
2080 2879 2265 2934 eadem

704 2967 926 3023 Musculi
958 2966 1293 3039 prtefatioue,
1326 2966 1416 3036 qui
1462 2968 1516 3023 in
1567 2968 1671 3023 hac
1707 2970 1941 3025 editione
1973 2971 2176 3026 scholia
2211 2971 2265 3027 in

702 3058 967 3122 Psalmos,
997 3068 1053 3112 et
1089 3059 1485 3113 enarrationem
1522 3059 1579 3113 in
1618 3061 1852 3116 sedecim
1891 3062 2062 3131 capita
2094 3062 2263 3127 Isaiae,

2380 601 2432 654 in
2475 599 2759 653 Pandectis
2801 599 3306 670 Braudenburgicis,
3354 598 3470 663 sed,
3495 599 3583 666 qui
3617 597 3786 652 multa
3818 612 3945 651 con-

2379 690 2497 745 fuse
2544 705 2607 743 ac
2640 688 2772 742 falso
2803 684 2867 743 de
2896 691 3225 744 editionibus
3262 689 3439 743 Basilii
3486 690 3812 758 scriptorum
3842 698 3947 741 tra-

2378 783 2475 836 dit.
2543 780 2643 847 Qui
2706 782 2844 834 hanc
2907 779 3261 835 Parisiensem
3313 780 3603 834 editionem
3659 790 3940 842 curarunt,

2378 874 2575 927 Fronto
2608 872 2831 927 Ducmus
2860 882 2913 927 et
2948 872 3075 928 Fed.
3115 872 3384 936 Morcllus,
3418 879 3701 933 testantur,
3732 884 3795 924 se
3821 884 3944 923 usos

2378 967 2610 1021 editione
2654 964 2841 1021 Grzeca
2886 965 3008 1018 anni
3056 964 3213 1027 1551,
3252 964 3440 1017 collata
3479 978 3597 1017 cum
3627 976 3759 1013 mss.
3794 975 3823 1011 a
3856 959 3945 1011 Bi-

2378 1058 2575 1113 chardo
2622 1056 2965 1111 Montacutio.
3014 1054 3189 1109 Duczei
3236 1066 3395 1117 notae,
3437 1055 3630 1123 quibus
3666 1050 3944 1104 versiones

2376 1148 2573 1219 passim
2623 1149 2970 1217 castigantur,
3014 1145 3236 1214 implent
3280 1146 3331 1199 in
3376 1142 3678 1214 Appendice
3730 1142 3862 1194 torni
3902 1139 3943 1193 ll

2375 1241 2594 1309 paginas
2635 1239 2769 1304 118;
2803 1239 2928 1293 hinc
2970 1238 3262 1292 succedunt
3311 1238 3514 1304 exigua:
3548 1233 3794 1288 Federici
3832 1229 3943 1285 Mo-

2373 1330 2495 1385 relli
2523 1346 2573 1399 p.
2611 1331 2710 1385 119
2738 1360 2807 1371 —
2838 1330 2958 1384 126.
3004 1328 3163 1401 [Adi].
3195 1327 3421 1383 Garnier
3448 1327 3484 1381 1.
3523 1342 3595 1390 c.,
3632 1340 3685 1394 p.
3716 1322 3801 1395 vf]

2445 1421 2599 1477 1658.
2629 1421 2797 1478 Paris.
2835 1437 2920 1491 ap.
2948 1421 3124 1492 Egid.
3159 1419 3385 1485 Morell.,
3422 1417 3540 1484 fol.,
3580 1418 3613 1472 5
3646 1416 3808 1480 voll.;
3846 1415 3942 1468 mi-

2371 1528 2474 1570 nus
2503 1514 2669 1568 nitida
2711 1515 2995 1582 minusque
3031 1512 3338 1574 emendata,
3382 1524 3553 1578 neque
3598 1508 3700 1563 ulla
3738 1521 3803 1561 re
3839 1505 3940 1560 alia

2371 1607 2600 1663 auctior.
2642 1602 2788 1660 Hanc
2832 1612 3076 1659 recenset
3104 1601 3399 1656 Casimirus
3429 1600 3667 1657 Oudinus
3701 1600 3755 1655 in
3802 1597 3941 1664 Sup-

2368 1700 2623 1771 plementa
2656 1696 2720 1751 de
2755 1694 3109 1763 Scriptoribus
3138 1691 3347 1755 eccles.,
3385 1707 3439 1762 p.
3471 1692 3542 1747 42
3570 1706 3688 1761 seq.
3723 1686 3885 1763 llam.
3922 1688 3940 1742 1

2373 1788 2685 1852 Comment.,
2726 1801 2781 1857 p.
2824 1784 2929 1840 548
2975 1799 3122 1853 sqq.,
3151 1792 3206 1838 et
3239 1781 3393 1845 ibid.,
3422 1797 3475 1851 p.
3504 1783 3604 1836 577
3633 1781 3788 1855 sqq.]
3846 1796 3942 1836 no-

2376 1897 2493 1936 vam
2537 1877 2930 1950 seiagraphiam
2973 1875 3194 1945 subjicit
3229 1873 3457 1939 ordinis,
3499 1888 3606 1943 quo
3638 1875 3753 1942 ipse
3787 1882 3941 1942 optet

2372 1988 2533 2045 opera
2588 1973 2647 2028 S.
2688 1969 2869 2026 Basilii
2918 1968 3120 2033 recudi,
3170 1975 3227 2022 ut
3270 1965 3444 2037 primo
3486 1973 3630 2018 tomo
3679 1963 3939 2025 bomilie,

2371 2063 2542 2119 altero
2579 2060 2700 2116 libri
2739 2068 2793 2114 et
2826 2058 3195 2123 tractationes,
3229 2056 3389 2111 tertio
3415 2053 3672 2124 epistolae,
3719 2052 3940 2119 liturgia

2370 2162 2427 2207 et
2459 2153 2563 2207 alia
2598 2152 2862 2222 quaedam,
2899 2150 2952 2204 in
2983 2148 3253 2217 prioribus
3285 2161 3388 2201 non
3436 2143 3613 2204 obvia,
3640 2141 3944 2196 exhibean-

2374 2252 2483 2296 tur.
2504 2240 2888 2313 [proscribendi
2937 2248 3112 2293 tamen
3153 2238 3247 2291 lib.
3293 2236 3367 2289 De
3401 2234 3743 2307 grammatica
3788 2248 3941 2288 exer-

2371 2334 2520 2387 citat.
2547 2340 2602 2388 et
2628 2330 2847 2401 epistola
2870 2328 2923 2382 in
2951 2326 3182 2380 adversis
3208 2323 3601 2396 consolatoria].

2438 2424 2640 2481 Novam
2683 2421 2865 2477 Basilii
2896 2435 3117 2491 operum
3164 2418 3454 2473 editionem
3485 2417 3701 2473 molitus
3729 2417 3939 2487 pridem

2369 2516 2469 2571 fuit
2528 2515 2848 2570 Franciscus
2890 2510 3182 2567 Contbetis.
3207 2550 3223 2578 ,
3255 2523 3483 2579 cumque
3528 2510 3721 2565 edendi
3769 2510 3943 2580 ipsius

2370 2606 2505 2660 vasti
2543 2606 2723 2675 operis
2769 2604 2981 2659 occasio
3038 2605 3269 2668 deesset,
3318 2603 3702 2671 castigationes
3750 2602 3940 2656 saltlm

2370 2712 2498 2753 suas
2532 2712 2598 2753 ex
2630 2696 2798 2751 variis
2830 2695 3108 2750 codicibus
3147 2708 3280 2748 mss.
3309 2703 3362 2748 et
3410 2695 3817 2747 observationes
3842 2709 3938 2747 va-

2369 2787 2480 2843 rias
2512 2786 2577 2841 ad
2606 2785 2830 2856 paginas
2867 2783 3119 2838 editionis
3156 2781 3328 2836 Paris.
3366 2780 3503 2835 1618
3529 2781 3746 2851 vulgare
3784 2783 3944 2835 insu-

2369 2880 2490 2945 tuit,
2521 2880 2775 2947 variaque
2806 2878 3003 2933 inedita
3040 2876 3098 2932 S.
3142 2874 3329 2930 Basilii
3355 2883 3701 2929 monumenta
3731 2876 3938 2940 passim

2365 2973 2609 3028 inseruit.
2657 2971 2761 3026 Sed
2794 2972 2857 3024 Α.
2893 2969 3051 3035 1679,
3080 2970 3149 3023 25
3181 2967 3329 3032 Jun.,
3373 2976 3518 3022 attat.
3545 2966 3630 3029 74,
3660 2968 3812 3035 operi
3844 2967 3943 3021 im-

2366 3073 2578 3118 mortuo
2601 3062 2947 3126 Combelisio,
2990 3062 3392 3117 observationes
3420 3060 3522 3115 illa:
3544 3059 3732 3114 eodem
3763 3060 3944 3113 adhuc

703 3158 758 3203 et
783 3148 1034 3216 epistolas
1062 3150 1325 3216 quasdam
1354 3147 1618 3214 adiunxit.
1656 3149 1822 3204 Fsaa.
1865 3148 1998 3206 Late
2025 3161 2268 3206 recenset
2293 3171 2335 3230 ο
2369 3167 2511 3207 anno
2552 3153 2853 3222 publicatae,
2897 3162 2952 3206 et
2993 3154 3229 3221 arcltiep.
3284 3152 3594 3217 Parisiensi,
3640 3150 3940 3206 Francisco

703 3241 845 3293 hanc
888 3240 1019 3293 edit.
1070 3250 1125 3292 et
1165 3237 1271 3292 alia
1312 3237 1452 3293 lectu
1500 3238 1660 3310 digna
1703 3239 1768 3294 de
1809 3237 2005 3295 Basilio
2048 3238 2270 3311 ejusque

705 3329 922 3399 scriptis
962 3338 1122 3398 atque
1166 3328 1550 3399 interpretibus
1600 3329 1825 3401 profert,
1878 3340 2131 3399 notatque
2165 3334 2268 3387 tria

703 3423 1050 3492 interpretum
1088 3430 1302 3490 peccata
1326 3420 1481 3477 Joan.
1500 3420 1712 3477 Fabric.
1743 3422 1794 3475 in
1812 3420 1952 3476 Hist.
1979 3422 2100 3476 bibl.
2135 3440 2265 3491 sure,

703 3524 833 3567 tom.
863 3512 903 3575 Ι,
932 3527 1052 3581 pag.
1085 3510 1181 3564 101
1212 3540 1282 3551 -
1309 3512 1432 3566 106.
1465 3511 1637 3564 Han.

775 3602 1091 3658 l‘arisiensis
1123 3600 1365 3657 Godfridi
1396 3600 1663 3657 Tilmanni
1705 3602 1859 3667 1566,
1894 3603 2012 3668 lol.,
2046 3619 2164 3672 qua:
2193 3620 2270 3658 rc-

697 3712 830 3753 cusa
868 3706 969 3753 est.

774 3790 1047 3859 Antwerp.
1098 3787 1255 3854 1568,
1312 3786 1431 3851 lol.,
1490 3785 1631 3855 apud
1678 3783 1982 3855 Philippum
2024 3781 2265 3839 Notium.

705 3881 855 3936 Hanc
904 3881 1195 3937 editionem
1240 3885 1487 3934 recenset
1536 3876 1858 3933 Possevinus
1898 3876 1954 3932 in
1998 3876 2269 3947 Apparatu

702 3990 873 4028 saera.
907 3972 1068 4043 [Add.
1101 3970 1328 4024 Garnier
1357 3969 1565 4039 prazfat.
1599 3969 1693 4023 cit.
1730 3983 1785 4038 p.
1818 3968 1919 4040 tv.]

774 4065 948 4120 Paris.
991 4064 1150 4129 1571,
1192 4062 1310 4127 lol.,
1351 4061 1487 4132 apud
1522 4060 1733 4116 Sebast.
1766 4060 2048 4115 Nivellium
2077 4078 2093 4117 :
2125 4061 2269 4132 prio-

702 4157 855 4212 ribus
900 4156 1136 4221 nitidior,
1182 4154 1494 4223 pleniorque
1533 4162 1589 4207 et
1625 4151 1957 4223 castigatior,
1996 4165 2155 4219 quam
2188 4166 2271 4205 se-

703 4257 827 4305 cata
860 4247 1179 4303 Parisiensis
1211 4247 1350 4316 apud
1381 4246 1641 4299 Sonnium
1668 4247 1735 4300 Α.
1767 4245 1926 4310 1605,
1961 4242 2055 4299 fol.

772 4339 1050 4395 Postrema
1097 4337 1523 4409 Antwerpiensis
1565 4336 1737 4401 1616,
1791 4346 2014 4393 curante
2060 4336 2270 4392 Andrea

700 4431 950 4494 Scltotto,
993 4430 1107 4492 lol.,
1145 4432 1367 4499 repetita
1398 4429 1631 4485 Coloniae
1664 4428 1820 4495 16l8,
1856 4430 1948 4484 fol.

2372 3245 2602 3310 Harlaeo,
2644 3243 2912 3313 inscriptae
2956 3251 3083 3297 sunt
3120 3258 3148 3295 a
3184 3243 3468 3297 Vincentio
3497 3243 3545 3297 le
3580 3242 3775 3309 Fevre,
3817 3243 3939 3298 0rd.

2368 3336 2566 3400 Prazd.,
2594 3335 2685 3406 qui
2727 3333 2827 3389 sub
2855 3333 3069 3387 nomine
3102 3330 3261 3385 Pauli
3296 3332 3360 3383 de
3399 3332 3611 3397 Golefer
3645 3333 3819 3387 latere
3847 3349 3941 3387 vo-

2368 3429 2486 3485 luit.
2514 3428 2723 3483 Titulus
2746 3427 2925 3497 operis
2955 3433 3039 3478 est
3074 3442 3087 3477 :
3117 3421 3349 3477 Basilius
3386 3438 3606 3491 magnus
3638 3438 3704 3475 ea:
3738 3424 3941 3492 integro

2368 3522 2686 3584 recensitus,
2734 3529 2903 3574 textus
2946 3516 3050 3586 ﬁde
3096 3517 3407 3586 optimorum
3460 3514 3697 3567 codicum
3748 3514 3941 3582 ubique

2368 3612 2679 3680 castigatus,
2712 3622 2918 3674 auctus,
2959 3608 3277 3671 illustratus,
3314 3606 3635 3669 emendatus,
3677 3606 3938 3659 eersiones

2369 3704 2663 3771 recognita,
2690 3711 2794 3756 etc.
2830 3700 3005 3757 Paris.
3049 3699 3207 3761 1679,
3237 3700 3311 3762 8°,
3352 3698 3560 3752 duobus
3592 3697 3714 3752 voll.
3752 3697 3937 3769 [Conf.

2369 3791 2615 3847 Garnerii
2645 3792 2793 3861 praef.
2825 3794 2915 3844 cit.
2948 3807 2999 3860 p.
3028 3790 3128 3861 νι.]

2440 3880 2655 3934 Memini
2694 3890 2749 3933 et
2769 3879 3113 3932 Wilbeltnum
3142 3878 3427 3935 Ernestum
3455 3879 3814 3947 Tentzelium,
3847 3886 3941 3937 τὸν

2373 3971 2700 4043 μακαρίτην,
2731 3970 2914 4026 multis
2941 3968 3115 4034 annis,
3149 3978 3204 4023 et
3242 3969 3610 4027 beatissimum
3651 3973 3938 4029 deside-ra-

2373 4066 2742 4134 tissimumque
2791 4063 2978 4120 Godl’r.
3028 4060 3300 4119 Oleariutn
3349 4073 3589 4119 nostrum
3643 4065 3940 4134 aliquando

2370 4159 2435 4212 de
2464 4173 2599 4211 nova
2624 4156 2805 4211 Basilii
2839 4157 3071 4212 editione
3098 4155 3466 4209 concinnanda
3492 4156 3778 4225 cogitasse,
3802 4164 3858 4209 et
3887 4156 3939 4207 in

2370 4262 2487 4302 eam
2545 4264 2655 4303 rem
2698 4250 2846 4303 varia
2893 4248 3171 4316 collegisse
3217 4245 3474 4308 subsidia,
3524 4246 3615 4300 sed
3657 4246 3942 4315 utriusque

2372 4337 2558 4392 doctos
2590 4348 2818 4393 conatus
2853 4350 3145 4407 properans
3183 4334 3351 4390 fatum
3380 4336 3666 4391 antevertit

2443 4424 2643 4483 Novam
2675 4443 2816 4483 nunc
2845 4425 2901 4479 S.
2934 4423 3116 4479 Basilii
3143 4427 3432 4482 editionem
3464 4427 3656 4481 eruditi
3688 4427 3937 4481 monachi

774 4522 1014 4591 Denique
1064 4521 1387 4577 Franciscus
1439 4521 1796 4578 Combellsius
1855 4521 1908 4574 in
1954 4520 2270 4576 Ecclesiaste
2302 4527 2345 4582 Ι)
2377 4519 2726 4583 Benedictini,
2770 4518 2961 4587 quibus
3010 4529 3085 4575 tot
3131 4520 3544 4589 praeclarissima
3588 4530 3939 4574 monumenta

705 4610 909 4677 Greco,
948 4612 1119 4668 Paris.
1163 4611 1321 4677 1674,
1368 4611 1538 4665 forma
1573 4621 1761 4665 octava
1798 4612 2019 4681 majore,
2069 4622 2176 4665 tum
2216 4613 2267 4667 in

701 4701 1027 4757 Bibliotheca
1066 4702 1452 4757 concionatoria
1500 4701 1627 4755 ibid.
1653 4742 1668 4765 ,
1710 4702 1871 4767 1662,
1916 4702 2007 4759 fol.
2032 4742 2047 4767 ,
2094 4706 2272 4759 varias

704 4794 872 4848 Basil.
916 4793 1166 4848 bomilias
1203 4793 1393 4848 Latine
1434 4807 1465 4846 a
1507 4808 1565 4848 se
1604 4794 1687 4849 vel
1728 4794 2044 4858 recensitas,
2085 4795 2166 4849 vel
2205 4797 2271 4850 de

699 4884 915 4952 integro
955 4896 1137 4937 versas
1162 4881 1353 4937 Latine
1380 4883 1565 4937 edidit.

1322 4974 1662 5031 Germanica.

776 5068 1065 5140 lngolstad.
1112 5068 1271 5133 1591,
1312 5069 1426 5137 lol.,
1472 5066 1888 5124 Scltweikhardo
1923 5068 2115 5121 comite
2151 5066 2271 5123 llel-

705 5162 1101 5227 fensteiniensi,
1158 5169 1288 5227 etc.,
1343 5161 1653 5230 interprete.
1704 5156 1888 5232 [Praef.
1943 5162 2139 5229 scripta
2188 5169 2271 5215 est

705 5252 1061 5321 Landsberga:
1092 5253 1143 5306 in
1174 5251 1400 5306 Bavaria
1432 5266 1639 5319 super.,
1671 5249 1856 5314 1589.]

1264 5342 1698 5399 Gnaeo-Latinae.

777 5440 842 5495 Α.
880 5437 1035 5501 1618,
1061 5434 1257 5501 Paris.,
1289 5435 1405 5497 fol.,
1432 5436 1467 5489 2
1494 5436 1641 5499 voll.,
1679 5451 1745 5490 ex
1776 5433 1987 5490 ofﬁcina
2022 5433 2271 5491 Nivellia-

706 5546 777 5586 na
839 5529 947 5603 [ap.
1007 5528 1284 5582 Claudium
1346 5526 1553 5581 Μαι-4311.
1625 5530 1917 5583 secundum
1984 5526 2268 5596 llamberg.

706 5622 920 5681 Zuverl.
966 5619 1187 5684 Nachr.,
1234 5619 1298 5686 ll,
1342 5634 1397 5689 p.
1425 5617 1570 5690 808].
1610 5618 1734 5673 Haec
1773 5618 1997 5689 insignis
2026 5629 2079 5673 et
2108 5620 2271 5673 nitida

708 5714 1096 5779 cmentlataque
1138 5710 1216 5783 [et
1252 5712 1317 5764 ad
1359 5710 1513 5766 codd.
1556 5712 1808 5781 Anglicos
1839 5721 1893 5766 et
1926 5710 2161 5766 Gallicos
2192 5726 2273 5763 re-

711 5805 937 5879 censita]
967 5805 1130 5860 editio
1164 5812 1469 5859 rccensetur
1501 5820 1528 5858 a
1565 5804 1808 5874 Philippo
1846 5804 2057 5859 Labbeo
2092 5814 2218 5857 tom.
2254 5802 2269 5854 Ι

2374 4610 2735 4665 ecclesiastica
2764 4609 3039 4673 debemus,
3066 4611 3255 4679 jubent
3281 4622 3595 4678 exspectare
3621 4609 3688 4661 ab
3711 4608 3941 4679 insigni—

2372 4703 2468 4758 bus
2519 4702 2787 4759 sodalibus
2839 4704 2972 4768 suis,
3028 4702 3239 4758 Juliano
3286 4702 3587 4765 Garnierio,
3645 4700 3942 4757 Francisco

2371 4792 2668 4849 Faverollio
2693 4802 2745 4847 et
2773 4792 2929 4848 Joan.
2988 4792 3185 4847 Jacobo
3211 4792 3477 4854 Baverdo,
3507 4798 3788 4861 postquam
3827 4790 3941 4849 ille,

2370 4886 2458 4954 qui
2500 4900 2565 4939 ex
2612 4883 2800 4939 eodem
2840 4885 3029 4939 ordine
3071 4887 3325 4939 ornanda:
3369 4882 3492 4937 huic
3517 4894 3712 4953 spartae
3745 4880 3943 4949 praele-

2370 4986 2488 5033 ctus
2532 4986 2687 5031 antea
2737 4974 3185 5041 luerat,Jacobus
3227 4974 3485 5045 Lopinus,
3521 4974 3631 5044 jam
3671 4975 3736 5027 A.
3772 4973 3940 5038 1695,

2368 5069 2437 5124 29
2467 5070 2617 5134 Dec.,
2642 5068 2765 5123 fatis
2796 5070 3082 5124 concessit.
3109 5065 3396 5137 [Lopinum
3426 5079 3581 5121 antea
3612 5064 3777 5119 fuisse
3802 5080 3933 5134 pra.»

2370 5160 2589 5226 fectum,
2612 5171 2769 5230 negat
2792 5160 3040 5215 Garnier.
3062 5157 3211 5228 praaf.
3235 5159 3300 5213 ad
3326 5171 3456 5213 tom.
3476 5173 3516 5220 ι,
3536 5154 3672 5224 Opp.
3697 5168 3820 5224 pag.
3838 5154 3941 5227 tv.)

2440 5255 2669 5328 [Prodiit
2697 5255 2783 5309 ed.
2815 5251 3063 5308 Garnier.
3096 5266 3215 5320 qua:
3245 5250 3347 5305 buc
3380 5263 3548 5317 usque
3576 5246 3941 5317 principatum

2371 5356 2582 5410 tuetur;
2632 5347 2795 5400 alium
2834 5346 3094 5401 librorum
3135 5340 3318 5396 Basilii
3366 5341 3609 5395 ordinem
3662 5337 3847 5404 habet,
3888 5348 3945 5390 et

2369 5450 2451 5494 est
2486 5439 2742 5505 inscripta
2786 5458 2799 5491 :

2441 5530 2548 5582 ’1⁸οὓ
2571 5558 2640 5569 -
2669 5528 2944 5583 Βασιλείου
2974 5558 3043 5567 —
3074 5559 3141 5568 ——
3169 5526 3352 5580 Sancti
3385 5523 3563 5577 Patris
3592 5524 3757 5576 nostri
3788 5520 3944 5575 Basi-

2372 5623 2449 5685 lii,
2473 5622 2725 5676 Ctesareae
2752 5622 3095 5688 Cappadocis?
3121 5616 3511 5685 archiepiscopi,
3541 5612 3713 5683 Opera
3746 5613 3942 5679 omnia,

2372 5730 2485 5782 qua:
2527 5723 2747 5774 enatant,
2792 5710 2868 5763 vel
2912 5728 3027 5779 qua:
3067 5709 3178 5777 ejus
3229 5710 3435 5762 nomine
3477 5707 3939 5773 circumferuntur,

2374 5808 2439 5857 ad
2474 5823 2596 5859 mss.
2628 5807 2779 5858 codd.
2820 5802 3139 5863 Gallicanos.
3190 5799 3485 5863 Vaticanus,
3521 5796 3863 5851 Florentinos
3897 5808 3939 5851 et
