4088 6310
1400 337 1683 393 ΝΟΉΤΙΛ
1722 335 1811 390 EX
1854 333 2191 389 FABRlClt).

3198 340 3399 383 0‘1!th

143 463 410 533 Anglicas,
464 478 557 517 nec
606 478 709 519 non
760 462 828 517 ad
876 463 1194 533 antiquiores
1262 464 1389 515 edit.
1436 464 1719 532 castigata,
1752 470 1797 525 Α
1828 475 1883 513 ra
1917 460 1971 513 in
2000 455 2341 513 conferendis
2377 452 2835 522 emendandisque
2874 451 3026 505 libiis
3067 448 3241 505 sacris
3276 448 3393 504 Iau-

141 556 323 611 multis
357 566 515 609 aucta
542 570 563 610 :
591 571 723 610 nova
756 555 1206 625 interpretatione,
1232 555 1425 609 criticis
1454 556 1724 625 pra'futio-
1825 553 1986 607 datur
2036 550 2110 621 (ν.
2155 563 2314 619 supra
2354 546 2460 603 vol.
2507 543 2595 613 Ill,
2630 560 2683 614 p.
2714 542 2870 613 7l5);
2912 542 2964 596 in
2994 555 3183 595 omnes
3212 551 3393 595 tamen

141 648 320 709 nibus,
380 644 542 709 notis,
583 645 745 698 uariis
786 643 1094 698 lectionibus
1138 644 1429 709 illustratn,
1474 660 1603 698 nova
1658 644 1720 700 S.

141 734 393 790 Doctoris
431 736 537 789 vita
574 745 623 790 et
656 737 1033 803 copiosissimis
1072 736 1332 788 indicibus
1382 736 1717 804 locupletato.

143 825 320 896 Opera
360 838 409 881 et
452 829 630 882 studio
663 826 878 881 Domini
911 826 1114 881 Iuliani
1156 824 1404 891 Garnier,
1432 828 1722 897 presbyteri

140 930 187 971 et
226 917 473 971 monachi
521 916 867 982 Benedictini,
905 933 933 971 e
971 918 1371 987 congregatione
1412 918 1474 974 S.
1519 916 1716 972 Mauri.

141 1009 347 1064 'I'omus
372 1009 583 1079 primus
610 1008 785 1063 Paris.
812 1008 949 1079 typis
969 1017 1023 1062 et
1044 1010 1348 1077 sumptibus
1378 1008 1531 1061 Joan.
1563 1009 1716 1078 Bapt.

140 1100 435 1171 Coignard,
476 1099 637 1164 1721,
680 1098 812 1163 lol.;
854 1110 1029 1153 tomus
1062 1100 1353 1165 secundus,
1387 1100 1514 1152 ibid.
1551 1099 1715 1166 I722;

140 1203 323 1247 tomus
346 1194 542 1247 tertius
567 1191 841 1263 (defuncto
861 1191 973 1262 jam
998 1190 1228 1247 Garnier
1253 1192 1309 1246 d.
1338 1189 1507 1247 Mum.
1537 1192 1719 1262 1725),

140 1299 306 1355 opera
347 1292 403 1340 et
446 1284 623 1340 studio
658 1284 973 1339 monachor.
996 1285 1118 1341 0rd.
1151 1284 1211 1340 S.
1241 1284 1540 1349 Benedicti,
1586 1285 1718 1340 ibid.

142 1375 302 1431 1750.
330 1375 490 1431 Conl.
522 1374 710 1431 doctas
738 1389 996 1432 censuras
1036 1377 1089 1432 in
1118 1376 1263 1432 Actis
1293 1381 1445 1432 erud.
1472 1376 1616 1446 Lips.
1648 1378 1715 1433 A.

146 1464 305 1530 IRS,
349 1479 406 1534 p.
448 1465 554 1520 165
604 1481 770 1537 sqq.;
815 1467 981 1522 —A.
1021 1467 1180 1534 1751,
1222 1483 1274 1538 p.
1304 1468 1401 1524 191
1432 1483 1551 1538 sqq.
1583 1476 1715 1537 etp.

140 1556 245 1613 55⁸1
277 1570 403 1626 sqq.
434 1586 503 1596 —
527 1555 698 1612 Codd.
741 1557 809 1613 ad
832 1572 969 1628 quos
995 1568 1185 1614 exacta
1215 1568 1300 1615 est
1321 1560 1507 1627 editio,
1537 1560 1720 1628 singu-

141 1650 205 1704 lis
238 1649 409 1703 tomis
454 1658 576 1720 post
619 1650 830 1721 praefat.
873 1652 1205 1708 indicantur.
1237 1652 1562 1708 —Garnier
1603 1653 1718 1722 ipse

141 1741 191 1795 in
237 1739 397 1811 praei.
450 1741 515 1796 ad
557 1742 663 1798 vol.
705 1741 748 1811 l,
797 1758 918 1815 pag.
962 1758 995 1794 ν
1037 1758 1184 1815 sqq.,
1225 1744 1354 1814 quid
1382 1743 1713 1814 praestiterit,

1823 642 1989 699 libros
2012 641 2225 697 divinos
2260 640 2312 695 id
2343 638 2411 694 ab
2441 654 2506 695 eo
2541 636 2741 692 factum
2767 649 2905 699 esse,
2936 633 3149 703 probari
3182 632 3391 701 nequit.

1822 734 2150 791 —llomiliae
2198 735 2255 788 in
2295 732 2655 787 Hexaemeron
2696 736 2913 784 exstant
2952 734 3137 795 mspta:
3178 724 3231 779 in
3269 720 3395 776 XIX

1822 830 1979 886 codd.
2017 826 2221 892 Paris.,
2254 834 2310 881 et
2331 824 2571 894 quidem,
2592 819 2875 876 Garnierio
2910 818 2963 873 in
3001 814 3151 888 prmi.
3183 831 3306 887 pag.
3338 831 3393 870 xi

1821 929 2095 986 monente,
2146 932 2341 974 novem
2384 915 2621 971 homilia:
2674 913 2727 967 in
2790 911 2946 967 codd.
3005 908 3396 979 antiquissimis

1821 1013 2146 1076 membran.,
2190 1011 2244 1064 in
2282 1006 2555 1062 nonnullis
2604 1013 2782 1060 autem
2838 1010 3040 1057 recent.
3093 1000 3395 1056 cbartaceis

1821 1106 2070 1162 undecim
2105 1102 2360 1159 homiliaa.

1889 1199 2180 1255 Florentia:
2221 1199 2276 1252 in
2315 1196 2473 1253 codd.
2508 1194 2767 1249 Laurent.
2820 1190 2936 1257 XII,
2966 1206 3021 1245 n.
3051 1188 3107 1253 Ξ,
3131 1187 3269 1257 plut.
3309 1188 3397 1250 10,

1822 1307 2015 1349 novem
2039 1291 2271 1348 humilia:
2309 1292 2368 1345 in
2402 1288 2661 1344 Hexaem.
2693 1317 2759 1327 ——
2784 1286 2842 1341 In
2879 1285 2999 1340 cod.
3036 1280 3218 1346 XVIII,
3257 1298 3311 1335 n.
3342 1283 3393 1344 l,

1820 1385 1959 1455 plut.
1999 1383 2050 1448 4,
2080 1381 2363 1438 duodecim
2407 1380 2555 1434 hom.
2588 1378 2640 1432 in
2664 1377 2818 1432 illud.
2845 1406 2913 1416 —
2942 1373 2998 1429 ln
3031 1373 3151 1429 cod.
3175 1369 3394 1432 XXVII,

1818 1493 1875 1531 n.
1894 1477 1948 1543 5,
1972 1489 2163 1530 novem
2188 1474 2336 1529 hom.
2359 1487 2481 1527 cum
2505 1468 2723 1526 scholiis
2750 1466 3021 1524 nonnullis
3041 1464 3268 1535 margin.
3290 1462 3393 1518 Se-

1817 1569 2049 1633 veriani,
2083 1566 2411 1624 Gabalorum
2437 1564 2697 1634 episc0pi,
2722 1571 2962 1631 tempore
2997 1556 3391 1629 Clirysostomi.

1816 1660 2061 1731 Gregorii
2091 1658 2341 1729 Nyssenl,
2369 1665 2425 1713 et
2448 1656 2723 1728 anonymi.
2753 1652 2816 1707 V.
2844 1651 3069 1707 Bandin.
3093 1648 3210 1703 Cat.
3237 1649 3391 1701 codd.

1817 1752 1910 1809 Gr.
1940 1752 2129 1817 Laur.,
2153 1749 2196 1819 l,
2226 1765 2281 1820 p.
2311 1749 2437 1813 482,
2462 1748 2559 1803 5H
2585 1757 2638 1801 et
2659 1746 2785 1811 550,
2821 1746 2911 1801 ubi
2948 1742 3191 1800 scholion
3228 1741 3395 1797 Seve-

139 1842 191 1887 et
230 1836 286 1888 in
342 1835 545 1904 quibus
590 1850 850 1906 superare
904 1834 1169 1890 studuerit
1218 1833 1455 1889 laborem
1496 1834 1717 1890 merita-
1745 1819 1789 1874 B
1819 1845 1956 1902 riani
1983 1845 2049 1900 ad
2070 1843 2394 1915 principium
2421 1840 2656 1897 houiilia:
2689 1838 3001 1910 speciminis
3032 1838 3152 1893 loco
3182 1836 3391 1893 retulit.

140 1940 242 1995 que
298 1928 641 1997 superiorum
700 1926 1002 1991 editorum,
1060 1925 1169 1981 late
1215 1925 1469 1982 ostendit.
1520 1926 1714 1983 Totum

142 2030 321 2075 autem
356 2035 497 2088 opus
535 2019 613 2073 sic
639 2018 936 2073 distribuit.
969 2017 1358 2090 Complectitur
1391 2027 1567 2075 tomus
1600 2020 1714 2090 pri-

141 2125 256 2163 mus
288 2108 547 2163 honiilias
580 2109 635 2162 in
681 2107 1046 2163 Hexaemeron
1081 2118 1135 2164 et
1160 2110 1216 2164 in
1248 2107 1512 2175 Psalmos,
1550 2110 1717 2166 libros

140 2202 191 2254 in
218 2198 567 2266 Eunomium,
605 2207 768 2271 atque
806 2201 1251 2256 commentarium
1283 2203 1339 2256 in
1369 2200 1604 2265 Isaiam;
1634 2218 1717 2256 se-

141 2295 363 2359 cundus,
411 2293 663 2348 liomilias
714 2296 780 2349 de
818 2295 1065 2359 diversis,
1111 2294 1371 2357 ascetica,
1417 2294 1608 2348 librum
1641 2294 1717 2348 De

140 2388 463 2457 uirginitate,
498 2388 775 2457 librosque
820 2386 895 2441 De
939 2388 1231 2456 baptismo;
1268 2386 1479 2450 tertius,
1517 2385 1715 2443 librum

142 2478 215 2534 De
227 2478 435 2549 Spiritu
466 2493 667 2547 sancto,
686 2480 955 2551 epistolas,
975 2480 1269 2551 liturgiam,
1288 2480 1475 2551 viginti
1489 2488 1717 2550 quatuor

144 2588 423 2630 sermones
458 2571 762 2644 Syineonis,
804 2575 1043 2645 magistri
1096 2590 1160 2629 ac
1206 2575 1511 2646 logotlietaa,
1559 2576 1717 2629 vitam

145 2665 344 2721 Basilii.
390 2667 574 2733 Quare
618 2669 669 2721 in
702 2669 1047 2723 recensendis
1073 2667 1258 2721 Basilii
1294 2666 1364 2721 Μ.
1400 2668 1617 2735 scriptis
1642 2667 1715 2721 ita

145 2756 420 2820 versabor,
449 2764 505 2808 ut
527 2755 673 2809 illum
699 2756 913 2826 quidem
939 2756 1183 2811 ordinem
1214 2766 1446 2821 teneam,
1470 2757 1716 2813 ordinem

143 2862 267 2902 vero
308 2848 365 2901 in
406 2858 637 2918 utraque
672 2849 801 2903 edit.
836 2848 1243 2905 Graeco-Latina
1273 2849 1565 2907 Parisiensi
1603 2865 1719 2907 ser-

147 2949 320 2994 vatum
362 2948 421 2996 et
447 2959 476 2995 a
508 2941 760 2998 Fabricio
788 2943 1081 2999 indicatum
1117 2945 1415 3016 designem,
1443 2946 1720 3015 adjiciam-

146 3050 263 3104 que,
300 3051 427 3105 quae
461 3037 525 3091 de
554 3037 775 3107 singulis
806 3047 1022 3093 notarat
1057 3036 1359 3104 Fabricius,
1386 3054 1505 3106 quae
1539 3052 1715 3093 autem

1886 1935 2129 1993 Venetiis
2160 1936 2303 1992 inter
2331 1933 2488 1991 codd.
2522 1931 2652 1988 bibl.
2681 1931 2741 1987 S.
2772 1930 3068 1997 Michaelis,
3099 1937 3225 1985 sunt
3245 1929 3397 1984 Basi-

1815 2028 1875 2084 lii
1905 2028 2055 2084 hom.
2097 2041 2290 2083 novem
2313 2025 2578 2095 genuinae,
2606 2032 2659 2078 et
2692 2024 2811 2078 dum
2838 2021 2910 2077 De
2937 2030 3202 2076 structura
3222 2021 3394 2076 homi-

1816 2119 1900 2173 nis
1929 2117 2149 2189 spuriae,
2188 2116 2257 2171 ab
2284 2115 2405 2171 aliis
2437 2112 2697 2183 Gregorio
2720 2111 2965 2185 Nysseno
2993 2112 3288 2175 attributae,
3324 2111 3392 2167 V.

1815 2208 2084 2265 Mittarelli
2124 2206 2265 2263 Bibl.
2312 2209 2468 2263 codd.
2506 2223 2630 2263 mss.
2679 2204 2738 2262 S.
2781 2204 3056 2261 Michaelis
3100 2201 3297 2265 Venet.,
3336 2218 3391 2271 p.

1815 2302 1915 2357 111
1947 2316 2032 2371 sq.
2066 2329 2138 2341 —
2164 2300 2296 2355 ibid.
2335 2300 2389 2355 in
2416 2299 2548 2356 bibl.
2584 2298 2752 2353 Marc.
2782 2299 2901 2352 cod.
2940 2297 3029 2352 LV
3060 2306 3114 2352 et
3140 2294 3317 2350 LVIII.

1886 2392 2087 2449 Matriti
2136 2392 2191 2448 in
2228 2391 2361 2449 bibl.
2406 2392 2568 2462 regia:
2607 2391 2734 2450 cod.
2776 2388 3009 2455 CXXIII,
3040 2388 3272 2445 bomilite
3299 2386 3395 2442 XII

1815 2488 1871 2542 iu
1911 2485 2193 2555 Hexaem.,
2226 2500 2457 2556 quarum
2498 2493 2678 2540 tamen
2713 2484 2873 2539 tertia
2915 2484 2972 2538 in
3004 2482 3136 2539 duas
3157 2491 3241 2538 est
3280 2483 3393 2537 dis-

1821 2587 2009 2645 tracta,
2040 2580 2138 2643 ita,
2199 2586 2258 2633 ut
2290 2577 2507 2647 proprie
2538 2576 2647 2631 sint
2675 2575 2746 2630 XI
2776 2576 3144 2640 numeranda,
3180 2583 3239 2628 ut
3268 2574 3395 2643 plu~

1816 2672 1966 2727 ribus
1994 2670 2230 2727 ostendit
2257 2669 2451 2725 lriarte
2480 2668 2537 2724 in
2569 2668 2690 2725 Cat.
2719 2668 2876 2723 codd.
2908 2664 3002 2721 Gr.
3040 2665 3228 2733 Mam,
3267 2681 3391 2738 pag.

1817 2760 1943 2828 501,
1968 2761 2061 2833 qui
2100 2759 2245 2816 hunc
2271 2759 2516 2816 codicem
2549 2760 2602 2815 in
2626 2758 2829 2814 ultimis
2860 2756 3097 2813 homiliis
3139 2772 3262 2812 cum
3302 2757 3393 2812 ed.

1817 2853 2214 2912 Combeilsiana
2247 2851 2637 2910 conferendum
2669 2864 2789 2906 esse
2813 2850 3037 2919 judicat.

1889 2945 2159 3001 Monacbii
2182 2944 2236 2999 in
2258 2943 2417 2999 codd.
2435 2944 2631 3001 Bavar.
2651 2940 2866 3009 XXXII,
2883 2938 3125 3009 XXXIV,
3143 2937 3392 3007 CCXLll,

1817 3037 1990 3095 CCLI.

149 3128 271 3181 mihi
326 3129 638 3181 adnotanda
693 3129 1094 3199 supplendaque
1142 3128 1447 3195 videantur,
1506 3128 1716 3184 uncinis
1744 3150 1792 3214 ρ
1890 3131 2146 3202 Augusta:
2173 3128 2385 3187 Vindel.
2419 3128 2559 3185 inter
2586 3126 2749 3186 codd.
2777 3126 2960 3184 Basilii
2998 3126 3248 3182 undecim
3292 3124 3392 3180 ho-

149 3235 385 3287 separem
419 3234 448 3273 a
483 3220 721 3289 reliquis.
760 3219 957 3292 Hann]

150 3309 229 3366 Vl.
274 3310 472 3367 Basilii
529 3312 713 3383 Magni
764 3316 979 3383 scripta,
1047 3331 1164 3383 aute
1229 3324 1457 3383 exstant,
1500 3315 1556 3370 in
1592 3314 1716 3370 edit.

425 3404 830 3462 Graeco-Latina
866 3407 1044 3463 Paris.
1083 3407 1433 3464 Carneriana.

211 3498 858 3572 1.ΕἱςτὴνἘξαήμερον,
888 3502 944 3554 in
972 3500 1332 3556 Hexaemeron
1354 3499 1583 3554 homilite
1611 3495 1716 3551 IX.

152 3590 211 3663 [1,
239 3608 290 3662 p.
323 3609 368 3659 ι,
394 3592 592 3663 Garn.]
623 3594 697 3644 Ex
726 3593 808 3647 liis
836 3592 1089 3660 pleraque
1114 3592 1178 3644 ad
1208 3594 1429 3646 verbum
1455 3589 1721 3660 expressit

151 3678 538 3739 8.Ambrosius
560 3681 713 3733 libris
743 3695 794 3734 vr
822 3678 896 3751 (a)
924 3681 977 3733 in
1008 3678 1389 3745 Hexaemeron,
1418 3681 1508 3749 qui
1529 3680 1722 3735 etiam-

150 3788 267 3825 num
306 3779 625 3839 supersunt.
660 3768 889 3825 Easdem
913 3768 1248 3837 Eustathius,
1273 3773 1377 3826 sive
1398 3768 1720 3827 Eustachius

151 3865 332 3934 (Afer),
375 3866 460 3919 vir
497 3864 894 3934 disertissimus,
938 3868 1013 3921 ita
1052 3867 1318 3921 transtulit
1357 3868 1411 3921 in
1449 3865 1716 3931 Latinum,

152 3966 200 4007 ut
240 3958 516 4028 ingenium
563 3960 857 4013 doctissimi
907 3960 1006 4013 viri
1046 3958 1272 4030 (Basilii)
1314 3957 1580 4025 facundia:
1608 3974 1718 4012 sua:

152 4049 335 4104 uiribus
388 4051 746 4119 a'quiparasse
781 4051 1039 4115 videatur,
1066 4050 1155 4119 qui
1195 4065 1355 4119 usque
1391 4050 1459 4103 ad
1494 4050 1718 4104 hominis

152 4144 499 4194 conditionem
530 4158 709 4194 norem
740 4142 902 4195 libros
947 4143 1183 4210 tetendit,
1223 4152 1283 4197 ut
1318 4152 1468 4198 notat
1498 4142 1718 4199 Cassio-

153 4233 301 4288 dorus
329 4250 458 4304 cap.
492 4234 520 4289 1
557 4232 795 4289 Divinar.
834 4232 972 4288 Lect.
1003 4235 1132 4303 Qua:
1160 4236 1336 4291 versio
1372 4237 1544 4291 sorori
1582 4236 1719 4307 Syn-

152 4324 361 4393 cleticaz,
382 4327 705 4382 tliaconissa:
729 4326 825 4397 (b),
849 4327 915 4381 ab
939 4328 1219 4385 Eustatliio
1245 4330 1418 4384 dicata
1438 4339 1490 4384 et
1515 4346 1718 4385 memo-

156 4428 255 4469 rata
294 4419 465 4471 etiam
504 4418 782 4487 Sigeberto
807 4418 1179 4475 Gentblacensi
1210 4437 1328 4491 cap.
1356 4419 1419 4474 2|
1452 4420 1529 4474 De
1560 4420 1622 4477 S.
1650 4421 1713 4475 E.

1821 3224 1983 3282 milia
2027 3225 2085 3282 in
2133 3224 2365 3297 primum
2404 3222 2678 3281 Geneseos
2722 3230 2885 3293 caput
2933 3221 3000 3278 de
3044 3219 3261 3291 opiﬁcio
3295 3234 3395 3276 se:

1821 3319 2063 3386 dierum;
2102 3324 2263 3385 atque
2304 3314 2513 3369 Beiser.
2553 3314 2608 3368 in
2640 3312 2815 3369 Catal.
2852 3327 2906 3383 p.
2948 3310 3019 3367 50
3052 3313 3295 3377 adnotat,
3332 3311 3392 3364 in

1821 3411 1912 3465 illo
1958 3410 2148 3466 codice
2197 3408 2334 3463 duas
2371 3407 2701 3479 posteriores
2730 3405 2979 3462 homilias
3016 3405 3211 3462 ascribi
3249 3403 3389 3460 Gre-

1820 3500 1970 3571 gorio
2014 3496 2282 3570 Nysseno,
2324 3498 2443 3565 sed,
2478 3496 2666 3566 judice
2712 3495 3055 3561 Hoescbelio,
3101 3509 3385 3566 perperam

1821 3599 2040 3664 propter
2074 3588 2299 3663 Nysseni
2334 3591 2461 3648 libr.
2492 3590 2605 3662 (qui
2647 3591 2701 3646 in
2734 3592 2923 3646 eodem
2964 3590 3209 3660 sequitur
3243 3589 3388 3655 cod.)

1820 3684 1898 3740 De
1934 3686 2158 3739 hominis
2202 3692 2494 3750 structura,
2526 3681 2617 3751 qui
2658 3680 2897 3751 ejusdem
2934 3682 3150 3751 quidem
3188 3689 3269 3736 est
3299 3696 3391 3735 ar-

1819 3776 2081 3847 gumenti,
2112 3777 2205 3832 sed
2235 3791 2342 3832 non
2372 3774 2611 3844 ejusdem
2643 3772 2895 3829 methodi.

1888 3865 2119 3923 Vindob.
2140 3868 2192 3923 in
2222 3868 2378 3924 codd.
2406 3866 2542 3923 Cres.
2568 3864 2855 3937 LXIV,qui
2878 3864 3041 3920 multa
3058 3863 3239 3921 Basilii
3262 3878 3385 3936 Opp.

1818 3960 2081 4029 continet,
2122 3977 2177 4019 n.
2216 3962 2268 4016 1.
2302 3960 2368 4017 γ.
2414 3959 2710 4024 Lambert.,
2752 3957 2837 4024 Ill,
2881 3974 2936 4029 p.
2968 3958 3093 4015 291.
3123 3988 3195 4001 -
3228 3958 3293 4013 Ιι.
3333 3959 3389 4013 in

1818 4053 1938 4110 cod.
1962 4050 2122 4119 LXII,
2155 4069 2210 4108 n.
2248 4053 2300 4108 1.
2330 4082 2399 4092 -—
2428 4051 2561 4107 Cod.
2588 4048 2769 4117 LXIII,
2799 4067 2853 4104 n.
2881 4051 2934 4120 1,
2972 4066 3093 4107 cum
3120 4052 3390 4107 nonnullis

1819 4148 1991 4205 schol.
2042 4147 2276 4216 margin.
2326 4177 2400 4189 —-
2441 4147 2574 4203 Cod.
2602 4146 2764 4211 LXV,
2816 4163 2869 4201 n.
2922 4147 2975 4210 1,
3031 4147 3151 4202 cod.
3200 4142 3386 4202 LXVI.

1820 4240 2054 4312 (Lamb.,
2082 4239 2167 4307 lll,
2194 4254 2246 4311 p.
2271 4240 2379 4296 285
2409 4256 2515 4310 sq.,
2544 4241 2673 4306 289,
2707 4240 2809 4295 5η
2832 4247 2886 4293 et
2924 4237 3070 4309 525.)

1887 4333 2066 4388 Leidae
2092 4333 2233 4386 inter
2258 4333 2413 4387 codd.
2448 4332 2736 4386 Vossianus
2759 4330 3072 4386 Eustathius
3098 4331 3153 4384 in
3178 4328 3388 4383 Hexae-

1818 4439 2015 4486 meron,
2052 4430 2107 4476 et
2137 4422 2189 4475 in
2219 4422 2358 4475 idem
2388 4420 2569 4476 Basilii
2599 4421 2856 4485 homilitn,
2894 4421 2988 4477 sed
3019 4422 3134 4474 sine
3164 4420 3289 4474 line.
3318 4418 3385 4475 V.

153 4520 197 4562 et
220 4507 397 4573 Betim,
435 4510 553 4564 sive
576 4509 776 4567 luuilio
806 4513 956 4581 praef.
988 4511 1040 4565 in
1070 4510 1287 4567 Genesin
1331 4512 1506 4585 [inter
1535 4512 1711 4569 Latin.
1752 4517 1791 4569 υ
1821 4517 1938 4572 Cat.
1964 4512 2093 4568 bibl.
2123 4510 2299 4579 Leid.,
2331 4527 2386 4583 p.
2418 4512 2542 4580 595,
2568 4529 2622 4568 n.
2645 4513 2736 4577 50,
2759 4520 2811 4566 et
2847 4513 2927 4566 sic
2962 4512 3013 4564 in
3044 4510 3165 4566 aliis
3195 4510 3387 4566 biblio-

155 4603 294 4656 codd.
332 4601 535 4657 Venet.
574 4603 634 4658 D.
677 4602 838 4658 Marc.
874 4606 936 4661 V.
964 4614 1071 4664 cat.
1103 4606 1258 4660 codd.
1298 4607 1535 4670 illorum,
1563 4623 1613 4676 p.
1648 4608 1719 4661 25

156 4694 270 4767 sq.].
311 4696 520 4767 prodiit
564 4694 781 4749 Nicolao
816 4694 993 4751 Fabro
1043 4708 1285 4761 curante,
1340 4708 1622 4767 exstatque
1668 4703 1720 4753 in

157 4786 474 4844 Bibliotheca
526 4786 745 4843 Patrum
790 4787 962 4843 Paris.
1005 4790 1163 4855 1054,
1213 4800 1343 4843 ιοιη.
1389 4791 1429 4856 l,
1469 4800 1628 4856 atque
1668 4792 1719 4844 in

157 4879 349 4937 Latinis
388 4882 449 4937 S.
493 4880 684 4936 Basilii
724 4881 1049 4936 editiouibus
1087 4883 1413 4937 novissimis.
1451 4882 1613 4937 FABR.
1642 4912 1712 4923 —

160 4968 495 5043 Singularum
534 4972 874 5026 liomiliarum
918 4988 1231 5042 argumenta
1278 4975 1505 5027 strictim
1549 4974 1713 5028 refert

159 5067 533 5136 examinatque
578 5065 906 5119 Scliroeckh.
947 5065 983 5122 ι.
1036 5080 1109 5128 c.,
1158 5080 1277 5134 pag.
1328 5066 1430 5119 I68
1473 5080 1615 5134 sqq.,
1658 5074 1714 5120 et

162 5159 248 5210 180
274 5174 355 5226 sq.
404 5155 666 5210 Basilium
704 5158 753 5210 in
787 5159 1043 5225 quosdam
1077 5156 1287 5225 quidem
1313 5157 1475 5211 libros
1502 5153 1713 5211 divinos

160 5260 568 5306 commentatum
599 5261 743 5313 esse,
777 5251 955 5318 negari
986 5266 1087 5304 non
1118 5259 1309 5318 potest,
1341 5251 1562 5320 ejusque
1588 5263 1717 5319 ope-

217 5392 288 5463 (a)
330 5391 568 5447 llomilia
619 5390 788 5461 prima
832 5392 1013 5446 Basilii
1064 5393 1343 5463 rcspomlet
1388 5396 1572 5463 primis
1612 5411 1705 5449 sex

162 5461 262 5515 libri
303 5464 463 5533 prill‘i
507 5463 770 5515 Ambrosii
829 5462 1113 5531 capitibus,
1152 5461 1401 5518 Secunda
1440 5466 1707 5530 capitibus

165 5534 363 5603 reliquis
392 5542 633 5603 quatuor
669 5533 905 5605 ejusdem
941 5533 1081 5593 libri,
1128 5540 1284 5587 tertia
1328 5536 1460 5587 libro
1501 5538 1707 5605 integro

163 5602 421 5667 secundo,
447 5612 640 5672 quarta
673 5602 935 5667 capitibus
966 5605 1221 5671 quinque,
1258 5615 1310 5657 et
1339 5606 1523 5672 quinta
1552 5602 1707 5658 enite-

163 5675 224 5726 ris
246 5676 527 5729 duodecim
560 5672 707 5725 tertii
743 5672 900 5743 libri;
937 5683 1085 5727 sexta
1123 5676 1256 5726 libro
1287 5686 1499 5742 quarto,
1548 5678 1709 5743 septi-

164 5756 233 5796 ma
263 5746 374 5799 libri
405 5744 585 5812 quinti
620 5742 882 5810 capitibus
912 5744 1180 5809 prioribus
1212 5746 1477 5805 undecim,
1517 5742 1703 5799 octava

163 5816 553 5880 Wsterioribus,
602 5827 744 5867 nona
774 5813 1003 5881 denique
1044 5816 1179 5869 libro
1219 5826 1387 5871 sexto.
1430 5814 1704 5888 [Quzedam

1819 4605 2007 4671 thecis,
2053 4618 2217 4675 supra
2255 4605 2591 4661 memoratis.
2629 4601 2689 4658 In
2724 4602 2911 4658 eadem
2942 4603 3072 4658 bibl.
3110 4601 3382 4664 Leidensi,

1818 4717 1869 4771 p.
1897 4698 1965 4751 52
1990 4712 2101 4767 sq.,
2131 4708 2423 4754 occurrunt
2452 4694 2710 4749 Hexaem.
2737 4704 2792 4750 ct
2819 4695 3045 4749 aliorum
3076 4709 3200 4761 opp.
3232 4692 3384 4747 Basi-

1818 4791 1871 4843 lii
1907 4789 2061 4843 editt.
2103 4822 2171 4831 —
2209 4789 2266 4842 In
2310 4788 2431 4841 cod.
2474 4787 2644 4858 Mosq.
2685 4788 2814 4843 bibl.
2856 4786 3046 4857 synod.
3081 4784 3217 4851 XIV,
3259 4796 3385 4841 sunt

1815 4878 1952 4934 XLII
1992 4891 2152 4937 oratt.
2190 4880 2375 4935 Basilii
2408 4879 2477 4934 Μ.
2514 4896 2632 4951 qua:
2663 4880 2775 4949 jam
2808 4879 2964 4934 edita:
2994 4888 3139 4943 sunt,
3167 4887 3221 4931 et
3249 4893 3385 4946 quas

1816 4972 2058 5043 designat
2084 4972 2317 5027 Matthxi
2352 4973 2403 5027 in
2440 4971 2613 5025 Notit.
2649 4972 2803 5025 codd.
2844 4969 3039 5040 Mosq.,
3071 4985 3122 5039 p.
3154 4969 3224 5023 24
3258 4983 3380 5038 sqq.

1816 5062 1946 5117 Ibid.
1964 5066 2014 5118 in
2032 5066 2150 5119 cod.
2175 5061 2268 5117 XV
2294 5064 2439 5121 hom.
2472 5064 2527 5117 in
2546 5060 2801 5129 Spiritum
2840 5059 3237 5115 sanctum—In
3259 5062 3380 5115 cod.

1816 5155 2003 5222 XVIII,
2032 5157 2065 5210 9
2089 5156 2340 5211 homilize.
2374 5186 2443 5196 -
2471 5157 2527 5210 In
2553 5156 2673 5210 cod.
2711 5152 2826 5215 XX,
2866 5153 2926 5206 51
2968 5153 3177 5219 bomil.,
3214 5153 3267 5207 in
3301 5154 3383 5208 bis

1820 5258 1963 5303 orat.
2012 5248 2089 5303 De
2127 5248 2437 5318 perfectione
2477 5249 2594 5302 vita:
2643 5246 2916 5311 Monach.,
2963 5246 3182 5313 inedita,
3216 5262 3381 5315 quam

1808 5395 2075 5517 ἒηῦδτοείἰ
2124 5396 2239 5450 loca
2282 5396 2513 5450 illuStrat
2559 5392 2803 5447 Carnier.
2856 5391 3006 5461 pnnl'.
3051 5392 3115 5446 ad
3160 5400 3290 5448 tom.
3336 5394 3379 5461 Ι,

1811 5465 1839 5536 §
1996 5535 2119 5590 Ilzec
2154 5536 2479 5606 Syncletice.
2510 5534 2685 5600 cujus,
2711 5542 2768 5587 nt
2797 5531 3019 5606 aequalis
3050 5546 3180 5598 suae,
3208 5533 3383 5590 Sedu-

1808 5605 1912 5660 lius
1944 5610 1993 5661 in
2019 5606 2169 5677 praei.
2196 5605 2380 5673 Operis
2418 5606 2692 5677 Paschalis
2718 5605 3118 5677 mei_uinit,_non
3149 5609 3378 5677 confun-

1810 5677 1981 5731 denda
2015 5672 2132 5731 cum
2170 5672 2585 5747 S.’Syncletice,
2625 5674 2948 5747 antiquiore,
2977 5672 3239 5747 tleicujus
3271 5676 3378 5731 vita

1813 5747 1918 5801 dixi
1974 5748 2114 5802 inter
2156 5745 2353 5814 scripia
2401 5747 2461 5801 S.
2512 5745 2821 5815 Athanasio
2859 5746 3133 5815 sumwsita
3185 5746 3276 5799 lib.
3321 5762 3375 5813 ν,

1812 5832 1925 5887 cap.
1951 5817 2004 5873 2.
2041 5834 2091 5875 n.
2124 5818 2210 5873 8i.
2245 5813 2388 5886 μὀΙ.
2430 5815 2555 5882 VIII,
2588 5832 2637 5885 p.
2676 5813 2824 5883 207.]
