4088 6310
726 350 826 396 αι

2090 350 2620 411 PﬂOLEGOMENA.

727 454 914 510 Matth.
962 471 1082 511 cum
1143 456 1342 528 Xiphil.
1389 468 1444 514 et
1490 461 1699 517 duabus
1753 462 1874 517 aliis
1924 464 2106 520 Basilii
2155 478 2295 521 orat.
2329 474 2373 530 Α
2404 470 2601 535 dentis,
2639 471 3087 540 interpretatione
3128 472 3506 542 subjiciuntur,
3546 475 3597 529 in
3639 476 3930 535 Greco-La-

727 547 960 617 !Iosquae
1016 548 1175 617 1775,
1232 552 1307 619 4ο,
1357 552 1410 606 in
1466 553 1637 608 lucem
1685 557 1929 625 protulit.
1990 557 2052 612 ν.
2106 560 2293 615 Matth.

728 641 923 706 Notit.,
969 653 1102 709 etc.,
1134 660 1187 713 p.
1233 646 1302 700 50
1342 662 1480 716 seq.,
1513 649 1697 718 ibique
1727 661 1840 704 not.
1872 651 1923 704 2.
1948 682 2017 690 --
2044 652 2099 705 1η
2140 656 2293 708 codd.

718 731 919 787 XXIet
942 732 1033 788 XII
1071 737 1348 803 peritiulta:
1391 740 1645 794 homiliaa.
1672 740 1889 809 (Matth.
1915 760 2032 813 pag.
2064 745 2133 799 52
2158 750 2295 815 seq.)

720 826 863 880 -ιη
892 833 1013 887 cod.
1047 829 1235 899 XXIII,
1267 835 1415 889 varia
1448 837 1631 894 Basilii
1654 841 2052 912 opp.-Incod.
2078 840 2294 909 XXXII,

722 934 777 975 ιι.
813 920 883 974 50
911 932 966 976 et
992 922 1082 990 54,
1116 924 1435 995 fragmenta.
1471 931 1642 985 lianc.

790 1034 1033 1107 Dionysii
1086 1055 1301 1109 quoque
1351 1044 1542 1110 Exigui
1597 1048 1903 1103 versionem
1957 1048 2188 1114 Caveus,
2240 1060 2294 1104 et

720 1136 846 1181 ante
867 1142 987 1180 eum
1020 1126 1344 1187 Possevinus
1366 1142 1420 1187 et
1443 1134 1589 1189 Elias
1616 1137 1683 1189 du
1715 1136 1831 1198 Pin.
1862 1152 2143 1193 memorat.
2188 1140 2292 1196 Sed

718 1231 927 1282 vereor,
959 1235 1024 1273 ne
1053 1221 1215 1291 Greg.
1258 1224 1552 1293 Nyssenus,
1577 1243 1736 1297 quem
1764 1246 1792 1283 a
1820 1230 2077 1301 Dionysio
2100 1231 2292 1288 Latine

718 1308 985 1364 redditum
1014 1324 1246 1379 constat,
1277 1319 1549 1372 memoriae
1578 1333 1765 1373 eorum
1798 1322 2151 1387 obversatus;
2186 1325 2288 1385 vel,

718 1409 776 1453 ut
820 1401 872 1455 b.
904 1404 1109 1459 doctori
1140 1421 1279 1469 meo,
1307 1405 1443 1463 Tho.
1488 1408 1687 1479 Iltigio.
1722 1410 2087 1479 observatum,
2128 1416 2289 1468 verba

715 1490 986 1546 'I‘ilmanni
1031 1509 1134 1549 non
1177 1506 1321 1550 recte
1371 1499 1640 1554 intellecta
1685 1502 1803 1555 illos
1855 1504 2189 1567 induxerint,
2234 1516 2291 1558 ut

714 1578 971 1637 Basilium
1017 1601 1232 1655 quoque
1276 1588 1343 1641 ab
1383 1605 1448 1643 eo
1501 1606 1714 1646 versum
1756 1593 2108 1648 afﬁrmarent.
2143 1594 2289 1649 Inter

713 1674 1043 1728 recentiores
1086 1678 1291 1744 primus
1328 1677 1585 1734 Basilium
1633 1683 2021 1749 interpretatus
2060 1694 2143 1741 est
2184 1685 2288 1739 La-

714 1763 824 1815 tiue
875 1763 1147 1821 Iohannes
1199 1769 1595 1840 Argympulus,
1644 1774 1797 1842 cujus
1850 1776 2029 1828 versio
2087 1776 2283 1845 prodiit

712 1854 919 1922 Romaa,
964 1860 1104 1925 apud
1150 1858 1264 1913 Jac.
1310 1861 1549 1917 Mazoch.
1593 1865 1751 1918 1515.
1798 1865 1891 1919 Iol.
1918 1868 1979 1921 γ.
2022 1867 2285 1926 Maittaire

710 1949 776 2000 Α.
812 1945 895 2009 Τ.,
928 1948 993 2012 ll,
1029 1965 1079 2016 p.
1106 1951 1230 2015 274,
1264 1953 1315 2006 in
1358 1956 1608 2023 operibus
1637 1956 1843 2020 Basilii,
1879 1958 1944 2011 A.
1978 1960 2136 2026 1564,
2188 1962 2280 2017 fol.

709 2038 900 2095 Latine
946 2041 1169 2097 Basilea:
1213 2046 1458 2115 vulgatis,
1517 2057 1571 2102 et
1619 2064 1647 2101 a
1694 2048 1951 2105 Godfrido
1999 2052 2284 2109 Tilmanno

712 2136 986 2202 recognita
1030 2138 1240 2191 caeteris
1278 2139 1485 2192 Latinis
1528 2155 1589 2195 ac
1632 2141 2058 2199 Graeco-Latinis
2104 2145 2282 2201 Basilii

710 2223 1039 2279 editionibus
1062 2229 1318 2283 occurrit.

778 2335 914 2391 Hinc
947 2336 1257 2395 Joacbimus
1294 2340 1596 2409 Perionius,
1638 2344 1814 2399 Paris.
1855 2346 2012 2409 1552,
2040 2348 2089 2399 in
2130 2348 2280 2415 cujus

709 2428 1157 2498 interpretatione
1184 2432 1338 2500 plura
1380 2444 1529 2487 notat
1562 2450 1625 2487 ac
1661 2437 2004 2503 reprehendit
2034 2438 2280 2493 Possevi-

708 2535 811 2573 nus
844 2530 973 2576 tom.
1004 2522 1020 2575 I
1054 2522 1354 2592 Apparatus
1377 2526 1537 2591 sacri,
1572 2542 1690 2597 pag.
1730 2527 1832 2581 184
1861 2544 1977 2596 seq.

776 2610 894 2665 Iani
929 2611 1176 2668 Cornarii
1205 2617 1509 2670 versionem
1539 2616 1779 2671 invenies
1810 2619 1862 2672 in
1892 2618 2128 2674 editione
2159 2635 2281 2689 ope-

707 2718 827 2755 rum
860 2702 1041 2756 Basilii
1078 2704 1269 2758 Latina
1309 2706 1474 2759 Basil.
1508 2706 1664 2771 1552,
1689 2708 1779 2763 fol.
1814 2723 2041 2776 eamque
2080 2711 2275 2777 passim

705 2792 926 2861 prml‘ert
953 2794 1151 2850 Fronto
1172 2795 1398 2851 Duczeus
1436 2797 1487 2850 in
1518 2800 1655 2852 notis
1694 2802 1759 2851 ad
1789 2802 1889 2853 hoc
1916 2800 2096 2855 Basilii
2123 2817 2274 2870 Opus.

706 2882 873 2939 Fasti.
904 2885 1102 2940 Contra
1131 2886 1379 2943 Garnier.
1415 2888 1469 2941 in
1493 2887 1641 2956 praef.
1682 2888 1748 2943 ad
1780 2900 1905 2943 tom.
1949 2890 1990 2957 I,
2021 2906 2072 2961 p.
2109 2906 2160 2957 v,
2191 2891 2277 2944 ubi

707 2979 774 3030 de
806 2978 1190 3047 interpretibus
1214 2980 1397 3033 Basilii
1425 2978 1631 3034 Latinis
1657 2982 1783 3050 agit,
1815 2982 1966 3051 plura
1998 2983 2176 3052 culpat
2219 2983 2275 3036 in

706 3066 958 3122 Cornarii
982 3070 1252 3133 versione.
1273 3084 1433 3139 quam
1462 3070 1534 3123 ita
1567 3085 1813 3138 asperam
1837 3073 2132 3141 duramque
2156 3088 2276 3130 esse

703 3156 929 3224 judicat,
958 3166 1015 3209 ut
1043 3174 1145 3210 una
1176 3168 1267 3210 aut
1296 3159 1465 3213 altera
1502 3162 1695 3229 pagina
1727 3175 1836 3228 pra:
1863 3164 2019 3217 tredio
2053 3166 2154 3234 legi
2185 3167 2271 3220 vix
2300 3144 2342 3203 (ἶ

705 3248 897 3317 possit.
925 3247 1095 3303 Haec.

780 3361 1041 3417 Victorini
1086 3364 1321 3433 Strigelii
1366 3365 1742 3434 interpretatio
1773 3365 2069 3434 separatim
2104 3365 2277 3422 lucem

705 3454 839 3508 vidit
883 3454 1075 3523 Lipsiae
1112 3455 1267 3519 1566,
1302 3456 1376 3511 8°.
1410 3455 1660 3509 Laudant
1693 3456 1949 3511 Basilium
1983 3460 2038 3513 in
2068 3458 2277 3514 Hexae-

706 3564 884 3601 meron
931 3547 1178 3602 certatim
1228 3557 1457 3611 veteres,
1514 3546 1879 3604 Nazianzenus
1931 3549 2029 3621 (a),
2076 3551 2274 3622 Nysse-

708 3656 807 3695 nus
853 3638 950 3712 (ὁ),
998 3637 1359 3710 Hieronymus
1398 3639 1495 3711 (c),
1537 3639 1758 3695 Photius
1798 3641 1903 3711 (ά),
1945 3640 2143 3697 Suidas
2183 3642 2272 3713 (ε),

707 3732 923 3802 aliique.
942 3735 1081 3790 Ante
1110 3734 1363 3789 Basilium
1400 3735 1451 3786 in
1487 3731 1851 3787 Hexaemeron
1874 3734 1961 3804 qui
1991 3733 2273 3803 scripsere,

708 3816 965 3894 temporis
1000 3827 1193 3895 injuria
1230 3826 1617 3880 interciderunt
1650 3840 1838 3879 omnes
1872 3836 2065 3896 praeter
2098 3826 2276 3882 Philo-

704 3932 828 3971 nem
874 3916 1139 3979 Iudicum,
1174 3924 1233 3968 ιιι
1256 3914 1518 3983 ,Βὴοόοιῃ
1547 3914 1758 3969 Tatiani
1800 3917 2107 3985 discipulus,
2145 3918 2273 3989 Ilip—

703 4009 919 4079 polytus
951 4017 1003 4063 et
1026 4005 1306 4077 Origenes,
1335 4005 1657 4077 Hieronymo
1681 4005 1901 4075 laudati,
1926 4005 2271 4079 Justinusqne

705 4098 930 4171 Martyr,
978 4109 1030 4155 et
1076 4101 1165 4154 alii
1205 4100 1524 4167 complures.
1566 4114 1703 4169 quos
1748 4101 2062 4155 Anastasius
2102 4104 2270 4157 διειλη-

706 4200 759 4245 ta
790 4190 870 4262 (f)
904 4198 1307 4245 commemorat.
1338 4190 1465 4244 Post
1495 4187 1751 4243 Basilium
1786 4188 2077 4257 scriptores
2116 4192 2271 4260 hujus

704 4282 1011 4353 argumenti
1054 4281 1222 4335 tulere
1261 4291 1474 4339 :etatem
1504 4280 1677 4335 αι·κοί
1725 4281 2037 4350 scriptores,
2078 4280 2273 4351 Nysse-

704 4391 826 4439 nus,
860 4374 1193 4438 Eustathius,
1226 4373 1559 4439 Anastasius,
1592 4372 1827 4427 Joannes
1859 4373 2199 4444 Philoponus.

2400 560 2529 613 tinis
2554 563 2768 617 omissa
2811 572 2958 627 sunt,
2996 564 3244 631 quoniam
3292 566 3442 620 multi
3476 578 3718 621 veterum
3754 579 3930 625 testan-

2398 662 2510 717 tur,
2550 653 2803 709 Basilium
2845 671 2952 710 non
2988 656 3212 709 ulterius
3250 671 3621 725 progressum,
3646 674 3745 714 nec
3769 662 3932 716 deho-

2395 747 2557 799 minis
2590 755 2862 800 structura
2900 755 3179 801 tractasse.
3224 745 3423 801 Tamen
3443 748 3558 803 illas
3588 761 3708 818 post
3742 752 3929 823 longum

2394 838 2641 892 morbum
2676 854 2705 890 a
2735 837 2932 892 Basilio
2961 854 3151 892 revera
3181 839 3411 904 additas,
3455 841 3610 909 eique
3658 843 3791 896 adeo
3833 845 3930 897 vin-

2394 930 2652 983 dicandas
2682 944 2802 983 esse
2853 932 3130 984 contendit
3187 931 3511 986 Franciscus
3558 932 3928 1002 Combetisius,

2393 1020 2482 1089 qui
2513 1036 2604 1074 eas
2636 1034 2665 1074 e
2697 1036 2828 1075 mss.
2863 1022 3167 1075 emendavit
3198 1032 3249 1076 et
3278 1022 3579 1091 supplevit,
3627 1036 3683 1078 et
3714 1042 3830 1079 eum
3859 1042 3931 1079 ar-

2391 1112 2663 1179 gumentis
2696 1126 2817 1179 quae
2849 1112 2899 1164 in
2920 1112 3106 1166 codice
3137 1114 3284 1182 regio
3310 1114 3750 1183 przetiguntur,in
3777 1123 3931 1186 capita

2393 1202 2670 1268 distincta,
2705 1203 2887 1256 addita
2936 1218 3069 1256 nova
3101 1206 3348 1259 versione
3384 1222 3478 1259 sua
3509 1209 3776 1278 notisque,
3807 1212 3931 1263 dedit

2394 1301 2523 1347 tom.
2552 1291 2572 1345 Ι
2604 1292 2795 1347 Basilii
2828 1295 3089 1359 recensili,
3118 1310 3237 1364 pag.
3276 1296 3378 1350 418
3414 1312 3529 1366 seq.
3550 1341 3564 1362 ,
3603 1297 3759 1354 Paris
3792 1302 3929 1365 1679,

2391 1383 2465 1444 8°,
2503 1383 2790 1451 subjuncta
2821 1384 2984 1437 etiam
3016 1399 3137 1452 pag.
3168 1385 3272 1438 524
3299 1385 3513 1439 homilia
3549 1386 3625 1441 De
3662 1393 3928 1455 paradiso,

2390 1488 2503 1540 qua!
2536 1473 2673 1525 inter
2697 1473 2938 1529 diversas
2976 1486 3059 1528 est
3086 1477 3378 1541 tricesima,
3411 1490 3589 1533 ettom
3612 1478 3651 1543 Ι,
3677 1496 3797 1550 pag.
3821 1481 3929 1541 625,

2389 1564 2873 1623 edit.Gra:co-Lat.
2911 1568 2952 1619 Α
2993 1566 3129 1620 1618
3164 1566 3378 1636 legitur.
3418 1568 3568 1641 [Gar.
3608 1572 3657 1637 l,
3699 1588 3814 1643 pag.
3841 1573 3929 1627 547

2388 1671 2541 1725 seqq.
2597 1670 2741 1713 orat.
2789 1659 2853 1712 Ill
2887 1659 2961 1712 De
2991 1659 3217 1711 hominis
3247 1670 3534 1723 structura,
3590 1666 3732 1718 inter
3764 1667 3929 1733 spuria

2388 1748 2565 1803 Basilii
2602 1748 2851 1821 scripta.]
2872 1750 3031 1804 Certe
3054 1751 3305 1805 hdtnilias
3335 1750 3379 1805 X
3401 1761 3453 1805 et
3486 1750 3555 1804 XI
3579 1770 3607 1806 a
3627 1754 3785 1824 Greg.
3811 1756 3929 1826 Nys-

2314 1817 2359 1873 Β
2386 1856 2519 1896 seno
2545 1817 3024 1909 adiunctas-Basilii
3050 1843 3197 1910 operi
3233 1857 3337 1896 non
3367 1858 3509 1907 esse,
3533 1845 3689 1898 docet
3718 1846 3930 1900 luculen-

2388 1942 2491 1995 tus,
2522 1947 2680 1999 quem
2706 1932 2771 1985 ab
2800 1948 2864 1987 eo
2885 1933 3241 2002 supplementi
3263 1933 3514 1988 Basiliani
3542 1934 3660 1990 loco
3690 1936 3931 1991 habemus

2384 2022 2519 2077 liber
2553 2023 2629 2076 De
2665 2025 2873 2091 opiﬁcio
2913 2024 3161 2091 hominis,
3195 2034 3248 2079 et
3292 2025 3431 2077 inter
3459 2027 3615 2095 cujus
3649 2041 3809 2095 Opera
3839 2027 3930 2080 illa:

2384 2116 2499 2168 duae
2544 2114 2776 2167 homilia:
2823 2124 2953 2167 tom.
2985 2113 3038 2173 I,
3076 2128 3195 2181 pag.
3242 2113 3481 2168 I59-155
3531 2116 3779 2184 leguntur
3818 2132 3929 2168 cum

2380 2203 2631 2257 versione
2665 2203 2808 2257 Petri
2841 2202 3117 2257 Francisci
3156 2203 3271 2256 Zini
3308 2204 3471 2259 FABR.
3508 2206 3765 2261 Homilies
3795 2206 3857 2260 XI
3882 2217 3932 2261 et

2383 2293 2472 2349 XII
2498 2307 2548 2349 et
2582 2294 2659 2349 De
2684 2297 2935 2365 paradiso
2965 2296 3098 2350 falso
3126 2297 3287 2350 tribui
3317 2297 3538 2364 Basilio,
3569 2312 3759 2355 contra
3787 2301 3929 2355 Com-

2382 2384 2666 2447 belisium,
2705 2385 2773 2436 du
2824 2384 2921 2437 Pin
2962 2395 3015 2437 et
3063 2386 3198 2440 alios
3241 2386 3347 2441 late
3402 2386 3666 2457 docteque
3712 2392 3929 2444 ostendit

2382 2472 2611 2527 Carnier
2671 2476 2722 2528 in
2771 2477 2924 2543 praef.
2973 2478 3037 2529 ad
3083 2489 3211 2533 tom.
3246 2479 3287 2542 I,
3313 2494 3434 2548 pag.
3461 2494 3578 2544 vm,
3612 2482 3790 2536 multis
3813 2500 3930 2537 usus

2381 2566 2735 2633 argumentis,
2764 2579 2800 2618 a
2823 2564 3036 2619 diversa
3065 2568 3184 2637 styli
3216 2576 3270 2621 et
3290 2571 3677 2625 sententiarum
3711 2573 3924 2637 ratione,

2380 2666 2433 2709 et
2461 2657 2738 2711 meliorum
2768 2656 3241 2727 antiquiorumque
3258 2659 3501 2714 codicum
3528 2661 3929 2727 auctoritateah

2379 2748 2749 2818 immensaque
2800 2752 3067 2805 variarum
3098 2751 3386 2807 lectionum
3438 2754 3591 2818 silva,
3633 2770 3749 2821 qua:
3781 2756 3831 2807 in
3852 2768 3931 2821 ge-

2381 2839 2560 2892 nuinis
2587 2839 2769 2894 Basilii
2794 2857 2920 2910 opp.
2948 2842 3090 2896 haud
3120 2844 3254 2897 adeo
3278 2859 3468 2911 magna
3486 2855 3588 2906 est,
3613 2845 3856 2911 sumptis,
3880 2853 3929 2897 et

2382 2927 2549 2994 ipsius
2582 2927 2828 2995 Gregorii
2859 2929 3084 2999 Nysseui
3132 2931 3252 2983 loco
3273 2970 3286 2993 ,
3320 2946 3478 2998 quem
3508 2933 3647 2985 male
3676 2930 3929 2999 interpre-

2380 3027 2523 3073 tatus
2550 3028 2632 3074 est
2661 3020 3033 3074 Combeﬁsius.
3056 3020 3190 3074 Tum
3210 3020 3481 3090 subjungit
3506 3022 3765 3090 quasdam
3791 3038 3927 3092 quae-

2380 3109 2579 3164 stiones
2610 3150 2624 3174 ,
2677 3112 2739 3163 ad
2788 3110 2901 3164 loca
2943 3111 3185 3180 quaedam
3218 3119 3404 3164 notatu
3436 3110 3592 3179 digna
3625 3111 3929 3166 illustranda

2378 3202 2730 3269 pertinentes.
2760 3202 2899 3256 Add.
2926 3202 3100 3256 Riveti
3139 3201 3231 3256 lib.
3293 3217 3353 3257 ιιι
3396 3200 3577 3255 Critiri
3622 3205 3781 3269 sacri,
3818 3218 3928 3270 cap.

2378 3292 2467 3355 20,
2496 3308 2615 3361 pag.
2652 3292 2778 3360 528,
2805 3293 2893 3347 ed.
2920 3294 3142 3363 quintae,
3176 3303 3223 3346 et
3268 3292 3545 3346 ScltrOekh
3575 3293 3609 3344 l.
3648 3311 3723 3361 c.,
3747 3312 3799 3365 p.
3839 3294 3932 3349 178

2379 3393 2460 3448 sq.
2496 3410 2563 3419 —
2589 3382 2679 3434 Est
2714 3382 2765 3434 in
2800 3383 3006 3435 duobus
3057 3384 3213 3435 codd.
3258 3382 3430 3436 Paris.
3464 3383 3612 3437 "Am.

2450 3467 2563 3541 [IL]
2605 3470 2844 3539 Ὀμιλίαι
2880 3470 3128 3524 Homilia:
3164 3470 3335 3523 XVII
3376 3473 3433 3524 in
3456 3470 3696 3527 Psalmos
3720 3475 3785 3546 [I,
3816 3492 3927 3547 pag.

2375 3562 2445 3618 89
2472 3578 2618 3632 sqq.,
2654 3560 2849 3636 Garn.]
2884 3562 2996 3617 Hoc
3028 3573 3130 3630 est,
3172 3572 3367 3634 praeter
3406 3579 3563 3618 unam
3602 3565 3651 3618 in
3697 3566 3929 3621 Psalinit

2378 3654 2609 3719 initium,
2639 3657 2884 3725 prooemii
2920 3657 3037 3710 loco
3064 3658 3423 3725 praemissam,
3456 3656 3680 3724 singulae
3708 3659 3763 3712 in
3799 3659 3932 3728 psal-

2376 3761 2518 3797 mum
2555 3762 2644 3808 vn,
2680 3763 2806 3799 XXlX
2836 3747 2937 3817 (Ii),
2969 3765 3141 3813 xxxii,
3180 3766 3602 3816 usttt,xxxvtt,
3637 3767 3783 3815 κων,
3814 3768 3929 3815 ην,

2376 3851 2574 3902 ηνιιι,
2601 3851 2721 3899 ιιι,
2752 3851 2873 3900 th,
2921 3848 2975 3891 et
3011 3840 3148 3895 binae
3182 3843 3233 3895 in
3269 3843 3533 3911 psalmum
3592 3860 3704 3911 xiv,
3743 3861 3931 3910 xxvm,

2373 3943 2515 3985 σειν.
2546 3926 2659 3995 lla,
2688 3942 2848 3996 quam
2877 3931 3124 3997 prooemii
3169 3932 3285 3986 loco
3325 3936 3657 4002 praemissam
3691 3937 3799 3989 dixi
3825 3977 3840 3999 ,
3871 3951 3932 3990 ex

2374 4022 2549 4077 Ruﬁni
2594 4020 2842 4075 versione
2894 4019 3029 4074 solet
3079 4020 3280 4092 praeligi
3326 4022 3513 4076 Latine
3556 4021 3612 4075 S.
3649 4023 3932 4092 Augustini

2373 4114 2714 4168 Enarrationi
2737 4113 3094 4179 Psalmorum,
3119 4115 3278 4170 etiam
3301 4114 3350 4168 in
3374 4116 3663 4170 novissima
3681 4116 3930 4182 editione,

2374 4206 2439 4260 ab
2461 4206 2680 4261 eruditis
2699 4206 2975 4267 monachis
2991 4206 3350 4262 Benedictinis
3371 4219 3577 4271 curata,
3602 4217 3748 4261 tomo
3764 4209 3831 4263 IV
3851 4210 3927 4279 (ἢ.

2373 4296 2627 4351 Homilias
2655 4300 2933 4351 universas
2962 4300 3341 4363 septemdecim
3376 4299 3564 4352 Latine
3603 4302 3769 4355 vertit
3792 4301 3930 4357 God-

2373 4389 2545 4443 I'ridus
2573 4389 2907 4456 Tilmannns,
2928 4405 3047 4444 cum
3077 4394 3228 4462 cujus
3255 4393 3699 4459 interpretatione
3723 4406 3932 4452 exstant

776 4468 1012 4563 Hangilia
1037 4466 1087 4520 Χ
1112 4479 1159 4521 ει
1190 4464 1365 4563 Χικάε
1385 4466 1605 4563 frgi/Fet}
1634 4464 2192 4563 h0'f“"'°f_[?P-_Farn-_
2219 4466 2259 4533 ι.
2288 4504 2338 4563 D
2365 4496 2415 4554 in
2440 4479 2856 4534 Graeco-Latinis
2872 4488 2924 4535 et
2940 4482 3225 4550 postremis
3242 4480 3447 4538 Latinis
3478 4483 3657 4540 Basilii
3681 4489 3930 4542 editioni-

704 4576 759 4629 p.
790 4557 941 4627 523],
964 4574 1081 4628 qua:
1111 4559 1255 4612 velut
1277 4556 1458 4611 Basilii
1492 4556 1544 4608 in
1561 4553 1763 4608 Graecis
1794 4557 2118 4613 editionibus
2148 4559 2262 4629 plu-

704 4651 961 4717 ribusque
996 4663 1152 4711 mss.,
1189 4657 1247 4701 ut
1277 4649 1330 4701 in
1355 4647 1623 4711 Caesareo,
1654 4648 1793 4715 apud
1843 4644 2129 4715 Lambec.,
2171 4650 2264 4717 Ill,

704 4760 829 4814 pag.
868 4743 970 4797 122
993 4741 1065 4812 (g)
1103 4752 1156 4796 et
1186 4742 1237 4795 in
1280 4740 1617 4795 versionibus
1664 4741 1909 4795 Cornarii
1938 4782 1952 4807 ,
1987 4741 2221 4798 Perionii
2248 4784 2263 4808 ,

708 4835 971 4907 Strigelii,
1005 4846 1169 4903 atque
1224 4835 1275 4887 in
1311 4834 1517 4887 Latinis
1560 4833 1739 4888 Basilii
1790 4834 2119 4888 editionibus
2166 4835 2269 4902 ple-

706 4930 887 5000 risque
909 4944 939 4984 e
970 4926 1170 4996 Wolfg.
1200 4927 1437 4992 Musculi,
1468 4928 1861 4996 Argyropulum
1889 4928 2137 4995 supplere
2158 4938 2269 4982 stu-

776 5046 851 5112 (a)
896 5044 1267 5098 Naxianzenus
1297 5052 1436 5095 orat.
1473 5040 1543 5093 20
1579 5042 1629 5092 in
1671 5037 1739 5112 S.
1770 5039 2022 5093 Basilium
2057 5061 2068 5095 :
2102 5041 2268 5094 Ὅταν

705 5109 803 5187 np
838 5109 1171 5185 Ἔξαήμερον
1215 5113 1373 5164 αὑτοῦ
1440 5109 1935 5183 μεταχειρίζωμαι,
1993 5112 2127 5180 μετὰ
2183 5112 2273 5165 τοῦ

707 5188 925 5239 κτιστοῧ
955 5187 1192 5254 γίνομαι.

778 5257 850 5325 (b)
895 5249 1163 5325 Ny'sseuus
1206 5256 1259 5307 in
1312 5252 1588 5325 Hexaem.,
1643 5262 1771 5325 tom.
1805 5249 1861 5325 Δ1,
1904 5253 2120 5325 ρδετνῦ,
2154 5270 2272 5325 cum

709 5321 953 5380 (ἰίχίέεεί
984 5340 1041 5378 se
1102 5327 1407 5391 neutiquam
1468 5324 1603 5377 velle
1678 5321 2146 5391 ἁντιδογματίζειν
2199 5324 2274 5393 τῷ

709 5397 846 5466 ἁγίῳ
877 5394 1140 5462 Βασιλείῳ
1163 5398 1287 5463 περὶ
1316 5394 1422 5447 τῶν
1454 5395 1595 5466 κατὰ
1616 5394 1711 5466 τὴν
1743 5393 2099 5466 κοσμογᾳνὲαν
2128 5395 2273 5464 αὐτῷ

711 5463 1194 5537 φλόσοφηθέντων,
1232 5466 1520 5537 subjungit,
1553 5464 1665 5516 ἀλλ’
1693 5466 1875 5537 ἐκεῖνα.
1910 5463 2021 5537 Δμὲν
2075 5480 2273 5534 κεκρα-

706 5533 923 5605 τήσθω,
956 5533 1073 5589 "xui.
1127 5535 1293 5605 μόνης
1345 5535 1442 5603 τῆς
1496 5535 1851 5587 θεοπνεύστου
1904 5533 2272 5603 διαθήκηςτὰ

708 5607 980 5677 δευτερεῖα
1012 5625 1075 5675 cpe
1085 5605 1275 5677 péqew.

782 5674 1110 5750 (ciiiieron'.
1140 5674 1417 5750 Catalogo',
1454 5691 1500 5729 c.
1539 5676 1662 5741 116,
1696 5684 1747 5731 et
1781 5678 1939 5746 epist.
1972 5676 2057 5730 55.

782 5746 858 5816 ((1)
896 5749 1114 5800 Ριιοιίιιε
1151 5746 1268 5799 cod.
1302 5761 1448 5799 cm.

780 5812 851 5882 (ei
886 5817 1075 5872 Suidas
1098 5818 1150 5870 in
1182 5818 1515 5882 Βασίλειος.
1550 5816 1682 5870 Vide
1701 5818 2045 5875 etSocratem
2075 5833 2147 5879 tv,
2180 5816 2264 5871 26.

788 5887 860 5957 ({j
892 5888 1203 5943 Anastasius
1233 5902 1308 5945 vu
1338 5890 1388 5942 in
1416 5887 1693 5957 Herclem,
1724 5891 1871 5963 cujus
1910 5887 2075 5943 verba
2114 5887 2265 5943 Grac-

2370 4572 2491 4627 bus.
2524 4570 2660 4624 Ante
2691 4568 3028 4625 Tilmannum
3050 4572 3264 4626 easdem
3285 4576 3673 4630 tranStulerant
3695 4577 3931 4649 Raphael

2374 4663 2783 4727 Volaterranus,
2833 4665 2984 4733 cujus
3023 4665 3201 4719 versio
3250 4666 3441 4735 legitur
3475 4668 3526 4721 in
3568 4667 3776 4725 Latinis
3820 4672 3932 4739 qui—

2374 4753 2597 4809 busdam
2624 4754 2969 4818 editionibus,
3006 4764 3063 4809 ut
3096 4755 3390 4814 Basileensi
3438 4758 3575 4813 1565
3605 4762 3729 4825 τοι..
3763 4775 3818 4817 et
3848 4760 3934 4815 Ja-

2374 4862 2473 4900 nus
2505 4846 2818 4915 Cornarius,
2848 4863 2967 4917 qum
3011 4852 3250 4904 occurrit
3292 4851 3345 4903 in
3393 4854 3625 4908 editione
3655 4855 3847 4909 Latina
3871 4857 3929 4909 Α.

2375 4938 2532 4992 1552.
2567 4937 2727 4991 Plura
2787 4956 2852 4993 ex
2902 4940 2982 4994 Itis
3014 4940 3249 4995 bomiliis
3308 4940 3604 4999 aiieruntur
3648 4946 3703 4999 in
3732 4946 3932 5001 Catena

2375 5067 2441 5106 ce
2494 5050 2747 5120 produxit
2806 5052 3028 5107 Michael
3065 5052 3136 5105 Le
3185 5053 3352 5117 Quien
3398 5057 3463 5108 ad
3516 5056 3929 5115 Dantascenum,

2381 5132 2508 5175 tom.
2552 5122 2587 5182 l,
2622 5136 2739 5189 pag.
2787 5123 2904 5175 174.
2937 5125 3112 5176 Alium
3148 5138 3209 5176 ex
3245 5126 3379 5181 libro
3415 5142 3429 5179 ι
3470 5125 3673 5180 Fronto
3713 5129 3932 5183 Duca'us

2377 5191 2431 5244 in
2473 5191 2657 5243 limine
2689 5202 2932 5243 notarum
2964 5193 3028 5243 ad
3064 5191 3339 5247 Basilinm.

2444 5263 2520 5385 39)
2552 5259 2681 5339 'Pag.
2722 5261 2825 5313 285
2866 5277 2948 5330 sq.
2973 5300 2986 5323 ,
3026 5261 3151 5327 289,
3198 5264 3322 5349 514,
3366 5263 3682 5344 κᾴκΚοΗητ.
3712 5286 3725 5332 ;
3758 5268 3849 5320 sed
3883 5269 3929 5321 in

2485 5375 2495 5385 .
2526 5327 2638 5385 λι,
2672 5349 2722 5383 ιι.
2754 5332 2808 5385 5.
2840 5340 2979 5383 orat.
3017 5332 3173 5385 Grca.
3207 5335 3431 5385 l\vssent
3459 5350 3511 5385 τη
3542 5334 3732 5385 Cenes-
3779 5354 3813 5385 I-
3846 5338 3926 5385 EG-

2378 5326 2808 5403 εοῷΧνξιικὸ,
2840 5326 3173 5403 orataﬁreg.
3207 5334 3431 5403 Nysseni
3459 5334 3511 5386 in
3542 5326 3732 5389 Cenes.
3779 5354 3813 5402 ι,
3846 5338 3927 5400 Ξϐ,

2378 5402 2515 5470 male
2555 5401 2841 5470 ascribitnr
2877 5400 3073 5454 Basilio
3102 5403 3168 5457 Μ,
3209 5400 3358 5470 quasi
3404 5417 3466 5458 ea
3505 5407 3574 5460 sit
3606 5400 3849 5460 oratio'x
3879 5410 3932 5461 iu

2378 5467 2627 5545 Ilexaem.
2760 5469 3009 5525 Lan'tbec.
3041 5470 3126 5537 III,
3163 5467 3281 5543 pag.
3332 5474 3434 5526 35H
3463 5492 3542 5545 sq.
3594 5477 3782 5545 ibique
3809 5478 3929 5531 Κοι-

2374 5538 2471 5595 lar.
2505 5550 2612 5591 not.
2649 5539 2818 5593 "AM.

2444 5612 2519 5678 (li)
2561 5610 2860 5665 Secundum
2915 5611 3231 5666 lIebraicam
3270 5615 3558 5668 editionem
3620 5615 3676 5667 in
3734 5618 3923 5686 psalm.

2372 5695 2468 5741 vit,
2494 5695 2581 5742 xv,
2614 5696 2763 5743 XXIX,
2796 5696 2920 5739 xxx.
2944 5699 3138 5747 xxxiii,
3166 5699 3351 5746 xxxrv,
3385 5699 3614 5751 xxxvm,
3634 5702 3765 5751 XLV,
3789 5702 3924 5748 XLVI,

2373 5765 2520 5812 xux.
2549 5766 2636 5811 Lx,
2665 5766 2769 5802 Lxu
2814 5762 2861 5802 et
2891 5768 3029 5805 cxvr.

2443 5822 2507 5889 (ἱ)
2546 5818 3287 5899 Co_n_f:“Fontanini-ﬂistor.
3335 5825 3557 5882 Iitterar.
3602 5828 3921 5899 Aquiteiens.

2373 5888 2575 5957 Romae,
2608 5890 2763 5961 1742,
2790 5890 2862 5960 4ο,
2890 5907 3011 5964 pag.
3043 5893 3165 5952 299.
3193 5892 3361 5950 lunt.
