4080 6314
734 380 870 420 scut
2077 359 2606 420 PBOLEGOMENA.

735 485 875 540 forte
922 495 1283 553 superessent,
1341 486 1501 554 locis,
1557 488 1891 560 argumentis
1924 502 1987 544 ac
2025 487 2287 545 minutiis.
2317 481 2674 546 ALascarim
2722 475 2949 548 εΡῖ⁸ιοί²
2999 476 3067 533 άο
3116 474 3462 546 Ρνοσθείίοηθ
3511 472 3744 547 simul”
3778 476 3953 532 ’δίκη

731 576 914 648 Neque
941 578 1082 633 enim
1116 580 1387 636 assentior
1411 581 1498 647 iis,
1522 582 1611 651 qui
1643 583 1740 636 hos
1773 582 1932 637 binos
1957 582 2291 650 posteriores
2394 575 2561 647 (edita
2602 591 2631 629 a
2670 572 2830 629 Petro
2854 571 3090 625 Arcudio
3120 567 3214 624 Gr.
3244 584 3367 624 cum
3396 566 3593 636 duplici
3619 568 3952 636 interpreta-

731 666 933 725 Bssilio
959 670 1292 739 abjudicant,
1318 672 1456 727 nulla
1486 683 1637 728 certa
1666 675 1873 728 ratione
1913 674 2046 728 nixi.
2088 671 2219 727 Nam
2238 682 2292 729 et
2395 668 2542 723 tione
2570 667 2688 724 Lat.
2733 678 2856 720 cum
2888 661 3163 731 opusculis
3200 660 3511 732 theologicis
3550 661 3694 717 circa
3736 673 3954 729 proces-

730 756 785 813 ln
817 772 950 813 mss.
974 759 1249 815 codicibus
1277 761 1685 831 quamplurimis
1717 764 1814 818 sub
1852 762 2035 817 Basilii
2079 763 2292 819 nomine
2390 760 2598 815 sionem
2643 757 2876 829 Spiritus
2911 755 3085 808 sancti
3132 752 3383 822 Roma);
3445 750 3585 821 quod
3632 750 3951 819 opusculum

727 850 996 921 prioribus
1022 854 1121 908 sub
1154 854 1305 908 titulo
1336 854 1598 926 Ἀποριῶν
1620 854 1759 907 κατὰ
1783 855 2046 927 Εὐνομὶου
2066 853 2141 925 (a)
2165 854 2280 923 jun-

2391 850 2596 907 Kollar.
2629 852 2695 904 ad
2727 845 2915 905 Lamb.
2958 843 3183 908 ϐοηιηι..
3217 842 3280 909 V,
3309 857 3363 912 p.
3386 844 3510 911 367,
3552 842 3805 905 miratur,
3844 856 3951 896 non

728 940 801 996 cti
834 940 1126 1008 habentur,
1157 953 1211 998 et
1248 959 1278 997 a
1323 944 1525 1001 Graecis
1562 947 1661 1000 sub
1713 944 1895 1001 Basilii
1948 949 2162 1000 nomine
2212 947 2289 1019 (ιν)
2394 944 2695 998 consultum
2748 940 2913 993 fuisse
2954 951 2984 989 a
3018 935 3301 1001 Garnerio,
3334 933 3400 987 ad
3445 934 3821 1005 corrigendum
3873 933 3953 986 lo-

729 1035 1033 1099 laudantur,
1061 1051 1288 1105 quorum
1316 1039 1506 1093 merito
1534 1038 1654 1107 plus
1690 1053 1750 1093 se
1782 1040 2019 1095 tribuere
2050 1038 2290 1094 testimo-

727 1125 818 1180 nio
846 1126 921 1179 ait
953 1124 1111 1182 Rich.
1164 1127 1371 1184 Simon.
1425 1130 1518 1183 lib.
1572 1146 1629 1185 Ill
1685 1131 1828 1186 Hist.
1868 1132 2068 1185 critica
2097 1128 2169 1187 N.
2202 1131 2284 1198 T.,

724 1231 852 1288 pag.
891 1218 1017 1285 107,
1057 1236 1215 1289 quam
1257 1220 1490 1286 Erasmi,
1520 1222 1655 1277 Abr.
1704 1222 1928 1278 Sculteti
1964 1232 2019 1278 et
2059 1221 2285 1278 aliorum

727 1313 1080 1375 quorumdam
1130 1313 1405 1379 censuris,
1465 1329 1655 1383 parum
1710 1314 1937 1369 firmiter
1988 1314 2287 1383 colligenti-

727 1398 837 1457 bus.
864 1397 958 1470 (c).
998 1399 1192 1459 Graece
1216 1406 1445 1474 primum
1476 1407 1725 1474 prodiere
1755 1416 1862 1460 tres
1906 1405 2064 1477 primi
2102 1407 2284 1462 inedi-

727 1487 871 1544 tione
907 1506 1129 1562 operum
1158 1496 1341 1550 Basilii
1368 1496 1569 1552 Veneta
1606 1499 1767 1564 1555,
1815 1499 1908 1554 fol.
1929 1542 1944 1566 ,
1974 1500 2286 1571 posteriori-

726 1580 826 1635 bus
876 1584 1081 1639 duobus
1114 1586 1311 1643 additis
1342 1588 1395 1643 in
1434 1590 1565 1645 edit.
1619 1590 1784 1649 Basil.
1833 1593 1964 1647 1551
1998 1633 2013 1654 ,
2070 1608 2099 1646 a
2148 1591 2283 1648 Jano

723 1672 999 1753 Cornario.
1038 1672 1229 1734 Latine
1256 1682 1419 1736 vertit
1442 1687 1719 1738 universos
1748 1686 1983 1752 quinque
2022 1682 2282 1753 Georgius

725 1752 1145 1837 Trapez‘untius,
1171 1773 1323 1843 cujus
1352 1774 1725 1843 interpretatio
1759 1773 1968 1847 [multis
2002 1774 2124 1829 aliis
2146 1752 2282 1844 ,iju-

2389 1049 2509 1087 cum
2543 1035 2594 1088 in
2628 1030 2792 1086 Basil.
2823 1030 3020 1083 Contra
3066 1028 3384 1081 Eunomium
3429 1026 3566 1081 libro
3606 1042 3690 1090 ιιι,
3721 1041 3776 1094 p.
3819 1025 3946 1089 277,

2388 1123 2655 1196 ἀξιώματι
2694 1121 2790 1192 μὲν
2819 1121 2948 1189 γάρ,
2990 1130 3122 1185 etc.,
3152 1133 3310 1191 quem
3349 1117 3550 1172 Kollar.
3586 1116 3864 1173 contendit
3895 1118 3947 1169 in

2388 1213 2773 1270 recentioribus
2793 1212 2950 1268 codd.
2971 1226 3000 1264 a
3023 1212 3229 1267 Graecis
3259 1208 3612 1265 schismaticis
3634 1211 3800 1263 fuisse
3828 1220 3949 1258 cor-

2387 1316 2625 1374 ruptuui,
2654 1311 2709 1357 et
2744 1302 2892 1372 plura
2931 1302 2984 1357 in
3029 1301 3169 1355 hanc
3205 1316 3317 1355 rem
3355 1299 3612 1367 disputat.
3639 1327 3710 1337 —
3738 1297 3796 1351 lu
3825 1295 3945 1351 cod.

2386 1395 2568 1460 XCIX,
2604 1413 2658 1449 ιι.
2692 1394 2743 1455 ὁ,
2780 1402 2907 1447 sunt
2953 1396 3056 1446 duo
3104 1390 3400 1459 fragmenta
3434 1403 3502 1444 ex
3531 1402 3695 1455 opere
3740 1391 3945 1442 advers.
3976 1454 3981 1459 Ξ

2384 1488 2703 1541 Eunomium
2734 1485 2854 1539 libri
2880 1498 2936 1543 ν.
2964 1484 3002 1538 ν
3031 1480 3234 1541 Kollar.
3266 1481 3318 1534 in
3348 1480 3617 1549 Supplem.
3655 1478 3721 1530 ad
3755 1478 3943 1532 Lamb.

2382 1578 2608 1643 Comm,
2648 1594 2702 1648 p.
2742 1577 2865 1631 624.
2898 1606 2967 1617 —
3003 1576 3058 1630 In
3109 1573 3230 1630 cod.
3274 1568 3362 1626 XII
3392 1568 3693 1637 Mosquensi
3746 1566 3943 1637 fragm.

2381 1687 2445 1727 ex
2484 1671 2664 1727 Basilii
2698 1672 2853 1726 tertio
2884 1667 3395 1723 IibroAntirrhet.ex
3424 1675 3585 1730 opere
3612 1662 3677 1713 ad
3705 1660 3943 1725 Amphil.

2381 1776 2436 1818 et
2458 1780 2546 1832 op.
2590 1764 2838 1817 adversus
2870 1760 3205 1820 Eunomium,
3226 1769 3331 1811 etc.
3357 1754 3487 1809 Vide
3509 1750 3741 1807 Matthxi
3768 1748 3939 1802 Notit.

723 1834 845 1910 dice
869 1857 1032 1912 Garn.
1065 1834 1604 1936 anteponendapet]
1646 1834 1858 1921 servata
1908 1866 1963 1921 in
2014 1834 2283 1936 plerisque
2314 1834 2358 1891 Β
2384 1858 2500 1911 εοάο
2546 1855 2868 1924 Nassum"
2908 1868 2960 1918 ιιι
3005 1852 3096 1905 είο
3136 1878 3205 1890 -”
3243 1849 3297 1902 in
3347 1850 3465 1903 εοάο
3505 1846 3727 1903 misum
3776 1840 3943 1936 cxx)

725 1939 935 2001 Latinis
972 1946 1153 2002 Basilii
1210 1950 1537 2008 editionibus
1569 1993 1582 2015 ,
1616 1962 1670 2007 et
1713 1954 1765 2006 in
1807 1962 2031 2022 utraque
2067 1952 2284 2009 Graeco-

722 2036 906 2091 Latina
936 2036 1224 2097 Parisiensi
1244 2043 1343 2113 (d).
1364 2043 1624 2098 Nonnulla
1647 2046 1697 2097 in
1722 2045 1818 2097 hac
1834 2044 2080 2101 versione
2103 2059 2284 2114 repre-

724 2128 906 2181 hendit
954 2127 1071 2187 Jac.
1132 2132 1351 2196 Billius,
1394 2148 1512 2202 quas
1568 2134 1619 2187 in
1682 2133 1957 2189 l'ossevini
2011 2137 2281 2204 Αρραηιιιι

724 2230 945 2287 possunt
980 2221 1167 2278 videri.
1203 2223 1383 2295 Longe
1414 2224 1565 2295 plura
1601 2226 1827 2282 Ducasus
1858 2236 1912 2282 et
1944 2236 2071 2283 tum.
2103 2226 2146 2281 ll
2174 2226 2282 2282 Ba-

721 2312 831 2366 silii
864 2316 1101 2369 recensiti
1132 2316 1505 2371 Contbelisius.
1534 2317 1653 2372 Jani
1687 2319 1931 2373 Cornarii
1966 2320 2283 2388 interpretao

722 2403 797 2457 tio
844 2404 1084 2474 quinque
1132 2407 1389 2462 librorum
1450 2408 1644 2475 legitur
1701 2409 1753 2463 in
1803 2409 2037 2464 editione
2090 2410 2279 2464 Latina

720 2490 1017 2551 Basileensi
1057 2499 1123 2553 A.
1152 2498 1311 2566 1552,
1344 2497 1437 2555 fol.
1479 2500 1721 2571 Denique
1756 2516 1878 2557 cum
1912 2501 2159 2557 versione
2186 2516 2279 2555 sua

721 2592 831 2637 tres
877 2594 933 2637 et
978 2595 1228 2653 quartum
1271 2600 1513 2641 estrema
1563 2598 1715 2656 parte
1766 2598 2013 2642 truncum
2049 2588 2283 2657 vulgavit

721 2674 1039 2732 Theodorus
1072 2675 1234 2745 Beza,
1267 2679 1535 2749 adjunctis
1577 2680 1860 2734 Athanasii
1896 2680 2117 2748 dialogis
2147 2695 2178 2732 ν
2207 2679 2281 2732 De

723 2759 997 2831 Trinitate,
1033 2770 1303 2825 Anastasii
1342 2779 1397 2826 et
1428 2769 1609 2841 Cyrilli
1657 2769 2015 2839 explicatione
2058 2768 2179 2823 fidei
2227 2776 2282 2823 et

720 2853 1035 2921 Pboebadio,
1079 2859 1235 2923 1570,
1276 2860 1349 2925 8°,
1384 2862 1524 2929 apud
1567 2860 1631 2916 H.
1666 2860 2018 2930 Stephanum.
2052 2859 2108 2914 In
2138 2858 2280 2914 tertii

724 2947 844 3002 libri
874 2949 1095 3004 exordio
1141 2950 1342 3015 locum,
1378 2967 1407 3005 a
1448 2952 1651 3007 Graecis
1703 2962 2039 3019 corruptum,
2080 2950 2281 3004 notavit

720 3039 1043 3097 Possevinus
1091 3040 1423 3096 Bibliotheca:
1478 3042 1679 3096 selectis
1715 3057 1792 3107 vr,
1830 3041 1917 3106 16,
1952 3050 2006 3095 et
2050 3040 2280 3093 Allatius

721 3128 797 3184 De
840 3135 1165 3201 processions
1212 3132 1439 3199 Spiritus
1490 3135 1694 3200 sancti,
1744 3134 1919 3202 capite
1961 3131 2051 3198 20,
2088 3130 2278 3202 p.114

720 3238 837 3292 seq.
888 3224 1086 3280 Confer
1134 3223 1354 3281 Joannis
1402 3225 1562 3282 Vecci
1610 3226 1785 3296 capita
1831 3226 1896 3280 de
1938 3224 2275 3292 processione

719 3314 953 3385 Spiritus
986 3319 1160 3372 sancti
1207 3319 1260 3371 in
1293 3328 1433 3371 tomo
1460 3319 1476 3371 l
1504 3318 1722 3373 Graecia?
1750 3318 2052 3371 orthodoxae
2076 3317 2278 3387 Allatii,

722 3426 775 3477 p.
823 3408 929 3463 225
975 3425 1092 3475 seq.
1140 3411 1305 3466 FABR.
1335 3403 1696 3480 —'Quinque
1738 3412 1857 3466 libri
1909 3422 2034 3466 sunt
2069 3413 2123 3466 in
2160 3415 2280 3469 cod.

724 3497 953 3556 Vindob.
1001 3501 1196 3557 Caesar.
1232 3501 1413 3567 LXIII,
1455 3520 1515 3569 tt,
1564 3504 1617 3569 5,
1670 3512 1724 3557 et
1774 3500 2102 3568 LXXXVIII,
2147 3519 2203 3558 ιι.
2246 3504 2282 3557 2

724 3589 1001 3663 (Lambec.
1049 3592 1138 3660 lll,
1181 3610 1235 3663 p.
1280 3595 1387 3651 290
1430 3606 1486 3650 et
1536 3595 1683 3665 475).
1716 3624 1779 3635 -
1818 3594 1874 3649 In
1918 3593 2022 3648 vol.
2056 3591 2122 3660 ν,
2160 3593 2281 3648 cod.

723 3683 967 3750 CCLV",
1005 3702 1058 3741 ιι.
1100 3686 1156 3750 8,
1194 3696 1274 3741 est
1324 3686 1615 3741 cardinalis
1666 3685 2002 3741 Bessarionis
2033 3685 2096 3739 ad
2128 3683 2281 3740 Alex.

724 3819 1007 3889 continent.
1040 3817 1158 3883 Quo
1185 3819 1359 3872 minus
1390 3818 1761 3872 admirandum
1796 3828 1870 3871 est
1890 3858 1905 3882 ,
1936 3820 2187 3889 quadam
2214 3821 2288 3874 ibi

724 3903 835 3961 esse
865 3888 1040 3961 aliter,
1069 3899 1224 3961 atque
1253 3891 1307 3942 in
1350 3889 1553 3942 steteris
1590 3889 1854 3961 meditatis
1897 3887 2288 3961 elaboratisqus

725 3958 936 4025 scriptis
971 3958 1035 4012 ab
1066 3958 1247 4012 eodem
1273 3967 1487 4011 auctore
1514 3959 1744 4024 prodita.

798 4027 872 4098 (a)
896 4026 1032 4098 VVZde
1062 4028 1370 4084 Combefisii
1414 4026 1672 4081 Basiliam
1702 4028 2031 4095 reccnsitum,
2062 4037 2191 4083 tom.
2220 4026 2288 4096 ll,

729 4097 1153 4248 pafhigliucmum
1181 4165 1235 4220 in
1258 4165 1444 4222 limine
1470 4176 1649 4223 notar.
1682 4167 1751 4223 ad
1790 4166 1885 4223 lib.
1919 4184 1935 4222 ι
1965 4178 2148 4222 contra
2176 4168 2286 4222 Eu-

729 4252 1039 4389 figas?“
1070 4305 1123 4360 in
1151 4304 1405 4389 pref...“
1426 4306 1690 4389 edipaulo
1708 4315 1827 4376 post
1858 4308 2150 4389 laudatam,
2178 4316 2288 4389 tres

730 4375 936 4430 tantum
986 4390 1105 4430 esse
1156 4375 1344 4431 Basilii
1399 4375 1731 4441 arbitratur,
1785 4392 1905 4430 cum
1947 4388 2162 4441 tamen,
2196 4379 2287 4444 qui

2385 1947 2477 2003 fol.
2514 1947 2548 2001 4
2577 1961 2644 2000 ex
2677 1946 2818 2000 libro
2854 1953 3031 2000 contra
3058 1940 3374 1994 Eunomium
3403 1941 3467 1991 de
3497 1938 3775 1991 Trinitate.
3812 1934 3947 1989 Vide

2383 2037 2675 2093 Montfauc.
2704 2035 2845 2091 Bibi.
2876 2032 3121 2099 Coislin.,
3153 2046 3206 2100 p.
3239 2028 3364 2093 195,
3390 2037 3549 2095 atque
3578 2027 3705 2079 alibi
3739 2027 3792 2078 iu
3823 2025 3944 2077 aliis

2382 2134 2501 2188 cod.
2538 2145 2672 2188 mss.
2703 2160 2774 2170 —
2804 2128 2859 2183 In
2907 2126 3070 2181 lieur.
3118 2121 3317 2179 Canisii
3350 2119 3578 2173 Lectica.
3634 2118 3800 2184 atttiq.
3850 2125 3949 2168 aut

2389 2224 2659 2280 Thesauro
2685 2229 3134 2275 monumentorum
3160 2216 3337 2269 sccles.
3365 2222 3413 2265 et
3434 2211 3641 2273 histum,
3666 2223 3795 2261 cura
3821 2205 3945 2261 Jac.

2383 2317 2647 2379 Basnage,
2686 2324 2813 2366 tom.
2865 2312 2907 2375 l,
2954 2327 3007 2363 ιι.
3048 2308 3101 2368 6,
3139 2322 3191 2374 p.
3228 2305 3328 2358 169
3379 2317 3519 2371 seq.,
3563 2310 3689 2356 sunt
3728 2299 3945 2361 Latine,

2382 2405 2564 2460 Basilii
2607 2403 2673 2459 Μ.
2708 2401 2959 2455 Rationes
3007 2398 3339 2470 syllogistica:
3367 2405 3550 2450 contra
3578 2395 3824 2455 Arianos,
3860 2390 3945 2442 in-

2381 2509 2549 2570 terpr.
2577 2499 2669 2555 Fr.
2705 2498 2993 2560 Turriano,
3026 2506 3080 2551 et
3107 2492 3365 2565 particula
3388 2492 3564 2562 operis
3595 2488 3789 2541 Contra
3822 2481 3944 2535 Ess-

2382 2592 2655 2657 nomium,
2703 2591 2845 2661 quod
2891 2588 3187 2659 ingenitum
3244 2601 3347 2639 non
3402 2579 3795 2638 substantiam,
3844 2574 3944 2629 sed

2381 2681 2633 2752 ὓπαρξιν,
2666 2683 2716 2735 id
2739 2691 2822 2736 est
2873 2678 3265 2739 exsisteutiam,
3298 2674 3556 2728 declaret.
3609 2668 3943 2736 Sequuntur,

2380 2788 2435 2844 p.
2462 2773 2568 2827 225
2593 2787 2708 2843 seq.
2739 2771 3051 2840 appendicis
3099 2770 3218 2823 loco
3255 2780 3417 2836 opera
3446 2762 3715 2834 quadam,
3740 2761 3947 2817 Basilio

2386 2880 2670 2938 perperam
2698 2864 2957 2933 ascripta,
2984 2862 3236 2931 adjuncto
3266 2857 3510 2915 Eunomii
3545 2870 3724 2925 opere.

2452 2958 2507 3013 1.
2548 2956 2677 3012 Dure
2718 2956 2952 3010 homilia'.
3003 2955 3078 3009 De
3123 2953 3329 3024 opiﬁcio
3373 2949 3596 3003 hominis
3635 2958 3689 3002 et
3727 2959 3830 2999 una
3870 2943 3946 2998 Ds

2379 3053 2646 3120 paradiso,
2676 3066 2728 3119 p.
2758 3050 2862 3103 525
2887 3065 3026 3119 seq.,
3059 3049 3125 3103 de
3170 3048 3365 3116 quibus
3390 3045 3503 3115 jam
3542 3050 3700 3095 antea
3726 3038 3793 3092 ad
3817 3052 3873 3091 ιι.
3914 3036 3940 3090 ί

2380 3141 2717 3196 homiliarum
2753 3141 2958 3208 egimus
2993 3138 3225 3193 uberius.

2450 3227 2506 3285 2.
2548 3227 2791 3282 Homilizn
2836 3226 2892 3281 in
2939 3224 3076 3294 psal.
3125 3240 3240 3287 xw.
3274 3239 3469 3289 xxvm,
3520 3240 3704 3280 sum
3734 3232 3788 3279 et
3816 3237 3945 3285 ειν,

2383 3334 2505 3389 pag.
2565 3318 2672 3374 552
2720 3333 2860 3390 seq.,
2907 3316 2976 3373 de
3036 3315 3230 3388 quibus
3280 3332 3333 3370 ν.
3378 3314 3625 3373 Garnier.
3676 3314 3728 3369 in
3780 3309 3943 3366 Pref.

2382 3426 2508 3482 pag.
2536 3425 2697 3465 xxxv.

2453 3504 2507 3556 5.
2580 3501 2997 3556 Commentarius
3079 3500 3425 3569 imperfectus
3505 3500 3561 3551 in
3637 3496 3945 3570 prophetam

2384 3592 2607 3647 Isaiam.
2647 3595 2948 3661 Antequam
2997 3591 3063 3645 de
3106 3590 3197 3644 illo
3231 3591 3380 3660 plura
3421 3590 3690 3653 adnotem,
3720 3602 3783 3640 ea
3822 3600 3947 3656 qua

2385 3685 2599 3741 Fabric.
2632 3684 2743 3756 (ubi
2779 3692 2866 3739 est
2898 3698 2953 3739 ιι.
2988 3684 3044 3755 6)
3074 3686 3312 3754 scripsit,
3337 3684 3425 3738 hic
3452 3696 3668 3751 ponam.
3696 3679 3870 3738 ΗΑιι..

2388 3820 2654 3875 Garnierii
2688 3820 2973 3885 monitum,
3028 3819 3179 3874 libris
3209 3819 3313 3874 illis
3363 3817 3660 3888 pransum,
3689 3832 3812 3887 pag.
3834 3816 3946 3875 265

2388 3905 2498 3957 sq..
2526 3900 2577 3959 et
2602 3889 2933 3943 Schroeckb.
2964 3890 2999 3942 Ι.
3036 3905 3109 3954 c.,
3144 3890 3230 3952 qui
3266 3903 3388 3959 pag.
3423 3887 3488 3941 57
3519 3902 3637 3959 sqq.
3674 3904 3942 3959 sinumam

2387 3956 2533 4012 dedit
2561 3957 2841 4021 libroruin,
2868 3968 2922 4012 et
2951 3974 3072 4026 pag.
3109 3959 3174 4013 57
3219 3956 3359 4027 sqqf
3373 3958 3689 4024 comprobat
3720 3956 3947 4013 Garnie-

2390 4028 2453 4081 rii
2476 4027 2761 4093 judicium,
2788 4028 3149 4097 librorutuque
3179 4028 3402 4097 istorum
3429 4028 3654 4082 duorum
3687 4028 3944 4097 condem-

2389 4099 2683 4151 nationem.
2720 4098 2968 4152 Attamen
3011 4096 3204 4165 praeter
3254 4096 3459 4153 Simon.
3502 4097 3757 4162 aliosque.
3782 4112 3811 4148 a
3845 4096 3947 4150 Fa-

2394 4168 2565 4222 bricio
2610 4169 2805 4222 citatos
2832 4166 2940 4221 ι’γ.
2984 4168 3093 4225 DD.
3140 4170 3299 4223 etiam
3336 4167 3708 4225 Bellarminus.
3737 4166 3944 4219 Fronto

2394 4237 2644 4300 Ducaeus,
2674 4237 3063 4304 Couibelisius,
3097 4238 3486 4299 'l‘illemontius,
3528 4238 3603 4289 Du
3640 4236 3771 4296 Pin,
3806 4244 3942 4301 etc.,

2394 4305 2648 4360 Basilinm
2687 4307 2919 4374 quinque
2945 4310 3198 4363 librorum
3222 4318 3489 4362 auctorem
3522 4306 3745 4374 faciunt,
3775 4316 3945 4370 atque

2394 4378 2447 4430 in
2478 4370 3038 4431 concilio'Flnreutino
3084 4388 3141 4430 ut
3180 4393 3209 4432 a
3265 4377 3489 4437 Latinis,
3533 4374 3602 4425 ita
3634 4387 3661 4425 a
3690 4370 3896 4427 ϐιηθεὶς
3922 4415 3939 4440 ,

729 4457 954 4526 quartus
992 4459 1322 4509 numeratur,
1354 4456 1419 4526 ut.
1441 4448 1661 4539 min'igte
1696 4447 1965 4539 inutilem,
1998 4447 2279 4539 adjttnsit;
2312 4479 2360 4539 υ
2390 4445 2577 4539 Basilii
2604 4447 2818 4539 nomine
2849 4448 3047 4524 pariter
3075 4450 3325 4529 citantur.
3355 4444 3470 4539 Nec.
3498 4444 3689 4539 desinit
3719 4444 3941 4539 codifes

730 4515 974 4586 quintum
1002 4529 1131 4586 vero
1156 4516 1515 4585 pratermisit.
1545 4515 1609 4571 IV
1640 4528 1817 4569 autem
1848 4515 2063 4571 Graecos
2091 4517 2276 4579 edidit,

734 4584 791 4638 tit
812 4586 905 4650 ait,
942 4584 1131 4648 multo,
1160 4584 1328 4653 quam
1364 4597 1487 4640 ante
1511 4586 1631 4650 hac,
1661 4587 2074 4640 emendatiores.
2106 4615 2175 4626 —
2205 4586 2280 4640 De

734 4655 828 4709 illa
861 4670 990 4709 vero
1021 4656 1381 4723 controversia
1413 4656 1609 4709 multus
1636 4665 1717 4708 est
1741 4654 1986 4709 Garnier.
2022 4657 2071 4708 in
2103 4654 2277 4723 praet,

737 4740 854 4796 pag.
890 4738 1020 4777 um
1040 4740 1163 4796 sqq.
1185 4723 1213 4796 ᾗ
1234 4722 1324 4796 XI,
1350 4726 1439 4779 ubi
1468 4727 1533 4780 de
1568 4726 1782 4779 Iibrisiu
1807 4722 2125 4779 Eunomium
2147 4726 2275 4793 agit.

734 4794 1001 4865 Erasmus
1038 4794 1205 4863 igitur
1237 4795 1431 4864 aliique
1453 4805 1668 4865 negant,
1709 4796 1841 4849 duos
1867 4796 2189 4864 posteriores
2215 4796 2280 4849 li-

732 4863 859 4944 bros
903 4877 933 4944 a_
968 4861 1168 4944 Basilio
1198 4861 1666 4944 esse_’pro_le_étos:
1709 4861 1880 4944 atque
1918 4867 2277 4944 antiquiorum

734 4933 901 5003 fuisse
918 4932 1191 4987 hominum
1217 4934 1339 4987 illud
1358 4932 1638 5001 india-ium,
1656 4934 1735 4988 vel
1755 4932 1819 4991 ex
1842 4950 1907 4989 eo
1926 4932 2090 5003 patet,
2114 4936 2276 5003 quod,

732 5001 1051 5074 observante
1078 5003 1302 5059 Garner.
1340 5004 1391 5057 in
1414 5006 1602 5073 quinto
1631 5005 1771 5067 cod.,
1802 5001 1939 5059 οΙίιιι
1966 5001 2149 5074 Iiegio,
2180 5005 2275 5059 Gr.

736 5086 894 5143 manu
926 5072 1079 5141 initio
1116 5074 1235 5143 libri
1270 5075 1449 5141 quarti
1493 5083 1729 5128 uotalmu
1761 5085 1862 5137 est,
1897 5074 2029 5128 alios
2050 5072 2275 5143 'negare,

737 5141 884 5197 illum
910 5157 1027 5196 esse
1062 5143 1119 5198 S.
1155 5142 1335 5198 Basilii
1361 5160 1375 5207 ;
1412 5145 1503 5198 sed
1537 5155 1711 5199 tamen
1742 5161 1861 5199 eum
1893 5160 1995 5197 non
2025 5141 2277 5199 condem-

740 5228 887 5283 nare,
917 5213 1069 5283 quasi
1098 5214 1313 5267 absurdi
1350 5212 1545 5283 aliquid
1573 5216 1866 5269 contineat.
1908 5214 2067 5281 Atqui
2110 5213 2275 5269 Garn.

742 5281 951 5336 illorum
995 5281 1286 5337 subscribit
1327 5281 1623 5347 sententiae,
1657 5286 1796 5351 quod
1823 5286 2028 5351 (multis
2057 5286 2105 5337 in
2144 5285 2279 5338 hanc

740 5352 1052 5424 sententiam
1073 5352 1366 5424 exemplis
1399 5357 1831 5424 argutnentisque
1888 5353 2005 5406 aliis
2038 5354 2278 5422 prolatis)

741 5423 925 5492 verba,
960 5421 1151 5486 dietio,
1187 5423 1401 5491 phrasis
1432 5421 1715 5492 oiuniaque
1746 5421 2151 5492 peregrinitatis
2182 5421 2279 5478 nec

742 5490 945 5544 subacti
966 5492 1150 5559 judicii
1175 5490 1352 5545 notam
1389 5507 1498 5558 prae
1525 5508 1584 5548 se
1613 5490 1803 5557 ferant,
1826 5490 2138 5546 et'Basilius
2165 5508 2192 5546 a
2221 5508 2279 5547 se

743 5562 857 5632 ipso
883 5561 1167 5632 dissentire
1195 5563 1437 5632 videatur
1464 5581 1477 5616 :
1512 5572 1622 5617 tum
1647 5564 1768 5632 quia
1800 5564 1883 5616 isti
1912 5566 2015 5616 duo
2039 5563 2156 5616 libri
2187 5564 2280 5616 de-

742 5631 850 5684 sint
883 5630 934 5683 in
964 5631 1050 5684 ed.
1087 5640 1191 5683 vet.
1230 5630 1510 5695 Veueta,et
1537 5634 1589 5685 in
1620 5630 1887 5687 nonnullis
1917 5634 2033 5686 cod.
2066 5632 2170 5686 Sed
2201 5633 2278 5687 le-

743 5706 844 5779 gat_
860 5700 1016 5753 velim
1049 5708 1208 5769 atque
1245 5704 1511 5779 examinet
1534 5701 1716 5779 Basilii
1747 5703 1970 5771 cupidus
2010 5701 2275 5779 Garnierii

750 5770 912 5838 ipsius
942 5782 1269 5841 argumenta,
1302 5773 1539 5841 speciose
1566 5770 2103 5844 doctoque’esposita.
2136 5772 2271 5827 Add.

2387 4518 2468 4584 (ut
2513 4517 2578 4584 ad
2613 4516 2767 4567 linum
2803 4512 2961 4579 hujus
3018 4517 3270 4581 sectiouis
3297 4512 3618 4584 uetabimus)
3646 4512 3705 4584 in
3738 4512 3942 4580 quibus

2383 4583 2481 4638 sub
2514 4583 2693 4637 Basilii
2728 4584 2939 4637 nomine
2969 4585 3072 4637 duo
3106 4586 3176 4639 illi
3209 4584 3325 4637 libri
3361 4583 3624 4651 prioribus
3646 4583 3941 4651 adduntur.

2380 4655 2557 4722 Atque
2586 4653 2851 4707 Kollarius
2871 4655 2936 4707 ad
2960 4653 3227 4707 Lambevii
3255 4650 3541 4707 Comment.
3564 4651 3646 4713 III,
3671 4650 3941 4718 pag.289,

2384 4736 2500 4778 not.
2543 4722 2643 4785 Β..
2678 4723 2900 4776 Simonii
2948 4738 3010 4776 ac
3045 4724 3279 4777 Fabricii
3326 4722 3643 4777 sententiam
3688 4724 3936 4786 adoptat.

2380 4794 2448 4846 At
2482 4795 2622 4846 euitn
2653 4791 2894 4847 Garnieri
2924 4808 2988 4847 ac
3022 4792 3339 4847 Schroekhii
3372 4797 3704 4859 argumenta,
3738 4792 3941 4859 quibus

2380 4862 2562 4986 ἦσθεία
2617 4863 2827 4917 illorum
2873 4863 3312 4929 demonstratur,
3365 4862 3605 4933 graviora
3663 4860 3936 4915 videntur.

2429 4949 2548 4986 ARL.

2429 4949 2548 4987 ARL.

2452 5007 2528 5071 (tt)
2562 5001 2774 5056 Tertius
2813 5001 2983 5065 liber,
3041 5001 3095 5056 in
3139 5017 3246 5070 quo
3298 4998 3580 5071 disseritur
3621 4998 3685 5054 de
3729 4998 3939 5070 Spiritu

2378 5069 2566 5128 sancto
2599 5087 2662 5126 ex
2702 5071 3142 5140 interpretatione
3160 5069 3376 5139 Georgii
3405 5069 3752 5140 Trapezunt.,
3782 5086 3939 5140 repe-

2379 5145 2517 5195 ritur
2542 5142 2828 5212 quoquein
2848 5138 3178 5196 collectiOne
3209 5138 3578 5212 (lautitiarum,
3612 5138 3749 5212 facta
3777 5155 3805 5191 a
3830 5138 3938 5212 Pc-

2380 5222 2463 5265 tro
2484 5208 2716 5275 Crabbe,
2754 5211 3040 5277 Minorita,
3082 5212 3272 5266 Colon.
3318 5210 3456 5276 apud
3498 5208 3639 5262 l’etr.
3681 5208 3936 5277 Queutel,

2379 5282 2538 5345 1558,
2595 5281 2686 5334 fol.
2714 5321 2728 5344 ,
2766 5296 2818 5349 p.
2852 5279 2978 5343 810,
3014 5275 3067 5335 et
3103 5280 3284 5334 Romae
3323 5275 3417 5347 per
3454 5278 3652 5349 Anton.
3689 5275 3935 5349 Blatlnni.

2379 5352 2540 5414 1526,
2574 5350 2690 5414 ful.,
2715 5346 2780 5404 in
2806 5353 3047 5418 actisque
3082 5349 3293 5404 concilii
3324 5346 3669 5418 (ιξιξιιιιιεειιίςιί1
3699 5348 3798 5399 sub
3829 5346 3937 5399 En-

2414 5424 2501 5491 eni
2524 5419 2617 5475 illi
2641 5414 2974 5491 congregati,
3008 5429 3140 5491 teste
3168 5423 3354 5491 Apost.
3383 5417 3527 5491 Zeno
3554 5419 3615 5491 in
3636 5414 3933 5491 Dissertas.

2378 5437 2501 5543 gent
2524 5437 2617 5475 ιιιι
2641 5437 2972 5491 congregati,
3008 5437 3140 5475 teste
3168 5437 3354 5487 Apost.
3383 5437 3526 5471 aeuo
3554 5437 3604 5469 ιιι
3636 5437 3933 5472 utsscrsas.

2433 5495 2655 5551 ossiane.
2696 5501 2824 5544 tom.
2857 5491 2920 5553 ll,
2953 5504 3071 5558 pag.
3104 5490 3159 5545 9.
3205 5505 3261 5541 ιι.
3294 5488 3349 5541 6.
3389 5517 3461 5529 -
3493 5486 3875 5558 Αιιιίτιξιιειὶοὲι
3903 5502 3936 5539 a

2378 5560 2607 5630 Georgio
2634 5552 2997 5630 Trapezuntio
3023 5552 3217 5630 Latine
3241 5571 3451 5630 versus,
3495 5552 3935 5630 prafllllSSE-JEOE-

2376 5621 2605 5685 sariohis
2637 5621 2885 5695 epistola,
2932 5629 2985 5683 in
3021 5629 3141 5683 cod.
3179 5627 3297 5681 Lat.
3343 5621 3547 5681 \‘eueio
3574 5624 3739 5683 ﬂare.
3765 5621 3925 5680 XLV.

2378 5700 2512 5757 Vide
2533 5710 2640 5757 cal.
2672 5696 2849 5757 Latin.
2876 5699 3059 5766 codd.,
3088 5712 3209 5771 pag.
3247 5696 3336 5752 25.
3364 5696 3525 5753 Ilsu.
