4088 6310
1416 361 1695 419 NOTITIA
1734 362 1825 417 EX
1866 363 2205 422 FABRICIO.

3256 378 3411 418 CCLllI

250 478 392 559 [VL]
441 480 758 557 'Eppqvela,
792 481 906 540 slve
959 484 1042 553 (ut
1075 483 1215 538 alius
1266 482 1433 539 codex
1478 482 1745 556 Combel‘.)
1776 490 1820 547 Α
1849 488 1981 544 nihil
2019 486 2279 544 contrarii
2311 489 2375 543 de
2404 487 2728 559 Pythonissa
2759 484 2997 543 Endorea
3027 487 3285 543 aiIirmat-i
3322 488 3409 551 iis,

191 563 482 652 ἐξήτησις
503 579 555 628 in
580 589 665 628 xvt
701 575 869 644 prima
895 576 1069 640 capita
1104 572 1264 629 Isaia
1294 576 1580 645 prophetae.
1617 578 1751 632 Ver-

180 679 295 727 tere
329 670 494 736 capit
522 666 803 733 Erasmus,
838 669 931 721 sed
976 680 1081 719 non
1130 680 1448 738 progressus
1485 678 1570 723 est
1613 669 1751 726 ultra

177 763 524 834 prooemium.
561 760 720 817 Basil.
758 759 911 817 I5l0.
947 757 1023 813 4°.
1053 759 1257 816 Czetera
1296 777 1327 815 a
1354 760 1610 817 Gutlirido
1639 760 1750 817 Til-

178 865 399 912 manno,
448 847 620 906 Paris.
674 847 833 910 I556,
883 846 976 905 fol.
1031 851 1290 904 translata
1345 858 1507 915 sunt,
1554 850 1644 920 qui
1693 852 1745 907 in

176 941 425 1012 apologia
461 942 735 1013 pmmissa
788 940 886 995 hoc
926 957 1061 1011 opus
1101 943 1362 997 adversus
1402 941 1609 996 Erasini
1647 943 1747 997 du-

177 1035 473 1092 bitationes
509 1033 711 1090 Basilio
762 1032 999 1089 vindicat
1046 1034 1368 1088 testimoniis
1409 1034 1467 1088 S.
1506 1035 1745 1101 Maximi,

176 1127 479 1193 Sitneonis,
506 1124 902 1192 Metapbrastm,
931 1126 1144 1179 Antonii
1174 1123 1405 1181 Melisse
1432 1135 1489 1180 et
1526 1124 1747 1183 Joannis

178 1216 520 1274 Damasreni.
550 1215 753 1271 Confer
792 1216 1103 1271 Michaelem
1138 1216 1184 1273 le
1215 1218 1384 1285 Quien
1421 1221 1472 1273 in
1514 1220 1655 1274 notis
1680 1220 1747 1275 ad

177 1310 596 1376 Damasccnum,
628 1319 758 1366 tom.
780 1310 819 1372 I,
851 1324 903 1377 p.
932 1308 1057 1375 366,
1082 1322 1133 1366 et
1165 1310 1407 1365 Natalem
1434 1312 1585 1364 Alex.
1615 1328 1741 1365 stne.

176 1417 249 1463 tv,
282 1416 336 1469 ιι.
378 1398 505 1458 NO,
534 1402 622 1470 qui
657 1399 851 1455 'I'arisii
881 1398 1343 1468 Constantinopol.
1378 1398 1742 1454 testimonium

175 1491 326 1545 addit
350 1501 513 1559 atque
540 1492 852 1549 meumenii
883 1491 965 1563 [et
985 1491 1153 1547 Garu.
1182 1506 1232 1561 p.
1260 1489 1387 1556 377,
1415 1492 1467 1543 in
1494 1487 1743 1559 Manilo];

177 1592 363 1636 tamen
394 1581 632 1640 Joannes
675 1583 1086 1651 Drungaiiensis
1115 1583 1376 1649 prooemio
1402 1582 1616 1638 Catena:
1642 1596 1742 1635 ms.

176 1670 399 1729 Patrum
436 1675 748 1732 Graecorum
784 1684 1036 1735 testatur,
1064 1673 1175 1741 jam
1217 1674 1343 1727 olim
1389 1672 1555 1728 fuisse
1593 1674 1745 1727 dubi-

173 1775 367 1830 tatum,
400 1770 540 1822 sitne
569 1769 669 1820 hoc
707 1781 841 1834 opus
876 1766 1073 1826 Basilii,
1113 1782 1301 1822 necne.
1348 1767 1459 1821 Καὶ
1502 1768 1655 1823 τοῦτο
1686 1769 1743 1823 δὲ

1849 594 1968 649 ιιιιιιι⁸
1995 582 2047 636 in
2080 580 2469 635 commentario
2514 582 2580 636 ad
2624 581 2772 637 Isaiae
2806 594 2923 645 vnt,
2951 597 3004 649 p.
3034 582 3191 647 I025,
3225 582 3290 637 de
3320 579 3409 635 illa

1850 671 2222 741 disputantur,
2269 670 2495 742 quilibet
2550 672 2842 742 intelliget,
2891 672 2982 740 qui
3044 688 3163 726 cum
3214 674 3413 729 Allatio

1851 778 1903 833 p.
1928 764 2052 832 ιιι,
2077 768 2142 819 ad
2173 764 2504 818 Eustathium
2537 761 2611 816 De
2657 766 3065 835 engastrimytho
3089 764 3410 819 ubst-rmve-

1850 856 1938 915 rit,
1979 857 2136 909 verba
2196 856 2249 910 in
2304 854 2528 921 epistola
2589 852 2809 919 Basilii,
2858 854 3262 928 ψυχαγωγοῦσα
3318 855 3411 910 τὸν

1846 946 2040 1011 Σαούλ,
2072 948 2399 1017 signiﬁcare,
2430 962 2547 1015 qna:
2581 946 2757 1000 Saulis
2787 950 3014 1001 animum
3051 947 3407 1020 μαγγανείαις

1848 1036 1960 1092 suis
2002 1049 2249 1103 moverat,
2288 1053 2415 1104 noo,
2444 1052 2560 1109 quat
2598 1036 2812 1092 Saulem
2845 1038 2907 1089 ab
2938 1039 3121 1107 inferis
3162 1038 3407 1091 evocavit.

1845 1129 2013 1185 Fasa.

1913 1217 2069 1278 Cotti.
2099 1218 2294 1276 Ondin.
2322 1220 2440 1274 loco
2468 1228 2622 1273 antea
2646 1217 2830 1275 citato,
2859 1217 3031 1273 [liveti
3059 1217 3241 1274 Critici
3266 1220 3408 1275 sacri

1844 1312 2035 1367 librum
2069 1328 2153 1377 Ill,
2193 1327 2244 1383 p.
2280 1310 2383 1365 ὅδὲ
2421 1326 2562 1380 rcq.;
2590 1310 2921 1367 Srhrocckh.
2959 1310 3059 1365 loc.
3106 1317 3196 1375 cit.
3227 1332 3276 1382 [ι.
3306 1313 3412 1371 184

1847 1417 1990 1470 seq.,
2021 1406 2074 1458 in
2122 1406 2310 1475 primis
2355 1403 2601 1459 Garnier.
2654 1405 2811 1461 Praei.
2846 1409 2913 1458 ad
2952 1414 3083 1458 tom.
3119 1406 3158 1469 I,
3191 1405 3218 1477 ᾗ
3256 1407 3320 1473 X,
3352 1423 3405 1476 p.

1844 1507 1987 1547 XLVII
2018 1509 2159 1561 seq.,
2199 1497 2288 1567 qui
2335 1495 2480 1551 illum
2516 1492 2805 1548 Comment.
2839 1505 3035 1564 negant
3061 1512 3088 1549 a
3119 1494 3315 1549 Basilio
3338 1497 3405 1551 Μ.

1843 1598 1962 1640 esse
1988 1583 2310 1650 confectum,
2346 1598 2397 1642 et
2431 1585 2600 1642 Garn.
2640 1601 2691 1655 p.
2731 1600 2920 1641 LIII-LK
2974 1587 3150 1649 docet,
3195 1601 3412 1657 compa-

1846 1687 1969 1733 rato
1996 1676 2209 1731 Eusebii
2257 1679 2668 1741 commentario,
2708 1693 2735 1731 a
2780 1676 3038 1747 plagiario
3069 1680 3294 1745 quodam
3339 1692 3410 1734 ex

1846 1768 2165 1825 Eusebianis
2211 1771 2613 1823 commentariis
2662 1769 3001 1839 potissimum
3041 1769 3406 1835 coutpilatntn,

171 1858 474 1927 κατάδηλα)
505 1855 640 1909 ποιῶ
680 1859 793 1919 τοῖς
831 1858 1264 1928 ἐντυγχάνουσιν,
1298 1860 1372 1923 ὡς
1404 1860 1432 1911 ὁ
1472 1861 1528 1912 ὲν
1577 1860 1738 1927 ἁγίοις

1854 1874 1909 1918 et
1944 1879 2188 1931 magnam
2214 1863 2393 1933 operis
2418 1871 2621 1930 partem
2652 1880 2714 1917 ex
2745 1864 2849 1918 illis
2895 1863 2960 1918 ad
3004 1861 3221 1917 verbum
3263 1877 3409 1915 sum-

172 1948 457 2011 Βασίλειος
490 1948 653 2019 μέρος
688 1965 740 2002 τι
780 1950 881 2021 τῆς
908 1951 965 2002 ὲν
999 1952 1153 2021 χερσὶ
1190 1950 1526 2023 προφητείας
1569 1951 1749 2020 ἡρμή-

172 2055 381 2093 νιυσεν.
427 2039 583 2103 Ἦτις
611 2039 882 2111 ήρμηνείιι
908 2042 1057 2113 παρὰ
1084 2041 1297 2104 πολλοῖς
1329 2039 1744 2110 ἀμφιϐάλλεται.

171 2131 351 2187 Etiam
416 2132 572 2185 hodie
616 2146 646 2184 a
700 2132 879 2186 multis
925 2134 1065 2186 inter
1107 2133 1265 2185 dubia
1310 2146 1470 2201 opera
1517 2133 1743 2194 censeri,

174 2228 360 2277 mohet
382 2219 817 2275 Monliauconius
846 2222 996 2291 praef.
1029 2223 1084 2277 in
1123 2222 1401 2276 Eusebium
1425 2225 1495 2277 ad
1524 2223 1745 2290 Isaiam,

172 2328 223 2381 ι).
253 2313 383 2369 550.
429 2311 714 2367 Hodiernis
756 2329 913 2381 porro
947 2314 1281 2379 scriptoribus
1317 2318 1428 2369 Ittec
1469 2315 1745 2369 dubitandi

173 2424 336 2462 causa
372 2417 474 2473 est,
506 2407 767 2461 silentium
823 2424 999 2474 nempe
1035 2406 1365 2477 Hieronymi,
1394 2409 1483 2478 qui
1532 2425 1648 2462 cum
1690 2409 1745 2463 in

174 2514 391 2563 omnes,
445 2509 694 2570 quotquot
747 2509 901 2553 antea
953 2498 1111 2553 Isaia:
1156 2504 1458 2566 interpretes
1511 2510 1741 2568 egerant,

176 2600 427 2643 accurate
469 2598 755 2652 recenseat,
792 2606 855 2642 ne
886 2592 991 2661 γρὺ
1024 2591 1228 2660 quidem
1272 2588 1563 2644 de.Basilii
1605 2608 1746 2645 com-

174 2682 434 2736 mentario
460 2681 635 2737 habet.
653 2678 847 2735 Grecis
878 2693 1052 2733 autem
1088 2682 1208 2733 hinc
1234 2682 1374 2735 haud
1389 2682 1544 2736 dubie
1570 2684 1745 2749 suspi-

175 2775 257 2828 cio
293 2773 625 2835 nascebatnr,
657 2773 795 2843 quod
840 2774 1007 2843 stylus
1052 2775 1545 2829 commentariorum
1584 2773 1743 2829 Basi-

174 2865 319 2918 liano
364 2864 518 2934 longe
565 2863 819 2918 absimilis
863 2865 1117 2918 videatur.
1154 2865 1485 2919 Remittimus
1529 2869 1741 2933 nostris,

172 2956 262 3024 qui
300 2953 496 3008 Basilii
532 2972 743 3022 operum
784 2956 1060 3008 editionem
1096 2972 1277 3009 novam
1308 2956 1591 3010 adornant.
1622 2956 1741 3011 Cte-

177 3057 376 3109 terum,
413 3061 531 3115 qua:
562 3046 631 3100 ab
661 3045 885 3099 Erasmo
912 3060 1063 3097 versa
1096 3055 1222 3101 sunt
1252 3056 1304 3099 et
1331 3046 1461 3100 visio
1498 3048 1666 3115 prima
1710 3062 1741 3102 a

176 3134 465 3191 Tilmanno
513 3136 900 3201 inscribuntur,
937 3151 966 3190 a
1014 3151 1068 3205 ιι.
1101 3136 1206 3192 802
1242 3153 1411 3209 usque
1459 3139 1526 3193 ad
1578 3140 1739 3195 verba

174 3243 227 3298 ρ.
252 3227 359 3285 808
384 3228 445 3291 C,
478 3229 732 3294 ὑπόθεσις
752 3228 845 3282 τοῦ
876 3197 1076 3299 statim
1105 3232 1137 3301 ἡ
1168 3248 1298 3300 φανε
1309 3197 1377 3304 ῥὰ
1400 3232 1492 3285 καὶ
1518 3232 1740 3287 αὐτόθεν
1766 3197 1809 3254 c

172 3321 377 3393 ληπτή.
424 3321 639 3391 Ἐπειδὴ
670 3322 811 3375 κατὰ
846 3322 1067 3391 χρόνους
1097 3325 1316 3392 γέγονεν
1363 3326 1391 3378 ὀ
1435 3326 1736 3398 προφήτης,

172 3427 295 3467 cum
341 3414 733 3467 commentario
780 3413 832 3466 in
868 3413 1060 3469 Isaiam
1096 3416 1226 3469 nihil
1267 3416 1467 3471 habent
1506 3431 1740 3472 commu-

172 3517 263 3567 ne,
296 3503 425 3558 licet
466 3502 542 3562 illi
576 3504 973 3573 praemittautur
1000 3508 1164 3560 etiam
1200 3506 1251 3561 in
1288 3507 1408 3562 aliis
1437 3508 1735 3575 codicibus,

170 3602 227 3648 nt
250 3592 560 3650 Colbertino
582 3592 893 3650 MMDXCVI
911 3595 985 3665 (tt)
1010 3595 1156 3667 (olim
1182 3595 1417 3653 Thoante
1437 3597 1615 3664 bibl.),
1643 3599 1737 3655 sed

172 3685 226 3740 in
261 3702 372 3755 quo
415 3687 557 3742 male
598 3690 1020 3742 commentarius
1058 3688 1146 3742 ille
1178 3688 1411 3745 Eusebio
1461 3691 1734 3747 tribuitur.

170 3776 251 3832 ει
288 3777 457 3832 allato
486 3787 662 3833 autem
708 3774 936 3833 Joannis
973 3779 1385 3849 Drungariensis
1427 3781 1735 3837 testimonio

170 3878 387 3925 constat
410 3871 596 3935 etiam,
628 3885 733 3925 non
761 3878 928 3926 totum
966 3869 1180 3935 Isaiam,
1218 3872 1312 3927 sed
1366 3883 1570 3944 partem
1617 3884 1736 3929 tan-

171 3968 308 4025 tum,
334 3960 456 4030 ejus
483 3961 777 4030 prophetiae
811 3977 839 4014 a
868 3961 1070 4019 Basilio
1101 3964 1421 4021 illnstratant
1451 3982 1731 4022 commen-

170 4050 307 4103 tario
336 4045 527 4113 fuisse,
559 4060 617 4103 ut
646 4063 866 4104 necesse
898 4052 965 4104 sit
997 4066 1209 4107 errasse
1237 4051 1605 4119 'I‘ilmannum,
1640 4055 1730 4124 qui

168 4138 270 4193 sibi
323 4139 630 4208 persuasit,
684 4140 965 4194 Erasmum
1019 4155 1086 4195 ex
1140 4140 1355 4197 Grocini
1410 4143 1730 4198 bibliotheca

168 4231 595 4287 commentarios
639 4229 822 4287 Basilii
854 4233 907 4287 in
940 4234 1206 4304 integrum
1240 4236 1553 4305 pr0phetam
1589 4246 1732 4292 attn-

168 4324 295 4382 lisae
334 4345 350 4381 :
386 4325 548 4380 nimis
598 4327 737 4380 enim
789 4326 904 4382 leve
952 4338 1057 4391 est,
1092 4329 1233 4397 quod
1279 4328 1535 4398 adjnngit,
1574 4347 1731 4400 argu-

168 4427 408 4474 mentum
441 4435 455 4472 :
482 4416 617 4470 alias
645 4418 814 4485 fuerat
842 4419 1099 4485 dicturus,
1130 4420 1184 4472 in
1209 4428 1335 4484 quot
1360 4437 1415 4475 se
1437 4424 1729 4477 extenderet

168 4510 338 4577 capita
367 4511 466 4579 (ιι).
500 4507 697 4562 Novam
731 4522 796 4562 ex
830 4510 1034 4576 integro
1067 4511 1363 4566 versionem
1404 4512 1559 4580 hujus
1594 4529 1723 4584 ope-
1755 4535 1803 4595 υ

170 4600 242 4654 ris
263 4616 292 4653 a
322 4601 443 4653 viro
470 4599 649 4669 aliquo
676 4599 834 4652 docto
867 4612 928 4651 ac
972 4600 1139 4667 probo
1174 4601 1351 4669 parari
1385 4612 1533 4672 optat
1560 4602 1721 4657 Com-

166 4692 408 4757 bellsins,
437 4692 529 4762 qui
563 4691 710 4761 plura
746 4692 799 4745 in
828 4689 1093 4745 Tilmanni
1142 4692 1388 4745 versione
1431 4694 1721 4761 reprehen-

164 4782 239 4836 dit
280 4791 446 4849 atqne
474 4780 756 4847 castigavit
793 4788 922 4834 tom.
956 4780 971 4833 I
1006 4778 1197 4833 Basilii
1227 4780 1474 4842 restituti,
1507 4796 1560 4849 p.
1595 4782 1718 4839 ιη.

162 4869 216 4925 In
254 4869 489 4936 epistola
518 4869 586 4924 80
614 4869 798 4925 Basilii
842 4868 907 4923 ad
953 4870 1291 4925 Eustathium
1338 4871 1598 4925 medicum
1626 4872 1719 4945 (c),

231 4982 309 5051 (α)
351 4977 490 5051 Vide
522 4978 966 5051 Montlattconinm
996 4981 1033 5035 l.
1064 4997 1138 5047 c.,
1165 4998 1217 5051 p.
1249 4982 1372 5039 διε.
1410 4980 1572 5037 Ρηιι.
1592 4983 1726 5038 Add.

162 5049 297 5123 alios
339 5050 491 5123 eod_._,
534 5065 563 5102 a
594 5049 818 5106 Gorner.
870 5052 921 5106 in
967 5061 1078 5107 not.
1114 5049 1304 5123 p.378
1334 5054 1525 5107 citatos
1568 5062 1728 5123 atque

161 5122 407 5177 collatos.
441 5118 611 5174 lina.

230 5190 306 5259 (ι)
350 5189 697 5253 Possevinus,
739 5204 859 5243 cum
897 5200 1109 5245 veteres
1154 5192 1321 5246 libros
1367 5190 1728 5249 Messanensie

161 5260 508 5314 bibliothecae
537 5270 876 5331 Aret-cnseret,
920 5263 1135 5331 scripsit
1175 5263 1226 5316 in
1267 5263 1400 5330 App.
1443 5277 1496 5329 ρ.
1533 5262 1621 5325 37,
1658 5268 1724 5317 ad

162 5330 364 5401 calcent
396 5329 580 5401 operis
613 5347 627 5384 :
660 5328 1043 5401 copiosissima
1092 5333 1143 5385 in
1184 5328 1373 5385 Isaiam
1409 5328 1723 5401 prophetam

164 5397 222 5472 ll.
264 5397 447 5472 Basilii
491 5399 874 5472 interpretatio.
900 5400 1057 5472 _Optts_
1093 5402 1356 5472 integrum
1408 5397 1459 5457 et
1510 5397 1716 5457 rarum.

162 5467 264 5540 Sed
285 5468 457 5540 Garo.
491 5470 611 5532 jure
647 5468 855 5522 dubitat
899 5470 949 5521 itt
1006 5467 1497 5540 Honito'praalivo:
1535 5482 1592 5525 et
1621 5472 1721 5539 ipsi

161 5539 608 5593 verisimillimunt
663 5553 783 5592 esse
836 5540 1065 5602 videtur,
1120 5539 1276 5595 talem
1332 5540 1525 5594 librum
1579 5542 1720 5595 inte-

163 5622 310 5674 grum
342 5623 616 5680 nunquam
648 5608 943 5665 exstitisse.
966 5610 1114 5663 Adde
1135 5610 1327 5665 Ondlu.
1356 5610 1393 5665 l.
1421 5626 1496 5674 c.,
1530 5626 1582 5680 p.
1615 5610 1717 5665 557

162 5690 297 5747 seq.,
327 5678 420 5748 qui
480 5679 754 5748 opinatur,
801 5689 1076 5734 auctorem
1133 5680 1289 5749 hujus
1339 5678 1715 5735 commentarii

1849 1959 2011 2019 piam.
2037 1952 2169 2004 Tum
2194 1967 2246 2021 p.
2270 1967 2358 2007 ut
2389 1966 2505 2021 seq.
2530 1950 2882 2012 demonstrat,
2900 1962 3173 2007 auctorem
3200 1968 3230 2005 e
3256 1950 3408 2005 Basi-

1846 2040 1905 2101 lii
1939 2040 2013 2095 Μ.
2063 2042 2399 2113 aliorumque
2450 2045 2777 2115 scriptorum
2828 2042 3138 2112 fragmentis
3185 2042 3410 2098 confuso

1848 2133 2152 2204 inepteque,
2187 2148 2285 2187 nec
2330 2134 2601 2202 eleganter
2648 2150 2783 2203 opus
2829 2149 2984 2188 snnm
3022 2137 3405 2201 conmosnisse,

1846 2233 1901 2278 et
1945 2226 2131 2277 eadem
2183 2223 2473 2290 Scriptura:
2522 2226 2631 2278 loca
2680 2227 2760 2279 bis
2807 2235 2993 2293 terque
3040 2232 3132 2277 aut
3179 2226 3409 2293 amplius

1846 2317 2209 2385 explicuisse;
2242 2317 2414 2385 ipsum
2458 2330 2585 2370 vero
2613 2314 2869 2370 Basilintn
2908 2317 2976 2372 Μ.
3006 2333 3111 2372 ιιοιι
3144 2333 3301 2386 posse
3330 2326 3409 2372 tot

1846 2407 2110 2462 furtorum
2153 2416 2459 2476 suspectum
2496 2405 2703 2459 haberi.
2742 2406 2977 2473 Denique
3008 2424 3060 2474 ιι.
3091 2421 3223 2461 unt
3258 2407 3405 2459 varia

1844 2499 2110 2566 conjet‘tat
2170 2503 2236 2553 de
2286 2507 2539 2563 auctore,
2591 2508 2750 2566 atque
2805 2506 3226 2558 commonstrat,
3275 2508 3409 2561 opus

1846 2590 1985 2643 istud
2013 2590 2270 2658 scriptum
2314 2588 2474 2643 inisse
2508 2591 2620 2657 ipsa
2652 2588 2834 2644 Basilii
2876 2587 2944 2642 bl.
2973 2596 3152 2654 aetate,
3187 2601 3408 2654 compo-

1844 2682 2003 2736 situm
2056 2683 2268 2752 quidem
2313 2696 2342 2735 a
2402 2681 2633 2745 Basilio,
2695 2682 2787 2736 sed
2839 2692 2959 2751 post
3007 2682 3123 2750 ejus
3177 2690 3405 2735 mortem

1844 2774 2140 2845 presbyteri
2180 2774 2454 2843 cujusdam
2502 2788 2663 2843 opera
2720 2773 2774 2826 in
2828 2772 2997 2824 lucent
3036 2774 3320 2839 prodiisse,
3353 2778 3409 2825 et

1841 2866 1984 2922 hunc
2028 2865 2247 2937 proprio
2291 2875 2461 2920 tnarte
2506 2865 2842 2919 elaborasse:
2880 2864 3068 2918 saltem
3105 2876 3406 2927 ant-torem,

1841 2960 2085 3028 quisquis
2130 2968 2231 3024 est,
2268 2958 2537 3013 studuisse
2568 2956 2823 3011 Basiliqu
2876 2957 2927 3008 in
2977 2956 3245 3023 aliquibus
3284 2957 3408 3009 imi-

1846 3052 1966 3105 tari.
1997 3081 2068 3091 —
2094 3053 2162 3105 Αι
2202 3052 2366 3106 Garn.
2404 3053 2455 3105 in
2506 3049 2624 3105 Vita
2657 3051 2845 3106 Basilii
2870 3049 2968 3121 (I),
3019 3064 3138 3115 cap.
3180 3064 3307 3114 XLII,
3348 3064 3404 3117 ν.

1844 3143 1946 3198 I79
1981 3157 2119 3211 seq.,
2169 3143 2475 3196 retractavit
2526 3158 2677 3196 suam
2731 3147 3050 3199 sententiam
3117 3155 3172 3197 et
3221 3142 3403 3196 Basilii

1843 3234 2043 3288 nomini
2082 3234 2373 3290 vindicavit
2399 3243 2686 3290 comment.
2723 3236 2777 3289 in
2814 3234 3032 3289 Isaiam.
3062 3266 3133 3277 —
3165 3237 3277 3289 Sub
3305 3234 3399 3288 Ba-

1839 3324 1947 3379 silii
1994 3327 2205 3379 nomine
2263 3326 2317 3381 in
2371 3326 2493 3381 cod.
2544 3341 2673 3381 mss.
2721 3338 3011 3380 occurrere
3062 3324 3209 3379 illum
3256 3341 3405 3380 coin-

1837 3426 2002 3473 ment.
2037 3418 2175 3472 haud
2211 3419 2403 3472 mirum
2436 3418 2665 3473 videtur.
2712 3417 2823 3482 Sic,
2852 3427 2911 3472 ut
2938 3418 3196 3487 quosdam
3231 3420 3403 3471 notui-

1835 3522 1982 3571 nem,
2011 3507 2339 3563 Vindobona:
2380 3507 2431 3562 in
2475 3508 2593 3564 cod.
2624 3507 2786 3572 LXX,
2820 3508 2985 3563 LXXI
3020 3519 3076 3563 et
3112 3506 3320 3571 LXXII,
3347 3509 3402 3562 in

1834 3613 1943 3667 quo
1966 3600 2197 3665 ascripta
2219 3610 2339 3652 sunt
2363 3599 2414 3653 in
2438 3601 2677 3668 margine
2704 3600 2923 3667 antiqua
2951 3598 3051 3654 Gr.
3075 3599 3303 3664 scholia,
3332 3614 3401 3653 ex

1834 3689 2053 3744 Eusebii
2108 3687 2365 3758 Pamphili
2420 3688 2752 3757 aliorumque
2793 3692 3047 3758 Operibus
3094 3691 3399 3760 desumpta.

1834 3780 1970 3836 Vide
2004 3779 2280 3847 Lambec.,
2314 3781 2399 3850 III,
2422 3799 2478 3854 p.
2510 3783 2616 3840 843
2641 3799 2755 3854 seq.
2784 3812 2854 3824 —
2879 3783 3130 3854 Augustae
3157 3782 3399 3838 Vindeli—

1832 3887 2017 3928 corum
2066 3873 2249 3928 Basilii
2292 3890 2489 3930 comm.
2526 3876 2580 3929 in
2630 3875 2852 3940 Isaiam,
2889 3886 2945 3930 et
2988 3875 3226 3944 ejusdem
3266 3874 3399 3931 Pro-

1834 3963 2042 4018 theoria
2088 3963 2444 4033 expositionis
2495 3964 2548 4018 in
2595 3963 2809 4020 Isaiam.
2845 3964 2977 4019 Vide
3006 3964 3213 4021 Rciseri
3249 3966 3395 4029 Cat.,

1829 4068 1884 4121 p.
1931 4053 1999 4107 I6
2048 4062 2103 4107 et
2150 4053 2242 4108 28.
2292 4081 2362 4094 —
2402 4052 2667 4109 Monachii
2711 4054 2763 4108 in
2801 4056 2919 4109 cod.
2962 4052 3155 4111 Bavar.
3198 4055 3394 4120 XXXI,

1831 4142 2027 4199 XXXV
2054 4153 2108 4198 et
2134 4143 2295 4200 XCV.
2328 4142 2463 4201 Vide
2505 4145 2622 4201 Cat.
2670 4145 2789 4199 eod.
2831 4144 2951 4213 Gr.,
2982 4162 3033 4213 υ.
3069 4144 3119 4212 7,
3152 4145 3185 4200 8
3218 4156 3272 4199 et
3303 4146 3394 4210 36,

1830 4263 1900 4274 —
1931 4233 2168 4289 Venetiis
2198 4234 2251 4288 in
2283 4234 2406 4291 cod.
2438 4233 2680 4289 Naniano
2710 4233 2928 4291 XXXV.
2962 4237 3095 4292 Vide
3124 4237 3243 4291 Cat.
3272 4236 3392 4291 cod.

1828 4327 1948 4392 Gr.,
1987 4326 2147 4392 Nam,
2174 4343 2227 4397 p.
2259 4328 2351 4385 $8.
2379 4357 2448 4370 -ο
2493 4329 2625 4385 Ibid.
2662 4330 2714 4384 in
2756 4330 2876 4384 cod.
2909 4328 3038 4385 bibl.
3070 4329 3235 4385 Marc.
3276 4327 3389 4385 LX.

1829 4415 1961 4472 Vide
2002 4416 2211 4473 Zinetti
2254 4420 2373 4474 Cat.
2419 4420 2540 4475 cod.
2573 4418 2667 4475 Gr.
2697 4436 2750 4490 p.
2782 4421 2869 4476 49..
2911 4451 2955 4463 -
3023 4421 3308 4476 Florentiae
3335 4422 3390 4476 in

1828 4511 1950 4565 cod.
1977 4510 2449 4565 Media-Laurent.
2478 4510 2542 4575 ll,
2574 4512 2705 4581 plut.
2737 4512 2791 4576 4,
2813 4513 2878 4567 de
2900 4528 3007 4583 quo
3038 4514 3251 4582 copiose
3277 4512 3393 4567 dis-

1828 4603 1960 4656 serit
2007 4600 2234 4654 Bautlin.
2262 4599 2379 4655 Cat.
2426 4603 2542 4657 cod.
2594 4602 2715 4666 Gn,
2751 4601 2790 4667 l,
2840 4619 2891 4673 ι).
2930 4603 3033 4657 518
3080 4618 3193 4672 seq.
3226 4630 3297 4641 —
3333 4600 3392 4655 In

1827 4706 2023 4745 novem
2076 4692 2196 4745 cod.
2254 4690 2383 4745 bibl.
2414 4692 2561 4761 publ.
2595 4692 2764 4746 Paris.
2796 4722 2863 4733 —
2896 4691 3116 4745 Taurini
3168 4693 3219 4745 in
3267 4693 3386 4746 cod.

1829 4778 2000 4849 XXX,
2026 4798 2079 4835 n.
2111 4782 2163 4835 i.
2194 4780 2323 4837 Vide
2355 4781 2473 4837 Cat.
2502 4783 2596 4835 rod
2632 4782 2725 4837 Gr.
2755 4780 2940 4846 Tanta,
2973 4796 3026 4848 p.
3059 4780 3179 4844 107,
3210 4792 3313 4835 etc.

1901 4871 2037 4926 Tum
2090 4874 2333 4942 sequitur
2381 4889 2432 4941 ρ.
2482 4872 2586 4926 618
2630 4886 2746 4940 seq.
2797 4870 2880 4923 ed.
2929 4867 3091 4924 ϐίη-η.
3138 4868 3388 4922 Eunomii

1831 4986 2001 5039 videri
2048 5001 2165 5041 esse
2210 4986 2372 5040 alium
2412 4984 2690 5047 Basiliunt,
2718 4983 2806 5052 qni
2848 4983 2898 5036 in
2932 4983 3208 5051 plerasque
3248 4983 3387 5036 Gre-

1870 5057 1969 5109 orii
2010 5057 2260 5110 Nazianz.
2323 5065 2461 5108 ornt.
2515 5062 2901 5109 commentatus
2940 5064 3042 5116 cst,
3078 5065 3239 5114 atque
3285 5052 3385 5105 sub

1870 5066 1969 5109 orti
2010 5066 2260 5110 Naziattz.
2323 5066 2461 5108 ornt.
2515 5066 2901 5109 commentatus
2940 5066 3042 5116 cst,
3078 5066 3239 5114 atque
3285 5066 3383 5105 sun

1830 5066 2179 5180 gonslanlino
2226 5124 2578 5194 Porpltyrog.,
2608 5125 2735 5179 circ.
2786 5124 2850 5194 Α.
2884 5122 2986 5177 920
3030 5123 3107 5175 vel
3142 5120 3253 5194 7930
3285 5120 3383 5194 Ilo-

1830 5198 2003 5250 ruisse
2051 5191 2660 5249 creditur.'Ttnn'cod.
2708 5193 2956 5259 Anglicos
3009 5193 3287 5252 nominat,
3330 5191 3382 5243 in

1828 5267 2023 5334 qubus
2072 5267 2121 5317 id
2166 5280 2299 5332 Opus
2346 5275 2549 5334 exstat:
2595 5264 2721 5316 Dein
2760 5264 3030 5334 ehillllinill
3072 5259 3385 5334 refugitque

1831 5328 2138 5389 testimonia
2171 5328 2404 5387 veterum
2434 5344 2486 5387 et
2514 5332 2850 5396 'l'illetnanni,
2882 5332 2933 5384 id
2964 5330 3163 5385 Basilio
3192 5328 3263 5383 Μ.
3297 5344 3383 5381 as-

1830 5406 2098 5467 serentis,
2156 5404 2486 5471 aliorumque
2534 5404 2774 5471 judicia;
2833 5402 3063 5471 denique
3124 5400 3381 5471 ostendit,

1829 5474 1976 5527 illum
2009 5485 2298 5528 comment.
2337 5468 2438 5526 non
2476 5468 2743 5542 pertinere
2778 5472 2843 5525 ad
2884 5469 3161 5542 Basilium.
3211 5468 3380 5542 Han.

1900 5542 1973 5614 (e)
2010 5542 2123 5614 Non
2158 5543 2358 5607 Basilii,
2390 5539 2487 5597 sed
2498 5541 2732 5614 VNyssen‘i
2758 5556 2880 5614 esse
2912 5541 3055 5597 illaut
3080 5539 3379 5609 epistolam,

1825 5610 2015 5669 scribit
2041 5612 2245 5668 Natalis
2272 5614 2452 5681 Alex.,
2477 5613 2542 5668 de
2561 5610 2676 5682 qua
2707 5610 2868 5665 inira.

223 5796 297 5871 (i)
327 5796 564 5854 Harlesii
591 5809 830 5854 errorem
854 5795 966 5868 jam
998 5797 1302 5855 notavimus
1338 5798 1432 5869 qui
1476 5794 1745 5854 Camerio
1791 5792 1947 5850 Vita»
1990 5792 2179 5851 Basilii
2208 5794 2416 5863 tribuit,
2468 5807 2591 5851 cum
2620 5790 2692 5849 sit
2718 5787 2997 5847 Prudentii
3024 5784 3245 5844 tiarani.
3270 5784 3374 5841 Ea.
