4080 6314
658 362 812 403 CCLIV

2016 345 2546 404 PRULEGOMENA.

663 467 925 544 a_pologia,
978 483 1132 536 quam
1183 466 1468 534 confutavit
1517 466 1749 523 Basilius
1793 467 1869 521 Μ.
1920 482 1945 522 e
2002 469 2231 525 Fabricii
2264 474 2307 530 A
2337 466 2665 535 CCXXXVI,
2696 476 2835 525 orat.
2881 467 3021 536 XIV,
3053 468 3105 523 in
3137 469 3220 525 bis
3250 473 3369 528 duae
3396 471 3470 529 De
3496 473 3719 544 jejunio.
3765 476 3903 534 Vide

661 539 726 608 Β.
759 555 853 608 Gr.
894 558 1143 625 repetita.
1182 557 1307 611 Dein
1340 573 1391 626 p.
1426 556 1519 611 651
1555 574 1667 626 seq.

730 663 1004 722 Eustathii
1038 671 1091 723 in
1130 670 1489 725 Hexaemeron
1529 672 1585 727 S.
1628 671 1839 735 Basilii,
1887 672 2233 741 Cappadocia:

661 761 910 829 episcopi,
944 759 1135 815 Latina
1167 763 1535 831 metaphrasis,
1567 779 1633 818 ex
1672 764 1863 820 Latina
1893 780 2017 834 opp.
2049 764 2232 819 Basi!ii

660 852 898 908 editione
958 854 1352 924 Antvverpiensi
1420 868 1669 928 sumpta,
1726 874 1845 912 cum
1897 860 2063 913 variis
2112 857 2230 911 cod.

662 944 984 1001 lectionibus
1009 948 1261 1018 notisque
1288 949 1513 1005 criticis.
1543 950 1685 1004 Calci
1716 952 1841 1004 tonii
1869 950 2024 1019 primi
2054 954 2231 1006 adlue-

662 1051 827 1093 rent:
864 1038 916 1110 1)
954 1039 1104 1096 Nota:
1149 1040 1437 1096 Frontonis
1489 1043 1687 1106 Ducazi,
1730 1044 2166 1112 Burdegalensis,
2203 1058 2232 1096 e

664 1144 777 1184 soc.
828 1129 979 1196 Jesu,
1015 1147 1133 1200 quae
1182 1146 1329 1194 vero,
1368 1134 1482 1202 ipso
1515 1131 1680 1186 Garn.
1734 1144 2002 1197 monente,
2040 1151 2137 1189 nec
2168 1133 2231 1186 ad

663 1222 828 1291 hujus
871 1224 1161 1279 editionem
1215 1227 1410 1294 saepius
1446 1225 1745 1294 ,quadrant,
1781 1241 1878 1278 nec
1912 1238 2135 1293 possunt
2165 1225 2234 1278 ob

664 1329 858 1367 novam
913 1317 1178 1385 quadrare
1233 1317 1771 1385 interpretationem;
1833 1315 1889 1387 Ξ)
1955 1320 2234 1388 praecipua:

664 1405 1006 1476 antiquarum
1039 1406 1167 1460 edit.
1202 1404 1584 1474 Praefationes;
1616 1407 1670 1477 5)
1710 1407 1935 1463 Iudices.

732 1520 790 1573 In
826 1528 966 1573 tomo
997 1520 1235 1576 secundo
1270 1522 1457 1576 insunt
1490 1541 1501 1574 :
1540 1520 1589 1591 1)
1620 1522 1884 1590 genuina},
1928 1538 1990 1575 ex
2028 1520 2234 1589 vulgari

663 1610 938 1679 opinione,
974 1611 1209 1666 bomilia:
1242 1611 1435 1673 XXIV,
1471 1611 1535 1664 de
1580 1611 1837 1675 diversis;
1872 1612 1927 1675 2)
1964 1612 2231 1675 Ascetica,

661 1716 785 1773 quae
822 1704 1051 1773 germina
1088 1705 1392 1770 habentur;
1441 1702 1496 1773 5)
1533 1706 1715 1773 spuria
1758 1703 1980 1770 scripta,
2027 1718 2081 1756 η.
2120 1704 2235 1756 diue

662 1796 1144 1851 Iacubratiunculze
1191 1795 1577 1863 Cotelerianaa;
1629 1795 1683 1865 4)
1738 1794 1904 1848 altera

663 1889 849 1954 siana;
900 1886 954 1956 5)
1004 1887 1109 1940 duo
1158 1886 1234 1941 De
1286 1887 1535 1954 baptismo
1586 1884 1741 1949 libri;
1782 1885 1837 1955 6)
1884 1884 2146 1957 Liturgia,
2182 1898 2235 1940 et

664 1980 898 2033 bomilizn
942 1995 1081 2049 quas
1136 1978 1408 2033 transtulit
1454 1976 1680 2032 Ruﬁnus
1720 1991 1750 2031 e
1781 1978 1970 2034 Graeco
2005 1980 2058 2033 in
2088 1979 2234 2032 Lati-

660 2086 814 2126 num.
843 2072 900 2125 In
928 2071 1327 2140 Prolegomenis
1352 2070 1464 2139 agit
1486 2072 1550 2124 de
1577 2071 1679 2124 illis
1708 2071 1947 2125 uberius.

732 2186 775 2242 I.
814 2186 981 2259 Igitur
1008 2185 1333 2241 exhibentur
1360 2184 1597 2240 homilia!
1624 2183 1814 2241 XXIV.
1846 2184 1903 2239 In
1934 2187 2019 2241 ed.
2054 2184 2230 2241 Paris.

660 2294 843 2348 super.
896 2278 949 2331 in
996 2277 1169 2346 primo
1225 2278 1400 2330 adhuc
1454 2285 1599 2330 tomo
1658 2288 2013 2331 numerantur
2064 2278 2231 2331 XXXI

660 2370 918 2433 bomilize,
946 2368 1146 2422 diversi
1177 2367 1503 2437 argumenti,
1532 2376 1585 2419 et
1626 2367 1847 2421 totidem
1880 2367 2009 2422 olim
2046 2383 2231 2423 recen-

659 2463 921 2518 sebantur
943 2478 999 2518 n.
1026 2459 1114 2524 III,
1144 2462 1195 2514 in
1228 2459 1458 2513 Fabricii
1487 2458 1552 2513 B.
1587 2458 1679 2513 Cr.
1722 2458 1897 2513 Hanc.

730 2573 869 2649 [IIL]
911 2575 963 2631 1.
1000 2573 1135 2644 Περὶ
1164 2572 1437 2643 νηστείας,
1466 2572 1543 2625 De
1560 2573 1788 2643 jejunio.
1824 2574 2013 2644 Incipit
2045 2593 2059 2629 :
2095 2575 2230 2628 Σαλ-

659 2668 876 2733 πίσατε,
910 2667 1097 2739 φησὶν,
1133 2668 1190 2719 ὲν
1220 2666 1581 2737 νεομηνείαις.
1620 2666 1806 2737 (Cara.
1844 2665 1908 2733 11,
1941 2682 1993 2735 p.
2026 2668 2049 2720 I
2093 2666 2232 2738 seq.]

664 2764 839 2819 Vertit
885 2762 1143 2815 Erasmus
1175 2760 1272 2827 (α).
1314 2760 1481 2812 Solita
1520 2759 1633 2813 hanc
1674 2758 1891 2813 homilia
1928 2761 1978 2813 in
2014 2759 2233 2815 Graeco-

660 2872 782 2912 rum
838 2852 1093 2907 Ecclesiis
1145 2850 1244 2920 legi
1309 2850 1585 2903 Dominiea
1643 2851 2071 2919 Quadragesimre
2121 2853 2233 2904 sive

661 2948 714 3003 in
745 2944 1003 3000 Εἰσὸάσει
1034 2941 1144 2995 τῶν
1174 2939 1456 3012 νηστειῶν.
1489 2940 1788 3008 Separatim
1823 2940 2019 3009 prodiit
2046 2939 2233 2996 Graece

660 3038 960 3093 Helmstad.
1003 3033 1160 3098 1666,
1202 3034 1287 3086 40.
1313 3031 1476 3085 ΕΑωι.
1515 3061 1583 3070 -
1630 3030 1872 3087 Homilite
1929 3032 2235 3103 frequenter

2334 560 2585 617 LambeC.
2620 560 2907 619 Comment.
2944 562 3006 626 V,
3038 577 3090 632 ρ.
3124 562 3225 617 184
3257 580 3393 634 seq.,
3422 577 3525 623 etc.

2405 653 2697 707 Editiones.
2726 682 2796 697 --
2821 650 3003 706 Basilii
3037 652 3109 708 M.
3139 653 3214 707 De
3230 654 3440 724 jejunio
3473 668 3609 712 orat.
3642 659 3758 713 dna:
3800 662 3898 715 Cr.

2333 753 2389 798 et
2416 742 2531 798 Lat.
2565 744 2791 799 Erasmo
2822 745 3137 813 interprete,
3172 762 3258 817 ap.
3290 745 3426 801 And.
3460 750 3697 806 Wecbel.
3738 751 3902 817 1555,

2333 836 2562 890 4°.-—Ib.
2582 837 2722 906 apud
2747 832 2900 889 Joan.
2924 836 3251 893 Bi-ncnatum
3282 839 3437 905 1579,
3464 842 3537 907 8°,
3574 854 3709 900 teste
3744 843 3903 896 Maii-

2336 929 2467 981 taire
2505 928 2571 980 Λ.
2609 930 2670 985 T.
2700 928 2816 991 111,
2856 945 2907 999 p.
2942 930 3043 983 (557
3090 941 3143 983 et
3182 933 3305 985 777.
3341 932 3415 987 De
3438 934 3646 1001 jejunio
3685 946 3823 991 orat.
3861 935 3901 989 11

2331 1018 2423 1071 Gr.
2460 1017 2633 1072 Paris.
2672 1035 2756 1087 ap.
2795 1020 2937 1076 Guil.
2965 1018 3147 1073 Morel.
3191 1022 3343 1087 1505,
3372 1022 3441 1078 8°.
3474 1021 3604 1076 Vide
3648 1025 3898 1078 eumdem

2334 1109 2384 1161 in
2418 1109 2611 1173 indice,
2640 1123 2692 1176 p.
2726 1110 3075 1165 II7.—Joan.
3102 1109 3359 1177 Xiphilini
3396 1125 3450 1169 et
3482 1112 3661 1167 Basilii
3701 1114 3770 1167 M.
3800 1116 3902 1167 ali-

2332 1215 2462 1271 quot
2492 1215 2630 1258 orat.
2676 1220 2741 1259 ex
2777 1209 2940 1261 variis
2986 1208 3105 1262 cod.
3132 1201 3375 1262 ediditet
3415 1208 3776 1263 animadvers.
3808 1210 3905 1260 adv

2326 1294 2456 1361 jecit
2505 1297 2594 1350 Cr.
2655 1295 2803 1350 Frid.
2863 1296 3121 1354 Matthasi.
3180 1298 3415 1367 Mosqua:
3466 1301 3605 1372 typis
3657 1299 3899 1353 univers.

2334 1384 2533 1439 Cmsar.
2572 1386 2732 1451 1775,
2767 1389 2821 1442 4ο
2862 1388 2937 1460 (et
2989 1388 3495 1444 Matthaeiediditex
3538 1394 3659 1445 cod.
3704 1389 3899 1459 synod.

2330 1476 2433 1531 977
2464 1488 2573 1533 tres
2602 1478 2782 1532 Basilii
2815 1493 2954 1534 orat.
2987 1479 3037 1551 1)
3070 1479 3205 1551 Περὶ
3230 1480 3562 1551 τελειότητος
3594 1482 3709 1551 βίου
3747 1472 3905 1552 μονα-

2331 1564 2461 1636 χῶν.
2507 1568 2561 1637 2)
2595 1569 2729 1638 Περὶ
2776 1570 2958 1635 ἐλέους
3001 1570 3094 1625 καὶ
3138 1569 3403 1643 χρίσεως,
3452 1571 3585 1635 sive,
3619 1582 3678 1625 ut
3708 1572 3901 1625 Matth.

2334 1661 2492 1713 vertit
2526 1660 2598 1715 De
2638 1660 2957 1719 liberalitate
2996 1675 3043 1718 et
3084 1664 3334 1733 justitia;
3367 1664 3423 1734 5)
3462 1664 3905 1736 Παραμυθητικὴ

2333 1747 2668 1804 ἀσθενοῦντι.
2702 1751 2802 1803 Ad.
2838 1766 2890 1805 η.
2926 1765 3042 1818 seq.
3076 1752 3243 1809 IIARL.

1960 1793 2226 1850 Combeli-

2401 1842 2457 1894 2.
2500 1842 2635 1912 Περὶ
2672 1842 2947 1911 νηστείας,
2983 1793 3060 1897 Bc
3095 1846 3299 1912 jejunio
3354 1846 3598 1900 secunda.
3638 1842 3833 1913 Incipit
3886 1861 3902 1897 :

2336 1932 2728 2004 Παρακαλεῖτε,
2774 1934 2954 2003 φησὶν,
3007 1933 3188 2005 ἱερεῖς,
3221 1935 3313 1986 τὸν
3350 1936 3495 1987 λαόν.
3533 1934 3709 1990 Vertit
3761 1937 3903 1990 idem

2336 2024 2615 2079 Erasmus.
2645 2025 2805 2080 Lecta
2835 2028 2946 2081 haec
2972 2026 3190 2081 homilia
3219 2028 3271 2081 in
3300 2026 3499 2082 Grmcis
3524 2028 3771 2083 ecclesiis
3802 2029 3905 2097 (b),

2332 2118 2397 2187 τῇ
2446 2120 2773 2189 παρασκευῇ
2817 2118 2915 2190 τῆς
2962 2118 3203 2189 τυρινῆς,
3245 2120 3356 2175 sive
3406 2118 3539 2174 feria
3579 2129 3731 2175 sexta
3782 2127 3905 2189 post

2334 2209 2556 2262 Cineres
2597 2208 2687 2278 (al.
2736 2211 2906 2278 pridie
2956 2211 3057 2264 diei
3121 2210 3421 2280 Cincrum).
3468 2209 3672 2265 Prodiit
3714 2210 3908 2265 Graece

2333 2314 2452 2352 cum
2483 2300 2666 2365 priore
2706 2299 2909 2353 Lovan.
2946 2301 3105 2367 1565,
3134 2302 3211 2364 4ο,
3247 2312 3301 2354 et
3338 2316 3405 2355 ex
3461 2302 3907 2371 interpretatione

2333 2387 2565 2454 Erasmi,
2600 2388 2850 2460 Friburg.
2890 2390 3051 2455 1552,
3079 2400 3133 2445 et
3174 2407 3240 2447 ex
3282 2391 3423 2446 Petri
3472 2391 3730 2448 Galesinii
3782 2409 3907 2446 ver-

2337 2482 2487 2538 sione
2518 2484 2672 2540 Hom.
2695 2483 2946 2553 1587,1⁰,
2971 2497 3025 2540 et
3046 2484 3488 2552 Monachiiwil’i,
3523 2486 3698 2542 επις-12.
3734 2487 3902 2542 Ἐλωί.

2339 2578 2469 2633 Vide
2506 2579 2572 2632 ad
2617 2580 2862 2633 anteced.
2898 2594 2952 2633 n.
2990 2580 3017 2634 1
3045 2586 3099 2635 et
3128 2595 3185 2635 n.
3214 2578 3304 2633 22.
3339 2609 3409 2618 —
3438 2577 3495 2633 In
3523 2578 3689 2634 Garn.
3718 2578 3803 2631 ed.
3838 2578 3905 2642 II,

2336 2686 2389 2739 p.
2429 2670 2495 2722 10
2537 2684 2654 2739 seq.
2690 2669 2738 2723 Is
2780 2685 2907 2726 vero
2947 2672 3102 2726 istam
3151 2682 3265 2725 orat
3301 2671 3335 2724 2
3370 2671 3586 2739 recepit,
3630 2684 3734 2723 non
3761 2671 3908 2738 quod

2336 2775 2456 2812 eam
2487 2771 2691 2813 certam
2729 2770 2891 2829 atque
2934 2761 3285 2815 indubitatam
3323 2770 3554 2831 putaret,
3582 2762 3675 2815 sed
3704 2763 3829 2830 quia
3875 2779 3907 2816 a

2333 2850 2507 2903 doctis
2551 2850 2681 2903 viris
2721 2850 2843 2903 talis
2892 2850 3214 2916 haberetur;
3267 2852 3409 2907 conf.
3445 2852 3612 2909 Garn.
3641 2852 3907 2921 judicium

2334 2941 2401 2995 de
2430 2941 2570 2997 illius
2596 2940 2779 3013 νοθείᾳ
2802 2943 2853 2997 in
2883 2942 3038 2999 Praef.
3068 2958 3120 3013 p.
3152 2959 3227 3008 tv,
3267 2944 3295 3016 ᾗ
3321 2946 3371 3001 1.
3408 2943 3578 3000 Hm.

2407 3034 2459 3089 5.
2498 3035 2590 3099 Είς
2629 3036 2722 3088 τό⁸
2756 3037 3026 3105 Πρόσεχε
3076 3037 3329 3101 σεαυτῷ.
3383 3036 3449 3091 In
3503 3035 3637 3089 illud
3699 3034 3718 3106 (
3743 3034 3903 3093 Deut.

662 3130 1005 3201 reperiuntur
1039 3128 1094 3183 in
1129 3124 1251 3183 cod.
1287 3123 1685 3179 Parisiensibus
1724 3124 1866 3194 (vide
1902 3127 2131 3181 indicem
2168 3128 2233 3181 ad
2263 3164 2308 3226 ε
2339 3142 2427 3191 ιν,
2450 3128 2521 3181 9:
2557 3146 2574 3176 ε
2606 3128 2827 3181 Attende
2874 3128 2966 3180 tibi
2997 3128 3119 3195 ipsi.
3152 3144 3171 3177 ι
3215 3126 3448 3196 Incipit:
3480 3125 3585 3180 Τοῦ
3614 3126 3776 3197 λόγου
3803 3127 3908 3199 τὴν

663 3224 782 3278 Cat.
818 3222 939 3276 cod.
974 3219 1121 3284 Par.,
1157 3218 1265 3271 vnl.
1304 3217 1365 3283 II,
1404 3232 1519 3270 voc.
1565 3215 1838 3285 Basilius),
1878 3220 1929 3272 in
1965 3218 2237 3275 Vindobo-

664 3313 920 3367 nensibus
945 3311 1228 3373 Caesareis,
1258 3309 1560 3377 MOsquens.
1588 3307 1729 3375 (vide
1755 3308 1955 3360 Anton.
1984 3308 2234 3375 Schiada,

660 3405 759 3460 Cat
801 3405 920 3459 cod.
961 3401 1055 3457 Gr.
1098 3403 1151 3456 in
1186 3401 1317 3456 bibl.
1347 3400 1537 3471 synod.
1569 3398 1889 3465 Moscuensi,
1916 3416 1969 3469 p.
1997 3400 2066 3454 28
2097 3416 2237 3471 seq.,

668 3515 792 3555 cum
838 3498 961 3554 aliis
996 3494 1178 3551 Basilii
1215 3492 1489 3564 operibus)
1524 3502 1577 3547 et
1610 3495 1661 3545 in
1696 3492 1837 3547 aliis.
1873 3492 2154 3549 Florentia:
2186 3494 2237 3550 in

666 3593 796 3650 bibl.
843 3590 1351 3650 Medic.-Laurent.,
1411 3587 1534 3641 cod.
1568 3584 1704 3653 VIII,
1739 3586 1873 3657 plut.
1924 3587 1979 3651 4,
2011 3588 2242 3643 homilite

665 3685 758 3741 LX
788 3701 909 3740 cum
936 3683 1224 3754 epigraphe
1242 3680 1348 3733 Τοῦ
1370 3678 1731 3731 -Βασιλείου
1758 3709 1826 3719 -
1845 3679 2029 3749 ἠθικά.
2052 3680 2105 3733 In
2159 3681 2241 3736 his

665 3797 721 3834 n.
752 3781 804 3843 7,
837 3790 1015 3830 sermo
1041 3776 1062 3827 I
1092 3772 1411 3839 Dejejunio,
1444 3769 1495 3820 in
1523 3769 1611 3821 ed.
1654 3768 1828 3823 Paris.
1863 3771 2095 3825 secundo
2125 3773 2242 3827 loco

662 3869 904 3937 positus,
940 3873 994 3918 et
1029 3877 1209 3917 sermo
1236 3860 1273 3913 2
1302 3860 1369 3913 de
1408 3858 1617 3921 eodem,
1650 3857 1703 3912 in
1734 3857 1817 3913 ed.
1848 3857 2021 3913 Paris.
2067 3862 2239 3929 primo

663 3959 784 4014 loco
822 3956 1141 4012 collocatus.
1194 3953 1353 4008 Plura
1402 3952 1548 4020 leges
1588 3950 1640 4005 in
1673 3948 1901 4005 Bandin.
1952 3950 2070 4005 Cat.
2120 3955 2235 4006 cod.

668 4053 765 4108 Gr.
795 4051 983 4117 Laur.,
1014 4050 1058 4116 1,
1099 4064 1151 4118 p.
1187 4046 1288 4101 525
1332 4062 1447 4115 seq.
1480 4075 1549 4085 —
1576 4044 1633 4099 In
1677 4045 1797 4100 cod.
1826 4043 2017 4113 XXVI,
2050 4062 2104 4100 n.
2146 4046 2236 4114 '20,

669 4162 847 4202 sermo
871 4145 1075 4211 primus
1102 4141 1177 4193 De
1194 4140 1400 4208 jejunio
1426 4154 1490 4191 ex
1522 4139 1635 4207 ejus
1655 4136 1971 4193 Moralibus.
2000 4170 2069 4177 —
2096 4139 2238 4194 Idem

668 4244 721 4294 in
757 4238 877 4292 cod.
920 4230 1158 4297 XXXIII,
1208 4250 1263 4284 ιι.
1304 4231 1358 4296 9,
1391 4230 1524 4297 plut.
1559 4231 1613 4293 7,
1646 4241 1700 4284 et
1753 4234 1873 4284 cod.
1906 4230 2067 4297 XVII,
2101 4249 2153 4287 η.
2185 4234 2239 4300 1,

666 4332 801 4402 plut.
830 4329 884 4382 4.
922 4325 1055 4381 Vide
1098 4322 1323 4377 Bandin.
1357 4322 1459 4376 loc.
1493 4322 1610 4386 cit.,
1641 4336 1692 4389 p.
1727 4322 1856 4386 284,
1887 4322 1991 4376 294
2022 4334 2076 4378 et
2116 4325 2235 4380 5M.

664 4453 736 4464 -——
761 4419 895 4474 Ibid.
927 4418 979 4471 in
1010 4414 1128 4469 cod.
1172 4409 1399 4477 CXLIII,
1438 4428 1492 4465 n.
1525 4409 1612 4478 12,
1660 4409 1902 4465 Naniano
1934 4411 2052 4466 duae
2090 4416 2237 4470 hom.

2342 3218 2535 3288 χρῆσιν
2561 3218 2789 3270 δέδωκεν
2826 3218 2959 3287 ἡμῖν
2997 3217 3025 3268 ὁ
3072 3216 3260 3280 κτίσας
3294 3218 3441 3290 ἡμᾶς
3476 3219 3505 3271 ὁ
3544 3218 3695 3283 Θεός.
3736 3220 3909 3274 Vertit

2341 3320 2535 3377 praeter
2565 3310 2913 3363 Franciscum
2948 3308 3379 3379 Craneveldium,
3403 3311 3605 3368 Lovan.
3635 3312 3794 3375 1554,
3822 3312 3904 3376 8°,

2339 3399 2633 3454 Godfridus
2688 3400 3006 3458 Tilmannus
3056 3412 3267 3474 :atque
3324 3404 3375 3457 in
3431 3403 3746 3458 Ecclesiaste
3804 3418 3907 3457 suo

2340 3490 2522 3547 Graeco
2544 3490 2867 3549 Franciscus
2886 3495 3257 3551 Combeﬁsius.
3288 3494 3434 3550 Citat
3456 3493 3513 3548 S.
3539 3492 3803 3549 Maximus
3833 3498 3905 3549 ad

2342 3585 2651 3657 Dionysium
2690 3586 2977 3657 Areopag.,
3005 3595 3136 3642 tom.
3164 3587 3203 3652 I,
3253 3601 3370 3657 pag.
3398 3584 3488 3640 29.
3518 3584 3681 3639 ΕΔΜ.
3714 3585 3908 3643 Basilii

2342 3678 2413 3732 Μ.
2452 3687 2592 3732 orat.
2632 3678 2682 3731 in
2707 3678 2929 3733 Attende
2958 3679 3071 3743 tibi,
3106 3678 3223 3732 Lat.
3251 3676 3542 3733 Francisco
3576 3676 3907 3735 Maturantio

2343 3771 2654 3838 interprete.
2711 3770 3012 3839 Hagenoa,
3061 3771 3113 3823 in
3153 3769 3309 3824 aadib.
3352 3767 3546 3824 Thom.
3595 3770 3901 3836 Anshehni,

2340 3861 2615 3923 Badensis,
2646 3861 2804 3925 1522,
2834 3860 2908 3915 8°.
2937 3860 3140 3933 (Maitt.
3175 3859 3241 3925 II,
3273 3876 3326 3930 p.
3360 3860 3483 3915 626.
3515 3862 3626 3932 )-—
3667 3861 3723 3916 ln
3756 3862 3905 3917 XXII

2340 3950 2497 4005 codd.
2552 3952 2725 4006 Paris.
2768 3951 2900 4007 bibl.
2951 3952 3176 4021 publica:
3231 3962 3411 4008 exstat
3465 3953 3554 4009 illa
3590 3956 3785 4011 oratio.
3836 3986 3906 3995 —

2338 4041 2627 4098 Florentia:
2660 4043 2714 4097 in
2738 4044 2859 4099 cod.
2888 4043 3027 4097 Med.
3055 4043 3307 4101 Laurent.
3335 4045 3524 4116 XXVI,
3555 4065 3608 4103 η.
3639 4048 3701 4101 21
3740 4047 3907 4117 (Ban-

2339 4134 2451 4189 din.
2488 4134 2527 4188 I.
2558 4152 2635 4201 c.,
2670 4134 2709 4200 I,
2742 4153 2867 4207 pag.
2908 4137 3058 4210 284.)
3084 4169 3153 4179 -—
3184 4139 3238 4193 In
3274 4139 3394 4195 cod.
3437 4154 3546 4207 reg.
3580 4136 3906 4193 Taurinensi

2340 4226 2595 4291 CCCXX,
2629 4228 2723 4283 fol.
2756 4228 2878 4294 110,
2914 4244 3032 4283 cum
3064 4241 3204 4285 orat.
3232 4229 3307 4283 De
3323 4229 3547 4298 jejunio.
3577 4228 3715 4297 (Cat.
3744 4231 3901 4282 codd.

2342 4317 2437 4375 Gr.
2472 4318 2659 4383 Taur.,
2692 4334 2745 4388 p.
2778 4319 2925 4385 599),
2963 4329 3067 4374 etc.
3094 4320 3266 4375 ﬂans.

2412 4412 2465 4466 ι.
2507 4410 2642 4482 Περὶ
2673 4411 3040 4481 εὐχαριστίας,
3076 4411 3152 4465 De
3183 4411 3369 4481 gratiis
3404 4411 3514 4467 Deo
3543 4412 3780 4481 agendis.
3810 4412 3909 4467 In-

667 4514 745 4570 De
783 4511 1016 4583 jejunio,
1053 4522 1175 4563 cum
1222 4505 1342 4559 aliis
1384 4513 1633 4573 quatuor.
1672 4502 1808 4557 Vide
1839 4502 1956 4556 Cat.
1990 4504 2107 4559 cod.
2139 4505 2232 4561 Gr.

2339 4507 2471 4574 cipit
2516 4526 2530 4561 :
2595 4509 2887 4561 Ἠκούσατε
2934 4505 3041 4558 τῶν
3093 4506 3349 4577 ῥημάτων
3400 4504 3494 4559 τοῦ
3554 4505 3902 4563 Ἀποστόλου.

670 4610 841 4671 Nam,
862 4622 913 4675 p.
942 4604 1067 4659 554.
1088 4599 1325 4669 -Αρυιι
1352 4596 1713 4651 Montfaucon.
1749 4597 1802 4650 in
1829 4595 1967 4651 Bibl.
1995 4597 2232 4661 Cois!in.,

668 4718 720 4768 p.
747 4700 845 4752 117
862 4712 1001 4765 seq.,
1024 4693 1259 4748 humilia:
1282 4692 1508 4745 diversa:
1533 4687 1749 4743 XXXII.
1772 4688 1827 4741 In
1858 4691 1977 4743 cod.
2006 4689 2233 4755 XLVIII,

666 4791 720 4843 iu
793 4788 877 4841 bis
932 4786 1006 4839 De
1052 4785 1260 4854 jejunio
1307 4784 1445 4838 liber
1489 4797 1580 4844 III,
1650 4781 1921 4851 Νηστείας
1972 4782 2065 4834 κα).
2123 4782 2235 4836 ἱλα-

668 4878 808 4950 σμοῦ
874 4878 903 4929 ὁ
962 4877 1153 4946 καιρός
1206 4876 1307 4945 (de
1354 4889 1458 4944 qua
1514 4874 1695 4938 tertia,
1748 4874 2069 4939 adulterina,
2098 4886 2234 4929 orat.

669 4972 723 5022 in
746 4970 1034 5038 jejunium,
1066 4968 1186 5021 vide
1216 4966 1382 5021 Garn.
1412 4965 1573 5019 Praei.
1602 4965 1666 5019 ad
1704 4974 1829 5018 tom.
1864 4962 1929 5029 II,
1964 4964 1990 5035 §
2021 4963 2089 5028 Χ,
2114 4980 2234 5033 pag.

670 5074 823 5113 χχχιι
850 5058 993 5129 seq.)
1024 5089 1091 5100 ——
1124 5059 1181 5110 In
1206 5058 1325 5110 cod.
1355 5054 1541 5121 XLIX,
1578 5055 1808 5110 homilia:
1835 5054 1955 5109 XIX
1984 5057 2227 5111 diversae.

668 5181 737 5191 —-
765 5150 821 5204 In
856 5152 976 5205 cod.
1014 5148 1129 5211 XV,
1168 5148 1399 5203 homiliae
1440 5164 1528 5200 xrv
1577 5147 1825 5214 morales,
1857 5148 2047 5201 iterum
2100 5164 2233 5217 qua-

671 5253 813 5309 tuor,
842 5252 895 5297 et
926 5244 1042 5296 dua:
1077 5240 1151 5293 De
1172 5240 1399 5309 jejunio,
1426 5238 1759 5294 Vindobonze
1798 5242 1847 5293 in
1880 5239 1999 5294 cod.
2032 5238 2230 5294 Ctesar.

744 5383 819 5457 (a)
858 5382 1086 5457 Fallitur
1118 5380 1387 5457 Labbeus,
1421 5380 1722 5457 qltLItVIIIZ-I
1763 5382 1840 5434 De
1872 5382 2111 5457 scriptor.
2146 5397 2230 5433 cc-

672 5449 821 5518 cles.,
871 5470 922 5521 p.
978 5452 1101 5514 177,
1140 5452 1389 5504 bomilias
1437 5449 1606 5504 XXXI
1657 5450 1884 5505 Erasmo
1939 5453 2231 5521 interprete

673 5520 918 5578 exhiberi
959 5523 1166 5587 scribit,
1198 5537 1317 5575 cum
1360 5522 1492 5575 duas
1531 5531 1739 5573 tantum
1791 5524 2055 5587 primores
2101 5520 2233 5574 Era-

670 5609 826 5652 smus
871 5592 1115 5647 verterit.
1169 5591 1374 5644 Erasmi
1434 5592 1759 5653 versionem,
1794 5607 1898 5644 non
1955 5590 2236 5655 Galesinii,

673 5673 962 5718 servarunt
999 5664 1261 5716 editiones
1294 5660 1495 5715 Latina:
1548 5670 1601 5713 et
1644 5660 2067 5715 Omen-Latina:
2106 5678 2234 5728 ope-

676 5749 797 5789 rum
832 5733 1032 5786 Basilii.
1074 5732 1317 5786 Ilomil‘ta:
1362 5742 1481 5787 octo
1515 5731 1696 5785 Basilii
1738 5746 1803 5784 ex
1846 5732 2098 5786 versione
2130 5734 2239 5784 An-

679 5804 861 5865 touclli
931 5801 1285 5858 Arcimholdi'
1326 5803 1637 5873 prodierunt
1700 5801 1887 5856 Latine
1954 5801 2236 5857 Mediolani

2347 4595 2625 4667 [Garnier.
2655 4598 2719 4663 II,
2752 4613 2869 4667 pag.
2898 4596 2966 4649 24
3008 4610 3126 4665 sqq.
3176 4595 3270 4651 Est
3325 4597 3384 4651 in
3421 4595 3466 4650 II
3513 4597 3667 4651 codd.
3698 4596 3898 4664 Paris.,

2342 4688 2395 4742 in
2426 4690 2545 4744 cod.
2583 4689 2809 4743 Vindob.
2840 4686 3170 4753 CCXXXVI,
3194 4705 3249 4742 n.
3278 4690 3330 4747 4.
3364 4687 3426 4742 V.
3461 4687 3650 4745 Lamb.
3678 4690 3741 4757 V,
3773 4707 3897 4761 pag.

2343 4782 2509 4854 185].
2540 4783 2713 4838 Vertit
2751 4782 3042 4839 Godfridus
3076 4782 3404 4837 Tilmannus.
3441 4782 3543 4855 [V.
3582 4784 3646 4839 ad
3685 4802 3737 4839 n.
3775 4786 3899 4857 sq.)

2410 4875 2463 4928 5.
2506 4876 2598 4937 Εἰς
2633 4876 2730 4946 τὴν
2769 4876 3021 4947 μάρτυρα
3064 4875 3378 4939 Ἰουλίτταν,
3412 4877 3466 4929 in
3488 4876 3751 4940 Julittam,
3780 4892 3903 4944 qua

2339 4969 2653 5037 martyrium
2685 4967 2943 5023 Caesareae
2974 4968 3153 5023 subiit.
3186 4964 3378 5035 Incipit
3412 4988 3424 5023 :
3472 4969 3534 5021 Ἠ
3568 4969 3665 5038 μὲν
3695 4966 3900 5019 ὑπόθευ

2341 5076 2426 5123 σις
2454 5061 2550 5131 τῆς
2594 5060 2939 5133 Ἐκκλησίας.
2973 5060 3211 5115 Meminit
3240 5059 3670 5130 Martyrologium
3701 5057 3902 5112 Roma-

2338 5168 2465 5205 num
2501 5154 2569 5207 50
2610 5153 2717 5208 Jul.
2755 5168 2809 5209 et
2842 5154 3031 5207 Suidas
3078 5151 3131 5204 ἰιι
3166 5153 3501 5218 Βασίλειος.
3540 5151 3713 5205 Vertit
3748 5150 3898 5205 God-

2341 5245 2511 5300 Iridus
2540 5246 2853 5299 Tilmannus
2882 5255 2936 5298 et
2965 5255 3088 5299 ante
3118 5244 3457 5299 Tilmannum
3491 5242 3658 5297 Janus
3688 5240 3898 5296 Corna-

2336 5384 2493 5449 I569,
2526 5386 2614 5447 4°;
2649 5385 2739 5439 sed
2771 5384 2996 5450 illzejam
3031 5385 3161 5437 mihi
3195 5400 3298 5438 non
3330 5390 3455 5436 sunt
3478 5380 3542 5433 ad
3572 5395 3781 5442 manus,
3818 5384 3893 5435 uti

2336 5470 2434 5508 nec
2461 5455 2663 5509 Gallica
2693 5452 2749 5507 S.
2778 5454 3035 5523 Suppl‘icii
3069 5454 3261 5521 (Paris.
3292 5454 3438 5519 1580,
3468 5450 3543 5519 8°)
3586 5466 3681 5505 nec
3714 5452 3898 5505 Italica

2337 5526 2585 5579 Galeazzi
2623 5525 2795 5577 Sessas
2824 5525 3212 5591 interpretatio.

2410 5594 2481 5665 (ὁ)
2526 5595 2651 5649 Vide
2684 5587 2986 5665 Combelisii
3031 5593 3284 5647 Basiliam
3328 5592 3649 5665 recensitum,
3688 5587 3897 5665 tom._l,

2341 5682 2395 5733 p.
2420 5660 2516 5729 ⁷85,
2553 5665 2640 5719 91.
2674 5664 2874 5735 Τυρινή
2914 5663 3146 5727 Graecis,
3197 5662 3565 5735 quteLatinis
3620 5660 3901 5717 Dominica

2350 5733 2834 5805 Quinquagesin‘im,
2864 5733 2923 5791 ut
2957 5735 3148 5790 Allatio
3181 5733 3487 5803 Cangioque
3527 5740 3795 5787 notatum.
