4088 6310
1412 354 1692 411 NOTITIA
1728 354 1817 407 EX
1856 353 2176 410 FABRICIO

3284 370 3408 411 CCBV

179 467 321 521 rius.
363 466 613 520 Occurrit
649 476 703 520 et
742 467 793 520 in
831 466 1145 521 Ecclesiaste
1194 468 1377 523 Gra'co
1426 471 1740 527 Combeﬁsii.

1858 470 1921 521 ab
1950 486 2008 524 eo
2034 469 2262 523 traducti
2289 487 2316 524 e
2346 469 2529 524 Cra'ro
2554 467 2655 520 duo
2689 465 2755 520 D.
2788 466 2973 521 Basilii
3000 482 3280 531 sermones.
3305 471 3411 523 Ad-

177 546 355 614 Fuin.
384 548 437 612 Ιῖι
462 557 627 612 Garn.
649 561 756 621 ed.,
782 559 843 627 Il,
870 577 989 631 pag.
1015 563 1084 617 55
1105 579 1223 632 sqq.
1245 562 1400 618 Cani.
1423 564 1747 622 Schroeckli.

181 650 218 704 l.
247 668 327 713 c.,
363 665 484 719 pag.
510 650 634 705 191.
660 683 729 693 -
750 653 1034 720 Beperltnr
1058 656 1109 707 in
1149 655 1236 709 XII
1265 658 1419 710 codd.
1446 655 1574 709 bibl.
1599 658 1745 725 publ.

177 740 363 795 Paris.
405 770 477 782 —
508 742 639 794 Item
684 743 736 795 in
766 742 885 796 cod.
930 743 1227 797 Vindobon.
1263 744 1395 798 Caus.
1426 743 1650 811 CCXIV,
1693 763 1746 802 ιι.

178 829 272 895 12,
331 831 635 884 Admonitio
680 836 743 884 de
770 833 1059 902 gratiarum
1099 836 1300 886 actione
1332 850 1452 904 erga
1488 834 1676 902 Deum,
1710 836 1745 889 l'.

178 921 402 988 potius,
445 932 502 975 ut
541 922 745 977 Kollar.
788 924 1045 988 adnotat,
1082 936 1390 992 excrrptutn
1449 940 1514 979 ex
1551 926 1750 980 Basilio

176 1009 374 1065 homil.
403 1012 460 1066 in
492 1010 762 1066 Julittam.
795 1010 858 1066 V.
894 1013 1040 1067 illum
1072 1024 1125 1068 et
1157 1014 1398 1072 Lambet.
1432 1015 1658 1081 Comm.,
1684 1016 1748 1086 V,

177 1112 306 1170 pag.
365 1100 457 1155 95.
518 1100 749 1168 Pariter,
813 1102 1138 1158 observante
1204 1103 1471 1171 Kollario,
1532 1109 1748 1176 longum

176 1202 264 1246 est
315 1190 605 1262 fragment.
656 1212 722 1250 ex
773 1212 854 1250 or.
900 1196 953 1248 in
986 1194 1267 1264 Julittam,
1315 1200 1459 1268 quod
1518 1200 1571 1254 in
1624 1201 1746 1256 cod.

178 1284 518 1352 CCXXXVI,
550 1303 605 1345 ιι.
638 1287 694 1352 4,
726 1302 918 1357 nempe
954 1298 1093 1342 orat.
1130 1287 1221 1355 XI,
1256 1290 1400 1345 inter
1423 1291 1558 1347 alias
1584 1304 1746 1348 oratt.

177 1374 394 1443 Basilii,
433 1380 485 1433 in
531 1379 620 1434 illo
656 1380 777 1434 cod.
818 1388 1057 1434 servatas
1101 1396 1188 1450 ap.
1232 1380 1486 1441 Lambec.
1528 1384 1586 1448 V,
1626 1402 1745 1456 pag.

181 1468 308 1533 185,
337 1471 652 1526 inscribitur
676 1470 832 1525 llam.
857 1473 920 1525 de
943 1476 1232 1542 gratiarum
1256 1477 1491 1541 actione;
1516 1478 1639 1533 hinc
1664 1494 1751 1531 se-

177 1562 369 1627 quitur
394 1562 528 1617 ibid.
558 1573 696 1616 oral.
726 1563 818 1616 XII
851 1564 1110 1635 inscripta
1140 1567 1310 1635 Λόγος
1338 1568 1587 1641 δεύτερος
1622 1573 1751 1642 περὶ

176 1652 558 1723 εὐχαριστίας.
598 1653 825 1709 Hamilia
861 1668 1041 1712 autem
1083 1660 1135 1712 in
1166 1659 1415 1714 Julittam
1442 1674 1526 1717 est
1564 1678 1746 1717 revera

176 1745 523 1798 continuatio
561 1744 794 1801 humilia!
851 1747 925 1801 De
965 1752 1258 1817 gratiarum
1302 1753 1537 1815 actione,
1576 1754 1748 1820 pridie

174 1834 397 1888 habitae.
441 1834 556 1891 Vid.
600 1836 917 1894 Schrmckb.
951 1840 988 1892 1.
1028 1855 1104 1903 c.,
1142 1857 1260 1909 pag.
1296 1842 1417 1896 ι9ι.
1458 1872 1529 1883 --
1563 1818 1751 1899 Basilii
1778 1818 1820 1872 Β

174 1923 416 1980 ιιθιηίιιαε
445 1925 521 1980 De
543 1931 726 1997 gratiis
758 1929 861 1981 Deo
892 1932 1129 1998 agendis,
1161 1940 1215 1985 et
1249 1933 1301 1984 in
1329 1932 1577 1987 Julittam
1604 1952 1747 1991 mar-

176 2025 375 2086 tyrem,
407 2018 502 2073 Gr.
537 2019 763 2085 Lovan.,
806 2035 870 2074 ex
912 2020 1050 2076 olIic.
1083 2023 1306 2095 Rntgeri
1343 2026 1545 2093 Rescii,
1588 2029 1743 2095 1555,

173 2107 247 2163 8'.
278 2138 351 2148 —
371 2107 494 2162 Lat.
530 2110 821 2179 interprete
851 2110 1091 2168 Huberto
1123 2115 1411 2181 Barlando,
1447 2118 1746 2185 Pbiliatrio,

172 2197 381 2251 Lovan.
420 2212 486 2252 ex
518 2200 637 2255 ead.
673 2199 811 2255 oliic.
854 2203 1013 2269 1541,
1046 2204 1119 2262 8°.
1160 2205 1221 2261 V.
1257 2207 1523 2262 Maittaire
1551 2208 1616 2265 Α.
1658 2208 1747 2276 Τ.,

170 2286 235 2357 II,
264 2304 393 2358 pag.
427 2290 551 2356 780,
586 2303 639 2346 et
670 2292 757 2360 III,
790 2312 909 2366 pag.
943 2298 1068 2353 3'25.
1100 2298 1269 2353 "ARL.

240 2381 292 2435 6.
337 2382 477 2454 Περὶ
509 2383 849 2455 πλεονεξίας,
885 2392 940 2444 in
971 2392 1103 2445 illud
1138 2392 1293 2447 Lacte
1322 2410 1419 2461 xu,
1470 2394 1559 2456 18,
1588 2415 1611 2449 ι
1655 2397 1746 2449 de-

176 2484 383 2528 struant
416 2476 605 2532 horrea
645 2497 779 2547 mea,
823 2501 842 2533 ι
879 2492 982 2538 etc.
1014 2484 1089 2538 De
1116 2487 1339 2538 avaritia
1372 2485 1651 2557 [Garnier.
1680 2488 1742 2555 II,

170 2579 222 2630 p.
257 2564 331 2620 45
380 2567 546 2641 sqq.]
579 2571 767 2642 Incipit
797 2591 810 2627 :
843 2574 1070 2627 Διπλοῦν
1110 2576 1170 2628 τὸ
1214 2573 1351 2641 εἶδος
1387 2577 1494 2632 τῶν
1556 2598 1747 2653 πειρα-

172 2669 350 2728 cum.
374 2660 515 2715 Ante
540 2660 855 2716 Cornarium
889 2668 1050 2719 \‘ertit
1075 2666 1314 2736 Raphacl
1340 2668 1744 2739 Volaterranus,

178 2752 332 2819 cujus
395 2754 771 2822 interpretatio
824 2758 877 2812 in
937 2759 1363 2818 Cresco-Latinis
1419 2767 1746 2821 editiouibus

178 2843 304 2897 hinc
334 2844 461 2899 inde
488 2848 773 2905 emendata
805 2869 831 2905 a
860 2853 1130 2908 Frontone
1158 2856 1372 2908 Duczno.
1406 2857 1743 2911 Volaterrani

178 2936 358 2989 versio
392 2938 736 2995 homiliarum
772 2944 949 2997 Basilii
988 2946 1160 2998 Incem
1196 2948 1326 3001 vidit
1355 2952 1495 3018 apud
1534 2950 1741 3003 Ascen-

178 3026 315 3080 sium
342 3026 521 3084 Paris.
552 3031 711 3098 1520,
743 3034 854 3098 lol.,
878 3034 1063 3089 Colon.
1093 3036 1250 3105 1551,
1275 3036 1368 3095 fol.
1394 3038 1520 3113 [Est
1543 3042 1595 3097 in
1629 3043 1745 3099 XVI

177 3121 332 3173 codd.
368 3119 500 3174 bibl.
531 3124 674 3189 publ.
712 3124 922 3198 Paris.J

239 3208 288 3261 7.
321 3210 471 3279 Πρὸς
497 3214 620 3276 τοὺς
644 3215 1019 3285 πλουτοῦντας,
1043 3221 1153 3277 sive
1175 3223 1330 3277 Κατὰ
1352 3223 1739 3290 πλουτούντων,

172 3295 235 3349 In
256 3301 469 3365 diuites,
503 3304 568 3358 ad
615 3304 747 3362 Luc.
770 3324 920 3374 xvm,
954 3312 1045 3368 2'2.
1078 3313 1279 3385 [Garn.
1322 3316 1382 3376 Il,
1418 3333 1469 3383 p.
1501 3317 1559 3369 5|
1590 3316 1739 3389 sqq.]

169 3386 363 3460 Incipit
396 3412 408 3448 :
439 3394 671 3469 Εἴρηται
700 3403 793 3454 καὶ
820 3403 1015 3472 πρῴην
1048 3406 1198 3473 ἡμῖν.
1234 3406 1405 3460 Vertit
1438 3386 1741 3463 Volaterras;

175 3498 275 3539 nus
307 3497 363 3541 et
393 3489 711 3547 Carnarius.
745 3492 971 3566 [Exstat
1005 3498 1057 3551 in
1091 3496 1185 3551 XV
1212 3501 1370 3554 codd.
1405 3500 1579 3558 Paris.
1605 3503 1734 3559 bibl.

170 3576 313 3643 publ.
335 3579 356 3651 ]

234 3672 288 3726 8.
344 3673 437 3726 Ἐν
458 3674 601 3745 λιμῷ
626 3678 719 3729 καὶ
758 3678 974 3752 αὐχμῷ,
1010 3692 1233 3753 tempore
1264 3686 1419 3755 famis
1446 3696 1492 3740 et
1527 3688 1737 3742 siccita-

169 3764 259 3825 tis,
296 3763 446 3817 dicta
487 3765 705 3819 homilia
736 3768 789 3821 in
824 3772 1006 3825 divites
1036 3791 1221 3829 avaros
1255 3775 1460 3847 [Garn.
1493 3777 1553 3843 Il,
1586 3795 1638 3848 p.
1671 3780 1738 3833 62

165 3852 322 3927 sqq.]
355 3853 552 3924 Incipit
580 3875 591 3909 :
617 3858 767 3912 Λέων
810 3862 1109 3934 ὲρεύξεται.
1157 3866 1324 3922 Vertit
1361 3868 1736 3925 Volaterranns

166 3956 218 3999 et
254 3946 578 4003 Carnarius.
616 3948 743 4021 [Est
780 3952 833 4007 in
872 3953 960 4006 XV
998 3958 1151 4010 codd.
1192 3956 1366 4014 Paris.
1409 3961 1536 4015 bibl.
1585 3961 1730 4029 publ.

167 4038 315 4093 Cani.
348 4039 702 4106 Scbrteckh.,
730 4059 780 4109 p.
806 4045 872 4096 67
901 4046 1023 4116 ξφ]

230 4132 281 4184 9.
329 4132 459 4183 Ὀτι
509 4132 610 4183 οὐκ
643 4132 788 4186 ἔστιν
847 4134 1018 4199 αἴτιος
1073 4136 1181 4190 τῶν
1235 4141 1420 4193 κακῶν
1487 4145 1515 4195 ὁ
1582 4144 1731 4210 Θεός,

165 4222 295 4289 quod
351 4221 497 4277 Deus
552 4239 656 4278 non
709 4235 783 4280 est
834 4238 1017 4281 auctor
1083 4231 1356 4285 malorum.
1409 4230 1610 4302 [ϐοτη.
1667 4235 1730 4300 II,

164 4329 211 4383 p.
245 4315 312 4369 72
353 4315 518 4389 sqq.]
550 4317 742 4388 Incipit
773 4337 786 4373 :
818 4322 1010 4374 Πολλοὶ
1040 4324 1139 4393 τῆς
1165 4324 1507 4387 διδασκαλίας
1536 4328 1585 4377 οἱ
1618 4330 1734 4399 τρό-

165 4422 271 4457 ποι.
326 4407 625 4463 Verterunt
666 4413 1051 4471 Volaterranus
1086 4428 1137 4470 et
1178 4418 1490 4475 Carnarius.
1532 4420 1643 4473 Vidi
1678 4434 1731 4475 et

1851 576 2027 613 versus
2061 562 2365 622 irascentes,
2410 559 2485 612 De
2519 558 2749 619 invidia;
2792 567 2837 610 et
2882 558 2944 610 ab
2978 557 3154 611 eodem
3196 575 3341 612 versa
3387 578 3415 615 e

1852 650 2035 705 ϐτατο
2066 650 2340 717 Sophoclis
2373 652 2628 719 Antigone
2651 660 2696 702 et
2722 648 2931 703 Herveti
2966 652 3195 719 ejusdem
3218 653 3411 721 epigrr.

1850 746 2071 813 aliquot.
2099 745 2344 815 Lugduni
2372 762 2456 815 ap.
2493 744 2675 811 Steph.
2704 745 2965 797 Doletnm.
2997 746 3412 803 151I.—Ilom.

1851 837 2063 889 Advers.
2102 837 2409 900 iracundos,
2436 837 2529 892 ϐτ.
2564 837 2917 901 Βοιηειὲ1550,
2939 837 3013 905 8°,
3037 841 3087 893 in
3121 840 3247 895 bibl.
3282 842 3412 895 Baro

1852 927 2052 980 beriua:
2080 939 2187 979 cat.
2238 943 2291 995 p.
2328 928 2451 982 118.
2497 958 2566 968 --
2605 928 2785 984 Laida:
2820 932 2870 983 in
2915 931 3047 985 bibl.
3096 934 3240 1001 publ.
3277 935 3415 988 inter

1852 1030 1978 1069 mss.
2014 1031 2077 1070 ex
2133 1016 2305 1087 legato
2350 1018 2551 1072 Bonav.
2598 1018 2841 1074 Vulcanii
2879 1033 3005 1076 sunt
3045 1023 3311 1079 adnotatt.
3361 1025 3414 1078 iu

1850 1106 2031 1161 Basilii
2059 1113 2373 1165 concionem
2414 1110 2612 1166 Contra
2659 1114 2939 1167 irascentes
2978 1124 3031 1169 et
3069 1114 3415 1170 Plutarchum

1850 1199 1927 1252 De
1953 1201 2139 1253 virtute
2162 1200 2443 1260 morali.V.
2469 1202 2590 1256 Cat.
2613 1204 2745 1257 bibl.
2779 1205 2929 1259 Leid.
2958 1222 3076 1275 pag.
3097 1205 3221 1272 347,
3241 1223 3293 1259 n.
3324 1207 3412 1261 71.

1846 1319 1917 1329 -
1954 1292 2089 1345 Add.
2122 1292 2189 1345 ad
2225 1308 2277 1347 ιι.
2322 1293 2410 1347 18.
2444 1323 2512 1333 ——
2556 1295 2706 1349 Orat.
2744 1297 2832 1350 illa
2865 1296 3049 1351 Basilii
3086 1308 3170 1353 est
3206 1298 3259 1352 in
3295 1297 3418 1354 XIX

1849 1384 2003 1436 codd.
2046 1383 2170 1438 bibl.
2206 1387 2349 1453 publ.
2386 1386 2559 1442 Paris.
2602 1388 2770 1442 HABL.

1926 1477 2011 1532 11.
2054 1480 2190 1549 Περὶ
2223 1479 2439 1549 φθόνου.
2484 1478 2559 1533 De
2590 1482 2805 1535 invidia.
2844 1481 3035 1552 Incipit
3065 1497 3081 1536 :
3129 1482 3356 1551 Ἀγαθδς
3387 1482 3420 1537 ὁ

1848 1571 2001 1633 Θεὸς.
2042 1570 2248 1641 [Carm
2286 1570 2348 1635 II,
2381 1588 2433 1643 p.
2471 1574 2530 1628 91
2578 1573 2736 1646 sqq.]
2787 1573 3076 1629 Verterunt
3106 1575 3418 1630 Volaterra-

1849 1680 1950 1717 nus
2018 1675 2071 1716 et
2134 1663 2452 1729 Carnarius,
2515 1678 2569 1720 et
2630 1668 2956 1724 Franciscus
3009 1668 3414 1736 Craneveidius,

1850 1752 2051 1807 Lovan.
2082 1753 2235 1818 1554,
2257 1755 2310 1808 8.
2340 1754 2635 1812 Gcntianns
2666 1758 2793 1811 item
2828 1759 3114 1815 Hervetus.
3156 1761 3294 1815 Ante
3318 1759 3417 1815 hos

1850 1847 2099 1901 Nicolaus
2122 1847 2390 1904 Perottus.
2422 1848 2586 1905 FABB.
2622 1850 2693 1904 De
2735 1850 2865 1905 edit.
2895 1853 3161 1906 versionis
3196 1854 3417 1909 llervet.

1850 1954 1902 1991 ν.
1932 1939 1998 1991 ad
2028 1956 2081 1993 ιι.
2110 1942 2352 1994 anteced.
2382 1972 2450 1980 ——
2472 1942 2654 1995 Basilii
2687 1942 2757 1996 Μ.
2788 1944 2936 1997 hom.
2971 1943 3043 1997 De
3070 1944 3296 2010 inuidia,
3318 1944 3413 1999 Gr.

1850 2041 1902 2083 et
1930 2028 2049 2084 Lat.
2083 2046 2148 2084 ex
2176 2046 2314 2085 vers.
2351 2031 2557 2087 Daniel.
2588 2034 2860 2101 Augentii.
2897 2033 3069 2088 Paris.
3099 2051 3185 2105 ap.
3220 2036 3405 2091 Morel.

1850 2122 2009 2186 1586,
2050 2123 2134 2175 40.
2178 2125 2297 2178 Vid.
2336 2123 2521 2177 PineIIi
2547 2123 2666 2177 Cat.
2707 2124 2747 2187 I,
2778 2139 2899 2195 pag.
2932 2127 3021 2181 55.
3056 2138 3197 2181 —et
3241 2130 3411 2183 Maitt.

1848 2210 1937 2275 llI,
1976 2228 2027 2282 p.
2072 2212 2195 2268 795.
2240 2243 2310 2253 —
2357 2214 2686 2269 Censorinus
2730 2244 2803 2257 —-
2834 2215 3049 2272 Cebetis
3099 2219 3275 2274 tabula
3321 2237 3417 2291 per

1848 2301 2052 2356 Lodov.
2091 2304 2296 2358 Odoax.
2342 2321 2372 2358 e
2415 2304 2603 2359 Graeco
2651 2322 2953 2378 conversa;
2989 2311 3310 2367 Plutarchus
3343 2312 3419 2369 De

1847 2393 2044 2446 invidia
2073 2404 2120 2448 et
2169 2397 2289 2448 odio
2312 2412 2328 2457 ,°
2355 2395 2544 2449 Basilii
2570 2414 2647 2450 or.
2686 2399 2758 2453 De
2802 2402 3003 2456 inuidia
3036 2420 3127 2473 per
3158 2401 3280 2459 Nic.
3315 2405 3416 2460 Pe-

1847 2493 2041 2537 rottnm
2082 2488 2354 2549 traducta;
2391 2488 2578 2542 Basilii
2604 2492 2755 2560 epist.
2798 2494 2870 2548 De
2905 2498 3009 2549 vita
3045 2498 3286 2552 solitaria
3323 2513 3419 2568 per

1846 2574 2183 2646 Pbilelphnm
2212 2589 2265 2632 et
2293 2578 2479 2636 Graeco
2509 2584 2771 2649 traducta,
2805 2600 2851 2641 ε.
2884 2587 2921 2640 l.
2948 2597 3001 2642 et
3027 2604 3079 2653 a,
3111 2590 3161 2643 4.
3191 2591 3321 2645 min.
3348 2591 3411 2646 V.

1847 2670 2025 2726 Fossii
2056 2674 2226 2729 Catal.
2258 2678 2414 2731 codd.
2441 2708 2500 2718 —
2539 2678 2789 2751 Magliab.
2815 2682 2856 2749 I,
2889 2700 2941 2753 p.
2968 2685 3063 2741 5H
3094 2701 3177 2756 sq.
3208 2687 3284 2742 De
3308 2686 3414 2743 alia

1847 2765 1976 2820 edit.
2023 2766 2220 2822 Benon.
2268 2769 2405 2823 1197
2436 2786 2485 2825 v.
2524 2773 2589 2824 ad
2626 2791 2679 2825 n.
2716 2774 2804 2829 24.
2845 2809 2915 2818 --
2955 2779 3301 2836 Censorinus.
3346 2812 3416 2825 --

1844 2847 2058 2902 Cebetis
2089 2852 2265 2904 tabula
2288 2883 2356 2891 —
2386 2852 2557 2908 Basil.
2587 2856 2664 2909 De
2693 2859 2890 2914 invidia
2914 2869 2968 2916 et
2998 2863 3074 2917 De
3098 2866 3201 2918 vita
3230 2867 3416 2921 solita-

1846 2939 1949 3001 ria,
1985 2938 2106 2994 Lat.
2138 2953 2247 2997 etc.
2275 2942 2468 2998 Venet.
2500 2962 2594 3014 per
2620 2948 2939 3006 Bernardiu.
2967 2954 3033 3009 de
3059 2954 3219 3012 Vital.
3252 2956 3412 3026 1500,

1845 3032 1920 3087 4ο.
1952 3031 2013 3088 V.
2044 3034 2213 3089 Maitt.
2240 3037 2327 3103 IV,
2353 3053 2474 3108 pag.
2506 3039 2608 3094 720
2639 3059 2719 3111 sq.
2741 3047 2942 3101 —Cel.
2976 3047 3198 3105 Panzer.
3228 3056 3290 3106 Α.
3326 3052 3412 3118 Τ.,

1771 3151 1813 3208 C
1850 3123 1957 3187 VII,
1990 3140 2041 3193 p.
2084 3126 2209 3191 270,
2244 3145 2297 3181 ιι.
2331 3130 2452 3194 125,
2497 3134 2800 3189 versionem
2838 3136 3154 3195 Craneveld.
3192 3152 3246 3195 et
3278 3144 3410 3198 edit.

1845 3220 2012 3275 refert
2036 3240 2095 3276 ex
2138 3225 2248 3278 Val.
2284 3227 2450 3280 Andr.
2483 3228 2623 3283 Bibl.
2670 3231 2899 3303 Bclgic.,
2927 3250 3045 3306 pag.
3076 3237 3203 3302 227,
3244 3242 3310 3294 ad
3345 3242 3410 3295 A.

1843 3312 2004 3376 1554,
2040 3313 2115 3368 8°.
2146 3313 2316 3369 Inscr.
2365 3326 2493 3371 est:
2536 3319 2727 3374 Basilii
2766 3324 2844 3376 Μ.
2885 3325 3114 3381 hami/ia:
3159 3339 3285 3383 tres.
3334 3333 3412 3385 De

1840 3406 2067 3459 utilitate
2114 3408 2368 3475 capienda
2402 3427 2466 3465 ex
2501 3414 2772 3482 gentilium
2816 3430 3092 3472 auctorum
3134 3422 3303 3476 libris.
3336 3423 3411 3479 De

1838 3498 2057 3551 invidia.
2096 3496 2163 3551 In
2196 3500 2329 3556 illud
2364 3518 2383 3558 :
2421 3523 2441 3557 ι
2485 3504 2704 3560 Attende
2749 3508 2841 3561 tibi
2883 3512 3004 3580 ipsi.
3048 3531 3064 3563 ι
3095 3512 3286 3568 Latine
3319 3532 3414 3585 per

1836 3588 2032 3645 Franc.
2072 3592 2387 3650 Craneveld.
2439 3597 2641 3651 Lovan.
2685 3614 2752 3653 ex
2800 3600 2890 3655 all.
2941 3603 3163 3671 Rntgeri
3206 3605 3407 3662 Rescii.

1837 3680 1992 3735 1554.
2034 3713 2101 3722 -
2129 3683 2316 3738 Basilii
2351 3686 2427 3741 Μ.
2466 3705 2527 3740 ac
2567 3688 2837 3743 Plutarchi
2873 3691 2948 3746 De
2996 3693 3192 3746 inuidia
3246 3705 3293 3748 et
3323 3697 3408 3749 di-

1835 3773 2074 3826 scrimine
2096 3775 2303 3829 invidiae
2330 3787 2377 3829 et
2406 3779 2534 3841 odii,
2567 3792 2723 3836 oratt.
2765 3782 2847 3835 ΙΙ.
2883 3782 3101 3853 Leipzk.
3137 3784 3293 3851 1507,
3329 3788 3405 3842 4⁸.

1833 3893 1904 3903 —
1928 3865 2246 3921 Athanasius
2278 3870 2332 3921 in
2364 3868 2565 3925 Psalm.
2609 3890 2786 3937 opusc.
2817 3903 2888 3915 --
2916 3876 3180 3944 Epicteti,
3208 3882 3406 3948 Angela

1836 3953 2102 4011 Politiano
2141 3960 2434 4028 interprete.
2478 3963 2669 4017 Basilii
2713 3977 2847 4023 orat.
2884 3966 2957 4023 De
3000 3970 3231 4034 invidia,
3279 3972 3404 4029 Nic.

1835 4044 2047 4101 Perauo
2099 4051 2397 4118 interprete.
2448 4055 2790 4122 Plutarchus,
2837 4068 2966 4122 etc.,
2999 4062 3290 4130 Argentor.
3338 4077 3409 4119 ex

1833 4144 1925 4198 all.
1952 4144 2137 4197 Matth.
2173 4145 2427 4201 Schurer.
2463 4148 2619 4210 1508,
2645 4150 2718 4205 4ο.
2749 4150 2878 4205 Vide
2907 4152 3129 4216 Panzer,
3161 4153 3247 4218 VI,
3283 4171 3403 4225 pag.

1832 4235 1923 4300 42,
1950 4254 2002 4290 ιι.
2044 4237 2165 4295 151.
2198 4240 2389 4294 Exstat
2432 4241 2485 4294 in
2534 4242 2658 4295 XIX
2697 4245 2852 4299 codd.
2888 4246 3017 4300 bibl.
3046 4247 3193 4315 publ.
3228 4248 3403 4305 Paris.

1831 4328 2007 4384 Hanc.

1904 4425 1989 4476 1'2.
2031 4424 2123 4486 Εἰς
2153 4425 2249 4496 τὴν
2276 4425 2449 4496 ἀρχὴν
2480 4429 2589 4482 τῶν
2620 4432 2959 4503 Παροιμιῶν,
2989 4434 3057 4488 1η
3090 4436 3403 4504 principium

164 4496 423 4552 Gallicam
473 4504 771 4555 versionem
814 4521 1065 4561 excusant
1110 4509 1431 4582 Itotbomag.
1461 4511 1619 4574 1584,
1654 4511 1727 4565 8°.
1765 4500 1806 4552 ί)
1836 4514 2262 4570 Proverbiurum.
2295 4516 2489 4587 [Garn.
2523 4522 2583 4585 II,
2610 4541 2662 4592 μ.
2690 4496 2779 4589 97,
2802 4496 3161 4599 ὀιαῖιιιοίρίι
3189 4544 3203 4581 :
3239 4496 3403 4598 ’Aya-

169 4589 327 4647 Fasti.
366 4592 571 4646 Multus
621 4604 703 4647 est
749 4596 816 4650 de
874 4599 973 4650 hac
1021 4603 1163 4655 born.
1209 4604 1522 4659 Schuetle
1568 4607 1602 4659 l.
1657 4622 1729 4670 c.,

166 4698 214 4750 p.
243 4686 346 4740 194
381 4703 509 4755 sqq.
544 4718 611 4728 —
645 4686 829 4743 Exstat
857 4689 909 4743 in
944 4689 1082 4744 XVII
1111 4696 1269 4750 codd.
1305 4696 1433 4751 bibl.
1465 4699 1607 4766 publ.
1635 4698 1734 4752 Pa-

168 4776 253 4828 ris.
279 4806 349 4816 --
372 4777 619 4833 Florent.
657 4781 707 4833 in
737 4780 856 4836 cod.
882 4781 1136 4838 Laurent.
1164 4786 1300 4853 XVI,
1328 4806 1381 4843 ιι.
1407 4790 1496 4857 2:2,
1521 4791 1652 4863 plut.
1678 4794 1727 4849 7.

167 4864 430 4929 (Bandin.
468 4865 506 4928 I,
538 4884 590 4934 p.
619 4868 783 4939 28$.)
826 4871 995 4927 ΙΙΑιιι..

226 4956 311 5011 10.
354 4957 522 5012 Κατὰ
562 4959 947 5031 ὀργιζομένων,
977 4965 1048 5020 De
1071 4968 1151 5021 ira
1173 5009 1186 5033 ,
1218 4970 1331 5023 sive
1357 4974 1603 5030 adversus
1630 4978 1732 5031 ira-

163 5061 347 5102 scentes
392 5051 602 5124 [Cari].
638 5053 697 5115 II,
741 5070 789 5121 p.
993 5058 1182 5131 Incipit
1224 5081 1236 5115 :
1268 5063 1477 5135 Ὥσπερ
1504 5068 1595 5120 ἐπὶ
1622 5070 1729 5123 τῶν

170 5139 421 5209 ἰατρικῶν
461 5144 953 5216 παραγγελμάτων.
991 5149 1280 5209 Verterunt
1310 5158 1468 5212 iidem
1490 5157 1731 5215 Volater-

165 5246 318 5285 ratius
351 5244 406 5287 et
445 5234 760 5292 Carnarius.
801 5240 1006 5295 Prodiit
1046 5255 1100 5297 et
1136 5249 1426 5316 separatim
1460 5249 1646 5305 Grazce
1678 5263 1730 5305 et

165 5321 270 5379 Lat.
302 5324 489 5381 Paris.
528 5329 686 5397 1587,
732 5332 804 5396 4ο,
847 5347 966 5387 cum
999 5336 1444 5405 interpretatione
1478 5342 1727 5399 Gentiani

164 5412 391 5473 Herveti.
426 5417 595 5474 Fusa.
640 5423 679 5474 Α
720 5423 987 5478 Maittaire
1016 5428 1083 5480 Α.
1118 5426 1200 5490 Τ.,
1242 5431 1323 5495 Ill,
1358 5449 1409 5501 p.
1443 5432 1559 5501 798,
1594 5439 1724 5490 edit.

165 5504 233 5559 sic
259 5511 617 5579 designatur:
646 5511 836 5569 Basilii
869 5515 945 5569 Μ.
979 5519 1118 5572 Ιιοηι.
1151 5522 1399 5576 adversus
1429 5525 1725 5595 irascentes,

165 5594 247 5651 Gr.
278 5613 322 5655 et
351 5604 478 5658 Lat.
501 5604 780 5674 interprete
812 5609 950 5662 Dan.
980 5612 1251 5681 Augentio,
1279 5631 1393 5668 cum
1425 5617 1538 5686 ejus
1568 5594 1723 5674 notis.

166 5686 320 5778 balet.
348 5711 436 5763 ap.
470 5693 605 5749 Fed.
632 5697 821 5754 Morel.
846 5701 999 5766 1587,
1022 5702 1169 5758 4⁶.-
1186 5705 1319 5761 Ibid.
1352 5723 1477 5763 vero
1497 5726 1550 5778 p.
1582 5710 1683 5763 ’5⁸50
1710 5730 1723 5767 :

166 5776 394 5839 (ἔειπιὶαηί
439 5785 655 5846 Herveti
682 5801 844 5846 oratt.
883 5804 1003 5865 tres,
1035 5794 1113 5854 De
1139 5799 1410 5867 patientia,
1442 5776 1568 5875 etc.,
1604 5806 1723 5859 item

1834 4604 1925 4669 Οὺς
1949 4608 1976 4659 ὁ
2002 4611 2097 4679 τῆς
2121 4608 2432 4675 εὐπειθείας
2460 4614 2668 4683 μισθός.
2698 4616 2988 4671 Verterunt
3016 4616 3404 4675 Volaterranus

1832 4705 1887 4746 et
1921 4696 2233 4751 Carnarius.
2272 4698 2464 4755 Exstat
2492 4704 2547 4756 in
2575 4704 2670 4759 XII
2697 4709 2851 4762 codd.
2880 4707 3008 4761 bibl.
3037 4708 3183 4779 publ.
3226 4708 3398 4769 Paris.

1832 4785 2005 4841 Hanc.

1912 4881 1996 4933 1'5.
2037 4882 2414 4957 Προτρεπτικὴ
2435 4889 2514 4950 εἰς
2533 4889 2591 4941 τὸ
2620 4890 2771 4956 ἅγιον
2794 4889 3105 4963 Βάπτισμα,
3130 4894 3398 4949 Exhorta-

1829 4972 1901 5024 tio
1932 4975 1999 5025 atl
2029 4973 2343 5041 baptismum
2376 4990 2423 5031 et
2457 4982 2831 5047 pauitantiam.
2866 4983 3075 5055 [ϐοτη.
3111 4987 3175 5047 II,
3205 5004 3256 5055 p.
3298 4990 3409 5043 115,

1829 5081 1950 5137 sqq.
1976 5067 1991 5138 ]
2019 5064 2208 5136 Incipit
2245 5092 2254 5124 :
2299 5072 2358 5123 '0
2387 5074 2483 5141 μὲν
2524 5074 2684 5141 σοφὸς
2710 5076 2977 5146 Σολομὼν.
3029 5079 3197 5132 Vertit
3236 5078 3395 5135 Vola-

1832 5166 2098 5212 terranus.
2136 5157 2266 5229 [Est
2306 5164 2355 5215 in
2383 5163 2571 5218 XXXV
2614 5167 2767 5219 codd.
2797 5169 2960 5224 Paris.
2999 5169 3127 5224 bibl.
3160 5173 3306 5240 publ.
3344 5188 3399 5230 et

1828 5249 1881 5303 in
1912 5253 2029 5305 cod.
2057 5252 2280 5310 Coislin.
2313 5253 2421 5318 CV,
2455 5271 2507 5309 η.
2538 5257 2694 5311 ‘28.V.
2722 5258 3009 5317 Μυιιιΐςιιιε.
3036 5262 3173 5319 Bibl.
3208 5265 3394 5330 Caisl.,

1829 5358 1881 5411 p.
1908 5344 2027 5397 179.
2058 5343 2114 5396 In
2141 5347 2261 5401 Cat.
2287 5348 2445 5401 codd.
2475 5348 2646 5405 Paris.
2680 5352 2808 5403 iOItl.
2836 5351 2896 5416 Il,
2922 5370 3041 5422 pag.
3073 5354 3161 5421 67,
3193 5356 3245 5408 in
3270 5360 3392 5413 cod.

1829 5434 2150 5502 CDLXXVI,
2190 5456 2241 5491 ιι.
2276 5440 2362 5503 18,
2399 5444 2659 5511 scriptum
2695 5455 2777 5499 est
2806 5447 2873 5500 ab
2902 5450 3120 5515 antiqua
3156 5464 3336 5515 manu,
3364 5466 3393 5501 η

1830 5527 2216 5595 slylojudicari
2240 5546 2417 5599 posse,
2444 5543 2583 5586 orat.
2612 5537 2754 5590 illam
2789 5554 2894 5591 non
2928 5553 3047 5592 esse
3075 5555 3389 5611 genitalium

1828 5618 2013 5673 Basilii
2064 5622 2245 5675 fetum.
2284 5625 2511 5678 Additur
2556 5642 2571 5681 :
2614 5630 2796 5698 Neque
2853 5632 2978 5685 illud
3031 5643 3267 5701 temere;
3309 5646 3393 5692 est

1828 5713 1970 5765 enim
2007 5712 2190 5783 Cyrilli
2225 5714 2485 5771 Ilierosol.
2523 5724 2942 5788 procatechesis.
2984 5724 3180 5798 11Αιιι..]

1898 5804 1983 5861 14.
2025 5805 2177 5863 Κατὰ
2214 5807 2537 5881 μεθυόντων,
2570 5812 2637 5870 In
2666 5815 2961 5873 ebrietatem
2994 5826 3041 5873 et
3069 5816 3267 5875 luxum.
3293 5814 3388 5875 Ia~
