4080 6314
696 382 851 425 «ειη

2052 364 2585 425 PBOLEGOMENA.

692 482 828 549 cipit
863 496 876 533 :
904 479 1060 532 Κινεῖ
1093 477 1193 549 μέν
1221 494 1285 549 με
1312 477 1449 548 πρὸς
1473 478 1565 532 τὸν
1589 480 1762 549 λόγον.
1797 479 1815 551 [
1839 480 2003 535 Carn.
2042 480 2106 545 II,
2136 496 2248 552 pag.

2366 490 2418 533 et
2451 479 2517 533 de
2557 477 2670 548 ipsa
2717 478 2961 548 homiiis,
3006 495 3167 550 quam
3213 481 3285 536 ita
3323 481 3618 553 elegantem
3659 491 3713 536 et
3748 496 3913 537 orna-

694 573 799 629 122
836 570 995 643 sqq.]
1027 569 1201 625 Vertit
1231 570 1641 635 Volaterrauus,
1666 586 1787 625 cum
1817 574 1965 641 cujus
1991 573 2254 641 interpre-

692 664 896 718 tatione
926 662 1217 730 separatim
1262 660 1427 716 etiam
1461 661 1659 730 prodiit
1704 662 1817 715 haec
1849 662 2063 716 humilia
2105 660 2256 715 Kilo-

691 757 795 811 nite
822 754 980 819 I675,
1011 755 1087 818 ι’,
1116 752 1382 819 adjunctis
1416 752 1538 807 aliis
1571 752 1854 806 ebrietatis
1882 753 2256 822 descriptioni-

688 847 790 902 bus
807 845 1303 901 etaccusationibus
1326 844 1593 897 variorum
1611 845 1931 913 scriptorum
1950 843 2255 899 Graecorum

687 938 1130 1009 Latinorumque.
1203 936 1593 1008 Interpretatus
1666 947 1861 1005 praeter
1929 938 2253 991 Cornarium

691 1033 851 1086 etiam
878 1040 961 1085 est
990 1029 1308 1085 Franciscus
1335 1028 1736 1093 Craneveldius,
1770 1028 1969 1082 Lovan.
1996 1029 2149 1089 1558.
2178 1029 2257 1093 8°,

690 1132 744 1178 et
767 1123 951 1178 Simon
971 1121 1209 1177 Stenius.
1234 1120 1570 1190 Heidelberg.
1597 1121 1754 1185 1594,
1772 1120 1840 1175 8°.
1861 1120 2026 1175 FABIt.
2049 1122 2255 1174 Secun-

688 1214 813 1269 dum
832 1214 1096 1269 Maittaire
1114 1215 1177 1268 Α.
1201 1213 1260 1269 Τ.
1280 1216 1331 1267 in
1350 1215 1543 1273 indice.
1560 1214 1749 1282 p.117,
1763 1214 2096 1267 Craneveltlii
2111 1229 2254 1268 vers.

687 1306 809 1362 Lat.
832 1308 980 1375 proili
1010 1306 1251 1361 tLovan.
1277 1320 1339 1359 ex
1360 1305 1448 1359 ull‘.
1474 1305 1693 1374 Rutgeri
1717 1306 1888 1359 Rescii
1920 1304 2075 1369 1535,
2098 1306 2256 1358 8°.—

687 1396 887 1452 Eadem
902 1439 911 1451 .
925 1396 1116 1452 Graece
1133 1439 1144 1463 ,
1162 1398 1233 1450 ib.
1257 1396 1409 1460 1555,
1429 1405 1499 1450 δ’.
1514 1395 1655 1449 Idem
1682 1396 2251 1450 testaturcel.Puuzer.

686 1490 754 1543 Α.
779 1493 833 1544 Τ.
857 1487 966 1551 VII,
991 1504 1109 1559 pag.
1132 1488 1259 1552 269,
1286 1505 1331 1541 ιι.
1371 1487 1490 1544 114,
1519 1496 1643 1555 etp.
1671 1484 1776 1538 2ἷο
1826 1502 1880 1540 n.
1907 1486 2252 1542 1‘25.—Basi-

688 1581 746 1634 lii
791 1590 932 1636 orat.
977 1582 1030 1634 in
1073 1581 1394 1644 ebrietatem,
1450 1577 1650 1633 Jacubo
1706 1578 1880 1631 Fabro
1939 1579 2251 1646 interprete.

686 1672 990 1727 Daventriae
1035 1688 1130 1741 per
1156 1673 1360 1725 'l‘heod.
1404 1670 1619 1725 Bcerne.
1664 1670 1819 1735 1510,
1858 1669 1932 1723 4°.
1976 1670 2037 1725 V.
2069 1668 2251 1724 Thott.

688 1766 866 1821 Catai.
891 1764 1001 1828 VII,
1036 1779 1158 1835 pag.
1186 1764 1305 1818 124.
1336 1791 1403 1803 --
1430 1762 1721 1829 Descriptio
1754 1762 2038 1823 ebrietatis,
2063 1761 2114 1814 in
2144 1760 2254 1813 col-

2363 580 2472 625 tam
2496 585 2617 626 esse
2638 569 2865 642 judicat,
2894 582 2953 627 ut
2979 571 3095 643 ejus
3121 582 3324 637 auctor,
3350 576 3657 644 quicunque
3677 575 3766 631 ille
3793 575 3910 642 fuit,

2356 665 2689 733 prtecipuum
2736 664 2911 720 locum
2959 667 3095 721 inter
3125 676 3371 722 oratores
3407 668 3602 723 mereri
3639 668 3911 732 videatur;

2357 763 2635 823 comparat
2669 771 2789 809 eam
2825 772 2946 811 cum
2989 757 3097 823 illa,
3130 773 3248 827 quas
3280 759 3379 813 sub
3410 758 3777 829 Cbrysostomi
3819 774 3914 813 no~

2358 848 2502 902 mine
2546 846 2951 914 circumfertur,
2985 858 3040 902 et
3078 851 3308 922 colligit,
3340 851 3621 921 utriusque
3650 851 3912 907 orationis

2359 954 2521 993 unum
2555 948 2611 993 et
2637 940 2883 995 eumdem
2930 955 3053 996 esse
3091 953 3401 1009 auctorem,
3436 959 3497 997 ac
3538 946 3908 1013 posteriorem,

2359 1031 2511 1100 quasi
2536 1031 2752 1099 prioris,
2769 1031 3161 1103 Cbrysostomo
3186 1033 3417 1101 tributae,
3442 1035 3735 1105 epitomen,
3758 1045 3912 1102 atque

2357 1120 2658 1176 Antiochiae
2722 1123 3000 1188 habitam,
3056 1122 3438 1195 Chrysostomo
3495 1140 3707 1195 quoque
3757 1140 3912 1194 posse

2357 1210 2648 1276 vindicari,
2706 1213 2895 1267 saltem
2952 1212 3152 1268 Basilio
3206 1230 3309 1268 nun
3356 1217 3720 1268 asserendam.
3776 1214 3909 1267 Add.

2357 1300 2675 1357 Sciit-terkb.
2705 1302 2740 1356 I.
2771 1318 2843 1366 c.,
2876 1319 2997 1373 pag.
3032 1303 3134 1358 190
3156 1319 3237 1373 sq.
3280 1333 3351 1344 —
3374 1302 3497 1359 Iizec
3524 1303 3762 1369 liomilia,
3786 1304 3911 1357 item

2354 1391 2421 1447 In
2445 1410 2496 1448 si
2516 1404 2801 1464 martyres;
2820 1394 3013 1448 Contra
3038 1396 3337 1462 irascentes,
3357 1406 3411 1450 et
3432 1396 3534 1449 illa:
3555 1397 3607 1449 in
3636 1394 3791 1450 Luca
3813 1412 3908 1461 sit,

2354 1487 2444 1551 18,
2479 1506 2498 1539 ι
2527 1491 2798 1541 destruam
2830 1486 3017 1539 horrea
3044 1504 3180 1553 mea,
3216 1508 3235 1541 s
3264 1499 3426 1558 atque
3456 1490 3507 1541 in
3537 1487 3667 1540 Luc.
3696 1503 3827 1555 xm,
3853 1489 3909 1554 5,

2359 1597 2378 1630 ι
2415 1580 2622 1632 attende
2649 1579 2742 1631 tibi
2781 1578 2903 1646 ipsi,
2947 1596 2966 1629 ι
3011 1588 3134 1631 sunt
3161 1580 3320 1633 etiam
3347 1582 3399 1632 in
3431 1578 3638 1632 Patusa:
3667 1575 3911 1647 Encyclo-

2352 1672 2525 1739 ptedia
2557 1669 2809 1739 philolog.
2840 1669 3031 1725 Venet.
3068 1670 3223 1731 1710,
3249 1672 3321 1731 8°,
3366 1670 3471 1723 vol.
3513 1670 3576 1724 II.
3616 1699 3687 1711 σ-
3727 1669 3911 1723 Esstat

2356 1762 2443 1816 illa
2478 1763 2622 1817 hom.
2651 1764 2701 1816 in
2735 1759 2830 1815 XII
2860 1761 3016 1815 codd.
3048 1759 3222 1814 Paris.
3254 1760 3425 1813 ΗΑιιι..

690 1855 921 1910 lectione
954 1856 1209 1924 inscripta
1238 1873 1251 1908 :
1282 1851 1762 1921 Francofordiense
1788 1854 2092 1919 emporium.
2127 1852 2248 1919 Ejus

2425 1854 2513 1907 19.
2555 1853 2650 1916 Εἰς
2699 1854 2951 1927 μάρτυρα
2992 1852 3236 1925 Γόρδιον,
3272 1850 3339 1905 In
3383 1851 3667 1917 Gordium,
3714 1863 3912 1922 marty-

687 1944 991 1998 encomium
1028 1961 1041 1997 :
1067 1972 1139 1984 —
1164 1972 1233 1983 -—
1264 1942 1664 2011 Methysomisia
1692 1951 1912 1995 auctore
1941 1940 2105 1994 lleur.
2134 1940 2254 1994 Ste-

685 2039 885 2104 phano.
926 2036 1326 2105 Epigrammata
1360 2050 1425 2089 ex
1455 2034 1764 2099 antliologia
1795 2042 1982 2086 contra
2016 2033 2253 2087 ebrieta-

690 2136 816 2189 tem,
849 2140 972 2180 cum
1014 2124 1134 2179 Lat.
1164 2123 1281 2179 Jos.
1317 2122 1573 2192 Scaligeri
1608 2123 2072 2190 interpretatione.
2103 2121 2256 2176 Liba-

688 2219 761 2271 nii
791 2218 1071 2285 descriptio
1113 2218 1379 2269 ebrietatis
1419 2226 1472 2269 et
1514 2215 1721 2275 Basilii,
1750 2215 1847 2271 Cr.
1890 2225 1944 2269 et
1983 2214 2103 2269 Lat.
2143 2215 2249 2270 Lu-

683 2309 826 2363 etani
872 2318 1033 2361 oratt.
1074 2324 1168 2377 pro
1203 2308 1448 2361 ebrietate
1481 2316 1528 2360 et
1568 2320 1748 2358 contra
1787 2307 2119 2371 ebrietatem,
2145 2316 2249 2360 etc.

682 2401 828 2471 typis
856 2400 1018 2454 lleur.
1052 2399 1312 2468 Stephani
1349 2397 1505 2461 1571,
1542 2398 1616 2452 8°.
1647 2428 1716 2439 —
1751 2396 1902 2453 Orat.
1930 2409 2012 2453 est
2052 2399 2101 2451 in
2134 2396 2249 2451 XVI

682 2490 840 2543 codd.
882 2490 1011 2543 bibl.
1048 2490 1193 2557 pubi.
1237 2490 1410 2545 Paris.
1437 2520 1508 2531 —
1554 2492 1606 2544 in
1642 2492 1760 2545 cod.
1802 2489 2023 2545 Taurin.
2064 2488 2249 2551 CXVI,

682 2581 778 2637 fol.
812 2581 899 2636 12.
934 2583 995 2637 V.
1022 2581 1140 2638 Cat.
1174 2585 1327 2637 codd.
1357 2583 1449 2639 Gr.
1491 2583 1679 2645 Taur.,
1706 2601 1757 2651 p.
1781 2583 1907 2645 2l9,
1938 2593 2042 2637 etc.
2077 2583 2247 2637 ΙΙΑιιι..

751 2675 839 2730 15.
880 2678 1015 2746 Περὶ
1050 2678 1302 2739 πίστεως,
1344 2677 1416 2730 De
1442 2677 1566 2742 ﬁde,
1596 2677 1709 2730 sive
1742 2674 1818 2727 De
1857 2673 2131 2729 Trinitate.
2163 2675 2249 2729 ln-

681 2763 812 2834 cipit
858 2783 871 2818 :
909 2765 1046 2819 Θεοῦ
1099 2768 1410 2837 μεμνῆσθαι
1457 2768 1556 2841 μὲν
1602 2768 1884 2841 διηνεκῶς.
1931 2766 2145 2839 [Carm
2187 2766 2247 2834 II,

681 2872 803 2927 pag.
846 2857 971 2921 150,
1006 2870 1110 2914 etc.
1144 2860 1153 2931 [
1200 2862 1485 2915 Vet'tcrunt
1527 2859 1911 2916 Volaterranus
1955 2873 2008 2915 et
2041 2860 2250 2916 Corna-

680 2949 813 3002 rius.
847 2948 981 3021 [Est
1022 2952 1072 3004 in
1114 2950 1275 3005 XVIII
1326 2955 1479 3008 con.
1526 2952 1698 3008 Paris.
1737 2954 1865 3010 bibi.
1916 2954 2053 3011 Add.
2088 2953 2249 3009 Larn-

679 3038 823 3102 bec.,
851 3038 939 3104 Ill,
974 3056 1025 3110 p.
1058 3042 1181 3105 557,
1214 3043 1363 3115 etc.]

749 3129 835 3184 16.
874 3131 967 3196 Εἰς
992 3130 1089 3202 τὴν
1124 3133 1295 3205 ἀρχὴν
1316 3133 1413 3186 τοῦ
1444 3133 1585 3186 κατὰ
1621 3134 1870 3207 Ἰωάννην
1896 3139 2245 3209 Εὐαγγελίου,
2273 3168 2314 3226 c

681 3223 750 3277 In
796 3229 965 3294 prima
1017 3235 1166 3280 verba
1206 3228 1478 3296 Evangelii
1518 3228 1763 3285 Ioannis.
1798 3231 1983 3305 Incipit
2031 3253 2044 3289 :
2088 3237 2244 3291 Πᾶσα

682 3316 783 3386 μὲν
807 3318 837 3388 ή
866 3316 975 3371 τῶν
1000 3318 1345 3387 Εὑαγγελὶων
1371 3321 1541 3391 φωνή.
1575 3319 1762 3393 [Carm
1790 3323 1853 3390 II,
1880 3344 1932 3396 ιι.
1965 3328 2085 3391 151,
2110 3328 2242 3401 etc.]

684 3409 979 3467 Vertcrunl
1026 3413 1210 3467 iidem.
1248 3412 1461 3468 Citutur
1494 3430 1523 3467 a
1558 3414 1885 3487 Pachymere
1912 3419 2147 3478 Procem.
2176 3423 2244 3478 ad

681 3501 997 3570 Dionysium
1027 3504 1223 3569 AreOp.
1258 3500 1391 3571 [Est
1424 3503 1474 3554 in
1508 3501 1597 3554 XV
1625 3508 1781 3561 codd.
1815 3507 1987 3562 Paris.
2013 3509 2032 3581 ]

749 3593 770 3667 [
799 3591 1054 3663 Sequitur
1089 3594 1141 3649 in
1186 3595 1498 3649 recensione
1522 3593 1737 3650 Fabric.
1770 3612 1823 3653 n.
1854 3597 1941 3661 17,
1974 3599 2118 3651 hom.
2148 3598 2245 3660 Εἰς

675 3687 738 3740 τὸ
764 3687 917 3755 ἅγιον
939 3687 1238 3759 βάπτισμαο
1266 3689 1357 3741 sed
1376 3688 1624 3745 Garnier.
1652 3688 1838 3757 rejecit
1860 3703 1978 3744 eam
1997 3705 2115 3759 pag.
2142 3689 2245 3747 583

680 3776 823 3831 inter
850 3778 1029 3845 spuria
1055 3777 1236 3832 Basilii
1260 3793 1409 3849 opp.,
1436 3790 1493 3834 ut
1523 3795 1619 3835 suo
1652 3780 1768 3837 loco
1796 3781 2042 3853 pluribus
2063 3790 2243 3836 osten-

679 3867 890 3923 demus.
931 3868 1095 3923 ΙΙΑιιι..
1121 3868 1138 3942 ]

750 3958 860 4033 [17.
903 3963 996 4025 Εἰς
1018 3962 1079 4014 τὸ
1104 3964 1256 4029 ἄτιον
1280 3962 1582 4035 βάπτισμα,
1606 3963 1672 4018 1η
1694 3975 1935 4019 sanctum
1962 3968 2238 4035 baptisma,

678 4056 861 4122 spuria
896 4054 1131 4106 humilia.
1151 4052 1170 4125 ]

752 4146 838 4201 18.
871 4146 965 4210 Εἰς
1000 4145 1258 4218 Βαρλαὰμ
1302 4148 1580 4219 μάρτυρα,
1624 4147 1689 4201 In
1732 4148 2101 4214 Barlaamum,
2138 4150 2242 4204 An-

678 4240 1007 4305 tiOt-benum,
1058 4251 1358 4310 martyrem.
1397 4238 1590 4309 Incipit
1635 4258 1647 4293 :
1698 4240 1965 4311 Πρότερον
2002 4242 2101 4313 μὲν
2133 4241 2240 4295 τῶν

680 4331 849 4399 ἁγίων
893 4332 941 4383 οἱ
973 4330 1208 4385 θάνατοι.
1240 4330 1444 4403 [Carm
1476 4333 1540 4395 Il,
1582 4349 1633 4401 p.
1668 4331 1769 4385 158
1811 4332 1969 4405 sqq.]
2002 4334 2241 4389 Meminit

680 4420 1119 4494 MarterIOgium
1160 4423 1458 4477 Romanum
1490 4426 1555 4480 19
1582 4426 1717 4483 Nov.
1744 4424 1937 4480 Sttitlas
1976 4427 2028 4478 in
2060 4428 2240 4481 Βασι-

2355 1961 2486 2008 rem,
2543 1947 2765 2000 militem
2821 1946 3230 2000 Ca'sariensem.
3283 1943 3476 2013 Incipit
3515 1962 3528 1997 :
3574 1944 3754 2014 Νόμος
3796 1946 3912 1999 ἐστὶ

2356 2034 2570 2104 φύσεως
2594 2037 2713 2098 ταῖς
2748 2035 3026 2105 μελίσσαις
3061 2034 3250 2107 [ὕει-ιι.
3278 2034 3342 2100 ιι,
3371 2050 3423 2105 p.
3456 2034 3549 2088 1H
3583 2033 3741 2105 sqq.]
3778 2033 3909 2089 Ver-

2355 2133 2535 2177 terunt
2578 2124 2957 2179 Volaterranus
2999 2136 3051 2179 et
3085 2124 3399 2180 Cornarius.
3442 2122 3684 2177 Meminit
3712 2122 3912 2194 Marty-

2354 2216 2619 2287 rologium
2645 2213 2945 2269 Romanum
2972 2216 3005 2269 5
3030 2214 3152 2271 Jan.
3188 2215 3550 2271 Damascenus
3577 2216 3629 2269 in
3658 2212 3909 2268 Par-alle-

2351 2308 2415 2361 lis
2448 2317 2500 2362 et
2551 2307 2745 2362 Suidas
2796 2308 2848 2362 in
2894 2308 3230 2375 Βασίλειος.
3278 2309 3470 2364 Exstat
3509 2310 3672 2363 etiam
3719 2306 3912 2361 Latine

2350 2396 2490 2466 apud
2520 2396 2834 2452 Boliaudum
2866 2411 2920 2453 et
2955 2398 3171 2453 Surium
3234 2400 3300 2453 ad
3329 2400 3363 2453 5
3387 2399 3606 2453 Januar.
3646 2414 3710 2453 ex
3755 2391 3915 2453 Vola-

2353 2489 2557 2544 terrani
2604 2492 2871 2545 versione.
2924 2491 3090 2547 FABR.
3144 2490 3432 2559 Reperitur
3478 2492 3529 2544 in
3586 2489 3703 2544 XVI
3750 2492 3906 2546 codd.

2350 2579 2525 2634 Paris.
2553 2609 2623 2621 --
2654 2579 2709 2633 In
2738 2583 2856 2636 cod.
2889 2582 3206 2638 Taurinensi
3244 2582 3426 2650 CXVI,
3458 2583 3598 2637 inter
3634 2584 3910 2639 variorum

2351 2672 2629 2726 orationes
2664 2672 2715 2724 in
2754 2682 3042 2742 martyres,
3077 2675 3128 2726 tl.
3171 2686 3230 2727 ιιι
3273 2672 3395 2726 Jan.
3430 2673 3588 2742 (Cat.
3621 2675 3775 2728 codd.
3811 2671 3907 2727 Cr.

2353 2763 2541 2828 Tanr.,
2572 2780 2624 2834 p.
2656 2762 2780 2818 219.
2809 2764 2826 2834 )
2858 2794 2929 2804 —
2966 2762 3174 2818 Pariter
3206 2763 3257 2817 in
3297 2764 3417 2818 cod.
3452 2763 3709 2819 Laurent.
3742 2764 3909 2827 XVII,

2350 2874 2404 2913 n.
2429 2857 2483 2923 8,
2520 2857 2654 2927 plut.
2688 2858 2741 2923 9,
2767 2859 2859 2913 scd
2888 2859 3027 2912 inter
3060 2856 3162 2910 alia
3190 2856 3459 2910 variorum
3490 2870 3671 2925 opera,
3702 2858 3756 2910 in
3787 2862 3908 2912 cod.

2350 2951 2489 3016 XVI,
2532 2968 2586 3005 n.
2626 2952 2713 3018 13,
2755 2951 2888 3019 plut.
2920 2949 3007 3005 60.
3047 2949 3111 3006 V.
3158 2948 3382 3003 Bandin.
3435 2944 3558 3001 Cat.
3607 2948 3760 3000 codd.
3814 2947 3911 3001 Cr.

2349 3042 2539 3107 Laur.,
2572 3042 2612 3105 I,
2646 3059 2700 3111 p.
2727 3042 2850 3106 417,
2884 3052 2939 3096 et
2971 3043 3033 3109 II,
3067 3058 3185 3112 pag.
3220 3041 3345 3096 607.
3372 3069 3443 3082 -—
3470 3039 3665 3094 Matriti
3701 3040 3752 3093 in
3784 3044 3909 3095 cod.

2350 3132 2613 3189 LXXXVI
2648 3136 2817 3205 regio.
2861 3134 2922 3188 V.
2956 3134 3131 3189 Iriarti
3166 3136 3285 3191 Cat.
3322 3136 3454 3189 codd
3498 3133 3615 3200 Cr.,
3646 3150 3768 3206 pag.
3802 3135 3911 3189 151

2346 3243 2429 3298 sq.
2459 3259 2525 3269 —
2558 3226 2615 3282 In
2647 3229 2766 3284 cod.
2798 3228 3023 3299 August.
3058 3227 3262 3283 Vintlel.
3288 3228 3353 3282 In
3370 3228 3649 3293 Barlaam,
3679 3226 3747 3282 In
3777 3225 3910 3281 Gor-

2344 3324 2489 3377 dium
2508 3340 2527 3389 ;
2558 3321 2624 3377 In
2651 3338 2717 3376 XL
2745 3333 3032 3390 martyres;
3056 3321 3247 3373 Contra
3282 3320 3512 3373 ebriosos
3547 3331 3595 3373 et
3626 3321 3909 3375 iracundos

2344 3424 2402 3470 et
2428 3414 2547 3470 alia:
2584 3413 2766 3468 Basilii
2794 3411 3053 3466 humilius.
3089 3408 3155 3462 V.
3198 3409 3409 3464 Reiser.
3450 3408 3623 3464 Catal.
3656 3425 3778 3480 pag.
3813 3412 3905 3466 50.

2345 3508 2516 3564 Hanc.

2412 3600 2503 3657 20.
2542 3601 2637 3666 Εἰς
2672 3600 2800 3665 τοὺς
2840 3600 3028 3670 ἁγίους
3058 3598 3463 3671 τεσσαράκοντα
3498 3598 3799 3671 μάρτυρας.
3839 3597 3911 3653 Its

2341 3711 2410 3751 ιι.
2438 3704 2644 3750 sanctos
2672 3706 2947 3765 martyres.
2982 3694 3170 3763 Incipit
3200 3711 3213 3747 :
3244 3692 3551 3764 Μαρτύρων
3579 3693 3799 3764 μνήμης
3821 3689 3909 3755 τίς

2343 3785 2409 3838 ἂν
2444 3785 2653 3853 γένοιτο
2684 3785 2842 3855 κόρος
2873 3783 2951 3853 τῷ
2984 3785 3366 3856 φιλομάρτυρι.
3401 3782 3589 3854 [Carm
3625 3782 3686 3850 II,
3717 3799 3770 3853 p.
3804 3782 3910 3836 H9

2343 3891 2467 3946 sqq.
2519 3875 2762 3930 Meminit
2811 3873 3243 3944 Martyrologium
3278 3876 3434 3931 Itom.
3472 3876 3506 3930 9
3556 3874 3760 3938 Martii,
3803 3874 3911 3928 Da-

2342 3982 2628 4025 mascenus
2680 3968 2734 4021 in
2790 3964 3048 4021 Parallel.
3103 3973 3159 4019 et
3209 3963 3406 4020 Suidas
3457 3967 3510 4020 in
3562 3968 3905 4031 Βασίλειος.

2340 4062 2524 4118 Grmce
2565 4075 2688 4115 cum
2714 4074 2835 4115 nov.
2887 4059 3134 4115 versione
3164 4072 3260 4113 sua
3300 4065 3355 4112 et
3387 4058 3529 4112 notis
3563 4058 3731 4111 edidit
3759 4057 3904 4113 Ger-

2340 4152 2541 4207 hardus
2569 4150 2791 4207 Vossius
2845 4152 2911 4205 ad
2954 4148 3200 4218 Gregorii
3248 4148 3639 4220 Thaumaturgi
3677 4149 3907 4215 calcem,

2341 4258 2461 4313 pag.
2494 4243 2583 4299 75.
2623 4243 2911 4313 Moguntia:
2938 4240 3096 4304 1001,
3118 4241 3194 4307 4ο,
3220 4256 3275 4296 et
3307 4240 3490 4297 Simon
3523 4242 3759 4297 Stenius.
3790 4242 3911 4297 [Iei-

2340 4335 2579 4406 delberg.
2614 4335 2770 4399 1614,
2807 4332 2881 4387 8°.
2909 4333 3081 4388 Vertit
3124 4343 3179 4389 et
3224 4333 3415 4389 Petrus
3453 4333 3693 4386 Morinus
3715 4372 3731 4396 ,
3766 4333 3911 4388 inter

2342 4427 2493 4497 cujus
2528 4424 2784 4492 opuscula
2812 4422 3002 4480 Latine
3028 4427 3165 4480 vidit
3196 4426 3368 4480 lucem
3404 4424 3577 4477 Paris.
3605 4422 3762 4487 1675,
3794 4425 3909 4487 ιε’,

681 4516 861 4579 istoc.
911 4512 1197 4567 Verteruut
1250 4516 1634 4572 Volaterranus
1681 4528 1735 4572 et
1793 4517 2104 4573 Cornarius.
2164 4516 2241 4571 Ex
2274 4506 2317 4561 D
2346 4533 2468 4588 pag.
2498 4515 2622 4570 226.
2659 4516 2795 4568 Ante
2822 4514 3108 4580 Morinum,
3131 4517 3378 4571 Vossium
3408 4512 3764 4583 Steniumque
3788 4531 3910 4569 ver-

686 4604 1019 4660 Vulaterrani
1062 4608 1309 4661 versione
1338 4610 1531 4678 legitur
1560 4611 1723 4664 etiam
1760 4612 1897 4680 apud
1930 4608 2147 4662 Surium
2177 4612 2242 4663 ad

679 4699 746 4753 19
782 4698 1037 4753 Novemb.
1078 4701 1229 4768 Quod
1266 4717 1391 4755 vero
1421 4703 1772 4758 Combelisius
1806 4713 1937 4757 tom.
1983 4700 2024 4755 I.
2056 4699 2244 4754 Basilii

682 4791 933 4852 restituti,
974 4806 1025 4859 p.
1068 4793 1187 4857 182,
1231 4794 1326 4857 ait,
1375 4793 1746 4862 Chrysostomi
1800 4795 1850 4846 in
1900 4793 2242 4847 Barlaamqu

682 4898 947 4949 nusquam
984 4897 1317 4952 comparere,
1356 4884 1544 4939 fefellit
1573 4903 1692 4941 eum
1726 4888 2014 4950 memet-ia;
2058 4896 2235 4939 exstat

678 4976 816 5025 cnim
839 4982 969 5027 tom.
995 4975 1007 5028 Ι
1029 4975 1260 5042 Operum
1286 4976 1648 5046 Cbt'ysostomi
1672 4979 1799 5031 edit.
1831 4978 2089 5045 Ducazi,p.
2110 4977 2231 5041 785.

676 5071 731 5115 et
756 5074 882 5119 tom.
915 5064 952 5120 Υ
985 5065 1171 5127 S.ivil..
1200 5083 1319 5135 pag.
1345 5070 1467 5129 495,
1500 5078 1658 5136 atque
1697 5070 1882 5137 incipit
1912 5067 2243 5122 εΣυνεκάλε-

678 5167 771 5204 σεν
797 5153 939 5223 ἡμᾶς
964 5157 1041 5217 εἰς
1067 5156 1163 5226 τὴν
1188 5156 1339 5227 ἱερὰν
1375 5158 1577 5229 ταύτην
1600 5158 1789 5229 ἑορτὴν
1819 5160 1909 5211 καὶ
1933 5158 2239 5228 πανήγυριν

681 5245 709 5295 ὁ
738 5244 1021 5315 Μακάριος
1059 5246 1341 5318 Βαρλαάμ.
1373 5248 1535 5304 ιεἈιιιι.
1584 5250 1660 5303 Du
1696 5249 1791 5302 I’iu
1825 5253 2065 5318 putabat,
2104 5250 2241 5305 hanc

682 5346 819 5385 urat.
847 5340 911 5387 ad
936 5335 1303 5404 Chrysostomi
1336 5340 1553 5406 phrasin
1586 5342 1754 5410 magis
1780 5344 2053 5402 accedere,
2080 5348 2133 5392 et
2159 5356 2244 5395 ve-

684 5425 959 5481 risimilius
1007 5430 1230 5494 videri,,
1261 5446 1380 5483 cam
1428 5432 1660 5487 habitam
1708 5432 1873 5487 luisse
1917 5433 2237 5489 Antioohiae.

685 5517 791 5573 Sed
835 5534 992 5573 secus
1029 5524 1309 5577 videbatur
1350 5523 1710 5590 'I‘iilemontio,
1756 5528 1843 5595 qui
1883 5541 1978 5595 pro
2015 5524 2233 5589 Basilio.

683 5612 803 5680 eius
829 5625 1074 5683 parente,
1105 5619 1258 5686 equis
1281 5617 1411 5670 viris
1438 5617 1676 5671 dimicat.
1698 5616 1946 5671 Caruicr.
1979 5618 2030 5669 in
2062 5615 2237 5681 Puch,

687 5700 719 5775 ς
752 5702 812 5769 ΙΙ,
841 5722 960 5777 pag.
995 5724 1047 5761 iv
1069 5724 1213 5779 sqq.,
1239 5711 1436 5765 multus
1463 5719 1545 5765 est
1565 5712 1629 5767 de
1653 5703 2013 5767 controversia
2042 5712 2235 5781 agitata

2345 4618 2525 4664 terunt
2558 4607 2872 4671 Cornarius,
2902 4618 2976 4673 et,
3008 4609 3159 4679 cujus
3192 4606 3372 4660 versio
3413 4606 3551 4675 apud
3584 4603 3802 4660 Surium
3839 4606 3908 4659 ad

2344 4701 2377 4755 9
2419 4698 2618 4763 Martii,
2663 4707 2718 4752 et
2770 4699 2823 4753 in
2875 4697 3304 4755 Graeco-Latinis
3348 4696 3529 4751 Basilii
3578 4698 3908 4752 cditionibus

2343 4800 2543 4856 exstat,
2606 4789 3005 4845 Volaterranus.
3062 4789 3236 4843 Vossii
3292 4790 3591 4843 versionem
3644 4787 3908 4843 exhibent

2341 4880 2470 4933 Acta
2503 4879 2773 4941 Sanctor.,
2810 4889 2941 4934 tom.
2973 4879 3013 4933 Il
3059 4877 3256 4940 Martii,
3296 4893 3416 4948 pag.
3450 4876 3541 4931 25.
3586 4874 3748 4931 Fuit.
3799 4876 3910 4931 Ho-

2342 4973 2484 5027 milia
2513 4976 2564 5027 in
2609 4990 2675 5029 ιι,
2705 4984 2921 5045 martyr.
2948 4974 3151 5028 Graece.
3179 4971 3381 5027 Lovau.
3412 4987 3476 5025 ex
3507 4968 3643 5025 ollic.
3682 4972 3903 5041 Rutgeri

2346 5067 2547 5129 Itescii,
2591 5068 2750 5132 1556,
2782 5067 2855 5120 8°.
2890 5065 3025 5119 Add.
3084 5080 3138 5118 ιι.
3181 5065 3269 5119 18.
3302 5092 3371 5103 --
3410 5062 3507 5115 Est
3556 5064 3605 5116 in
3636 5065 3753 5116 cod.
3796 5062 3909 5116 Na—

2346 5158 2509 5212 niano
2544 5157 2769 5221 CXLIII,
2806 5174 2859 5211 n.
2897 5156 2981 5220 15,
3016 5157 3157 5210 inter
3200 5169 3293 5208 sex
3325 5154 3573 5209 bomilias
3606 5154 3784 5208 Basilii
3832 5157 3902 5210 Iil.

2348 5248 2504 5321 (Cat.
2537 5253 2691 5305 (add.
2732 5249 2877 5303 Nan.
2914 5266 3017 5319 gn,
3050 5264 3105 5318 ι).
3145 5248 3265 5303 551».
3292 5246 3402 5317 )-—-
3434 5247 3488 5301 In
3530 5247 3646 5300 cod.
3674 5246 3902 5303 Coislin.

2344 5342 2703 5405 CCCLXVIII,
2758 5341 2851 5393 fol.
2897 5341 3019 5394 926.
3054 5338 3384 5405 (Montl'auc.
3425 5338 3559 5392 Bibl.
3603 5337 3792 5398 Coisl.,
3847 5354 3903 5407 ιι.

2345 5435 2571 5504 565.)—
2595 5435 2648 5487 lu
2668 5432 2838 5487 XXXI
2859 5432 3015 5487 codd.
3040 5430 3169 5485 bibl.
3200 5431 3367 5484 Paris.
3395 5429 3569 5498 pubi.,
3594 5440 3699 5484 ctc.
3729 5428 3902 5487 Ilus.

2420 5526 2533 5597 [21.
2587 5524 2841 5594 Ῥηῡεῖσα,
2884 5527 2940 5576 ἐν
2970 5523 3247 5588 Λακίζοις,
3278 5521 3497 5576 bonnlia
3537 5523 3679 5574 dicta
3714 5522 3768 5574 in
3796 5520 3905 5575 Lc-

2346 5619 2468 5670 cisia
2498 5614 2623 5685 (0).]

2417 5710 2507 5763 2‘2.
2549 5708 2684 5779 Περὶ
2708 5707 3225 5778 ταπεινοφροσύνης,
3245 5705 3319 5760 De
3336 5705 3643 5759 humilitate.
3676 5704 3898 5773 Incipit:

756 5820 829 5889 (ο)
859 5819 1104 5879 Gatnier.
1148 5828 1381 5896 reposuit
1426 5824 1566 5878 illam
1618 5826 1667 5879 in
1728 5826 2017 5895 appendice
2066 5825 2203 5880 inter
2251 5823 2450 5891 spuria,
2485 5823 2543 5883 11.
2588 5838 2636 5889 p.
2682 5820 2781 5876 587
2822 5836 2926 5891 εσυ,
2971 5820 3109 5875 etin
3143 5818 3299 5876 Praei.
3332 5818 3359 5888 5
3394 5817 3480 5885 IV,
3514 5833 3630 5888 pag.
3677 5835 3725 5872 si
3774 5831 3895 5887 sq].
