4066 6314
702 380 839 425 ceu

2033 353 2562 415 PROLEGOMENA.

696 477 769 531 29
797 484 851 530 et
886 475 975 540 Si,
1006 473 1141 529 infra
1178 474 1229 529 in
1283 474 1508 545 sppend.
1545 473 1632 529 ad.
1672 472 1841 533 Garn.
1870 482 2004 529 tom.
2053 473 2096 528 Il
2128 485 2253 540 age-
2284 472 2330 531 Δ
2358 484 2418 525 re
2461 470 2674 535 studet,
2710 477 3059 543 utrarumque
3110 473 3446 542 regularum,
3479 480 3587 530 tam
3623 472 3959 534 breviorem

697 581 838 621 mus.
865 564 992 632 Qua!
1029 580 1154 621 vero
1192 563 1407 621 Fabric.
1436 567 1501 622 de
1526 582 1580 621 n.
1606 565 1674 619 30
1706 567 2016 637 scripserat,
2047 564 2135 619 hic
2177 577 2264 617 re-

696 669 959 728 petemus.
990 656 1159 711 ΒΑΜ..

767 747 859 806 30.
895 749 989 813 Εἰς
1020 748 1109 803 τὸν
1136 748 1480 821 παράδεισον.
1526 747 1598 803 De
1628 750 1893 817 paradiso.
1926 746 2007 800 Ad
2040 747 2172 803 Gen.
2202 762 2263 813 It,

698 840 752 897 8.
810 842 1042 911 Incipit:
1081 843 1378 914 Νοήσωμεν
1417 841 1573 908 ἀξίαν
1614 842 1748 896 Θεοῦ
1791 838 2034 913 φυτείαν.
2098 838 2267 895 Vertit

697 926 1017 987 Carnarius.
1050 932 1384 986 Ilecensitam
1414 947 1442 985 a
1466 948 1524 987 se
1552 943 1607 987 et
1647 935 1697 986 in
1746 933 1917 998 capita
1956 929 2263 983 distinctam

701 1024 917 1076 exhibet
952 1039 1071 1078 cum
1119 1026 1362 1079 versione
1409 1040 1505 1079 sua
1543 1026 1731 1079 Frane.
1772 1020 2127 1076 Combel‘tsius
2165 1019 2267 1073 Ba-

702 1114 805 1166 silii
861 1114 941 1168 sui
998 1124 1125 1168 tom.
1170 1115 1208 1177 I,
1242 1130 1365 1184 pag.
1397 1116 1522 1177 525,
1564 1114 1708 1166 velut
1740 1123 2066 1183 postremam
2098 1110 2268 1167 homi-

702 1204 893 1259 liarum
922 1208 975 1259 in
1006 1207 1381 1261 Hexaemeron.
1416 1207 1681 1260 Ilactetuts
1712 1204 2006 1259 Fabricius.

774 1296 913 1370 [IX.]
960 1298 1288 1370 ’Δσκητικά,
1314 1297 1570 1362 Ascetica,
1602 1297 1759 1352 ubil.
1793 1295 2150 1367 Προδια).αλια
2176 1297 2268 1350 καὶ

700 1387 990 1457 διάγνωσις
1015 1390 1125 1445 τῶν
1161 1389 1472 1461 ἀσκητικῶν
1494 1387 1892 1443 ὕποτυπώσεων
1929 1388 2025 1457 (u).
2064 1387 2267 1443 Pravia

703 1482 953 1536 allocutio
1008 1499 1070 1535 ac
1130 1483 1367 1551 dignatio
1422 1483 1761 1536 asceticarum
1830 1479 2268 1548 informationum

707 1573 904 1645 (Garri.
947 1572 1011 1635 ll,
1063 1590 1183 1645 pag.
1220 1574 1373 1645 I99].
1420 1573 1533 1627 sive
1582 1572 1860 1641 Prologus,
1918 1573 2006 1641 qui
2052 1573 2265 1652 incipit,

702 1665 933 1733 Μεγάλα
966 1666 1064 1737 μὲν
1113 1666 1207 1721 τοῦ
1249 1664 1540 1730 Βασιλέως,
1577 1680 1696 1736 pag.
1732 1665 1857 1719 228.
1892 1665 2079 1719 Exstat
2105 1666 2268 1720 etiam

707 1758 761 1812 in
780 1755 982 1814 Latinis
1001 1758 1320 1826 quibusdam
1343 1758 1705 1830 Chrysostomi
1728 1759 2074 1813 editionibus.
2100 1757 2263 1815 Fasti.

707 1850 951 1905 Garnier.
983 1847 1128 1902 dedit
1162 1848 1560 1917 inscriptionem
1595 1867 1607 1903 :
1649 1848 1944 1920 Ἀσκητικὴ
1980 1849 2271 1921 προδιατύ-

706 1963 901 2009 πωσις,
927 1946 1117 2011 prwvia
1139 1944 1393 1999 institutio
1419 1944 1660 2007 ascetica,
1682 1954 1738 1999 et
1764 1944 1817 1999 in
1847 1955 1968 1999 nota
1998 1948 2267 2011 observat,

705 2040 760 2091 in
787 2039 950 2106 Regio
970 2038 1090 2091 cod.
1114 2038 1289 2105 primo
1314 2038 1437 2106 legi,
1470 2036 1818 2107 προδιαλαλία
1852 2038 1945 2091 καὶ
1979 2038 2274 2107 mnam.

708 2148 793 2196 σις
835 2130 947 2185 τῶν
988 2130 1297 2202 ἀσκητικῶν
1334 2127 1749 2193 ὑποτυπώσεων,
1780 2129 2156 2183 Combelisinm
2180 2144 2273 2181 au-

710 2235 812 2278 tem
847 2224 1077 2278 nominis
1099 2222 1448 2277 similitudine
1474 2221 1754 2293 deceptum
1790 2221 1981 2291 legisse
2011 2236 2116 2275 non
2140 2238 2274 2293 προ-

705 2317 973 2387 διήγησις,
1002 2315 1094 2369 sed
1130 2312 1549 2385 προδιάγνωσις,
1578 2314 1770 2375 νναευὶα
1797 2315 2002 2366 notitia.
2038 2314 2273 2381 Denique

708 2410 777 2464 ab
810 2408 963 2463 initio
986 2404 1235 2462 Garuier.
1274 2421 1378 2460 non
1420 2404 1567 2458 dedit
1594 2418 1716 2456 cum
1748 2412 1973 2471 utraque
2004 2402 2091 2456 ed.
2121 2401 2255 2456 Pari-

708 2501 869 2555 siensi
910 2518 924 2554 :
952 2498 1179 2567 Μεγάλα
1212 2498 1309 2567 μὶν
1338 2496 1432 2551 τοῦ
1457 2494 1748 2561 Βασιλέως,
1774 2496 1864 2550 sed
1893 2510 2013 2549 cum
2048 2494 2133 2550 ed.
2168 2491 2272 2548 Ve—

708 2602 852 2657 neta,
881 2600 1108 2658 utroque
1143 2588 1417 2642 combells.
1449 2596 1503 2641 et
1528 2588 1647 2643 cod.
1704 2586 1869 2657 Regio
1900 2587 2089 2654 tertio,
2132 2585 2273 2639 καλὰ

712 2684 813 2758 μὲν
839 2683 935 2739 τοῦ
965 2683 1099 2739 Βασ.
1124 2712 1194 2724 -
1220 2680 1328 2737 Sed
1355 2681 1421 2735 de
1458 2680 1740 2742 Asceticis,
1778 2694 1904 2732 num
1933 2690 1989 2733 et
2029 2694 2272 2747 quasnam

713 2778 924 2832 illorum
954 2787 1080 2831 sunt
1116 2775 1364 2846 genuina,
1405 2786 1648 2843 quamam
1685 2770 1791 2825 sint
1817 2771 1996 2839 spuria
2023 2770 2270 2834 dubiave,

712 2882 901 2938 magna
928 2868 994 2921 lis
1024 2876 1142 2920 orta
1168 2875 1253 2922 est
1283 2867 1424 2921 inter
1447 2864 1557 2921 VV.
1589 2863 1719 2927 DD.,
1744 2872 1797 2918 et
1820 2862 1907 2917 alii
1939 2863 1990 2916 in
2021 2861 2124 2915 alia
2153 2875 2271 2915 om-

711 2960 798 3014 nia
855 2968 1149 3013 transeunt.
1186 2958 1459 3028 Praecipue
1506 2956 1858 3012 Bellarminus
1912 2955 2130 3027 aliique,
2182 2953 2273 3024 qui

708 3054 954 3108 eamdem
1005 3054 1323 3121 prolltentnr
1378 3051 1716 3114 doctrinam,
1753 3057 1983 3120 negant,
2031 3046 2274 3103 Ascetica

2365 579 2524 634 quam
2550 563 2867 635 longiorum,
2900 579 3062 620 unum
3085 579 3204 619 esse
3244 569 3598 639 eumdemque
3625 576 3954 626 auctorem.

2364 657 2561 712 Contra
2589 658 2642 712 in
2686 657 2868 726 quinta
2923 669 3073 727 parte
3115 667 3292 727 negat,
3343 671 3596 731 utrasque
3632 658 3864 729 regulas
3900 672 3962 716 et

2364 749 2776 804 constitutiones
2804 751 3128 805 monasticas
3151 750 3240 804 uni
3262 749 3544 821 eidemque
3574 753 3787 809 auctori
3819 766 3959 805 esse

2368 843 2696 897 tribuendas.
2724 839 2781 895 In
2820 851 2970 896 sexta
2999 854 3150 911 parte
3192 857 3375 898 eorum
3415 846 3631 913 adoptat
3666 853 3959 910 ornatque

2360 932 2642 1003 judicium,
2669 934 2758 1003 qui
2806 942 3058 998 censent,
3101 935 3355 989 Basilium
3405 948 3524 989 esse
3578 950 3957 1003 utrarumque

2367 1026 2672 1094 regularum
2700 1035 2997 1081 auctorem.
3025 1022 3081 1079 in
3117 1030 3341 1097 septima
3377 1036 3526 1095 parte
3577 1032 3843 1085 videntur
3874 1027 3955 1079 illi

2366 1119 2771 1174 constitutiones
2808 1120 3115 1174 monasticae
3154 1119 3412 1175 Eustathii
3450 1118 3731 1175 SubaSteui
3775 1136 3951 1193 opus.

2366 1212 2423 1266 In
2455 1222 2674 1276 octava,
2700 1210 2937 1281 epitimia
2985 1213 3313 1281 adiungenda
3347 1225 3465 1266 esse
3494 1213 3689 1279 spuriis
3718 1214 3952 1282 probat.

2368 1303 2605 1371 Denique
2642 1304 2692 1355 in
2726 1317 2864 1356 nona
2896 1314 3046 1372 parte
3095 1304 3466 1371 expenduntur
3496 1302 3602 1355 duo
3647 1303 3953 1373 opuscula,

2365 1411 2482 1465 qua:
2510 1394 2863 1451 Combellsius
2895 1398 2945 1451 iu
2972 1410 3069 1451 suo
3107 1395 3307 1449 Basilio
3370 1398 3621 1451 rccencito
3684 1409 3785 1462 pro
3848 1410 3958 1449 no-

2369 1490 2450 1544 vis
2496 1504 2560 1544 ac
2610 1489 2857 1561 genuinis
2900 1488 3087 1551 edidit,
3124 1502 3296 1554 eaque
3334 1488 3387 1542 in
3436 1486 3633 1555 spnriis
3663 1496 3952 1542 numerat.

2370 1578 2474 1635 Sed
2493 1580 2797 1634 ulteriorem
2829 1595 3015 1634 eorum
3056 1592 3173 1644 qua:
3204 1575 3371 1631 Garn.
3404 1579 3687 1646 diligenter
3720 1579 3958 1648 collegit

2368 1681 2424 1727 et
2466 1672 2702 1739 scripsit,
2749 1670 3314 1725 commemoratiOnem
3373 1670 3617 1737 prohibet
3668 1669 3956 1723 institutio

2374 1766 2527 1819 ratio.
2552 1765 2688 1818 Add.
2714 1762 2968 1819 Roessler
2995 1760 3303 1828 Bibliothelt,
3343 1772 3472 1827 etc.,
3503 1772 3640 1832 part.
3673 1776 3759 1827 nt,
3791 1776 3854 1831 p.
3877 1761 3958 1816 89

2372 1871 2491 1927 sqq.

2439 1947 2506 2003 Β.
2534 1945 2721 2001 Basilii
2752 1975 2823 1987 -
2858 1962 3011 2015 opera
3040 1947 3297 2019 quadarn,
3328 1947 3446 2001 scil.
3492 1955 3751 2000 tractatus
3791 1942 3959 1998 Ethi.

2371 2058 2554 2099 eorum
2583 2060 2598 2106 ;
2626 2041 2869 2095 Ascetica
2895 2057 2910 2105 ;
2948 2040 3022 2094 De
3052 2041 3346 2107 virginitate
3374 2039 3646 2107 (adjuncto
3683 2052 3955 2092 sermone

2372 2132 2448 2188 De
2486 2130 2798 2203 paradiso);
2838 2145 3015 2186 contra
3067 2128 3378 2181 Eunoinium
3435 2127 3672 2193 (additur
3725 2127 3778 2177 in
3838 2125 3957 2179 ﬁne

2372 2225 2570 2295 aliquid
2603 2236 2791 2279 contra
2849 2221 3239 2287 Sabelliauos);
3272 2233 3545 2271 sermones
3592 2226 3646 2270 et
3695 2215 3956 2285 epistolas

2372 2317 2657 2371 nonnulla.
2692 2317 2919 2370 Graece:
2964 2326 3080 2382 qua!
3124 2310 3303 2363 omnia
3357 2322 3498 2362 nunc
3550 2307 3779 2376 primum
3844 2305 3957 2359 im-

2369 2424 2553 2479 pressa
2590 2419 2715 2460 sunt
2761 2422 2854 2474 per
2883 2405 3213 2470 Stephanum
3241 2404 3307 2456 de
3338 2400 3518 2458 Sabio.
3559 2400 3744 2455 Venet.
3774 2399 3954 2462 I535,

2374 2501 2473 2556 sol.
2511 2497 2569 2554 ν.
2622 2497 2884 2552 Maittaire
2922 2496 2987 2550 Α.
3026 2495 3111 2561 7.,
3157 2493 3221 2562 II,
3253 2511 3305 2564 p.
3346 2493 3449 2549 8l9
3489 2508 3597 2562 sq..
3622 2492 3711 2561 qui
3764 2492 3954 2546 locum

2374 2607 2440 2648 ex
2467 2591 2800 2647 dedicatione
2848 2590 3066 2646 editoris
3120 2589 3172 2644 in
3205 2599 3333 2643 nota
3360 2587 3389 2639 b
3422 2591 3729 2653 excerptum
3764 2583 3960 2637 reddi.

2378 2684 2476 2737 dit.

2443 2774 2498 2828 In
2530 2773 2743 2841 Iosephi
2787 2771 2966 2825 Mariae
2999 2769 3269 2825 Thomasii
3322 2783 3525 2839 opere:
3567 2766 3953 2821 Institutione

2374 2865 2671 2934 theologica:
2707 2865 3039 2933 antiquorum
3096 2860 3345 2926 Patrum,
3395 2872 3504 2917 etc.
3554 2859 3737 2915 Romae
3782 2859 3954 2919 1709.

2376 2959 2532 3019 I710,
2563 2956 2718 3012 17η.
2748 2956 2811 3011 ιιι
2839 2956 2963 3012 voll.
2987 2954 3039 3010 8.
3070 2954 3208 3011 Sunt
3240 2954 3292 3009 in
3324 2954 3433 3009 vol.
3474 2954 3709 3008 secundo
3746 2951 3954 3006 Basilii

2375 3049 2445 3104 Μ.
2487 3049 2758 3114 Ascetica,
2800 3049 2934 3103 liber
2983 3046 3060 3101 De
3084 3047 3290 3117 judicio
3341 3048 3457 3111 Dei,
3492 3046 3570 3099 De
3594 3061 3711 3099 rem
3749 3059 3812 3097 ac
3859 3045 3953 3110 pia

713 3144 981 3216 pertinere
1017 3144 1082 3199 ad
1120 3141 1371 3198 Basilium
1407 3140 1477 3194 Μ.
1514 3141 1659 3209 quod
1694 3143 1781 3195 hic
1811 3140 2126 3194 traditiones
2170 3141 2273 3193 bu-
2300 3158 2344 3221 α
2374 3141 2498 3208 ﬁde,
2532 3155 2629 3195 nee
2663 3155 2764 3193 non
2792 3140 2907 3209 ejus
2944 3138 3158 3192 Moralia
3185 3136 3280 3191 Gr.
3305 3145 3357 3190 et
3391 3135 3509 3188 Lat.

715 3253 904 3292 manas
953 3234 1197 3306 projiciat
1232 3246 1330 3287 nec
1376 3229 1732 3285 admittendos
1776 3228 1956 3284 ducat.
1990 3228 2274 3283 Enimvero

712 3328 985 3393 Oudinus,
1034 3341 1153 3395 pag.
1206 3324 1311 3379 565
1360 3339 1502 3393 sqq.,
1548 3322 1637 3377 ubi
1682 3318 1880 3376 multus
1920 3327 2003 3375 est
2051 3320 2116 3375 de
2169 3319 2275 3374 illis

710 3418 970 3474 Asceticis
999 3418 1191 3486 illaque
1225 3418 1589 3471 controversia
1608 3457 1624 3481 ,
1655 3417 1900 3471 Ascetica
1930 3430 2023 3469 seu
2052 3414 2274 3468 moralia

709 3510 952 3578 iudicat,
986 3508 1272 3578 genuinum
1320 3522 1441 3560 esse
1499 3517 1661 3575 atque
1712 3508 1870 3559 etiam
1919 3506 2274 3559 indubitatum

717 3601 897 3657 Basilii
936 3601 1119 3656 letum.
1158 3597 1266 3655 Nec
1308 3607 1482 3651 tamen
1508 3597 1682 3649 omnia
1715 3610 1832 3665 qua:
1865 3596 2021 3650 hodie
2062 3596 2275 3650 Ascetl-

717 3710 900 3751 corum
934 3694 1149 3747 nomine
1186 3689 1563 3761 comprehendi
1603 3688 1799 3753 solent,
1828 3687 1953 3743 olim
1984 3689 2037 3741 in
2071 3686 2276 3741 Asceti-

716 3786 795 3838 cis
819 3782 1431 3853 comprehendebantur.
1458 3781 1630 3836 Photii
1648 3780 1859 3850 quidem
1886 3788 2043 3835 aetate
2059 3778 2132 3852 (ν.
2154 3779 2272 3834 cod.

712 3877 856 3943 cui)
888 3875 1068 3929 Basilii
1095 3892 1226 3944 opus
1261 3878 1579 3945 Ἀσκητικόν
1616 3879 1747 3931 duos
1773 3876 1848 3931 De
1882 3876 2087 3947 jejunio
2117 3890 2181 3929 ac
2203 3873 2279 3928 De

714 3967 1068 4037 ﬁde‘ibellos,
1100 3968 1316 4022 Moralia
1348 3976 1401 4021 et
1443 3966 1674 4036 Regulas
1722 3976 1831 4019 tum
1872 3967 2119 4033 majores,
2167 3976 2277 4019 tum

716 4059 950 4113 minores
967 4058 1176 4129 proprie
1194 4057 1669 4126 complectebatur.
1696 4057 1754 4111 V.
1775 4055 2027 4111 Garnier.
2057 4057 2109 4109 in
2141 4070 2279 4123 prte-

718 4156 884 4211 Inisso
934 4152 1167 4220 Honito,
1207 4169 1325 4225 pag.
1363 4152 1464 4209 l98
1504 4153 1557 4208 in
1606 4152 1791 4223 primis
1831 4152 1883 4206 in
1932 4149 2145 4222 Prtel'.§
2182 4149 2274 4214 XI,

718 4263 841 4318 pag.
876 4263 1062 4310 xxxiv,
1090 4262 1210 4317 sqq.
1258 4246 1457 4300 Dividit
1480 4244 1625 4300 illum
1666 4244 2057 4315 paragraphum
2091 4241 2142 4296 in
2174 4255 2277 4296 no-

718 4352 838 4393 vem
872 4348 1053 4407 partes
1074 4350 1128 4390 et
1172 4345 1249 4391 tot
1278 4337 1439 4405 igitur
1494 4336 1834 4405 quaestiones,
1863 4335 1915 4389 in
1962 4333 2157 4404 quibus
2196 4332 2279 4388 di-

2446 3231 2501 3284 In
2532 3230 2687 3285 codd.
2728 3239 2852 3285 sunt
2900 3229 3057 3281 modo
3104 3227 3304 3293 plures,-
3334 3226 3493 3278 modo
3544 3223 3829 3291 pauciores
3856 3235 3954 3276 aut

2373 3322 2592 3393 singulae
2622 3333 2821 3391 partes.
2851 3320 2941 3375 Sic
2968 3320 3019 3374 in
3059 3318 3215 3374 codd.
3250 3316 3404 3382 LXII,
3438 3315 3621 3382 LXIII,
3648 3315 3808 3372 LXIV
3836 3313 3950 3371 Ve-

2376 3426 2485 3471 net.
2526 3414 2656 3470 bibl.
2698 3414 2861 3470 Ilarci
2919 3424 3043 3468 sunt
3090 3412 3334 3468 Ascetica
3374 3429 3389 3477 ;
3432 3427 3676 3481 qua‘nam
3726 3411 3949 3465 illorum

2376 3519 2556 3578 partes
2587 3509 2638 3561 in
2687 3507 2910 3578 singulis
2959 3508 3122 3562 insint
3172 3505 3327 3561 codd.
3374 3519 3664 3574 cognosces
3710 3518 3779 3557 ex
3822 3502 3948 3557 Cat.

2374 3598 2527 3651 codd.
2563 3596 2657 3650 Gr.
2694 3596 2886 3656 Mam,
2909 3611 3029 3664 pag.
3062 3596 3133 3649 45
3163 3610 3245 3662 sq.
3275 3623 3346 3634 —-
3373 3592 3654 3646 Florentia;
3707 3591 3761 3643 in
3807 3593 3946 3645 bihl.

2375 3686 2536 3743 Laur.
2556 3688 2608 3741 in
2633 3687 2753 3741 cod.
2784 3684 3149 3750 XXll,‘i6-28,
3179 3684 3311 3753 plut.
3340 3684 3393 3746 5,
3420 3683 3661 3752 quasdam
3687 3680 3946 3752 (Bandin.

2377 3780 2495 3835 Cat.
2526 3779 2679 3833 codd.
2707 3777 2800 3833 Gr.
2836 3776 3023 3841 Laur.,
3058 3776 3099 3840 I,
3134 3792 3256 3846 pag.
3282 3774 3392 3845 47).
3428 3803 3498 3814 -
3525 3773 3583 3828 In
3609 3773 3766 3828 codd.
3798 3773 3947 3835 XVI,

2378 3891 2433 3931 η.
2470 3875 2537 3931 l5
2564 3874 2640 3929 De
2686 3874 2910 3928 ascetica
2954 3871 3255 3939 disciplina,
3284 3872 3541 3942 quomodo
3572 3878 3805 3937 oporteat
3854 3882 3949 3921 or-

2380 3969 2497 4021 nari
2523 3967 2868 4030 monachum;
2889 3974 2944 4020 et
2973 3981 3026 4017 n.
3052 3963 3139 4030 15,
3165 3963 3429 4033 Excerpta
3456 3976 3518 4016 ex
3556 3960 3845 4023 Asceticis,
3879 3974 3949 4015 ex

2378 4071 2531 4126 capp.
2563 4058 2613 4120 I,
2642 4057 2730 4121 I9,
2759 4056 2859 4111 146
2889 4066 2939 4111 et
2968 4054 3091 4111 506.
3124 4085 3194 4097 —
3229 4052 3284 4109 In
3320 4054 3439 4109 eod.
3477 4052 3593 4120 XX,
3621 4070 3673 4106 u.
3716 4053 3770 4116 7,
3803 4053 3942 4121 plut.

2377 4148 2433 4210 9,
2468 4164 2533 4202 ex
2588 4149 2628 4202 II
2678 4150 3014 4205 sermonibus
3051 4148 3125 4203 De
3176 4148 3314 4216 ﬁde;
3359 4147 3452 4202 sed
3504 4156 3725 4214 uterque
3762 4160 3948 4199 sermo

2377 4240 2543 4294 multo
2569 4239 2781 4293 brevior
2806 4250 2911 4304 est.
2946 4256 3106 4311 quam
3138 4242 3191 4295 in
3218 4242 3302 4295 ed.
3328 4240 3499 4295 Paris.
3520 4256 3535 4305 ;
3559 4248 3666 4293 tum
3686 4238 3803 4291 alim
3826 4252 3946 4305 par-

2379 4340 2457 4386 tes
2484 4347 2536 4383 n.
2561 4329 2776 4395 8—H,
2804 4330 2866 4384 l8
2896 4341 2949 4383 et
2980 4331 3046 4384 19
3077 4330 3267 4399 (Band.
3298 4332 3337 4393 I,
3374 4346 3426 4398 p.
3461 4329 3564 4384 414
3587 4340 3638 4383 et
3662 4328 3767 4382 323
3795 4327 3946 4399 sqq.)

719 4442 874 4483 versa
905 4428 1173 4481 variorum
1230 4428 1536 4481 testimonia
1570 4438 1625 4483 et
1662 4428 1863 4497 judicia
1895 4427 2117 4483 collecta
2153 4431 2279 4479 sunt
2310 4496 2313 4497 ν
2374 4452 2447 4462 -
2473 4420 2692 4475 Taurini
2722 4420 2776 4475 in
2807 4422 2926 4475 cod.
2957 4420 3067 4475 XCI
3095 4422 3337 4489 qumdam
3377 4430 3579 4489 partes,
3622 4435 3742 4490 qua:
3784 4435 3947 4474 cura-

718 4531 879 4591 atque
906 4520 1231 4584 examinata,
1262 4518 1427 4588 ipsius
1459 4496 1724 4575 sententia
1761 4522 1826 4575 de
1856 4520 2174 4575 auctoritate
2204 4518 2268 4572 11-
2308 4496 2355 4553 Ῑ)
2384 4513 2490 4568 tius
2535 4513 2841 4569 iudicantur
2887 4514 2940 4567 in
2990 4513 3108 4568 Cat.
3142 4514 3295 4568 cadd.
3341 4509 3435 4565 Gr.
3464 4511 3653 4572 Taun.
3693 4526 3815 4580 pag.
3840 4512 3944 4569 182

720 4613 895 4683 deque
932 4610 1226 4667 libellorum
1267 4610 1525 4680 subjecta.
1568 4609 1745 4677 Quare
1791 4611 1843 4665 in
1898 4620 2051 4681 parte
2102 4610 2275 4679 prima

719 4702 953 4757 ostendit
978 4700 1171 4771 praevia
1199 4699 1297 4753 tria
1328 4700 1671 4771 opuscula,n.
1704 4700 1756 4765 l)
1781 4702 2030 4769 przcviam
2061 4700 2276 4754 institu-

719 4791 917 4846 tionem
948 4790 1253 4854 asceticam,
1278 4788 1335 4860 Ξ)
1366 4804 1665 4845 sermonem
1687 4790 1975 4845 asceticmn
2003 4798 2059 4845 et
2082 4792 2278 4843 exhor-

718 4883 972 4936 tationem
1018 4882 1085 4937 de
1137 4882 1527 4937 renuntiatione
1571 4896 1747 4937 rerum
1797 4882 2185 4942 humanarum,
2222 4891 2279 4933 et

715 4972 1045 5043 perfectione
1072 4972 1322 5042 spiritali,
1346 4973 1401 5041 3)
1426 4988 1589 5028 serm.
1614 4974 1679 5028 de
1717 4973 1942 5028 ascetica
1967 4970 2264 5040 disciplina,

712 5064 988 5132 quomodo
1019 5062 1336 5117 monachum
1360 5063 1543 5118 ornari
1570 5070 1837 5135 oporteat,
1871 5071 2143 5117 auctorem
2172 5062 2272 5116 ha-

716 5152 894 5208 buisse
920 5150 1196 5206 Basilium.
1227 5152 1281 5208 In
1320 5153 1553 5207 secunda
1604 5155 1833 5224 probare
1880 5153 2104 5217 studuit,
2129 5162 2273 5208 recte

716 5246 937 5310 sentire,
964 5245 1055 5315 qui
1081 5255 1139 5300 ut
1165 5244 1368 5300 libellos
1396 5245 1469 5300 De
1486 5246 1692 5315 judicio
1737 5262 1801 5302 ac
1824 5248 1959 5315 ﬁde;
1994 5248 2064 5301 ita
2094 5246 2272 5302 Mora-

716 5335 789 5390 lia
836 5336 1106 5390 sscribant
1150 5336 1369 5391 Basilio.
1410 5335 1466 5389 In
1514 5337 1666 5391 tertia
1716 5337 1897 5403 docet,
1931 5339 2065 5393 duos
2084 5337 2269 5393 breves

714 5426 944 5493 libellos,
978 5428 1068 5497 qui
1112 5437 1233 5498 post
1274 5426 1488 5481 Moralia
1528 5427 1691 5482 locari
1740 5429 1934 5493 solent,
1974 5430 2026 5484 in
2063 5430 2269 5500 spurio-

714 5534 834 5574 rum
875 5534 1099 5574 numero
1139 5533 1258 5575 esse
1287 5519 1575 5590 ponendos.
1608 5519 1662 5573 In
1710 5531 1900 5590 quarta
1940 5522 2271 5577 demonstra-

783 5677 859 5748 (a)
895 5678 991 5748 Sic
1042 5680 1093 5732 in
1142 5693 1241 5731 ms.
1285 5676 1463 5748 Regio,
1507 5677 1767 5748 Prologus
1802 5678 1889 5732 ille
1922 5679 2268 5743 inscribitur,

716 5746 851 5802 teste
868 5746 1221 5819 _Combeli_sio,
1273 5746 1399 5802 tom.
1428 5747 1470 5802 ll
1513 5746 1697 5802 Basilii
1749 5750 1854 5813 sui,
1894 5765 2013 5819 pag.
2060 5749 2145 5808 85.
2175 5752 2265 5819 qui

712 5830 833 5889 pag.
858 5817 927 5875 99
949 5827 1004 5874 et
1028 5816 1129 5873 106
1161 5818 1293 5873 alios
1320 5824 1451 5875 duos
1496 5820 1744 5891 prologos
1767 5832 1798 5874 e
1823 5816 1926 5874 ms.
1963 5818 2130 5890 Regio
2157 5816 2271 5877 edi-

2377 4616 2535 4671 sq.-—
2554 4601 2787 4671 Musque:
2813 4603 2863 4656 in
2895 4602 3023 4657 bibl.
3054 4603 3242 4673 synod.
3279 4603 3434 4657 codd.
3461 4602 3671 4665 XXVII,
3704 4600 3940 4668 XXVlll,

2379 4692 2570 4759 XXIX,
2605 4711 2723 4765 qua:
2766 4696 2897 4759 sint,
2926 4695 3171 4765 designat
3205 4694 3435 4751 Matthtei
3476 4697 3527 4750 in
3582 4694 3757 4750 Notis.
3783 4697 3938 4749 codd.

2380 4784 2577 4857 Ποία..
2606 4803 2657 4858 p.
2690 4787 2778 4851 49,
2814 4788 2902 4857 qui
2932 4802 2996 4842 ex
3042 4787 3220 4857 primo
3257 4788 3423 4843 edidit
3462 4784 3859 4858 Hosqumll75,
3882 4787 3937 4846 ι.

2382 4877 2666 4952 Prologurn
2695 4896 2815 4936 cum
2845 4879 3045 4948 Xiphil.
3073 4889 3127 4934 et
3156 4879 3337 4935 Basilii
3377 4889 3538 4934 oratt.
3568 4907 3637 4919 —
3672 4878 3935 4933 Monachii

2379 4973 2432 5027 in
2482 4972 2609 5028 bibl.
2642 4972 2834 5027 Bavar.
2876 4971 3157 5027 LXXXIX.
3203 4973 3264 5026 V.
3295 4971 3453 5035 Cat..
3496 4982 3627 5035 etc.,
3670 4987 3722 5042 p.
3755 4971 3939 5027 δι.-

2376 5062 2629 5131 Quzenam
2678 5065 2900 5132 singulae
2950 5078 3128 5135 partes
3175 5074 3387 5120 exstent
3438 5065 3490 5119 in
3542 5063 3699 5119 codd.
3762 5060 3934 5115 Paris.

2376 5155 2551 5211 disces
2570 5171 2636 5210 ex
2671 5157 2845 5211 indice
2883 5158 2948 5210 ad
2996 5156 3097 5212 vol.
3136 5156 3181 5211 ll
3226 5155 3397 5211 (.‘ateI.
3443 5157 3596 5210 codd.
3647 5152 3851 5216 Paris.,
3879 5162 3938 5205 ut

2376 5246 2443 5301 de
2474 5248 2630 5302 codd.
2663 5248 3001 5302 Vindobonn.
3037 5247 3264 5317 aliisque
3293 5247 3396 5317 (de
3448 5247 3638 5317 quibus
3679 5258 3839 5314 supra
3882 5242 3933 5296 in

2374 5352 2569 5408 genere
2602 5340 2705 5408 egi)
2744 5339 3017 5395 brevitatis
3044 5340 3223 5393 studio
3259 5348 3481 5393 taceam.
3525 5336 3689 5391 Ilus.

2440 5429 2496 5483 2.
2529 5430 2851 5500 Παραίνεσις
2875 5430 3001 5500 περὶ
3038 5430 3314 5501 ἀποταγῆς
3341 5428 3454 5499 βίου
3490 5429 3581 5481 καὶ
3614 5426 3937 5489 τελειώσεως

2376 5522 2769 5592 πνευματικῆς.
2813 5524 3123 5577 Adhortatio
3169 5524 3233 5577 de
3292 5521 3580 5576 abdicando
3629 5520 3839 5582 ste-calo,
3886 5528 3933 5571 et

2376 5680 2453 5735 dit
2497 5679 2681 5735 Grmce
2735 5692 2787 5732 et
2825 5679 3044 5739 Latine.
3080 5681 3145 5734 de
3192 5678 3383 5749 quibus
3431 5677 3602 5749 inl‘ra,
3654 5686 3931 5749 monetan

2377 5752 2671 5805 addendam
2710 5752 2857 5805 hisce
2889 5753 3137 5806 ascrticis
3176 5748 3451 5819 epistolam
3486 5748 3665 5803 Basilii
3708 5748 3825 5802 ιιι.
