4088 6310
1435 362 1714 418 ΝΟΤΙΤΙᾹ
1758 363 1841 416 EX
1892 362 2089 415 I".\IIIII
2124 364 2225 418 .IU.

1134 482 1298 535 Δεῦτε
1355 484 1492 554 πρὸς
1556 484 1621 554 μὲ
1656 482 1762 536 πάν

1890 484 1940 536 in
1976 483 2352 551 compendium
2404 484 2671 546 redactae;
2707 484 2772 535 do
2820 497 2923 550 quo
2964 484 3085 536 cod.
3123 481 3324 537 multus
3368 492 3452 536 est

195 480 422 548 spiritali
454 482 792 551 perfectione.
824 480 1015 551 Incipit
1069 502 1080 535 :

194 592 303 638 τες,
334 591 456 644 pag.
486 575 609 631 252.
631 575 846 648 [Garn.,
876 594 928 649 p.
961 577 1065 632 202
1096 577 1204 648 sq].

265 669 318 721 5.
357 667 493 738 Περὶ
534 670 839 740 ἀσκήσεως.
881 670 997 733 πῶς
1025 670 1103 722 δεῖ
1128 670 1451 742 κοσμεῖσθαι
1484 672 1577 726 τὸν
1607 690 1775 743 μονα-

192 758 314 829 χὸν,
342 758 416 812 De
453 764 823 814 exercitatione
853 763 1165 826 monastica,
1198 781 1298 832 quo
1326 781 1379 817 se
1407 766 1589 819 debeat
1631 778 1778 834 pacto

193 854 430 905 excolere
458 864 504 906 et
536 868 724 905 ornare
748 854 1055 906 monac/tus.
1088 854 1279 924 Incipit
1314 875 1325 910 :
1356 859 1447 909 Δεῖ
1478 857 1569 909 τὸν
1618 874 1779 927 μονα·

194 941 292 1012 χδν
320 942 429 1014 πρὸ
481 943 694 996 πάντων
723 942 1029 1014 ἀκτήμονος
1062 944 1176 1015 βίον
1204 946 1521 1017 κεκτῆσθαι.
1549 946 1610 1005 Ρ.
1650 947 1775 1001 216.

196 1032 392 1105 [Garm
425 1049 479 1102 p.
507 1033 635 1097 211,
664 1032 796 1106 ctc.]

264 1125 322 1181 4.
363 1126 497 1197 Περὶ
529 1126 784 1190 πίστεως,
829 1125 902 1179 De
923 1126 1045 1193 fide.
1095 1125 1282 1196 Incipit
1310 1145 1325 1182 :
1352 1126 1486 1181 Θιοῦ
1518 1125 1613 1180 τοῦ
1646 1128 1779 1195 ἀγα·

194 1218 290 1272 θοῦ
325 1219 536 1290 χάριτι.
574 1219 703 1289 Pag.
737 1220 863 1276 240.
886 1220 1051 1275 Fasti.
1076 1220 1307 1275 Garnier
1332 1220 1573 1274 ordinem
1607 1230 1781 1272 mnta-

194 1314 294 1375 vit,
348 1322 421 1375 et,
475 1312 838 1382 praeeuntibus
891 1312 1097 1374 Pbotio,
1146 1311 1233 1366 ed.
1272 1312 1472 1366 Veneta
1521 1311 1779 1377 librisque

194 1404 493 1468 veteribus,
521 1403 699 1472 priore
728 1402 843 1456 loco
884 1402 1049 1457 Iibell.
1098 1402 1171 1455 De
1191 1403 1397 1471 judicio
1445 1401 1565 1465 Dei,
1592 1418 1643 1468 p.
1672 1402 1777 1456 215

194 1509 303 1563 sq.,
336 1494 631 1563 posteriore
680 1506 857 1547 autem
911 1510 1033 1564 pag.
1072 1494 1199 1559 9.23,
1236 1494 1311 1548 De
1350 1494 1454 1562 ﬁde
1514 1495 1773 1564 reposuit.

195 1587 339 1643 Idem
374 1589 424 1639 in
454 1584 603 1653 pref.
646 1601 769 1655 pag.
802 1601 1009 1641 xxxvnt
1036 1601 1155 1656 sqq.
1188 1586 1306 1640 illos
1342 1584 1549 1639 libellos
1577 1595 1630 1639 et
1660 1601 1777 1638 tuo-

196 1680 329 1733 ralia
364 1678 560 1731 asserit
587 1677 805 1740 Basilio.
839 1689 1029 1732 contra
1060 1677 1464 1740 Combelisium,
1497 1676 1604 1729 duo
1633 1677 1777 1745 prio.

194 1788 281 1825 res
332 1770 427 1826 lib.
461 1770 743 1827 Eustatbio
792 1774 1148 1826 ascribcntem
1176 1809 1191 1831 ,
1234 1768 1442 1822 fortiter
1490 1769 1773 1821 dimicans.

193 1862 527 1919 Tillemontii
555 1879 769 1934 quoque
794 1862 1153 1917 dubitationes
1180 1861 1336 1914 tollit.
1374 1860 1541 1920 ΙΙΑιιι..

255 1956 312 2012 5.
353 1958 644 2029 Προοίμιον
675 1957 782 2009 τῶν
840 1954 1083 2009 Ἠθικῶν
1128 1954 1255 2025 περὶ
1300 1953 1561 2025 κρίματος
1604 1950 1775 2014 Θεοῦ,

190 2052 498 2114 praemium
530 2050 598 2101 ad
632 2048 834 2111 Etltit'a,
862 2053 925 2100 de
970 2048 1174 2115 judicio
1226 2046 1342 2104 Dei.
1374 2047 1564 2115 Incipit
1593 2062 1606 2097 :
1640 2043 1775 2097 Θεοῦ

189 2137 280 2191 τοῦ
306 2138 517 2207 ἀγαθοῦ
544 2137 888 2209 χρηστότητι.
915 2137 975 2191 Ρ.
1009 2139 1137 2192 257.

253 2233 309 2285 6.
351 2230 642 2301 Προοίμιον
670 2228 778 2281 τῶν
822 2228 1084 2285 Ἠθικῶν.
1107 2229 1263 2284 Aliud
1292 2227 1602 2282 Promuium
1633 2228 1778 2282 brere

190 2326 251 2378 ad
290 2321 512 2387 Etlrica,
537 2322 604 2376 de
640 2323 741 2388 bis,
770 2322 957 2390 qnzein
980 2322 1153 2377 sacris
1179 2321 1371 2375 litteris
1406 2322 1568 2374 vetita
1598 2319 1777 2388 Iussa-

188 2429 247 2469 νε
298 2424 449 2470 Sunt.
516 2415 705 2484 Incipit
749 2430 761 2463 :
805 2415 886 2467 Τὰ
954 2414 1082 2486 περὶ
1129 2414 1227 2482 τῆς
1284 2410 1632 2483 ὑγιαινούσης
1682 2413 1773 2465 πί-

186 2521 378 2569 στεως.
406 2505 537 2576 I‘ag.
559 2505 685 2560 272.

251 2598 305 2651 7.
364 2598 584 2661 Ἠθικά,
626 2597 809 2666 Capita
858 2596 1082 2655 moralia
1119 2595 1449 2659 Christiana.
1500 2612 1567 2651 ex
1614 2599 1776 2651 meris

186 2690 315 2746 Novi
344 2690 680 2746 Testamenti
703 2688 863 2744 dictis
890 2698 1138 2743 contexta
1162 2699 1217 2743 et
1235 2690 1435 2759 regulis
1466 2688 1656 2746 LXXX
1674 2690 1773 2744 sub

186 2785 350 2837 certis
396 2784 670 2850 capitibus
712 2782 826 2836 sive
873 2782 1042 2837 titulis
1097 2783 1506 2849 comprehensa.
1545 2782 1769 2850 Incipit.

189 2874 305 2927 ὀτι
356 2873 439 2925 δεῖ
487 2874 614 2935 τοὺς
666 2872 1021 2934 πιστεύοντας
1076 2870 1155 2941 τῷ
1198 2872 1387 2941 Κυρίῳ
1442 2872 1771 2941 μετανοῆσαι

185 2965 422 3037 πρῶτον.
458 2965 586 3035 Pag.
628 2965 753 3019 275.
789 2964 976 3037 [Carm
1009 2962 1070 3030 II,
1104 2977 1225 3033 pag.
1261 2962 1366 3021 254
1397 2963 1546 3036 sqq.]
1593 2963 1771 3031 Quaa-

184 3073 346 3125 quam
375 3072 509 3111 vero
537 3058 790 3110 nonnulla
831 3057 947 3110 loca
994 3057 1319 3124 scriptorum
1362 3071 1641 3111 sacrorum
1669 3056 1768 3111 ali-

3295 382 3445 424 CCL\I

1883 571 2076 629 lriarte
2106 573 2159 628 in
2191 573 2308 631 Cat.
2341 574 2493 627 codd.
2528 572 2623 626 Gr.
2655 573 2860 628 Hatrit.
2890 589 3012 644 pag.
3044 573 3149 627 410
3185 587 3330 643 sqq.,
3362 576 3451 642 qui

1880 681 1943 720 ex
1996 681 2062 721 eo
2092 676 2203 720 tum
2235 667 2486 731 indicem,
2529 676 2638 720 tum
2671 668 2948 735 prologum
2990 664 3086 721 Gr.
3137 667 3449 735 exscripsit.

1880 758 2016 825 Tum
2047 758 2267 813 uberius
2313 769 2577 814 memorat
2606 759 2848 812 notitiam
2883 774 2947 814 ac
2981 759 3277 815 versionem
3309 757 3454 812 illius

1882 850 2123 917 opusculi
2158 851 2361 906 laudati
2396 850 2761 921 Hispanicam,
2795 869 2823 904 a
2868 852 3141 907 Ludovico
3172 851 3238 905 ab
3270 850 3452 919 Ange-

1882 939 1969 1002 lis,
2000 939 2253 996 Basiliani
2291 942 2499 997 ordinis
2535 944 2831 1008 monacho,
2886 944 3186 1000 confectam
3212 983 3224 1005 ,
3261 944 3454 996 collato

1883 1032 2071 1087 Latino
2114 1033 2403 1089 cardinalis
2454 1033 2636 1089 Sirleti
2683 1035 3012 1105 exemplari;
3067 1038 3199 1090 edit.
3252 1036 3452 1103 Ilispali

1884 1125 2041 1191 I6l5,
2067 1125 2121 1179 4.
2148 1155 2221 1175 -Ρ
2245 1124 2442 1181 Matriti
2472 1126 2632 1192 1664,
2660 1127 2715 1182 4.
2737 1158 2807 1167 -
2836 1127 3074 1184 Correct.
3125 1128 3197 1182 ib.
3230 1128 3369 1183 1609
3401 1138 3456 1182 et

1884 1215 2041 1281 I669,
2077 1216 2132 1274 8.
2182 1228 2235 1272 et
2281 1233 2411 1272 cura
2458 1217 2652 1273 Franc.
2694 1219 2761 1274 de
2812 1218 2998 1289 Bejar,
3045 1220 3174 1275 ibid.
3228 1220 3366 1275 I756
3399 1230 3456 1275 et

1883 1307 2041 1372 1749,
2076 1307 2159 1361 12.
2192 1306 2364 1362 "AB!"

1950 1398 2034 1451 II.
2080 1398 2235 1470 Ὅροι
2271 1398 2390 1452 κατ’
2417 1400 2704 1472 ἐπιτομήν,
2740 1399 2949 1470 Regulae
2982 1400 3269 1467 breuiores,
3303 1418 3452 1471 quae-

1881 1489 2146 1544 stionibus
2170 1500 2226 1544 et
2258 1491 2698 1560 τεεροηδὶοηὶδυε
2719 1508 2933 1548 cccstn.
2956 1493 3222 1563 Incipiunt
3250 1496 3339 1547 :‘0
3366 1513 3454 1564 φι-

1880 1579 2198 1650 λάνθρωπος
2235 1581 2399 1647 Θεός,
2428 1598 2544 1653 pag.
2574 1583 2695 1637 505.
2739 1584 2950 1640 Pridem
2988 1597 3109 1640 ante
3153 1585 3451 1640 Futnaumn

1879 1683 2116 1726 verterat
2144 1673 2403 1737 liuiinus,
2433 1676 2586 1745 cujus
2617 1678 2789 1729 versin
2821 1687 3001 1733 exstat
3048 1679 3100 1732 in
3130 1678 3288 1733 Luca:
3328 1678 3455 1731 1101-

1878 1766 2031 1818 stenii
2048 1763 2239 1818 Codice
2262 1765 2557 1833 regularum
2581 1771 3013 1834 utonuaticarutn,
3041 1770 3195 1825 Rotn.
3218 1771 3348 1827 1661
3366 1814 3378 1831 ,
3395 1771 3451 1837 4,

1810 1836 1850 1889 Β
1881 1869 2033 1925 parte
2080 1872 2119 1921 ι,
2171 1873 2294 1927 pag.
2326 1856 2395 1911 95
2432 1874 2547 1924 seq.
2591 1858 2706 1910 Alia
2760 1860 2901 1927 apud
2955 1861 3223 1932 Rudolpb.
3260 1836 3454 1931 Hospi-

1882 1949 2096 2002 nianum
2140 1950 2232 2004 lib.
2276 1966 2332 2004 Ill
2378 1950 2449 2004 De
2470 1952 2667 2020 origine
2698 1962 2745 2006 et
2773 1968 3047 2023 progressu
3080 1960 3453 2021 monac/tatus,

1881 2058 1998 2112 pag.
2033 2042 2099 2098 69
2130 2058 2244 2111 seu.
2290 2043 2455 2105 Fasti.
2489 2045 2679 2107 Garn.,
2726 2047 2789 2111 II,
2826 2064 2945 2118 pag.
2978 2048 3075 2103 401
3119 2064 3263 2120 sqq.,
3294 2051 3453 2105 index

1879 2135 2111 2203 capitqu
2148 2135 2383 2198 illorum,
2419 2151 2539 2203 pag.
2575 2138 2699 2204 415,
2731 2140 2978 2206 sequitur
3008 2143 3351 2209 prommium.
3398 2154 3453 2196 et

1878 2242 1929 2294 ρ.
1960 2227 2064 2282 414
2099 2245 2217 2297 sqq.
2270 2228 2481 2296 lli-gula-
2532 2231 2659 2297 ipsa:
2708 2231 3004 2287 breviores.
3061 2234 3116 2291 In
3152 2237 3271 2290 cod.
3314 2235 3455 2294 T.=u-,

1880 2320 1982 2371 rin.
2060 2318 2172 2374 XCI
2244 2322 2441 2391 regulos
2515 2321 2684 2377 fusius
2740 2333 2979 2380 tractata:
3043 2339 3098 2379 et
3177 2328 3454 2383 breviores

1877 2424 2033 2480 capp.
2067 2410 2171 2466 550
2200 2415 2455 2466 continuo
2486 2414 2751 2482 leguntur,
2796 2415 2849 2469 in
2888 2433 3048 2471 unum
3078 2434 3272 2489 corpus
3307 2424 3454 2475 reda-

1876 2510 1997 2553 ctae.
2048 2499 2109 2556 ν.
2144 2502 2315 2558 Catal.
2362 2505 2514 2557 codd.
2560 2502 2655 2557 Cr.
2688 2503 2875 2572 Taur.,
2919 2524 3037 2580 pag.
3083 2509 3453 2578 ιδεμ-ρυλε

1876 2593 1941 2646 de
1968 2590 2147 2646 Ruﬁni
2198 2595 2466 2659 versione,
2520 2610 2638 2649 eam
2680 2610 2800 2651 esse
2856 2610 3189 2653 contractam
3223 2601 3453 2670 Regula-

1877 2702 1993 2738 ruui
2049 2687 2353 2740 brcviornm
2407 2686 2464 2742 S.
2526 2686 2731 2754 Basilii,
2787 2704 2912 2744 cum
2965 2689 3200 2759 Labbco,
3253 2694 3447 2760 Dttpin,

1874 2777 2071 2839 Caveo,
2102 2776 2311 2833 Oudino
2353 2779 2583 2849 aliisque
2613 2781 2906 2852 scripserat
2934 2782 3235 2847 Fabricius,
3267 2802 3329 2839 ca
3361 2803 3449 2838 ca-

1873 2870 2091 2939 stigavit
2119 2870 2455 2927 Lambacber
2490 2873 2541 2925 in
2575 2872 2713 2929 Bibl.
2742 2876 2957 2943 antiqua
2999 2875 3221 2931 Vintlob.
3263 2880 3450 2939 civica.

1873 2976 1990 3029 pag.
2029 2959 2098 3013 86
2143 2977 2251 3029 sq.,
2289 2972 2398 3017 nct.
2437 2981 2489 3025 a.
2534 2975 2610 3028 ct,
2647 2977 2898 3022 monente
2933 2968 3044 3035 jam
3074 2967 3367 3023 P0sseviuo
3399 2972 3451 3025 iu

1872 3054 2067 3121 .‘Ippat‘.
2104 3072 2274 3118 sacro,
2307 3057 2411 3109 vol.
2446 3059 2487 3120 I,
2519 3074 2639 3129 pag.
2674 3059 2799 3123 185,
2832 3060 3243 3127 animadvertit,
3275 3077 3306 3114 a
3338 3064 3450 3116 Iln~

188 3161 260 3203 ter
282 3151 618 3219 quandoque
644 3151 799 3213 citat,
824 3164 982 3218 quam
1014 3150 1064 3203 in
1102 3149 1331 3220 vulgatis
1366 3148 1498 3206 Novi
1524 3149 1767 3205 Fsederis
1797 3186 1836 3239 ε
1876 3146 1982 3199 lino
2013 3156 2119 3200 tam
2153 3147 2430 3203 breviores
2458 3165 2618 3219 quam
2654 3151 2827 3207 Iustus
2851 3154 3155 3223 disputatas
3192 3154 3447 3224 Regulae,

182 3242 464 3297 codicibus
505 3243 661 3297 hodie
703 3242 977 3312 leguntur,
1015 3255 1194 3298 tamen
1232 3244 1463 3297 intutum
1507 3241 1669 3295 fuerit
1701 3256 1767 3295 ex

182 3350 245 3387 eo
273 3335 362 3389 illa
401 3337 457 3389 in
487 3336 571 3390 bis
604 3337 898 3404 corrigere,
948 3347 1003 3389 ut
1052 3338 1218 3403 probe
1268 3334 1578 3389 observavit
1612 3332 1765 3387 llich.

184 3424 392 3491 Simon,
427 3439 559 3481 tom.
599 3427 661 3480 III
710 3426 846 3480 Hist.
882 3427 1079 3481 criticis
1105 3425 1178 3481 N.
1213 3425 1299 3489 T.,
1332 3441 1452 3495 pag.
1489 3424 1610 3487 III.
1644 3439 1766 3479 nam

1876 3248 2094 3293 nentras
2143 3251 2319 3295 tamen
2376 3244 2583 3314 integre
2629 3259 2818 3301 versas
2861 3261 2981 3301 esse
3027 3264 3040 3300 :
3087 3246 3339 3302 Rufinum
3371 3252 3451 3301 in-

1872 3329 2095 3384 cboasse
2130 3335 2430 3387 versionem
2462 3349 2613 3389 suam
2644 3351 2672 3387 a
2708 3340 2996 3406 prommio,
3033 3342 3176 3408 quod
3217 3339 3449 3397 Basilius

1873 3422 2199 3490 prwmiserat
2230 3423 2450 3493 Regulus
2479 3427 2592 3480 suis
2615 3426 2994 3491 brevioribus;
3034 3434 3101 3483 ab
3127 3433 3241 3501 ipso
3273 3434 3448 3502 primo

182 3533 286 3574 non
313 3526 529 3573 tantqu
550 3528 651 3580 est,
685 3520 900 3587 quando
929 3534 961 3574 e
992 3519 1249 3573 memoria
1285 3519 1453 3584 citat;
1489 3518 1581 3573 sed
1604 3518 1766 3572 etiam
1865 3513 2050 3582 capite
2090 3512 2357 3582 incepisse
2404 3513 2637 3587 Regulos
2680 3516 2935 3585 fusiores,
2982 3524 3156 3590 iisque
3212 3528 3447 3578 nondum

182 3611 247 3663 ad
267 3618 655 3678 argumentum
676 3626 832 3669 suum
856 3626 1130 3665 sacrorum
1157 3612 1481 3679 scriptorum
1505 3611 1664 3665 verba
1697 3612 1767 3665 leo

182 3702 618 3756 vitcrimmutata
644 3703 1033 3757 accommodat.
1056 3702 1219 3759 FABB.
1236 3702 1394 3762 Conf.
1423 3701 1763 3761 Schroeckh.

178 3793 217 3849 I.
247 3808 326 3855 e..
361 3808 416 3862 p.
452 3792 636 3855 16-24.
670 3794 837 3849 11.ιιιι.

246 3885 299 3939 8.
346 3885 520 3957 Λόγος
564 3884 879 3957 ἁσκητικός,
920 3884 995 3939 De
1018 3885 1345 3938 institutione
1392 3886 1648 3952 religiosa:
1691 3886 1764 3934 υἱ-

178 3988 261 4029 te.
288 3974 483 4043 Incipit
502 3992 517 4030 :
537 3977 592 4028 '0
609 3976 895 4045 ἄνθρωπος
927 3977 1045 4034 κατ’
1075 3976 1259 4034 εἰκόνα
1292 3976 1450 4029 Θεοῦ.
1481 3976 1608 4046 Pag.
1637 3978 1761 4033 589.

177 4067 373 4145 [ϐίη-ιι.
412 4082 536 4138 pag.
566 4070 670 4124 518
702 4086 822 4140 sqq.
850 4067 1006 4123 Coui‘.
1038 4068 1391 4136 Scbrpecltlt..
1421 4085 1473 4138 p.
1502 4068 1571 4123 29
1614 4067 1759 4139 sqq.]

245 4164 301 4218 9.
356 4161 737 4225 ’Υποτύπωσις
783 4162 1104 4232 ἀσκήσεως,
1169 4163 1264 4213 καὶ
1324 4161 1589 4231 πρόλογος
1656 4162 1763 4213 τῶν

1876 3606 2142 3660 absolutis
2190 3606 2317 3662 biuc
2364 3607 2488 3663 inde
2554 3612 2909 3669 admisi-uisse
2961 3616 3192 3686 llegnlas
3232 3618 3447 3673 brevio-

1871 3713 1979 3760 res,
2012 3701 2256 3767 adeoque
2279 3715 2343 3754 ex
2377 3703 2621 3770 utrisque
2665 3719 2828 3758 unum
2858 3721 2996 3774 Opus
3031 3709 3355 3779 reddidisse,
3391 3713 3450 3770 is.

1868 3798 2086 3842 centum
2116 3790 2294 3857 capita
2319 3793 2655 3866 distinctum.
2676 3797 2751 3851 Ita
2771 3800 2933 3852 etiam
2959 3800 3267 3869 judicarunt
3293 3803 3445 3874 Ilugo

1870 3879 2152 3933 Meuardus
2202 3883 2253 3935 in
2303 3885 2446 3937 Itutis
2496 3887 2562 3938 ad
2614 3888 2961 3943 ConcorJtum
3032 3896 3364 3960 regularum,
3415 3918 3442 3951 ιι

1870 3973 1927 4025 S.
1964 3971 2251 4029 Benedicto
2279 3978 2575 4031 Anianeusi
2615 3981 2810 4038 abbate
2842 3985 2997 4039 initio
3022 3990 3202 4042 saeculi
3234 4007 3280 4042 ix
3317 4012 3445 4043 unt-

1869 4068 2086 4131 fectam,
2127 4082 2179 4133 ρ.
2217 4067 2307 4131 56,
2352 4081 2407 4122 ct
2433 4068 2572 4125 Just.
2630 4072 2968 4131 Fontaniuus
3006 4078 3057 4132 in
3094 4079 3329 4134 Historia
3358 4085 3445 4133 lit.

1866 4158 2063 4211 teraria
2102 4158 2441 4225 Aquileiensi,
2494 4162 2583 4216 lib.
2618 4179 2666 4224 v,
2709 4181 2827 4234 cap.
2875 4168 2925 4233 I,
2962 4184 3013 4237 ρ,
3054 4169 3159 4227 205
3212 4187 3317 4242 sq.,
3354 4174 3441 4227 tibi

175 4258 341 4326 ὅρων,
386 4254 667 4324 Religiosae
712 4256 826 4307 vita
871 4252 1035 4307 brevis
1074 4251 1336 4306 institutio
1373 4262 1420 4305 et
1451 4254 1520 4304 ad
1558 4256 1763 4319 regulas
1864 4264 2082 4319 quoque
2136 4253 2293 4305 docte
2343 4263 2589 4307 recenset
2640 4255 2909 4313 editiones
2979 4262 3442 4331 interpretationis

174 4347 435 4416 prolusio.
472 4346 549 4401 Ita
594 4346 646 4401 in
679 4360 783 4399 ms.
812 4344 953 4413 regis
985 4342 1359 4398 Christianiss.
1392 4344 1469 4410 (a)
1507 4344 1760 4397 inscribi-

179 4450 263 4491 tur
297 4439 403 4492 boc
430 4440 724 4507 scriptum,
758 4438 898 4507 quod
935 4436 987 4490 in
1018 4437 1176 4490 editis
1208 4452 1311 4495 non
1339 4433 1502 4487 alium
1548 4434 1757 4488 titulum

1869 4340 2009 4394 illius
2058 4339 2222 4411 (smpe
2280 4347 2680 4412 parapltraseos
2725 4349 2925 4417 pctins,
2979 4354 3160 4406 multis
3199 4356 3361 4408 etiam
3412 4373 3441 4410 a

1868 4429 2061 4486 Rufino
2088 4432 2156 4487 de
2197 4448 2297 4487 suo
2330 4434 2595 4503 intextis).
2646 4435 2929 4507 Copiositts
2978 4449 3156 4496 tamen
3196 4458 3442 4500 recenset

175 4532 359 4594 habet,
387 4532 737 4598 quam/loro;
764 4530 1078 4601 ἁσκητικός.
1110 4528 1301 4596 luc.pit
1340 4546 1353 4581 ε
1382 4528 1438 4580 ’0
1462 4526 1759 4598 ἁσκητικὸς

1870 4525 2126 4590 quasdam
2168 4527 2320 4578 editt.
2378 4526 2678 4581 llnlinianze
2722 4532 2919 4600 regula:
2955 4533 3354 4593 Schmuemanu
3386 4541 3437 4593 in

175 4623 310 4696 βίος,
350 4636 474 4691 pag.
506 4620 628 4675 597.
668 4619 833 4677 ΕΑυι.
864 4620 1054 4683 Garn.,
1083 4620 1143 4683 ll,
1179 4637 1299 4690 pag.
1345 4618 1451 4674 525
1488 4633 1634 4687 sqq.,
1665 4638 1756 4688 qtn

173 4731 236 4772 ex
267 4727 501 4784 utraque
551 4715 638 4768 ed.
689 4710 809 4766 Par.
843 4722 897 4765 et
942 4713 1061 4766 cod.
1096 4711 1341 4767 Contbel.
1372 4710 1519 4765 dedit
1563 4712 1661 4766 inst
1685 4730 1756 4763 ιη-

210 4807 410 4859 tionem
460 4821 474 4857 :

174 4821 410 4873 pttonem
460 4821 474 4857 :
538 4821 635 4859 ιον
667 4821 830 4857 αυτου
878 4821 1034 4871 Αογος
1070 4821 1362 4874 ασκητικος

172 4895 405 4948 aliorum
430 4892 591 4945 codd.
630 4894 841 4946 titulum
880 4891 1157 4948 indicavit.
1190 4890 1362 4947 litat.

236 4987 330 5047 I0.
374 4986 536 5055 Ὅροι
566 4985 706 5042 κατὰ
732 4985 954 5050 πλάτος.
1004 4983 1212 5053 Regula:
1256 4984 1625 5039 monachorum
1663 4992 1747 5051 [n-

169 5083 275 5134 n'tu
327 5082 613 5147 disputata
662 5094 755 5147 per
795 5080 1118 5147 qttaestioues
1144 5088 1199 5130 et
1227 5078 1601 5147 responsiones
1638 5078 1747 5133 LV.

169 5171 481 5241 Incipiunt;
534 5170 749 5243 Ἐπειδὴ
794 5169 928 5223 Θεοῦ
979 5170 1179 5241 χάριτι.
1235 5168 1363 5239 Pag.
1412 5168 1534 5222 402.
1579 5168 1748 5225 Fusa.

167 5259 357 5325 Garit.,
389 5261 457 5325 υ,
488 5276 611 5331 pag.
638 5262 740 5317 527
775 5276 917 5330 sqq.,
948 5263 1037 5330 qni
1075 5277 1137 5317 ex
1182 5261 1338 5313 codd.
1374 5261 1622 5329 (quorum
1659 5278 1749 5312 va-

171 5357 393 5409 rietates
424 5354 477 5405 in
519 5364 633 5408 not.
669 5355 869 5423 attulit)
897 5364 1014 5421 p0st
1062 5353 1263 5411 πλάτος
1314 5355 1519 5407 addidit
1556 5354 1748 5425 11909!-

171 5461 310 5513 μιον.
340 5472 412 5487 -υ
445 5442 659 5512 Regula:
698 5446 824 5513 ipsa:
864 5460 877 5497 :
909 5442 1190 5511 Κεφάλαια
1219 5440 1327 5497 τῶν
1366 5444 1506 5501 κατὰ
1548 5442 1748 5504 πλάτος

168 5537 331 5605 ὅρων,
370 5537 635 5603 incipiunt
665 5552 786 5606 pag.
816 5536 940 5590 552.
971 5535 1168 5589 Matriti
1221 5537 1274 5589 in
1308 5536 1427 5589 cod.
1460 5534 1545 5589 CV
1584 5534 1747 5598 Ιιυμίο

170 5640 291 5682 sunt
324 5627 505 5682 Basilii
538 5626 605 5682 Μ.
650 5629 899 5682 ascetica:
938 5638 990 5682 et
1036 5628 1347 5681 monastica:
1402 5626 1745 5679 constitutio-

169 5736 261 5776 nes
298 5737 399 5788 pro
430 5722 727 5787 tuonacbis,
776 5737 806 5775 a
834 5720 1171 5783 Bessarione,
1218 5720 1377 5773 Patre
1419 5729 1738 5787 purpurato,

236 5835 316 5908 (ι)
358 5837 492 5894 Vide
516 5833 896 5891 Combelisinm
934 5847 1062 5892 lout.
1099 5836 1158 5893 II,
1191 5853 1307 5904 pag.
1344 5836 1460 5888 155.

491 5936 743 6002 Parnot.
806 5934 922 5997 Gtt.
960 5935 1165 5995 XXIX

1866 4615 2005 4671 Bibl.
2050 4617 2489 4671 historico-litter.
2535 4616 2760 4674 Patrum
2806 4621 3005 4691 Latin.,
3064 4637 3191 4683 tom.
3237 4631 3275 4692 I,
3312 4648 3435 4701 pag.

1862 4701 2120 4757 619-622.
2153 4704 2194 4756 Α
2228 4703 2495 4761 Maittaire
2520 4707 2587 4762 Α.
2631 4707 2717 4775 Τ.,
2747 4709 2837 4771 ιν.
2867 4727 2986 4782 pag.
3021 4716 3143 4782 710,
3176 4720 3304 4775 edit.
3341 4720 3438 4775 Ve-

528 4802 635 4859 Τοῦ
667 4801 830 4857 αὑτοῦ
878 4801 1034 4871 λόγος
1070 4802 1366 4874 ἀσκητικός
1389 4840 1404 4866 ,
1434 4810 1490 4856 et
1540 4804 1592 4857 in
1630 4815 1753 4856 nota

1870 4807 1979 4850 nela
2032 4795 2191 4878 1500,
2241 4800 2299 4864 4,
2347 4805 2424 4855 sic
2474 4802 2676 4857 citatur
2721 4818 2734 4855 :
2788 4800 2999 4875 Regula!
3040 4809 3095 4863 S.
3145 4811 3431 4876 Benedicti,

1858 4887 1920 4941 S.
1944 4884 2153 4977 Basilii,
2178 4888 2588 4977 S.AAttpustt;nii,
2636 4905 2684 4948 et
2731 4889 3000 4952 Francisci
3033 4901 3237 4957 collect.
3283 4922 3434 4977 atque

1857 4975 2084 5027 ordinat.
2120 4990 2213 5041 per
2239 4974 2303 5027 ι).
2332 4974 2422 5030 Jo.
2463 4974 2658 5034 Franc.
2686 4980 2995 5039 Brixianam
3020 4991 3329 5043 monachum
3348 4974 3432 5033 ⁷-

1853 5082 1979 5118 cura
2007 5077 2054 5118 et
2082 5066 2324 5134 impensis
2348 5097 2415 5109 -—
2434 5067 2562 5125 an.
2602 5074 2814 5126 Antonii
2844 5075 2907 5128 de
2950 5075 3173 5144 Giunta,
3211 5081 3435 5138 Floren-

1853 5158 1970 5219 tini,
2006 5168 2119 5211 arte
2151 5170 2195 5211 et
2246 5162 2423 5213 solerti
2466 5164 2670 5231 ingenio
2720 5169 2959 5235 magistri
3014 5170 3103 5226 Jo.
3135 5174 3200 5226 de
3247 5174 3425 5240 Spirn.

1858 5248 2038 5303 Venet.
2072 5250 2228 5314 I5b0,
2248 5250 2300 5305 4.
2330 5252 2475 5307 Adde
2497 5254 2719 5310 Bandini
2741 5260 2932 5316 Annal.
2956 5262 3169 5319 Juntar.
3198 5278 3384 5336 typogr
3411 5313 3427 5335 ,

1853 5347 1991 5406 part.
2032 5354 2071 5400 ι,
2106 5354 2224 5408 pag.
2260 5342 2313 5397 7.
2353 5342 2523 5399 Ηλκι..

1924 5444 2009 5498 12.
2062 5446 2360 5517 Ἐπιτίμια,
2403 5448 2576 5506 Parma
2625 5454 2715 5508 LX
2760 5458 2813 5510 in
2864 5462 3174 5527 monachos,
3224 5476 3279 5519 et
3309 5466 3425 5523 XIX

1854 5538 2112 5592 adversus
2162 5544 2453 5596 monachus
2491 5544 2863 5615 delinquentes
2911 5554 3015 5619 (εις
3063 5555 3158 5618 τὰς
3214 5576 3425 5613 novavi.

1853 5626 1974 5693 κάς)
2022 5631 2346 5684 constitutae.
2403 5632 2591 5702 Incipit
2624 5652 2639 5689 :
2672 5638 2739 5690 Ei’
2774 5658 2859 5707 τις
2901 5644 3157 5715 ὑγιαίνων
3200 5648 3277 5719 τῷ
3321 5650 3424 5703 σὼ,

1852 5733 1999 5786 part.
2048 5716 2171 5786 Pag.
2223 5719 2345 5775 658.
2401 5720 2541 5779 titan
2622 5724 2789 5781 Garn.
2846 5730 2909 5793 n,
2960 5745 3083 5799 ptg.
3141 5716 3419 5811 5263a."

3019 5954 3061 6027 7
