4066 6314
675 380 862 421 CCL!"

2025 362 2561 420 PIIOLEGOMENA.

674 483 728 537 in
764 480 964 535 Monito
1002 482 1223 551 prmio,
1257 480 1497 549 pluribus
1535 491 1714 535 autem
1740 489 1791 533 et
1820 480 2158 549 gravioribus
2188 482 2240 535 in
2275 488 2316 544 Α
2348 483 2652 539 adulterino
2676 484 2839 541 Garn.
2873 486 2925 541 in
2964 486 3123 543 Praef.
3160 486 3188 559 ᾗ
3238 487 3353 554 XII,
3394 503 3516 559 pag.
3545 505 3751 557 Lsxvtt,
3782 507 3943 547 suam

675 575 826 645 praef.
865 573 891 645 §
927 572 993 627 IX
1028 583 1081 627 et
1113 574 1183 638 Χ,
1230 588 1331 643 pag
1369 588 1779 638 xsvm—xxxtn,
1831 572 2050 642 prolatis
2084 576 2249 628 ratio-

673 668 855 728 nibus.
895 675 1081 721 contra
1113 665 1531 731 Combelisium,
1566 665 1918 725 Cotelerium,
1953 664 2245 721 Tilletnon-

668 762 804 815 tium
848 771 901 815 et
930 760 1006 816 Du
1038 759 1162 826 Pin,
1201 759 1411 815 illarum
1458 767 1735 828 patronos,
1768 756 2060 823 dimicans,
2095 759 2246 813 istam

673 864 727 907 et
759 861 1097 921 sequentem.

709 943 795 999 "8.
838 943 976 1015 Περὶ
1029 941 1300 1012 νηστείας,
1342 939 1458 1006 λόγ.
1497 938 1565 1007 γ’.
1607 937 1683 992 De
1711 938 1921 1008 jejunio
1960 946 2096 992 orat.
2152 936 2247 990 ΙΙΙ

674 1034 830 1106 (qua!
862 1035 1049 1103 incipit
1074 1034 1349 1101 Νηστείας
1375 1033 1465 1084 καὶ
1493 1029 1717 1101 ἱλασμοῦ
1741 1032 1769 1083 ὁ
1819 1031 2030 1101 καιρός,
2062 1047 2114 1098 p.
2145 1029 2240 1083 621

671 1128 831 1199 sqq.)
859 1144 955 1199 pro
972 1128 1169 1197 spuriis
1195 1126 1382 1181 babuit
1406 1141 1419 1189 ;
1447 1126 1538 1179 sed
1568 1135 1746 1179 tamen
1775 1124 1845 1179 ita
1874 1138 2061 1178 rursus
2083 1124 2247 1177 eden-

673 1222 773 1277 das
803 1236 922 1276 esse
958 1222 1191 1282 censuit,
1222 1227 1281 1272 ut
1315 1218 1497 1272 Graeca
1532 1227 1587 1273 et
1617 1215 1805 1272 Latina
1838 1226 2099 1285 notasque
2126 1232 2244 1268 tnu-

670 1328 759 1370 tua
802 1326 1039 1370 sumeret
1073 1331 1102 1367 a
1145 1312 1434 1369 Cotelerio.
1468 1312 1603 1367 Nam
1650 1311 1780 1365 duas
1813 1310 1947 1365 istas
1993 1309 2245 1364 hotnilias

667 1408 949 1462 ediderunt
977 1406 1067 1460 Fr.
1094 1404 1445 1461 Combelisius
1470 1405 1526 1459 in
1563 1405 1878 1460 Ecclesiaste
1905 1419 2003 1458 suo
2036 1402 2240 1466 στα-σο,

664 1499 838 1555 Paris.
867 1498 1022 1565 1674,
1054 1498 1105 1563 4,
1146 1499 1332 1552 Latine
1361 1499 1643 1560 duntaxat,
1675 1509 1729 1552 ct
1754 1497 1837 1552 Jo.
1873 1498 2109 1567 Baptista
2140 1495 2243 1549 Co-

666 1591 888 1645 telerius
927 1590 1112 1647 Graece
1166 1604 1229 1644 ac
1266 1588 1385 1641 Lat.
1446 1590 1496 1643 in
1538 1598 1664 1645 tom.
1714 1590 1731 1643 l
1780 1588 2240 1643 Monumentorum

664 1683 915 1738 Ecclesia:
970 1683 1174 1739 Greca:
1196 1724 1211 1749 ,
1246 1681 1420 1735 Paris.
1473 1682 1631 1747 1677,
1664 1683 1726 1745 4,
1761 1697 1880 1752 pag.
1913 1681 1982 1735 '58
2005 1709 2031 1721 σ-
2056 1679 2145 1735 40.
2184 1680 2237 1734 In

2354 575 2707 645 amplissimis
2744 579 2928 634 verbis
2977 579 3117 633 dixit
3160 590 3215 632 et
3258 581 3595 650 gravissimis
3631 582 3809 638 tuitus
3859 595 3945 637 est

2353 670 2686 736 argumentis
2726 672 3073 740 sententiam,
3123 673 3409 741 disputans
3443 674 3690 744 inprimis
3739 688 3943 731 contra

2352 759 2751 816 Tillemontium
2778 772 2830 818 et
2858 765 2934 818 Du
2960 764 3082 828 Pin,
3110 765 3161 819 id
3190 764 3390 820 Basilio
3416 777 3740 830 asserentes.
3772 781 3946 839 atque

2353 849 2763 920 (Iombelisium,
2804 854 3083 911 Eustathio
3118 854 3416 911 Sebasteno
3452 857 3805 912 tribuentem.
3837 864 3945 911 At.-

2351 956 2456 1011 que
2490 942 2776 999 Garnierio
2809 950 3104 1001 assentitur
3134 948 3449 1004 Scltroeckh
3477 949 3510 1003 l.
3544 965 3621 1013 c.,
3654 965 3778 1021 pag.
3805 950 3939 1007 205.

2349 1067 2417 1077 —
2443 1036 2731 1094 Florentia:
2764 1039 2816 1093 in
2851 1042 2972 1096 cod.
3009 1040 3264 1097 Laurent.
3308 1059 3337 1095 a
3374 1043 3676 1112 bibliopega
3715 1046 3942 1098 inverse

2350 1142 2652 1199 compacto,
2684 1131 2804 1197 XX,
2835 1149 2888 1187 η.
2938 1133 2971 1187 5
2996 1161 3017 1173 -
3041 1132 3096 1198 6,
3148 1134 3283 1203 plut.
3324 1135 3379 1199 9,
3408 1145 3629 1191 notante
3663 1136 3941 1189 Bandinio

2353 1224 2403 1275 in
2456 1222 2576 1277 Cat.
2630 1228 2783 1283 codd.
2832 1225 2925 1280 Gr.
2956 1226 3146 1293 Laur.,
3181 1229 3221 1290 Ι,
3254 1244 3373 1299 pag.
3413 1229 3551 1295 423,
3600 1230 3849 1285 occurrit
3885 1234 3939 1285 1⁸

2348 1314 2576 1369 sermoI
2622 1316 2783 1385 (quod
2837 1330 2920 1374 est
2955 1320 3133 1389 cap.I
3176 1319 3295 1374 libri
3340 1320 3414 1376 De
3462 1323 3741 1393 baptismo,
3803 1340 3933 1394 pag.

2348 1405 2450 1459 624
2481 1408 2566 1462 ed.
2595 1407 2820 1479 Garn.);
2856 1441 2924 1452 —
2949 1413 3005 1467 2°
3032 1415 3268 1481 Quaestio
3320 1430 3441 1469 cum
3473 1418 3857 1485 respoitsione,
3888 1435 3932 1472 s.

2345 1514 2465 1569 cap.
2496 1500 2551 1565 2,
2586 1515 2707 1571 pag.
2741 1501 2845 1557 629
2884 1506 2969 1557 ed.
3026 1505 3191 1562 Garn.
3217 1525 3232 1573 ;
3262 1538 3329 1548 —
3359 1508 3416 1563 5⁸
3448 1508 3639 1566 Sermo
3669 1509 3749 1577 II,
3787 1527 3837 1565 s.
3870 1511 3937 1563 15

2344 1593 2629 1659 quaestinn-
2675 1609 2797 1647 cum
2832 1597 3293 1667 responsionibus,
3321 1602 3463 1669 apud
3497 1600 3760 1657 Garnier.
3800 1619 3933 1673 pag.

2343 1684 2447 1737 652
2476 1700 2622 1753 sqq.;
2649 1714 2719 1725 -—
2744 1686 2802 1740 4°
2831 1686 3021 1742 Sermo
3062 1688 3272 1755 tertius,
3299 1692 3412 1746 sive
3442 1701 3607 1763 caput
3668 1695 3925 1758 tertium,

663 1778 1033 1848 superioribus
1052 1776 1206 1831 editt.
1248 1776 1671 1833 Graeco-Latinis
1705 1792 1809 1829 non
1839 1783 2017 1828 exstat
2046 1789 2130 1828 or.
2169 1772 2232 1826 IlI
2266 1838 2303 1848 h
2343 1791 2461 1847 pag.
2494 1778 2598 1832 649
2626 1778 2792 1833 Garn.
2832 1778 3002 1835 ΗΑιιι..

662 1838 745 1921 υὲ
761 1867 987 1937 jejunio.
1033 1867 1166 1923 Hinc
1196 1867 1413 1923 Fabric.
1460 1869 1515 1922 in
1548 1879 1657 1923 vet.
1688 1868 1843 1929 cdit.,
1877 1865 1908 1936 θ
1944 1863 2059 1929 vn,
2092 1865 2232 1918 inter
2266 1838 2307 1891 Β
2343 1838 2358 1847 ’
2410 1838 2494 1921 it.
2517 1869 2861 1942 Λειτουργίαι.
2897 1869 3161 1942 Liturgia.
3194 1871 3361 1927 Garn.
3394 1870 3472 1939 Il,
3508 1888 3629 1944 pag.
3667 1877 3775 1931 ora
3800 1893 3927 1947 sqq.

661 1960 859 2030 scripta
884 1958 1062 2014 Basilii
1090 1974 1209 2028 quae
1234 1959 1333 2015 sub
1359 1958 1475 2027 ejus
1506 1961 1723 2013 nomine
1756 1956 2026 2022 feruntur,
2054 1956 2146 2009 sed
2182 1955 2233 2009 in

660 2053 783 2107 edd.
823 2050 1077 2108 Gr.—Lat.
1110 2069 1220 2107 non
1252 2062 1486 2116 exstant,
1522 2068 1576 2107 n.
1610 2049 1773 2106 XVIII
1815 2049 2019 2104 retulit.
2052 2078 2123 2088 —
2164 2047 2238 2100 De

661 2143 820 2197 codd.
849 2144 1168 2212 quibusdam
1194 2159 1244 2197 ν.
1275 2143 1339 2198 ad
1373 2159 1426 2197 n.
1458 2143 1514 2209 2,
1550 2142 1692 2196 inter
1725 2139 1996 2201 bomilias,
2034 2148 2165 2193 tom.
2196 2138 2232 2190 l.

661 2234 836 2296 ΗΑιιι..

730 2326 783 2382 9.
823 2328 994 2396 Λόγος
1031 2328 1111 2390 εἰς
1151 2326 1250 2397 τὴν
1284 2324 1634 2378 ὑποτύπωσιν
1680 2324 1778 2395 τῆς
1811 2324 2116 2394 ἀσκήσεως·
2166 2321 2238 2375 De

659 2420 921 2489 religiosa:
951 2419 1342 2473 exercitationis
1370 2418 1743 2487 informatione
1774 2417 2094 2472 sermo.lnc.
2129 2415 2235 2469 Τοῦ

658 2510 866 2584 Κυρίου
905 2510 1061 2581 ἡμῶν
1103 2508 1275 2581 Ἰησοῦ
1311 2509 1549 2583 Χριστοῦ
1583 2510 2035 2583 προστάσσοντος.
2065 2509 2233 2565 Garn.

658 2602 719 2662 Il.
755 2617 875 2673 pag.
908 2601 1031 2668 625,
1059 2616 1123 2656 ex
1156 2602 1394 2655 editione
1419 2600 1730 2655 Combelisii
1760 2602 1815 2652 in
1844 2600 2005 2667 bujus
2031 2597 2236 2652 Basilio

660 2698 934 2758 recensita,
993 2710 1114 2765 pag.
1158 2690 1417 2755 98-105,
1465 2692 1646 2746 recudi
1686 2690 1835 2757 fecit,
1874 2700 1927 2746 et
1967 2693 2020 2744 in
2083 2690 2233 2761 pra-f.

660 2787 688 2858 §
726 2786 812 2854 XI,
838 2796 1025 2842 contra
1056 2784 1435 2842 Combeﬁsium
1462 2783 1766 2854 disputans,
1793 2784 2041 2853 probavit
2068 2784 2237 2839 fuisse

657 2883 726 2935 ab
769 2882 969 2950 aliquo,
1012 2883 1101 2950 qui
1150 2881 1334 2936 Basilii
1386 2880 1622 2947 Regulus
1668 2878 1956 2945 diligenter
1994 2878 2235 2947 legisset,

659 2972 805 3028 illam
833 2983 970 3027 orat.
1008 2972 1091 3026 vel
1123 2971 1301 3041 potius
1328 2969 1611 3037 epistolam
1649 2968 1846 3021 Basilio
1876 2969 2234 3038 suppositam.

657 3062 714 3118 In
751 3066 905 3121 editt.
949 3077 1130 3135 super.
1167 3060 1429 3119 Gr.-Lat.
1463 3076 1568 3117 non
1610 3069 1806 3124 exstat,
1840 3068 1893 3113 et
1922 3074 1953 3112 a
1988 3057 2242 3113 Fabricio

2339 1956 2443 2013 Sed
2501 1972 2817 2031 antequam,
2846 1979 2965 2034 quae
3000 1965 3090 2021 ille
3118 1964 3375 2031 reddidit,
3406 1980 3754 2032 enarrem,ea
3806 1984 3932 2036 qua:

2338 2050 2615 2108 Fabricius
2637 2055 2686 2107 in
2711 2065 2817 2109 vet.
2849 2056 2934 2110 ed.
2968 2056 3107 2110 inter
3130 2058 3353 2127 scripta,
3379 2057 3431 2111 in
3456 2057 3608 2112 editt.
3632 2056 3823 2112 Basilii
3855 2058 3928 2111 Μ.

2338 2139 2587 2199 Gr.-Lat.
2637 2147 2943 2203 desiderata
2976 2164 3032 2203 n.
3061 2148 3158 2202 XX
3185 2159 3239 2204 et
3268 2148 3431 2204 XXVI
3457 2150 3692 2221 scripsit,
3723 2153 3933 2206 additis

2339 2234 2655 2302 quibusdam
2706 2238 3173 2297 observationibus
3232 2244 3286 2297 b.
3338 2243 3373 2296 Ι.
3412 2259 3689 2313 reponam.
3725 2245 3906 2301 Hanc.

2409 2322 2576 2379 XXV.
2618 2326 2752 2380 Θεία
2786 2327 3125 2401 λειτουργία,
3154 2333 3332 2387 divina
3378 2335 3597 2404 liturgia
3631 2333 3735 2406 (a),
3767 2334 3932 2404 cujus

2336 2416 2582 2470 codicem
2613 2415 2862 2471 Gnaeum
2896 2420 3016 2489 plus
3051 2437 3215 2491 quam
3260 2425 3407 2478 mille
3433 2441 3701 2479 annorum
3746 2426 3799 2479 in
3842 2427 3928 2479 bi-

2340 2510 2611 2564 bliotheca
2639 2509 2939 2565 Barberina
2971 2513 3199 2581 reperiri
3230 2522 3462 2569 testatur
3484 2516 3928 2582 Montfauconus,

2340 2617 2458 2669 pag.
2503 2600 2610 2656 9.]0
2643 2601 2854 2656 Itineris
2898 2602 3097 2657 Italici.
3134 2602 3328 2674 Incipit
3369 2622 3384 2658 :
3430 2606 3487 2657 Ὀ
3535 2606 3687 2671 Θεὸς,
3734 2611 3764 2661 ὁ
3791 2609 3931 2673 Θεὸς

2337 2695 2370 2764 ἡ
2381 2694 2517 2764 μῶν,
2556 2697 2584 2747 ὁ
2617 2695 2709 2748 τὸν
2737 2695 2986 2768 οὐράνιον
3019 2695 3204 2768 ἄρτον,
3232 2698 3332 2768 τὴν
3355 2698 3581 2768 τροφήν,
3614 2711 3722 2752 etc.

2410 2785 2595 2842 Graece
2623 2803 2743 2842 cum
2778 2789 2992 2859 liturgia
3022 2787 3206 2845 Jacobi
3253 2800 3310 2843 et
3340 2788 3736 2861 Clirysostomi,
3774 2791 3929 2846 abiis-

2339 2895 2443 2947 que
2468 2881 2687 2949 scriptis
2714 2882 2981 2950 liturgicis
3000 2883 3196 2951 prodiit
3226 2881 3403 2938 Paris.
3437 2883 3597 2948 1560,
3633 2882 3761 2948 foI.,
3793 2900 3922 2954 pag.

2340 2971 2429 3034 43,
2469 2974 2609 3041 typis
2639 2975 2801 3042 regiis
2840 2975 2979 3043 apud
3025 2974 3167 3029 Guil.
3216 2974 3539 3042 Morellium,
3587 2985 3642 3031 et
3672 2974 3928 3032 Veneuis

2350 3062 2505 3127 l548,
2548 3062 2709 3127 1601,
2736 3074 2840 3118 etc.

657 3160 710 3213 in
742 3167 852 3213 vet.
884 3159 970 3213 ed.
1014 3159 1155 3213 inter
1193 3156 1457 3225 ejusmodi
1490 3155 1690 3209 omissa
1738 3154 1939 3222 scripta
1992 3168 2049 3207 η.
2094 3149 2236 3205 XXII
2264 3186 2304 3243 Ο
2414 3154 2605 3211 Latine
2637 3170 2705 3209 ex
2733 3154 2898 3211 veteri
2927 3155 3179 3210 versione
3203 3156 3254 3209 in
3283 3155 3624 3213 Rincaviensi
3658 3158 3719 3214 S.
3752 3160 3926 3216 Joan-

657 3250 1078 3305 memorabatur.
1102 3277 1171 3288 -—
1207 3247 1394 3302 Exstat
1419 3246 1471 3300 in
1506 3244 1597 3299 VII
1636 3245 1792 3301 codd.
1828 3244 1998 3298 Paris.
2029 3242 2198 3298 HABL.

729 3341 814 3396 10.
846 3341 981 3413 Περὶ
1006 3339 1399 3411 βαπτίσματος.
1424 3337 1499 3391 De
1522 3338 1795 3404 baptismo.
1825 3336 1900 3391 De
1919 3338 2020 3390 lioc
2041 3352 2229 3406 opusc.

655 3433 873 3488 Fabric.
899 3433 1061 3499 quiin
1085 3440 1190 3483 vet.
1220 3431 1349 3481 edit.
1377 3428 1696 3481 numerabat
1720 3437 1842 3497 post
1869 3426 2119 3481 liomilias
2145 3426 2230 3493 IV,

658 3536 790 3578 tom.
820 3524 835 3575 l
886 3523 1010 3577 edd.
1039 3534 1221 3588 super.
1247 3517 1476 3573 Gr-Lat.
1507 3535 1526 3567 ο
1564 3518 1637 3571 De
1661 3518 1933 3587 baptisma,
1962 3522 2056 3588 ait,
2088 3532 2141 3575 et
2170 3522 2234 3575 de

658 3611 837 3683 ofﬁciis
858 3611 1291 3680 baptizandorum
1311 3608 1793 3676 baptizatorumque
1810 3608 1927 3660 libri
1953 3620 2075 3675 tres,
2102 3627 2233 3680 quo-

659 3721 779 3758 I'UIII
822 3703 1095 3757 secundus
1133 3700 1375 3757 continet
1419 3699 1829 3769 responsionem
1865 3699 1929 3752 ad
1974 3701 2233 3755 tredecim

657 3795 1019 3866 quaeationes;
1048 3793 1240 3850 tertius
1267 3807 1395 3847 vero
1423 3793 1640 3847 brevior
1674 3795 1812 3846 male
1836 3792 1887 3845 in
1920 3791 2082 3848 editis
2109 3809 2231 3864 pag.

657 3888 761 3943 670
795 3886 1031 3943 secundo
1068 3886 1429 3955 prmmittitur.
1471 3885 1603 3940 Vide
1625 3883 2010 3940 Combellsium
2043 3885 2233 3940 Basilii

659 3981 883 4033 restituti
909 3992 1038 4033 tom.
1073 3978 1115 4042 I,
1143 3995 1193 4047 p.
1224 3978 1350 4032 249.
1388 3976 1561 4031 Vertit
1591 3975 1900 4045 Wolfgang.
1935 3978 2229 4047 Musculus,

658 4076 818 4130 Itasil.
860 4074 1033 4137 1540,
1081 4072 1234 4143 cujus
1281 4073 1458 4126 versio
1509 4071 1561 4124 in
1606 4070 2009 4125 Graeco-Latin.
2071 4073 2228 4127 editt.

657 4177 856 4230 exstat,
884 4183 912 4220 a
950 4167 1143 4220 Dacico
1169 4166 1449 4235 castigata,
1479 4175 1534 4219 et
1563 4162 1733 4218 Janus
1762 4162 2079 4217 Cornarius.
2116 4183 2134 4215 ι
2164 4194 2233 4203 -

658 4261 700 4314 Α
733 4259 1042 4324 Garnierio,
1079 4258 1140 4320 II,
1168 4275 1215 4327 p.
1256 4256 1381 4319 6'24,
1424 4258 1562 4310 inter
1592 4256 1775 4326 spuria
1813 4256 2048 4327 positum
2079 4266 2162 4310 est
2184 4257 2233 4310 id

657 4366 811 4419 Opus,
845 4350 984 4418 quod
1017 4351 1155 4420 apud
1188 4348 1335 4404 illum
1371 4357 1582 4399 constat
1626 4347 1836 4401 duobus
1863 4347 2054 4412 libris;
2095 4363 2232 4417 quo-

656 4458 777 4497 rum
802 4442 949 4511 prior
972 4441 1261 4495 distinctus
1282 4452 1366 4495 est
1394 4440 1447 4493 in
1485 4438 1585 4492 tria
1619 4452 1777 4508 capp.
1806 4440 1967 4507 Atqui
2012 4441 2232 4493 tertium

2337 3249 2421 3303 nis
2445 3249 2774 3305 monasterio
2799 3258 3035 3319 reperta,
3070 3260 3191 3319 post
3215 3248 3298 3303 Jo.
3329 3249 3658 3316 Cochlaaum,
3690 3253 3744 3308 in
3787 3252 3924 3322 Spe—

2334 3341 2451 3394 culo
2467 3342 2697 3412 antiqua:
2717 3342 3002 3397 devotionis
3022 3343 3163 3395 circa
3183 3341 3416 3405 missam,
3449 3342 3734 3413 Moguntize
3754 3345 3921 3410 1549,

2337 3432 2449 3496 fol.,
2495 3447 2617 3501 pag.
2647 3431 2753 3486 119
2820 3430 3001 3503 Iconi.
3028 3433 3171 3504 Ittig.
3221 3432 3295 3487 De
3322 3434 3642 3487 bibliothecis
3672 3434 3919 3498 Patrum,

2335 3537 2456 3593 pag.
2494 3522 2597 3577 664
2623 3523 2843 3596 J,edidit
2870 3524 3120 3578 Claudius
3155 3526 3220 3579 de
3261 3526 3511 3580 Sainctes
3549 3527 3687 3579 inter
3724 3524 3919 3580 Litur-

2334 3616 2450 3685 gica
2467 3612 2711 3683 Patrum,
2734 3617 3011 3686 Antwerp.
3038 3615 3197 3681 1562,
3222 3616 3271 3670 8.
3301 3616 3562 3671 Prmterea
3585 3618 3745 3673 vertit
3770 3616 3921 3673 Gen-

2339 3706 2515 3759 tianus
2541 3706 2802 3762 Hervetns
2827 3707 3015 3763 Venet.
3044 3706 3200 3769 I548,
3226 3705 3291 3767 8;
3321 3708 3595 3775 Antwerp.
3640 3707 3799 3775 1562,
3858 3710 3915 3764 8.

2406 3793 2591 3847 Graece
2625 3806 2679 3847 et
2716 3796 2903 3850 Latine
2948 3813 3070 3851 cum
3112 3797 3327 3854 Herveti
3365 3800 3612 3854 versione
3650 3809 3831 3853 exstat
3864 3802 3916 3853 iu

2335 3887 2595 3941 Anctario
2628 3887 2891 3939 Ducmano
2918 3887 3255 3943 Bibliotheca:
3294 3890 3514 3943 Patrum
3538 3888 3714 3943 Puris.
3747 3889 3913 3953 1624,

2336 3980 2455 4042 fol.,
2492 3989 2639 4033 tonio
2671 3980 2732 4045 II,
2765 3988 2819 4033 et
2847 3979 2897 4032 in
2922 3978 3250 4033 Bibliotheca
3277 3981 3500 4034 Patrum
3535 3981 3713 4037 Paris.
3750 3984 3915 4043 1651.

2335 4083 2469 4126 ιοιιι.
2506 4072 2623 4139 XII,
2652 4088 2704 4141 p.
2737 4072 2864 4135 289.,
2907 4086 2972 4127 ex
3007 4070 3198 4127 Graec
3227 4069 3477 4125 Demetrii
3520 4071 3699 4137 Dat-a3,
3728 4074 3915 4130 Romae

2340 4164 2496 4227 1526,
2526 4165 2579 4220 4.

2406 4255 2473 4309 Et
2499 4271 2619 4309 cum
2650 4257 2817 4312 variis
2862 4256 3185 4312 lectionibus
3217 4257 3465 4325 natisque
3495 4254 3680 4308 Jacobi
3725 4254 3911 4320 Goari,

2339 4348 2389 4399 in
2424 4344 2744 4418 Euchologio
2770 4347 3072 4401 Grtrcorum
3098 4348 3386 4408 illustrato,
3412 4346 3584 4400 Paris.
3613 4346 3771 4410 1647,
3793 4348 3911 4409 fol.,

2337 4453 2389 4506 p.
2424 4435 2525 4490 158
2556 4452 2674 4506 seq.
2715 4436 2849 4507 [rec.
2880 4434 3070 4491 Venet.
3104 4436 3275 4501 I750;
3310 4446 3362 4489 et
3398 4437 3537 4490 aliud
3580 4438 3719 4494 illius
3754 4440 3912 4494 litur-

656 4545 816 4606 caput
841 4533 970 4589 olim
999 4532 1391 4587 inscribebatur
1425 4529 1582 4584 Liber
1609 4534 1890 4584 secundus.
1922 4532 2028 4585 Sed
2058 4531 2225 4587 Garn.
2264 4545 2310 4603 ι)
2336 4527 2434 4595 gite
2476 4526 2757 4595 exemplar
2802 4540 2869 4579 ex
2920 4542 3020 4580 ms.
3061 4524 3250 4579 Isidori
3292 4525 3581 4596 l’yrontali,
3621 4529 3910 4600 Smyrnaei.

658 4628 710 4679 in
760 4636 884 4680 nota
922 4641 1042 4694 pag.
1092 4622 1237 4677 649:
1272 4640 1290 4673 ι
1328 4620 1843 4685 Lucubratiuncula,
1875 4621 2068 4692 inquit,
2106 4637 2225 4691 quae

657 4720 898 4786 sequitur
932 4716 1011 4787 [ιι.
1046 4732 1162 4785 cap.
1205 4714 1418 4768 tertium
1452 4716 1591 4781 apud
1625 4711 1798 4783 illum]
1833 4712 2026 4781 rejecta
2055 4724 2139 4769 est
2170 4715 2220 4768 in

654 4807 787 4877 lteg.
818 4808 992 4876 primo
1031 4816 1148 4875 post
1170 4819 1289 4859 eam
1315 4803 1853 4865 cotniueutatimtem,
1885 4818 2003 4871 qua:
2036 4803 2087 4857 in
2126 4804 2224 4856 itn-

652 4899 855 4968 pressis
897 4898 1047 4952 libris
1082 4896 1397 4951 inscribitur
1438 4892 1594 4946 Liber
1632 4892 1911 4959 secundus,
1960 4895 2039 4950 sic
2084 4896 2221 4949 utin

654 5007 721 5046 eo
765 4989 951 5047 codice
996 4991 1394 5057 distinguantur
1429 4998 1539 5041 tres
1571 4986 1713 5041 libri.
1760 4986 1867 5041 Res
1894 4994 2072 5040 autem
2116 5002 2220 5041 non

657 5081 788 5134 tanti
820 5081 972 5135 nobis
1004 5080 1117 5132 visa
1148 5091 1251 5143 est,
1283 5090 1339 5133 ut
1387 5087 1605 5148 propter
1641 5091 1703 5130 ea
1728 5077 2097 5144 iudicaremus
2130 5088 2225 5132 aut

656 5186 767 5228 tres
800 5172 964 5227 libros
1004 5172 1409 5242 distinguendos
1451 5185 1593 5236 esse,
1628 5179 1719 5223 aut
1744 5173 2029 5241 antiquum
2072 5173 2223 5226 ordi-

654 5282 778 5322 nem
830 5268 1162 5321 mutandum.
1223 5286 1240 5319 ι
1292 5264 1455 5320 Liber
1506 5264 1775 5319 secundus
1813 5266 2058 5320 continet
2107 5264 2220 5319 XIII

653 5365 844 5427 quaest.
875 5370 998 5411 cum
1039 5358 1258 5412 totidem
1308 5356 1769 5426 responsionibus.
1818 5354 1891 5410 De
1938 5356 2029 5410 illo
2058 5370 2222 5426 opere

726 5537 802 5607 (α)
846 5536 1102 5591 Basiliam
1137 5536 1421 5607 scripsisse
1457 5536 1658 5603 aliquid
1691 5534 1848 5602 hujus
1880 5535 2219 5605 argumenti,

2335 4618 2645 4673 monasterii
2681 4617 2741 4672 S.
2772 4615 2966 4672 Joann.
3009 4618 3063 4671 in
3111 4615 3281 4671 insula
3317 4617 3539 4671 I‘atlnno
3572 4619 3819 4680 diaconi.
3857 4637 3909 4689 p.

2335 4712 2458 4775 186,
2488 4725 2612 4765 cum
2636 4706 2699 4761 V.
2734 4707 2795 4762 L.
2825 4710 2956 4763 edit.
2985 4708 3191 4764 Latina:
3227 4709 3515 4779 Margarini
3545 4710 3610 4765 tle
3633 4711 3682 4765 la
3718 4711 3909 4782 Bigno,

2334 4821 2387 4873 p.
2422 4804 2542 4865 I84,
2576 4815 2629 4857 et
2665 4813 2774 4858 not.
2804 4818 2857 4872 p.
2892 4800 3042 4874 £85.]

2402 4897 2708 4971 [Fabricius
2740 4896 2878 4951 infra
2914 4897 3015 4951 vol.
3053 4893 3185 4961 XIII,
3217 4895 3243 4966 §
3273 4894 3455 4962 XLIV,
3477 4913 3595 4968 pag.
3626 4897 3734 4950 814
3764 4912 3911 4966 sqq.,

2334 4991 2482 5045 dedit
2503 4988 2808 5059 catalogutu
2836 4989 3173 5059 liturgiarum
3204 4996 3369 5042 veter.
3407 4992 3697 5052 editarutn,
3738 5000 3792 5043 et
3825 5004 3912 5043 re-

2333 5090 2516 5136 censet
2560 5096 2679 5152 pag.
2724 5079 2827 5135 816
2876 5096 2959 5148 sq.
3008 5079 3226 5149 Georgii
3272 5080 3559 5136 Cassandri
3606 5078 3907 5151 Liturgica.

2330 5171 2517 5226 Colon.
2551 5170 2709 5239 1559,
2746 5170 2802 5234 8,
2837 5180 2892 5224 et
2927 5172 2981 5224 in
3011 5170 3193 5225 limine
3218 5186 3463 5241 operum,
3486 5168 3713 5237 junctim
3737 5174 3911 5227 edito—

2332 5279 2472 5326 rum,
2508 5262 2679 5318 Paris.
2713 5262 2870 5326 1616,
2913 5262 3032 5327 fol.,
3063 5263 3114 5315 in
3156 5264 3352 5333 quibus
3382 5276 3487 5316 non
3525 5262 3749 5333 integrae
3782 5267 3906 5334 qni-

2332 5359 2452 5412 dem
2484 5357 2713 5427 Iiturgia:
2740 5369 2971 5419 veteres,
3004 5355 3099 5410 sed
3129 5369 3446 5425 argumenta
3474 5354 3713 5409 breviter
3737 5371 3909 5425 expo-

2328 5550 2444 5597 nes,
2479 5536 2605 5603 quid
2639 5536 2853 5589 demum
2891 5535 2942 5589 in
2962 5549 3028 5589 ea
3056 5534 3240 5588 Basilii
3270 5533 3357 5598 sit,
3396 5542 3548 5587 certo
3579 5532 3784 5595 dicere,
3816 5533 3901 5603 vix

654 5621 707 5663 et
732 5602 999 5675 liturgiam
1023 5605 1215 5661 litteris
1236 5602 1605 5677 consiguass’e,
1634 5622 1737 5659 n0n
1764 5616 1846 5658 est
1868 5602 2218 5677 dubitandum
2325 5618 2407 5661 est
2432 5602 2847 5677 opisibutﬁuanm.
2880 5605 3065 5677 Basilii
3095 5606 3372 5675 liturgiam
3402 5604 3638 5677 illustrat
3667 5602 3899 5677 Allatim

655 5688 776 5748 post
805 5672 882 5731 toi
905 5687 1143 5729 veterum
1170 5687 1223 5729 et
1251 5672 1415 5730 totius
1438 5679 1673 5748 Orientis
1696 5675 2220 5748 testimonium._Sed
2323 5672 2505 5731 exere.
2558 5674 2719 5740 XXV,
2775 5687 2959 5748 contra
3019 5672 3427 5748 Creyghtonum.
3488 5672 3616 5728 Vide
3669 5686 3727 5728 et
3778 5672 3905 5731 Acta

656 5745 797 5803 inter
831 5758 907 5800 tot
929 5761 982 5800 et
1009 5756 1114 5799 tam
1146 5748 1359 5807 multas,
1394 5763 1512 5815 qutc
1536 5749 1603 5800 ab
1630 5747 1772 5799 illius
1800 5757 2040 5812 tempore
2073 5745 2221 5798 Basi-

654 5821 712 5876 .ii
745 5820 973 5887 liturgite
1006 5817 1181 5871 allatze
1220 5828 1343 5872 sunt
1396 5818 1719 5872 mutationes
1751 5828 1800 5871 ct
1845 5816 2214 5885 interpolatio-

2322 5758 2554 5803 stmctor.
2592 5757 2725 5801 tom.
2764 5748 2801 5801 ll
2836 5747 3004 5811 Junii,
3035 5761 3153 5816 pag.
3187 5746 3314 5801 8i5.
