4086 6318
1403 365 1685 423 NOTITIA
1727 363 1810 418 EX
1856 360 2188 419 FABRICIO.

158 488 266 542 sita
307 489 583 545 habemur
611 502 675 540 ex
722 486 932 558 liturgia
968 488 1341 561 Chrysostomi
1377 504 1473 556 per
1507 492 1741 546 Leonem
1776 498 1817 552 Α
1852 489 2082 557 iurgium
2124 502 2140 538 :

159 573 429 642 Tuscum,
464 593 529 630 ex
564 576 775 649 Iilurgia
811 578 990 631 Basilii
1025 589 1079 634 et
1106 578 1292 635 Grazca
1325 577 1434 644 illa,
1462 581 1705 633 etaltera
1728 622 1740 641 ,

159 684 326 737 quam
378 668 499 737 Syri
547 669 880 738 Anaphoram
923 681 1149 733 vocant;
1186 678 1297 721 tum
1342 680 1589 724 recenset
1624 684 1744 739 pag.

158 758 266 814 8I8
296 772 422 826 sqq.
455 760 839 828 amplissimam
875 756 1236 828 Liturgiarum
1258 757 1606 813 Orientalium
1636 762 1745 813 co!-

160 854 445 905 lectiouem
485 855 552 907 ab
600 852 831 907 Eusebio
872 854 1211 917 Benaudoto,
1267 855 1439 910 Puris.
1477 855 1636 919 I716,
1678 857 1744 923 Δ,

163 947 381 1000 duobus
430 948 556 1002 voll.
614 946 810 1013 publici
851 948 988 1018 juris
1031 946 1249 1003 factam.
1298 949 1515 1003 Fabric.
1569 959 1745 1005 autem

162 1038 450 1101 observat,
481 1036 783 1093 Rei-audoti
820 1040 1065 1093 versione
1090 1054 1193 1093 non
1232 1052 1345 1095 tuto
1382 1042 1578 1109 ubique
1606 1053 1750 1096 stare

166 1143 267 1183 nos
297 1146 482 1200 posse,
508 1130 622 1184 sive
654 1147 829 1186 causa:
852 1146 961 1185 sua:
986 1130 1349 1197 inserviemis,
1388 1133 1500 1187 sive
1527 1151 1631 1190 non
1662 1152 1749 1190 sa—

169 1220 237 1274 tis
272 1222 616 1285 assequentis
646 1236 829 1275 verum
866 1236 1104 1286 sensum,
1150 1226 1310 1295 idque
1359 1224 1603 1280 docuisse
1639 1227 1751 1280 Mau

170 1315 457 1367 thurinum
491 1314 824 1371 Veis~erium
854 1316 903 1368 la
931 1315 1097 1371 Croze
1135 1319 1184 1371 in
1220 1316 1469 1386 Apologia
1494 1336 1583 1382 pro
1617 1320 1750 1373 Juba

169 1404 405 1467 Ludo/fa
438 1418 621 1459 contra
651 1405 1034 1460 Renaudotium
1079 1408 1279 1460 inserta
1323 1405 1511 1463 Dtario
1545 1411 1752 1461 littera-

170 1497 250 1546 rio
296 1494 556 1567 llugensi,
587 1499 701 1551 sive
742 1496 973 1552 Journal
1003 1499 1279 1562 Iittéraire,
1313 1510 1443 1558 tom.
1491 1500 1582 1561 IX,
1630 1516 1748 1569 pag.

167 1587 275 1641 239
306 1606 392 1658 sq.
436 1590 520 1661 (lu
564 1591 814 1645 thesauro
839 1591 1118 1659 epistolico
1149 1591 1480 1647 Lacruziano
1518 1591 1742 1645 Rennu-

169 1678 284 1733 doti
324 1691 383 1734 et
417 1681 533 1749 ejus
567 1681 950 1736 controversiae
988 1697 1108 1733 cum
1144 1681 1369 1735 Ludolfo
1401 1682 1654 1749 frequens
1694 1683 1752 1737 lit

171 1774 406 1825 mentio.
444 1771 507 1825 V.
542 1782 672 1825 tom.
705 1772 745 1831 l.
780 1787 899 1841 pag.
937 1773 1069 1835 I36;
1110 1773 1171 1839 Il,
1213 1794 1262 1843 p.
1304 1774 1421 1835 122,
1477 1775 1592 1841 129,
1628 1777 1749 1843 145,

3251 368 3420 413 CCLIV

2189 486 2242 540 in
2294 502 2416 557 cap.
2458 485 2545 550 17,
2591 488 2734 541 inter
2770 484 2872 539 alia
2923 497 2989 535 ex
3036 484 3224 552 missa,
3257 499 3418 552 quam

1850 588 2065 643 vocant,
2100 579 2282 634 Basilii
2312 588 2369 635 et
2397 577 2638 650 ejusdem
2669 579 2886 648 liturgia
2921 576 3017 632 Gr.
3054 576 3422 631 Alexandrina

1848 686 1902 731 et
1933 674 2161 745 Syriaca
2191 672 2303 727 sive
2329 671 2550 743 Coptica
2583 670 2870 727 ostendere
2909 679 3162 731 conatur,
3195 670 3419 723 missam

1850 767 1929 821 sic
1961 765 2159 821 dictam
2188 779 2309 819 esse
2334 780 2519 820 verum
2548 760 2896 824 sacrificium,
2928 776 3032 819 etc.
3064 762 3182 818 lIuc
3206 776 3423 832 quoque

1853 858 2124 927 pertinere
2160 856 2393 912 arbitror
2422 872 2557 926 opus
2585 853 2728 925 quod
2774 864 2952 907 tamen
2988 858 3048 908 ad
3084 871 3277 910 utanus
3318 870 3425 909 non

1855 952 1919 1005 Ita
1930 952 2027 1004 beo
2059 969 2072 1004 :

1924 1034 2034 1095 .Ios.
2067 1041 2151 1095 Al.
2184 1039 2500 1093 Assemanni
2525 1041 2701 1094 Codex
2723 1039 3001 1108 liturgicus
3031 1036 3277 1091 Ecclesia:
3306 1039 3427 1091 uni-

1852 1150 2035 1198 versw,
2067 1133 2118 1186 in
2143 1131 2233 1185 XV
2263 1132 2435 1186 libros
2472 1130 2817 1187 distributus.
2854 1132 3041 1186 Romae
3095 1128 3424 1184 1749-1763.

1851 1225 1942 1281 XII
1978 1225 2103 1280 voll.
2139 1225 2195 1280 4.
2266 1225 2434 1278 ΒΑΜ..
2476 1224 2616 1278 Add.
2661 1223 2930 1279 Zaccarite
2976 1224 3117 1279 Bibl.
3178 1222 3425 1285 Rituulis,

1852 1329 1984 1376 tom.
2014 1320 2055 1385 I,
2086 1336 2138 1390 p.
2171 1320 2271 1385 12;
2306 1330 2435 1374 tom.
2465 1316 2528 1383 II,
2561 1333 2615 1388 p.
2648 1316 2713 1371 16
2745 1332 2804 1385 sq

1928 1411 2113 1465 Diﬂ'ert
2144 1412 2210 1464 ah
2242 1413 2341 1463 hac
2364 1412 2416 1463 in
2444 1426 2546 1463 non
2574 1410 2760 1478 paucis
2784 1408 2997 1478 Iiturgia
3031 1407 3237 1474 Basilii,
3264 1423 3426 1477 quum

1855 1518 1978 1558 cum
2010 1503 2176 1556 altera
2204 1501 2452 1569 Gregorii
2482 1501 2636 1564 Nae,
2665 1511 2718 1553 et
2750 1502 2907 1554 tertia
2936 1500 3121 1573 Cyrilli
3152 1517 3215 1555 ex
3240 1501 3430 1554 codice

1854 1596 2085 1652 Arabico
2112 1594 2220 1665 (cui
2253 1593 2475 1662 Coptica
2513 1602 2672 1646 erant
2717 1590 2971 1659 adjuncta
2997 1610 3035 1661 ξ,
3072 1605 3283 1647 versam
3326 1589 3432 1644 La-

1857 1694 1967 1747 tine
1993 1691 2162 1747 edidit
2186 1687 2463 1743 Victorius
2492 1685 2763 1752 Scialach,
2796 1688 3138 1749 Acr-urensis,
3168 1686 3430 1741 Maronita

1855 1799 1883 1836 e
1939 1792 2124 1837 monte
2168 1780 2397 1842 Libano,
2424 1786 2651 1831 curante
2685 1777 2866 1832 Marco
2895 1777 3117 1832 Velsero
3138 1818 3152 1842 ,
3182 1778 3434 1843 Augusta:

170 1865 315 1929 £55;
361 1863 449 1925 III,
483 1878 535 1933 p.
574 1864 637 1918 18
671 1880 768 1933 sqq
802 1904 815 1929 ,
847 1866 948 1921 126
974 1883 1080 1934 sq.,
1121 1868 1244 1930 155,
1294 1879 1378 1920 etc
1409 1869 1426 1937 )
1455 1896 1521 1908 ——
1558 1869 1614 1923 In
1665 1869 1750 1923 illa

1862 1874 2066 1928 Vindel.
2104 1873 2264 1933 1604,
2316 1871 2370 1936 ιι,
2414 1879 2467 1922 et
2507 1880 2635 1923 tom.
2691 1869 2754 1922 VI
2803 1870 2935 1924 Bibl.
2990 1868 3216 1923 Patrum
3259 1866 3430 1920 Paris.

172 1958 340 2026 igitur
387 1957 597 2012 colli-ct.
639 1968 722 2011 est
766 1960 814 2013 iu
845 1971 975 2016 tom.
1008 1962 1049 2024 Ι,
1092 1978 1147 2013 ιι.
1182 1962 1233 2021 1.
1270 1949 1451 2015 Basilii
1483 1962 1695 2031 liturgia
1723 1976 1751 2013 a

172 2046 436 2101 Scialach
485 2049 612 2101 olim
662 2065 815 2105 versa
865 2051 993 2123 (sed
1049 2052 1400 2104 Beuaudotus
1446 2068 1636 2106 novam
1687 2066 1753 2103 ex

174 2142 410 2210 COptico
432 2143 789 2199 concinnasse
813 2161 872 2199 se
901 2145 1199 2200 νθιείοιιιιιιι
1228 2146 1529 2216 profitetur)
1547 2160 1670 2211 pag.
1700 2144 1751 2205 1,

170 2242 226 2287 et
261 2232 571 2289 [ζεπηυόὸιὶ
600 2237 665 2289 ad
704 2252 823 2290 eam
862 2246 1151 2291 comment.
1193 2252 1315 2304 pag.
1342 2235 1443 2289 169
1468 2263 1491 2274 -
1516 2235 1619 2287 300
1645 2244 1753 2286 tum

167 2341 236 2379 ex
261 2326 390 2381 cod.
418 2325 591 2380 Paris.
624 2327 757 2381 bibl.
784 2327 1002 2395 liturgia
1032 2327 1419 2391 Alexandrina,
1463 2325 1614 2379 initio
1640 2342 1756 2379 mu-

173 2418 293 2482 tila,
315 2434 367 2487 p.
396 2418 487 2471 57.
515 2417 578 2487 (a
600 2417 765 2472 Garn.
794 2418 1049 2483 reddita.)
1072 2432 1137 2469 ex
1162 2417 1280 2471 cod.
1310 2417 1473 2487 Regio
1493 2418 1662 2473 Paris.
1687 2448 1757 2457 —

171 2524 236 2562 ac
266 2519 414 2561 noue
457 2506 761 2559 Renaudoti
791 2524 842 2575 p.
888 2506 1151 2560 553-532.
1184 2505 1239 2559 In
1270 2516 1399 2560 tom.
1428 2507 1489 2569 Il,
1516 2506 1606 2575 qui
1636 2522 1759 2561 con-

174 2598 315 2650 tinet
358 2596 604 2664 liturgias
650 2612 713 2650 ex
764 2598 922 2651 codd.
972 2597 1211 2664 Syriacis
1252 2597 1380 2653 bibl.
1431 2596 1757 2651 Colbertinac

173 2706 219 2743 ει.
268 2686 643 2757 Seguieriana:
688 2705 821 2745 mss.
866 2688 982 2743 Lat.
1019 2706 1200 2743 versas
1233 2705 1260 2742 a
1299 2688 1537 2744 Iienaud.
1579 2701 1663 2744 est
1701 2708 1754 2744 ιι.

173 2781 264 2845 41,
294 2780 488 2835 Basilii
509 2779 584 2835 Μ.
612 2779 779 2851 (sive,
815 2782 946 2835 utin
977 2782 1100 2836 cod.
1127 2779 1459 2847 Colbertino,
1488 2780 1680 2835 Basilii
1707 2791 1757 2833 et

174 2871 422 2943 Gregorii
465 2872 735 2943 Tlieologi)
775 2872 1017 2941 Liturgia
1049 2888 1096 2927 ε.
1130 2875 1430 2940 anaphora,
1475 2888 1597 2942 pag.
1628 2873 1754 2938 548,

176 2981 240 3017 ex
272 2966 444 3017 Andr.
480 2964 631 3017 Masii
662 2966 927 3027 versione,
953 2965 1097 3018 edita
1122 2966 1397 3025 Antweru.
1435 2967 1592 3032 1569,
1618 2968 1668 3022 8.
1691 2997 1759 3006 -—

178 3055 488 3109 lienaodoti
519 3054 666 3109 obss.
696 3072 744 3123 p.
773 3055 895 3109 562.

246 3145 639 3217 Λειτουργικὸν
689 3148 785 3199 σὺν
820 3145 940 3217 Θεῷ
984 3146 1147 3217 ἁγίῳ,
1186 3146 1327 3201 κατὰ
1354 3147 1451 3219 τὴν
1478 3149 1630 3215 τάξιν
1664 3151 1757 3204 τοῦ

175 3236 415 3290 comato-3
460 3238 558 3308 τῆς
590 3238 896 3290 πανσέπτου
938 3239 1123 3309 Mevi};
1161 3238 1260 3308 τῆς
1304 3241 1755 3312 κρυπτοφέρῤηζ,

176 3332 265 3383 ναὶ
312 3330 421 3401 μὴν
466 3331 607 3383 κατὰ
640 3330 759 3394 ἔθος
791 3330 898 3383 τῶν
958 3331 1373 3403 Ἰταλογραικῶν
1419 3335 1758 3404 μοναζόντων

177 3420 274 3473 τοῦ
330 3419 570 3490 μεγάλου
620 3421 833 3492 Harpe;
877 3420 1031 3491 ἡμῶν
1071 3423 1371 3477 Βασιλείου.
1432 3426 1518 3477 Ἐν
1573 3426 1759 3500 Ῥώμῃ

180 3514 336 3585 παρὰ
375 3512 599 3584 Ἰωάννῃ
626 3513 902 3584 Βαπτιστῇ
926 3513 1004 3584 τῷ
1024 3514 1340 3586 Βουσσέττῳ
1360 3524 1536 3587 ,αχπγ’
1556 3518 1757 3589 (1685),

184 3607 306 3671 ful.,
336 3606 648 3660 confectum
681 3606 749 3659 ab
775 3607 1085 3676 Apollinare
1117 3608 1363 3676 Agresta.
1398 3609 1532 3663 Vide
1559 3609 1759 3663 Baniu-

180 3710 395 3767 garten,
425 3697 783 3751 Nachrichten
812 3714 906 3752 von
940 3697 1276 3767 merkwurdig
1331 3695 1595 3763 Buchern,
1626 3708 1758 3754 tom.

180 3791 265 3852 Ill,
297 3806 350 3857 p.
390 3789 497 3844 359
519 3805 604 3859 sq.
628 3819 698 3829 —
724 3788 858 3844 Ibid.
884 3804 935 3859 p.
969 3790 1073 3844 357
1096 3806 1176 3859 sq.
1212 3779 1557 3844 recensentur
1606 3792 1763 3863 Ἀρχ-

184 3880 498 3951 ιερατικὸν·
564 3879 723 3934 Liber
766 3880 1090 3950 pontificalis
1140 3878 1395 3941 Ecclesiae
1451 3879 1652 3934 Graecae
1691 3911 1761 3920 —

182 3972 369 4027 labore
398 3971 571 4024 Isaaci
596 3970 838 4037 IIaberti,
862 3981 968 4025 etc.
990 3970 1165 4025 Paris.
1198 3970 1355 4037 1645,
1379 3971 1495 4037 fol.,
1519 3986 1570 4027 et
1595 3973 1757 4028 Goari

182 4065 535 4137 Εὐχολόγιον.
571 4074 705 4124 etc.,
734 4063 845 4131 jam
895 4078 924 4115 a
968 4063 1217 4117 Fabricio
1266 4075 1656 4132 memoratum;
1707 4078 1762 4120 et

182 4176 305 4229 pag.
349 4158 458 4212 207
500 4172 647 4226 sqq.,
684 4155 918 4225 Liturgia
952 4154 1189 4209 Romana
1230 4169 1391 4220 vetus,
1440 4158 1542 4211 tria
1578 4172 1761 4211 sacra-

183 4252 453 4306 mentaria
506 4251 900 4320 complectens,
939 4247 1270 4302 Leoniauum
1317 4250 1549 4313 scilicet,
1600 4248 1763 4304 Gela-

182 4348 397 4401 sianum
429 4354 487 4398 et
522 4348 799 4413 antiquum
832 4362 845 4398 :
890 4342 1303 4413 Gregorianum,
1341 4345 1535 4397 edente
1575 4343 1761 4397 Ludo-

184 4444 303 4495 viro
338 4439 585 4494 Antonio
616 4437 926 4499 Muratorio,
958 4466 1026 4478 -—
1060 4439 1150 4508 qui
1194 4446 1249 4491 et
1283 4438 1450 4505 ipsum
1476 4452 1598 4490 cum
1631 4438 1763 4490 alia-

184 4550 299 4587 rum
342 4530 591 4600 gentium
628 4528 859 4597 liturgiis
909 4529 1159 4591 contulit,
1213 4536 1277 4582 ad
1330 4528 1759 4582 confirmandam
1797 4566 1838 4623 υ

182 4642 291 4697 pra
322 4624 541 4679 caeteris
588 4620 865 4676 catholica:
913 4620 1167 4675 Ecclesia:
1195 4621 1261 4675 de
1290 4621 1629 4674 Eucharistia
1664 4622 1763 4673 do-

180 4720 454 4780 ctrinam,
482 4725 615 4779 etc.,
643 4712 832 4769 Venet.
870 4712 1027 4779 1748,
1059 4711 1101 4765 ιι
1135 4712 1260 4767 voll.
1293 4713 1385 4766 fol.
1418 4711 1474 4765 In
1510 4714 1759 4781 prolego-

182 4824 327 4865 men.
365 4822 493 4875 cap.
531 4806 599 4859 12
628 4814 684 4859 et
722 4804 789 4859 15
825 4805 1228 4858 demonstrasse
1258 4804 1359 4857 sibi
1402 4806 1612 4858 videtur
1644 4803 1760 4855 Mu-

184 4901 429 4957 ratorius
450 4913 776 4953 consensum
804 4897 1225 4953 Occidentalium
1252 4895 1611 4951 Ecclesiarum
1636 4911 1758 4949 cum

182 4991 433 5046 Romana
482 4989 535 5042 iu
592 4989 830 5041 doctrina
866 4989 932 5041 de
978 5004 1132 5041 sacra
1165 5000 1344 5049 C(Bua,
1379 4996 1432 5041 et
1480 4995 1766 5041 enumerat

182 5085 493 5153 praecipuas
530 5079 883 5135 Orientalium
915 5079 1179 5151 Iiturgias,
1210 5079 1492 5148 primoque
1529 5079 1647 5132 loco
1680 5079 1759 5135 lit.

181 5179 527 5237 (ὶτςιιι-οιίιιιι,
556 5187 673 5241 qua!
696 5181 918 5227 vocetur
947 5171 1176 5240 Liturgia
1201 5171 1393 5225 Basilii
1419 5171 1493 5225 Μ.
1525 5182 1572 5224 et
1596 5173 1760 5240 Chry-

182 5271 441 5331 sostomi;
469 5276 581 5319 tum
614 5272 892 5332 comparat
913 5263 1091 5317 Basilii
1122 5264 1416 5332 liturgiam,
1447 5263 1759 5329 inscriptam

183 5363 287 5419 τῶν
320 5358 812 5434 προηγιασμένων,
848 5369 902 5412 et
943 5367 1130 5427 postea
1159 5355 1431 5426 Copticam
1468 5355 1652 5410 Basilii
1700 5356 1762 5407 li-

253 5501 330 5568 (a)
363 5498 526 5573 Alntet'
562 5496 844 5573 Fulgentji
865 5508 1051 5573 opera,
1101 5503 1229 5573 tom.
1268 5492 1342 5573 IX_
1368 5492 1504 5548 Bibl.
1533 5489 1762 5573 Butram

188 5563 320 5623 edit.
356 5570 562 5636 Lugd..
594 5563 714 5636 puti.
745 5564 867 5620 198.
913 5564 1077 5619 ΕἈιιιι.
1121 5565 1426 5616 Renuudot.
1457 5563 1672 5630 quidem
1708 5563 1759 5612 iu

191 5641 321 5695 diss.
363 5641 439 5693 De
489 5639 760 5706 liturgiar.
804 5634 1066 5689 Oriental.
1096 5635 1297 5706 origine
1336 5644 1383 5686 et
1425 5633 1760 5706 auctoritate,

191 5719 319 5763 toiu.
350 5711 390 5770 I,
422 5726 551 5779 pag.
586 5702 792 5760 simul
827 5721 947 5779 As.q.,
964 5716 1157 5779 contra
1188 5703 1492 5779 Tillemout.
1521 5702 1763 5779 aliosque

191 5772 456 5838 ostendii.
501 5772 760 5844 niajorcm
806 5772 1083 5827 dimidiam
1126 5790 1189 5827 ex
1226 5773 1507 5844 ["ulgeutio
1538 5772 1759 5844 citatam

191 5864 399 5917 partem
432 5853 488 5906 iu
522 5841 616 5905 Gr.
655 5846 871 5915 litnrgia
903 5845 1155 5913 νίψει-ιιι·
1195 5845 1285 5899 sed
1310 5846 1431 5899 inde
1462 5842 1590 5897 nihil
1617 5841 1758 5896 aliud

1860 1966 2018 2027 1654.
2065 1982 2187 2033 pag.
2235 1966 2322 2020 75.
2378 1961 2615 2032 Incipit:
2656 1960 2893 2023 Domine,
2940 1963 3031 2028 qui
3076 1961 3215 2015 nosti
3271 1958 3435 2013 corda

1858 2058 2147 2110 hominum.
2185 2056 2376 2125 [G:irn.
2413 2056 2476 2119 Il,
2512 2070 2564 2124 p.
2594 2051 2697 2107 688
2723 2068 2869 2122 sqq.,
2896 2068 3016 2105 cum
3046 2065 3189 2105 vers.
3224 2051 3437 2104 “enau-

1858 2149 2017 2221 doti.]

1927 2239 2036 2295 Nec
2057 2255 2162 2294 non
2182 2240 2485 2306 Anaphora,
2507 2252 2665 2304 quam
2694 2252 2759 2290 cx
2780 2236 3004 2308 Syriaco
3026 2232 3171 2287 dedit
3191 2231 3436 2285 Andreas

1859 2335 2082 2401 Musius,
2114 2334 2396 2399 Autwerp.
2433 2330 2590 2395 1569,
2636 2338 2795 2396 atque
2836 2329 2955 2382 inde
2987 2330 3245 2382 insertam
3273 2324 3437 2378 habes

1860 2438 2004 2482 ῑοιιιο
2021 2425 2084 2481 ιν
2103 2424 2241 2480 Bibl.
2265 2421 2487 2477 Patrum
2511 2421 2680 2474 Paris.
2703 2418 2837 2473 1575
2860 2427 2911 2470 et
2936 2427 2972 2471 t.
2992 2416 3061 2471 VI
3079 2418 3249 2471 Paris.
3272 2415 3433 2477 1589,

1860 2516 2016 2577 1651,
2054 2514 2215 2579 1621,
2248 2512 2368 2577 ΓυΙ..
2399 2524 2559 2580 atque
2594 2509 2970 2577 supplemento
2997 2505 3432 2560 Francofurtensi

1860 2608 2167 2661 criticorum
2188 2622 2464 2659 sacrorum
2483 2614 2612 2658 tom.
2633 2602 2696 2668 II,
2713 2619 2763 2671 p.
2780 2601 2903 2655 4⁸59.
2922 2599 3141 2653 Brevior
3153 2606 3256 2660 est,
3274 2608 3436 2664 atque

1864 2696 2081 2766 incipit:
2102 2694 2321 2748 Aiterue
2348 2695 2502 2757 Deus,
2529 2696 2619 2764 qui
2643 2695 2694 2746 in
2712 2692 2968 2759 principio
2992 2689 3227 2743 homines
3245 2687 3435 2740 creasti

1861 2790 1928 2842 ad
1950 2786 2743 2853 immortalitatem.Auaphorae
2760 2785 2874 2839 sive
2893 2783 3123 2852 liturgize
3148 2780 3436 2846 subjicitur

1859 2880 2087 2950 precatio
2107 2895 2212 2947 qua
2236 2878 2497 2932 consuevit
2523 2878 2689 2931 sacris
2708 2887 2951 2943 operatus
2977 2877 3055 2926 uti
3080 2874 3216 2940 apud
3244 2871 3433 2924 Deum.

1862 2973 2050 3041 Incipit
2076 2990 2088 3025 :
2120 2970 2389 3025 Laudetur
2414 2970 2637 3024 essentia
2664 2984 2779 3037 quia
2808 2966 3048 3019 omnibus
3079 2966 3315 3017 essentiis
3341 2982 3434 3015 su-

1866 3065 2074 3117 blimior
2101 3073 2197 3116 est.
2233 3062 2399 3133 Uidit.
2429 3080 2456 3114 a
2496 3061 2857 3122 Benaudotio,
2892 3068 2949 3110 ut
2976 3056 3136 3127 paulo
3171 3066 3296 3108 ante
3320 3055 3431 3123 jam

1864 3153 2270 3225 animadverti.]

1932 3246 2086 3315 Apud
2123 3244 2339 3300 Petrum
2373 3245 2667 3307 Diaconqu
2697 3245 2773 3315 (a)
2806 3242 2900 3296 lib.
2953 3241 3028 3294 De
3071 3240 3438 3293 incarnatione

1860 3350 1906 3392 et
1941 3337 2366 3409 gratia'CItristi,
2404 3354 2502 3406 cap
2531 3336 2583 3399 8,
2617 3336 2869 3404 leguntur
2907 3348 2971 3387 ex
3026 3332 3208 3385 Basilii
3256 3330 3437 3386 Caesa-

1865 3431 2058 3485 riensis
2106 3432 2366 3494 oratione,
2395 3429 2509 3481 sive
2532 3426 2842 3495 precatione
2871 3425 3006 3477 sacri
3034 3423 3244 3481 altaris,
3273 3437 3434 3490 quam

1863 3537 1998 3589 pene
2028 3522 2339 3575 universum
2385 3518 2462 3570 ait
2494 3516 2841 3584 frequentare
2886 3514 3187 3577 Orientem,
3217 3528 3337 3580 qua:
3383 3512 3434 3563 in

1865 3609 2004 3660 nulla
2047 3607 2274 3675 Iiturgias
2300 3605 2534 3659 editione
2575 3605 2825 3672 leguntur
2864 3621 2875 3656 :
2924 3602 3144 3655 Domine
3186 3602 3437 3654 virtutum

1870 3716 1931 3751 ac
1957 3709 2323 3764 tutamentum,
2343 3696 2530 3760 malos,
2550 3713 2873 3765 quazsttmus,
2895 3694 3052 3747 bonos
3071 3694 3246 3763 facito,
3273 3694 3436 3744 bonos

1864 3792 1918 3843 in
1948 3792 2177 3844 bonitate
2201 3807 2444 3844 conserva
2477 3805 2494 3841 .·
2524 3792 2700 3841 oumia
2741 3806 2878 3841 enim
2911 3796 3078 3855 potes,
3124 3796 3170 3837 et
3216 3801 3319 3837 non
3356 3796 3431 3838 est

1862 3889 1951 3953 qui
1989 3884 2315 3937 contradicat
2365 3884 2479 3946 tibi,
2526 3899 2643 3935 cum
2693 3883 2829 3934 enim
2872 3878 3094 3933 colueris
3141 3877 3335 3944 salvas,
3388 3887 3434 3930 et

1867 3994 2013 4030 nemo
2041 3977 2230 4029 resistit
2262 3975 2518 4027 voluntati
2545 3984 2668 4025 tum.

1937 4068 2123 4121 XXVI.
2166 4066 2421 4120 Basilium
2462 4065 2551 4116 τὸν
2597 4064 2786 4131 Μέγαν
2830 4066 2886 4115 ἐν
2933 4065 2996 4133 τῇ
3042 4062 3309 4133 ἑρμηνείᾳ
3339 4059 3441 4130 τῆς

1865 4158 2208 4229 λειτουργίας
2244 4158 2375 4211 citat
2406 4156 2637 4218 Isaacus,
2671 4172 2875 4223 inagna:
2902 4154 3166 4209 Armenta:
3210 4153 3441 4206 catholi-

1867 4267 1983 4317 cus,
2018 4251 2195 4307 saeculi
2230 4265 2283 4303 xi
2317 4250 2575 4319 scriptor,
2607 4249 2869 4302 invectiva
2904 4247 2929 4299 1
2965 4247 3017 4299 in
3052 4244 3355 4306 Armenios.
3386 4258 3440 4312 p.

1867 4345 1961 4398 5M
2009 4344 2161 4413 (tom.
2190 4341 2233 4396 ll
2255 4344 2469 4395 Auctar.
2500 4343 2616 4395 novi
2645 4336 3075 4408 Combefisiani).
3106 4337 3197 4398 At,
3226 4351 3344 4406 qua:
3365 4334 3442 4388 af-

1868 4438 1992 4495 fert,
2025 4444 2245 4488 cxstant
2272 4434 2428 4488 hodie
2460 4434 2510 4487 in
2545 4433 2762 4504 Θεωρίςι
2791 4433 3185 4503 μυσταγωγικῇ
3223 4429 3443 4501 [Basilio

1869 4528 2100 4596 ascripta
2126 4528 2178 4581 in
2204 4529 2361 4581 duob.
2395 4529 2549 4580 codd.
2578 4526 2751 4580 Paris.
2778 4535 2834 4579 et
2866 4525 2984 4577 cod.
3011 4520 3301 4594 Escorial.]
3327 4538 3443 4590 quas

1866 4633 2139 4674 auctorem
2190 4620 2351 4675 habet
2388 4619 2743 4676 Germanum.
2777 4617 3141 4683 patriarcham
3181 4614 3339 4670 CPol.
3378 4616 3441 4669 Α.

1863 4715 1993 4769 Chr.
2032 4712 2172 4767 1255
2217 4712 2551 4775 defunctum,
2594 4710 2721 4763 licet
2761 4710 2846 4762 illa
2899 4711 2949 4761 in
3002 4708 3281 4761 codicibus
3326 4708 3446 4774 qui-

1865 4807 2085 4862 busdam
2117 4820 2311 4860 nomen
2345 4805 2550 4867 Basilii,
2588 4805 2640 4856 in
2682 4802 2803 4856 aliis
2836 4800 3017 4873 Cyrilli
3053 4798 3446 4869 Hierosolymi-

1865 4900 1994 4963 tani,
2044 4898 2313 4968 praeferat,
2356 4907 2405 4951 et
2449 4898 2571 4951 licet
2608 4895 2808 4950 Basilio
2837 4894 3113 4947 vindicare
3155 4906 3273 4945 eam
3317 4891 3445 4943 velit

1866 4990 2219 5045 Combelisius
2243 4990 2295 5042 in
2322 4989 2463 5043 notis
2499 5003 2551 5057 p.
2583 4985 2708 5041 420.
2740 4984 2926 5053 Incipit
2953 5001 2966 5037 :
3003 4982 3299 5051 Ἐκκλησία
3328 4982 3444 5032 ἐστὶ

1840 5144 1850 5158 ,
1865 5082 1993 5145 ναὸς
2026 5082 2182 5135 Θεοῦ.
2214 5082 2386 5143 FABR.

1950 5175 2179 5245 ’ἱστορία
2226 5172 2621 5244 μυσταγωγικὴ
2654 5171 2750 5223 καὶ
2778 5166 3206 5237 ἐκκλησιαστική
3246 5165 3441 5217 citatur

1866 5275 1919 5321 et
1949 5274 2128 5320 exstat
2150 5267 2202 5319 in
2233 5265 2355 5319 cod.
2386 5262 2629 5317 Naniauo
2658 5259 2985 5323 (ICXXVIII,
3014 5277 3067 5313 ιι.
3096 5260 3189 5314 29.
3228 5257 3289 5311 ν.
3322 5254 3438 5310 Cat.

1867 5358 2019 5413 codd.
2059 5354 2153 5410 Gr.
2190 5354 2360 5418 Nam,
2402 5370 2453 5424 p.
2498 5354 2621 5407 422.
2660 5383 2723 5393 -—
2758 5352 2802 5404 Α
2844 5350 3095 5404 Garuier.
3149 5346 3211 5412 II,
3254 5364 3304 5404 υ.
3337 5346 3442 5400 674

1873 5493 2052 5559 sequi,
2084 5493 2190 5549 nisi
2219 5502 2279 5546 ut
2320 5489 2561 5560 quaedam
2593 5488 2825 5560 liturgi-ae
2852 5482 3137 5538 Basilianze
3164 5480 3442 5560 particulae

1872 5553 1982 5617 sint
2008 5553 2262 5627 servatre,
2296 5553 2454 5629 atque
2474 5553 2858 5629 qumnamfsint
2883 5568 3174 5629 germanae,
3204 5553 3309 5629 dici
3336 5566 3439 5603 non

1872 5649 2048 5701 posse,
2074 5621 2258 5689 sobrie
2294 5621 2678 5701 aiiimadvertit
2703 5628 2772 5701 cl.
2808 5621 3137 5701 Schroeckh,
3176 5624 3266 5691 qui
3295 5621 3439 5701 |._.c.,

1871 5692 1991 5773 pag.
2034 5692 2301 5765 903-206,
2353 5707 2417 5757 de
2459 5700 2670 5773 liturgia
2719 5698 2839 5751 Bas.
2864 5697 3024 5773 figit,
3079 5705 3134 5748 ct
3191 5692 3434 5761 quaedam

1870 5765 2057 5831 contra
2087 5774 2362 5830 Benaudol
2416 5774 2549 5826 bene
2575 5765 2830 5838 disputat.
2863 5765 3030 5819 IIAttL.
