4066 6314
1360 368 1634 422 ΝΟΤΙΤΙΑ
1680 366 1764 418 ex
1798 366 2139 422 FABIIICIU.

3162 385 3365 426 CCLXVII

220 491 266 551 In
299 491 381 549 illa
410 493 499 550 ed.
530 510 581 548 a.
614 494 774 559 1618,
805 510 857 548 ιι.
889 492 1027 557 XVI,
1055 492 1272 558 claudit,
1301 503 1357 546 ut
1384 493 1559 547 verbis
1584 500 1703 544 utar
1732 494 1777 551 Δ
1807 493 1980 560 inquit
2011 492 2363 547 Combelisius
2398 493 2510 564 (qui
2545 491 2786 562 pluribus
2826 492 2955 545 locis
2994 493 3135 545 hunc
3180 491 3366 544 librum

162 586 383 648 Fabricii,
428 586 785 655 appendict‘”!
826 584 1082 638 Gcnnadii
1133 584 1421 646 Scholarii,
1478 585 1705 652 patriar-

160 679 257 730 (bzn
281 677 475 730 CPolit.
512 679 577 731 Α.
609 676 737 730 Chr.
771 677 907 730 1460
942 676 1144 737 denati,
1172 676 1480 730 dissertatio
1502 676 1702 743 episto—

162 768 243 820 lica
275 767 341 819 De
370 769 487 821 vitae
510 770 731 819 termino
762 780 805 819 et
827 767 1283 833 praedestinntione
1309 768 1370 818 ad
1390 766 1699 834 Joscphum,

163 858 451 912 monachum
466 857 1020 921 Thessalonicensem,
1038 874 1132 927 pro
1158 859 1470 912 vindicanda
1491 868 1703 912 senten-

165 949 219 1000 tia
234 947 492 1009 S.B.isilii,
508 964 663 1015 quem
683 951 885 1015 magnis
904 959 1100 1001 mactat
1116 950 1322 1018 elogiis.
1339 950 1523 1017 Incipit
1544 965 1556 1001 :
1580 949 1699 1001 Kiu-

162 1039 362 1109 νοπετὴς
378 1039 663 1109 ἐδεξάμην.
702 1060 717 1089 ι
760 1040 905 1093 lianc
942 1042 1389 1104 dissertationeni,
1414 1059 1441 1094 a
1470 1042 1697 1097 Maximo

164 1130 434 1200 Maigunio,
483 1134 838 1201 Cytherorum
889 1134 1161 1201 episcopo,
1221 1145 1435 1198 nat-tus,
1496 1137 1700 1202 primus

162 1222 320 1276 Caeco
350 1225 588 1275 ediderat
622 1222 788 1273 David
838 1222 1175 1277 llteschclins
1206 1228 1459 1293 Augustae
1486 1227 1695 1280 Vindel.

169 1316 302 1373 1594.
332 1317 385 1368 4.
418 1314 701 1367 Fedcricus
737 1312 987 1367 Murellns
1018 1316 1206 1369 Latine
1243 1318 1397 1369 vertit
1438 1327 1491 1370 et
1517 1318 1697 1371 Basilii

157 1408 377 1475 operibus
409 1406 699 1473 subjunxit,
750 1409 900 1473 cujus
954 1409 1115 1462 etiam
1175 1420 1311 1461 nota:
1352 1411 1401 1462 in
1444 1409 1696 1464 Basilium

160 1514 186 1567 p
221 1498 277 1550 95
306 1499 600 1551 videantur.
629 1517 645 1547 ι
692 1496 859 1550 ΗΑιιι..

218 1588 283 1659 [In
317 1596 461 1640 torno
493 1590 649 1639 tertio
671 1588 800 1641 edit.
833 1587 1081 1649 Garner.,
1116 1598 1233 1655 post
1272 1588 1431 1655 hujus
1465 1602 1693 1644 mortem

161 1677 405 1736 absolutce,
441 1685 563 1727 sunt
591 1676 769 1728 Basilii
804 1676 867 1727 M.
904 1678 954 1727 I°
990 1677 1124 1727 liber
1152 1677 1223 1729 De
1258 1676 1453 1744 Spiritu
1482 1692 1697 1743 sancto;

159 1768 203 1820 2'
244 1768 517 1835 Epistolas;
575 1768 631 1820 5°
688 1768 976 1822 Sermones
1018 1768 1182 1822 XXIV
1215 1770 1281 1822 de
1310 1774 1566 1836 moribus,
1605 1790 1699 1840 per

1808 586 2059 638 emendat
2109 584 2463 653 illustratque,
2508 594 2558 638 et
2595 584 2804 638 Erasini
2852 583 3151 637 versionem
3191 598 3367 637 emcn-

1805 677 1917 746 dat)
1964 688 2089 731 toni.
2137 676 2181 729 ll
2223 675 2409 729 Basilii
2464 678 2723 737 recensiti,
2770 691 2820 743 p.
2854 675 2945 737 84,
2992 676 3177 728 librum
3235 677 3367 727 hunc

1804 770 1957 837 quasi
1997 770 2052 822 in
2088 770 2334 839 mysterio
2365 769 2618 822 creditum
2656 768 3036 835 Amphilochia,
3065 784 3123 820 ea
3153 768 3277 833 lege,
3310 783 3367 818 ne

1807 861 1860 914 in
1888 861 2066 930 vulgus
2093 866 2351 925 ederetur,
2373 879 2432 913 ne
2460 862 2582 927 quid
2610 862 2726 913 inde
2749 859 2924 912 annuli
2945 860 2996 911 in
3020 875 3136 911 eum
3161 860 3369 927 gravius

1805 952 2171 1003 constituerent
2200 965 2218 1002 :
2241 967 2340 1017 quo
2369 950 2566 1017 factum
2590 960 2682 1010 est,
2708 960 2758 1001 ut
2779 950 2820 1001 is
2854 948 3123 1001 obscurior
3139 947 3368 1015 antiquis

1806 1040 2073 1103 manserit,
2100 1057 2200 1092 non
2225 1048 2279 1091 ut
2312 1055 2421 1093 sum
2446 1039 2526 1091 illi
2558 1038 2883 1091 auctoritatis
2906 1038 3188 1107 quidquam
3215 1038 3368 1088 det-(-

1806 1135 1933 1196 dat;
1986 1134 2118 1186 inter
2165 1135 2455 1201 pra'cipuas
2514 1131 2700 1185 Basilii
2757 1132 3136 1185 lucubrationes
3180 1131 3367 1183 merito

1807 1224 2179 1276 numerandus.
2221 1222 2374 1275 Plura
2410 1224 2460 1274 in
2497 1222 2703 1275 Erasini
2734 1222 2981 1274 versione
3014 1222 3176 1274 etiam
3203 1219 3367 1271 casti-

1805 1314 2193 1382 gaveratioan.
2234 1314 2437 1375 Billius,
2485 1329 2601 1381 qua:
2653 1314 2974 1367 Possevinus
3011 1312 3061 1365 in
3095 1312 3362 1378 Apparatu

1802 1408 2086 1472 excerpsit.
2129 1426 2145 1455 ι
2186 1406 2449 1459 Ilaetenus
2481 1405 2776 1458 Fabricius.
2804 1405 2956 1459 Conl.
2988 1404 3213 1459 Scultet.
3251 1403 3365 1457 Με-

1803 1500 1997 1550 dullant
2025 1499 2178 1550 theol.
2211 1496 2446 1563 Patrum,
2476 1500 2563 1567 qui
2590 1515 2638 1567 p.
2672 1498 2807 1551 1055
2831 1514 3075 1565 magnam
3106 1498 3221 1551 libri
3250 1512 3369 1565 par-

1805 1600 1906 1639 tem
1934 1588 2136 1652 judieat
2174 1602 2292 1639 esse
2331 1586 2523 1641 Basilio
2552 1589 2914 1657 suppositam;
2955 1589 3027 1640 Du
3063 1587 3156 1639 Pin
3194 1586 3363 1638 Nouo.

1804 1679 1939 1730 Bibl.
1973 1684 2058 1730 des
2092 1689 2302 1731 auteurs
2331 1678 2481 1742 eccl.,
2521 1689 2649 1734 tom.
2699 1678 2762 1744 ll,
2789 1696 2841 1749 p.
2875 1680 2964 1732 181
3002 1694 3107 1745 sq.;
3150 1678 3368 1731 Roesler

1804 1769 1938 1821 Bibl.
1968 1770 2081 1829 cit.,
2120 1786 2192 1822 vn
2222 1781 2388 1836 part.,
2424 1786 2542 1838 pag.
2580 1771 2769 1825 44-76.
2812 1771 3007 1826 Ondin.
3050 1768 3365 1829 Comment.,

160 1860 448 1928 Symeouem
494 1860 803 1926 magistrum
838 1871 888 1912 et
920 1861 1243 1928 logothctam
1276 1862 1456 1915 selecti
1488 1878 1551 1916 ex
1576 1880 1690 1917 om-
1725 1859 1762 1915 B
1795 1872 1897 1913 etc.
1930 1861 1965 1915 I.
1996 1878 2045 1930 p.
2084 1862 2188 1916 560
2211 1880 2353 1932 sqq.,
2384 1865 2495 1932 qui,
2521 1874 2706 1917 contra
2744 1864 2820 1916 Du
2856 1862 2952 1917 Pin
2976 1863 3198 1931 ejusque
3221 1876 3365 1914 asse-

159 1958 287 2007 nibus
316 1954 493 2006 Basilii
527 1956 817 2021 aperibns;
859 1956 914 2007 4ο
964 1956 1120 2007 Liber
1162 1955 1237 2007 De
1277 1958 1586 2025 virginita:e.
1642 1958 1695 2011 ln

164 2047 446 2112 j-ra'fatione
485 2046 749 2099 nonnulla:
789 2045 966 2098 Basilii
1008 2046 1289 2113 Opiniones
1332 2058 1384 2099 et
1421 2051 1695 2113 doctrinre,

166 2140 427 2202 pra-sertim
478 2140 541 2193 de
574 2138 772 2206 Spiritu
803 2153 1008 2197 sani-to.
1058 2140 1121 2192 de
1159 2141 1549 2204 traditionibus,
1591 2141 1695 2196 Eu-

157 2235 407 2295 charistia,
432 2244 565 2295 etc.,
600 2234 997 2300 expenduntur,
1033 2232 1369 2284 illustrantur
1391 2241 1549 2299 atque
1579 2235 1697 2286 vin-

162 2328 393 2383 dicantur,
437 2336 494 2375 et
521 2334 707 2377 auctor
734 2340 873 2391 sape
908 2340 1018 2376 rem
1062 2324 1245 2377 habuit
1293 2341 1412 2376 cum
1461 2324 1697 2377 Seulteto

163 2414 353 2478 aliisque
398 2415 464 2463 ad
508 2411 840 2463 defendenda
873 2412 1210 2479 potissimmn
1255 2430 1364 2465 sure
1404 2415 1696 2480 disciplina:

162 2504 341 2568 placita,
371 2514 421 2555 et
450 2502 705 2555 Basiliam
736 2520 852 2556 cum
880 2504 965 2555 illa
985 2504 1374 2557 conciliandum
1404 2524 1415 2557 :
1449 2506 1697 2573 frequen-

162 2607 225 2647 ter
244 2598 481 2649 dissentit
508 2611 721 2663 quoque
765 2613 793 2648 a
840 2594 1199 2650 Tillemontio.
1242 2596 1345 2649 Sed
1378 2598 1487 2651 hanc
1521 2598 1697 2666 legant

161 2688 549 2755 examinentque
598 2686 631 2739 ii
679 2689 743 2740 ad
767 2702 994 2755 quorum
1023 2702 1214 2740 mimus
1246 2687 1525 2755 forumque
1556 2689 1697 2753 ejus-

163 2778 276 2829 modi
308 2780 577 2844 pertinent
617 2780 957 2846 quastiones.
995 2778 1127 2829 Tum
1164 2778 1377 2845 copiose
1414 2791 1696 2831 enarratur

170 2866 265 2919 l'ita
288 2868 497 2930 Basilii,
525 2879 579 2921 et
609 2870 672 2921 de
704 2869 819 2935 ejus
850 2869 1084 2932 si-riptis,
1126 2878 1228 2919 tam
1259 2870 1503 2934 genuinis
1533 2884 1693 2937 quam

165 2963 307 3013 dubiis
336 2964 666 3029 spuriisque,
709 2972 760 3011 et
810 2972 1048 3026 tempore
1088 2974 1192 3025 quo
1227 2974 1387 3027 opera
1440 2962 1696 3030 pleraque

160 3051 435 3116 etepistola:
469 3052 579 3101 sint
604 3050 837 3116 scriptae,
870 3050 1087 3102 uberius
1117 3051 1310 3119 agitur.
1340 3050 1579 3107 Postlnec
1613 3069 1698 3109 se-

158 3152 364 3205 quuntur
400 3140 584 3192 Basilii
616 3156 801 3207 opera.

219 3232 257 3283 1.
295 3234 421 3302 Περὶ
453 3231 551 3285 τοῦ
587 3233 741 3301 ἁγίου
776 3234 1120 3303 Πνεύματος·
1188 3234 1339 3285 Liber
1388 3237 1447 3287 de
1491 3236 1691 3301 Spiritu

161 3335 311 3375 sancto
344 3326 406 3375 ad
442 3321 500 3377 S.
533 3323 973 3389 Amphilochium,
1017 3324 1181 3377 Iconii
1210 3327 1519 3391 episcopum.
1561 3326 1692 3380 Cum

158 3414 575 3481 interpretatione
635 3414 865 3481 Erasmi,
910 3414 1149 3483 plurimis
1194 3415 1323 3467 locis
1373 3420 1690 3471 emendata:

159 3505 302 3571 pag.I
336 3520 478 3571 sqq.;
517 3515 575 3556 at
602 3505 652 3556 in
683 3506 769 3559 ed.
810 3505 981 3560 l’aris.
1018 3521 1197 3574 super.
1242 3521 1291 3573 p.
1338 3508 1436 3558 ιη
1468 3512 1589 3561 tumi
1633 3509 1694 3573 Il,

160 3605 203 3644 cl
232 3596 273 3645 in
302 3605 399 3646 vel.
423 3593 640 3647 Fabric.
670 3593 804 3647 Bibl.
834 3594 924 3649 Cr.
958 3598 1041 3649 ed.
1065 3615 1115 3649 ιι.
1146 3597 1273 3650 Vlll.
1305 3600 1579 3654 Fabricius
1605 3618 1696 3654 au-

158 3692 246 3737 tem
267 3701 322 3740 ea
348 3701 464 3755 qua:
491 3696 797 3753 sequuntur
823 3688 1041 3753 seripsit
1072 3689 1135 3740 de
1158 3703 1221 3741 co
1252 3690 1385 3741 libro
1414 3710 1425 3742 :
1464 3712 1480 3739 ι
1524 3694 1617 3745 llic
1643 3696 1693 3745 in

161 3777 306 3839 «apita
334 3779 557 3846 triginta
584 3778 803 3841 divisus,
849 3787 1006 3845 atque
1044 3779 1163 3832 inde
1205 3783 1499 3850 τριάκοντα
1529 3800 1695 3852 κεφα-

158 3867 299 3921 λαίων
328 3874 543 3924 ιιοιιιὲιιε
574 3885 602 3921 a
630 3868 785 3923 Joan.
822 3870 1146 3925 Damascum
1166 3873 1228 3923 ἰιι
1262 3872 1393 3927 libro
1421 3890 1456 3937 ι,
1494 3891 1528 3928 ιι
1555 3886 1606 3928 et
1636 3894 1692 3929 ιιι

164 3961 223 4023 lle
260 3962 588 4027 imaginibus,
649 3963 845 4015 citatus
886 3962 980 4031 (a),
1034 3978 1191 4031 quem
1222 3963 1446 4018 Basilius
1483 3969 1696 4033 Scripsit

155 4050 410 4101 occasione
442 4048 517 4115 (ὁ)
557 4050 928 4117 Actianoruni,
965 4053 1220 4121 Spiritum
1253 4066 1493 4108 sanctum
1540 4059 1696 4111 rebus

158 4142 327 4191 «reatis
364 4141 524 4210 impie
552 4143 973 4194 accensentimn.
1016 4144 1202 4197 Latine
1234 4150 1392 4199 vertit
1422 4149 1693 4213 Erasmus,

158 4230 284 4295 rujus
319 4232 691 4298 interpretatio
739 4232 932 4300 prodiit
993 4230 1159 4287 Basil.
1202 4235 1354 4299 1552,
1410 4240 1483 4302 ri;
1524 4238 1695 4293 Paris.

161 4322 291 4385 1552,
322 4327 385 4388 8;
432 4324 587 4387 1580,
619 4326 685 4390 8;
718 4326 878 4392 inque
908 4325 1223 4379 editionibus
1250 4326 1424 4379 Basilii
1462 4339 1516 4381 et
1568 4339 1695 4385 ιυιιι.

160 4417 247 4469 1111
276 4435 489 4485 Operam
534 4422 739 4473 Erasini
772 4421 995 4486 legitur;
1051 4424 1205 4476 vertit
1246 4433 1297 4475 et
1330 4423 1618 4480 Carnarius
1646 4430 1695 4479 in

156 4509 358 4562 editione
391 4509 575 4562 Basilii
614 4509 820 4575 Latina,
846 4510 1005 4564 Basil.
1040 4513 1193 4577 1552,
1229 4512 1321 4565 [ιιι.
1377 4512 1541 4565 Porro
1593 4534 1694 4571 ιιυιι
1730 4537 1771 4588 υ

160 4602 288 4652 nimio
314 4616 528 4666 censeo,
565 4602 673 4653 l'alli
702 4604 817 4667 hos,
842 4605 929 4672 qui
963 4604 1118 4656 istum
1155 4607 1346 4660 librum
1378 4608 1457 4661 vel
1488 4620 1693 4675 partem

156 4695 251 4761 ejus
283 4709 630 4765 postremam,
669 4695 949 4765 Erasnmm
1000 4699 1187 4763 secuti,
1236 4699 1433 4754 Basilio
1485 4704 1693 4771 abjudi-

158 4800 276 4851 cant,
310 4801 396 4841 aut
438 4798 745 4857 suspectam
790 4790 1017 4854 habent;
1069 4790 1158 4842 sed
1205 4792 1363 4845 etiam
1403 4792 1540 4847 inter
1580 4796 1694 4861 pul-

158 4881 391 4934 cherrima
449 4884 600 4934 illum
647 4897 765 4935 esse
808 4880 985 4934 Basilii
1039 4898 1499 4937 monumentorum
1554 4887 1691 4939 haud

162 4970 353 5033 dubito;
388 4976 667 5042 magisque
717 4974 1034 5025 audiendum
1081 4976 1451 5027 Casaubonum
1506 4977 1692 5033 ιλιαδ.

159 5077 229 5115 Ut
257 5068 315 5115 ad
348 5064 573 5132 Raram,
628 5083 679 5119 tl.
721 5064 933 5118 XXXIII
978 5080 1027 5118 t't
1066 5067 1241 5132 XLIII,
1280 5083 1331 5136 p.
1360 5069 1460 5122 459
1490 5083 1543 5123 et
1575 5072 1698 5140 490,

156 5156 224 5203 eui
250 5158 400 5209 addes
429 5156 783 5223 Theophilum
820 5159 1188 5228 liaynaudnm,
1229 5179 1279 5229 p.
1319 5160 1386 5212 24
1427 5163 1699 5215 Erotentu-

155 5254 245 5295 tum
275 5250 328 5298 de
356 5248 501 5299 bouis
536 5258 588 5300 et
614 5248 761 5300 malis
791 5249 971 5312 libris;
1008 5248 1245 5304 Natalem
1272 5252 1445 5314 Alex.,
1470 5268 1592 5304 sa‘c.
1630 5270 1700 5316 ιιι,

152 5352 256 5399 νειμ.
288 5336 337 5401 ὓ,
372 5338 608 5391 articulo
638 5339 720 5403 I9,
748 5341 1175 5407 atqueAIIatium
1208 5354 1388 5393 contra
1421 5339 1703 5409 Creyghto-

157 5444 279 5490 rttltlt,
329 5447 446 5500 pag.
476 5430 582 5483 510
622 5446 737 5499 seq.
774 5430 952 5499 Liquet
1007 5449 1070 5485 eo:
1116 5432 1302 5485 Basilii
1352 5436 1698 5504 peroratione,

217 5585 356 5659 lui-lu
385 5589 559 5641 tritius
581 5586 745 5659 codd.
778 5588 947 5641 Paris.
971 5590 1180 5643 additur
1211 5607 1419 5659 quoque
1447 5592 1616 5657 titulo,
1641 5595 1696 5644 ἐν

160 5655 439 5727 κηᾳλᾳίοις
466 5657 783 5727 τριάκιιντα.
822 5660 986 5715 ΙΙ.ιιιι..

220 5726 280 5785 th)
315 5724 437 5778 \iilc
470 5724 630 5780 notas
655 5726 1118 5783 Benedii-tiiiorum
1150 5734 1211 5782 ad
1249 5732 1302 5784 S.
1334 5733 1692 5793 Ambrosium,

162 5798 269 5845 ictu.
301 5795 356 5859 II,
388 5813 507 5867 pag.
541 5798 665 5851 617.
704 5796 857 5851 Fara.
890 5802 999 5855 llud
1036 5818 1141 5869 leg.
1172 5805 1386 5871 quintus
1414 5804 1580 5857 Paris.
1614 5806 1702 5856 ad-

1802 1955 1911 2007 clas
1960 1956 2291 2022 potissimum
2349 1960 2643 2025 disputans,
2680 1972 2801 2010 cum
2834 1956 3026 2019 Cocco,
3071 1956 3261 2024 Anglo,
3310 1946 3379 2006 ia}

1802 2061 2022 2099 censura
2064 2050 2383 2114 scriptorum
2414 2052 2769 2116 quorumdam
2832 2059 3094 2111 veterum,
3127 2064 3245 2101 voc.
3272 2048 3366 2098 Ba—

1800 2139 1973 2201 silius,
2006 2155 2056 2208 p.
2081 2138 2204 2201 ΞΗ,
2232 2139 2439 2201 Biveto,
2471 2138 2711 2201 Erasmo,
2736 2151 2867 2201 etc.,
2895 2136 3141 2192 evincere
3166 2137 3364 2192 studet.

1803 2247 2145 2299 permagnam
2172 2234 2350 2297 Operis
2380 2243 2583 2299 partem
2620 2245 2739 2285 esse
2770 2230 3178 2299 interpolatani;
3209 2243 3366 2296 porro

1800 2320 1955 2373 Praei.
1990 2323 2055 2373 ad
2090 2334 2216 2375 tom.
2248 2323 2305 2375 III
2331 2326 2415 2376 ed.
2441 2323 2628 2385 Garn.,
2666 2322 2775 2395 §Ill
2806 2338 2925 2389 sqq.
2954 2332 3007 2374 et
3037 2322 3087 2374 in
3117 2320 3230 2372 Vita
3258 2317 3367 2371 Ba-

1799 2413 1923 2473 silii,
1978 2428 2094 2481 cap.
2150 2415 2238 2474 50,
2296 2416 2490 2468 sect.6
2549 2416 2658 2478 (ubi
2706 2415 3008 2469 ostenditur
3062 2411 3363 2465 absolutum

1800 2500 1960 2556 fuisse
2010 2519 2058 2557 a.
2104 2505 2250 2569 575),
2278 2515 2328 2557 et
2379 2522 2496 2573 cap.
2537 2508 2624 2569 58,
2674 2504 2967 2559 Si-hrmt-kh
3016 2503 3051 2558 l.
3113 2503 3227 2566 cit.,
3276 2503 3365 2568 qui

1800 2611 2059 2648 summam
2115 2596 2261 2650 dedit
2308 2598 2447 2661 libri,
2506 2613 2622 2666 pag.
2678 2597 2935 2658 149-164,
2985 2606 3038 2648 et
3095 2611 3215 2663 pag.
3249 2590 3369 2644 105-

1808 2687 1923 2748 163,
1958 2697 2111 2741 caute
2159 2698 2212 2741 et
2258 2690 2525 2743 moderate
2574 2692 2638 2741 de
2673 2703 2737 2743 eo
2763 2688 2988 2758 judicat.
3016 2720 3083 2728 —-
3117 2686 3369 2739 Historia:

1799 2778 1978 2843 synodi
2010 2778 2241 2832 Nictena:
2266 2812 2333 2818 —
2363 2780 2602 2833 collectm
2643 2792 2694 2833 et
2730 2790 2980 2835 accurate
3014 2781 3291 2843 descripta:
3335 2792 3365 2828 a

1800 2864 1983 2917 .Ioat-h.
2014 2864 2340 2922 Camerario.
2369 2866 2513 2933 Lips.
2552 2867 2706 2929 1552,
2736 2868 2787 2929 8,
2833 2867 3048 2920 additur
3093 2865 3365 2931 appendix

1798 2972 1860 3007 ex
1889 2957 2261 3025 disputatione,
2284 2974 2399 3025 qua:
2422 2958 2703 3009 ascribitur
2727 2956 2947 3016 Basilio.
2980 2956 3235 3011 (Ζςιοςιιιθευ
3263 2954 3370 3023 cpio

1799 3064 1982 3117 scopo,
2048 3048 2120 3101 De
2180 3060 2359 3101 sancto
2409 3048 2633 3113 Spiritu.
2672 3080 2737 3088 -——
2771 3049 2955 3100 Exstat
3009 3047 3143 3099 liber
3195 3058 3366 3098 Iustus

1751 3199 1761 3211 ε
1804 3140 2126 3193 \‘indobona:
2160 3140 2209 3193 in
2248 3140 2374 3192 bibl.
2407 3139 2602 3194 Caesar.
2638 3138 2845 3197 LXXV.
2886 3156 2937 3190 ιι.
2966 3139 2997 3190 5
3030 3139 3207 3203 (quem
3240 3136 3359 3189 cod.

1801 3235 1981 3284 utilem
2019 3233 2083 3284 ad
2120 3231 2265 3299 plura
2304 3232 2416 3284 loca
2462 3232 2791 3284 emendanda
2830 3240 3012 3281 censiet
3062 3229 3173 3281 fore
3206 3228 3363 3281 Lam-

1799 3322 1937 3387 liec.)
1965 3350 2033 3363 ——
2060 3319 2113 3371 In
2147 3321 2263 3373 cod.
2294 3319 2620 3383 LXXXVIII,
2658 3336 2709 3373 ιι.
2744 3320 2798 3372 2.
2831 3349 2901 3358 —
2924 3317 2977 3371 In
3009 3318 3129 3374 cod.
3179 3318 3358 3379 XLIV,

1800 3432 1851 3467 ιι.
1886 3414 1974 3478 9.9,
2002 3427 2067 3467 ex
2094 3428 2215 3479 cap.
2260 3411 2326 3464 Q7
2366 3421 2419 3465 et
2471 3412 2539 3465 29
2582 3413 2760 3480 operis
2809 3411 2883 3464 De
2934 3411 3135 3476 Spiritu
3180 3418 3364 3463 sancto

1800 3508 2098 3573 fragmenta
2130 3506 2269 3573 (qure
2304 3509 2464 3559 etiam
2495 3506 2590 3558 Gr.
2622 3518 2671 3559 et
2704 3505 2820 3557 L-it.
2858 3516 3072 3558 exstant
3105 3506 3156 3557 in
3184 3503 3360 3557 Theo-

1799 3599 1913 3651 dori
1972 3598 2303 3649 Balsamnnis
2347 3596 2682 3665 Sgntagmate
2715 3613 2995 3657 canonum,
3040 3610 3160 3649 cum
3195 3596 3361 3662 ipsius

1799 3688 2126 3755 expositione
2179 3686 2383 3746 Gricca,
2432 3702 2481 3754 p.
2556 3687 2938 3751 1029—1036.)
2994 3684 3055 3738 V.
3104 3685 3357 3745 Lambcc.

1799 3779 2083 3830 Comment.
2140 3778 2223 3839 III,
2278 3794 2395 3846 pag.
2459 3778 2582 3835 57‘2.
2638 3780 2761 3839 475,
2803 3787 2850 3831 el
2901 3776 3027 3839 VIII,
3068 3777 3325 3845 p.883.—

1801 3870 1931 3920 Iliid.
1964 3869 2012 3919 in
2044 3870 2159 3919 cod.
2199 3866 2311 3931 .\'ll,
2358 3885 2407 3919 ιι.
2445 3868 2525 3927 14.
2558 3867 2735 3921 Basilii
2773 3884 2942 3922 canon
2973 3868 3086 3928 XC.
3132 3883 3196 3921 ex
3230 3868 3365 3921 libro

1801 3962 1873 4014 De
1916 3964 2113 4027 Spiritu
2166 3973 2343 4015 sancto
2392 3980 2435 4017 s.
2472 3963 2755 4033 fragment.
2800 3964 2991 4031 capitis
3030 3964 3097 4015 27
3130 3964 3247 4015 libri
3291 3962 3365 4014 Dc

1801 4058 2001 4121 Spiritu
2043 4073 2246 4111 sanae.
2284 4056 2343 4109 V.
2400 4056 2594 4110 Kollar.
2654 4057 2928 4125 Supplem.
2982 4059 3044 4110 ad
3083 4056 3360 4119 Lambec..

1802 4168 1920 4215 pag.
1964 4149 2081 4201 H3.
2128 4180 2191 4189 —
2220 4149 2413 4201 Eadem
2466 4150 2568 4201 duo
2614 4149 2909 4216 fragmenta
2955 4158 3079 4203 sunt
3129 4150 3179 4202 in
3240 4151 3362 4205 cod.

1801 4242 2019 4294 Taurin.
2055 4240 2164 4294 CV.
2204 4240 2262 4291 V.
2301 4240 2414 4293 Cat.
2466 4242 2611 4294 codd.
2658 4241 2840 4302 Taur..
2889 4242 3092 4309 p.196.
3130 4274 3195 4283 -
3226 4254 3279 4297 et
3310 4246 3365 4299 in

1800 4332 1919 4385 cod.
1957 4333 2211 4386 Laurent.
2249 4332 2361 4393 XL,
2401 4348 2453 4385 ιι.
2516 4334 2583 4386 57
2648 4350 2711 4389 ac
2762 4336 2849 4390 58.
2881 4337 2943 4392 V.
2985 4336 3214 4393 Bandin.
3244 4338 3361 4394 Cat.

1801 4426 1945 4476 codd.
1998 4422 2088 4474 Gr.
2144 4421 2331 4486 Laur.,
2375 4422 2414 4483 Ι,
2446 4438 2494 4491 p.
2530 4424 2618 4481 74.
2643 4456 2711 4465 —-—
2748 4425 2992 4495 fragmm.
3022 4429 3072 4481 in
3106 4431 3223 4481 cod.
3256 4429 3369 4481 Mo-

1802 4516 2012 4583 sqnensi
2075 4514 2271 4579 XXIII,
2328 4534 2380 4569 ιι.
2443 4518 2496 4571 1.
2549 4516 2607 4571 ι’.
2678 4516 2907 4571 Matthxi
2969 4518 3143 4573 Notit.
3214 4522 3363 4575 codd.

1808 4608 1999 4676 .l!osq.,
2036 4626 2085 4677 p.
2123 4609 2211 4663 55.
2242 4639 2310 4649 -
2342 4608 2497 4661 Liber
2538 4609 2650 4677 ipse
2702 4610 2935 4666 Venetiis
2983 4612 3035 4666 in
3082 4615 3202 4667 cod.
3234 4612 3364 4667 bibl.

1806 4697 1969 4753 Marc.
2022 4698 2175 4752 LVIII
2206 4708 2258 4750 et
2298 4697 2481 4750 LXVI.
2524 4699 2583 4757 V.
2638 4700 2753 4755 Cat.
2813 4704 2957 4757 codd.
3003 4702 3096 4757 Cr.
3172 4703 3365 4767 Mum,

1803 4807 1853 4859 ν.
1886 4792 1955 4845 42
1979 4800 2033 4842 et
2057 4790 2142 4843 45.
2169 4788 2337 4842 11Αιιιη

1872 4881 1925 4933 2.
1963 4878 2290 4945 Ἐπιστολαί,
2321 4878 2598 4948 Εμὶειοιω,
2628 4893 2678 4946 p.
2711 4877 2778 4932 69
2805 4892 2944 4944 sqq.,
2978 4892 3093 4945 qua:
3118 4877 3170 4930 in
3199 4878 3364 4931 Garn.

1804 4974 1930 5025 edit.
1967 4971 2260 5027 secundum
2298 4970 2555 5038 temporis
2584 4972 2823 5022 ordinem
2853 4977 2977 5021 sunt
3002 4971 3184 5037 positae
3222 4980 3273 5023 et
3313 4970 3365 5021 in

1808 5074 1917 5116 tres
1948 5062 2149 5117 classes
2178 5060 2495 5123 distributae,
2539 5075 2763 5128 quarum
2798 5058 2966 5119 prima
2993 5059 3232 5112 coalinet
3255 5060 3367 5126 epi-

1804 5154 1973 5208 stolas
2002 5164 2126 5207 ante
2154 5153 2516 5221 episcopatum
2552 5151 2800 5219 scriptas,
2852 5150 2918 5202 ab
2953 5166 3001 5199 a.
3045 5148 3144 5201 557
3200 5164 3369 5216 usque

1804 5248 1866 5299 ad
1911 5264 1961 5301 ιι.
1997 5246 2121 5306 570,
2165 5248 2359 5315 quibus
2392 5246 2657 5298 adduntur
2700 5244 2965 5297 nonnulla:
3005 5243 3197 5305 dubim,
3241 5243 3366 5308 quia

1804 5344 2086 5395 vidcantur
2113 5346 2178 5397 ad
2218 5348 2316 5397 hoc
2348 5354 2555 5408 tempus
2581 5342 2874 5409 pertinere,
2911 5340 3077 5393 altera
3114 5356 3205 5393 eas
3234 5357 3368 5407 quas

1802 5437 2083 5505 cpiscupus
2107 5439 2339 5505 scripsit,
2364 5435 2430 5488 ab
2452 5451 2501 5489 a.
2536 5435 2639 5489 570
2668 5435 2731 5487 ad
2762 5450 2808 5487 a.
2830 5433 2966 5497 578;
3002 5433 3150 5486 tertia
3178 5433 3372 5499 episto-

1804 5594 1879 5645 dit
1912 5596 2028 5645 κατ’
2066 5594 2355 5663 Εὑνομίουο
2389 5595 2479 5647 sed
2514 5594 2563 5645 in
2605 5594 2743 5646 notis
2782 5593 2867 5645 ed.
2902 5592 3067 5645 Garn.
3110 5606 3159 5655 p.
3203 5590 3249 5648 I.
3287 5590 3367 5641 di-

1804 5667 2061 5715 citurnon
2084 5677 2187 5716 tam
2213 5666 2524 5716 Eunomiutn
2556 5679 2715 5731 quam
2742 5664 3253 5715 I’uenmatomachns
3274 5678 3366 5726 op-

1805 5750 2041 5799 pngnarc
2072 5734 2326 5793 Basilius;
2362 5735 2771 5799 quainvisistius
2796 5749 3004 5802 quoque
3034 5733 3365 5799 ItllplC‘ttIL’lL

1806 5810 1991 5857 ωλι-ιιι
2024 5822 2183 5873 opera
2211 5806 2500 5858 subvortal.
2536 5803 2698 5857 llaaL.
