4066 6314
638 342 804 386 (ταις

2006 325 2371 386 Ριιοωεοοιι
2386 330 2537 385 ENA.

638 440 823 498 Bullzei
877 443 1123 499 versione
1178 443 1378 514 legitur
1431 453 1571 497 tonio
1613 458 1628 498 ι
1691 446 1805 513 ejus
1855 462 2071 515 operum
2107 447 2208 517 (α).
2245 454 2283 505 Α
2318 447 2425 499 seri
2462 444 2889 514 Cynmasmatum
2920 448 3230 502 litteratura:
3257 447 3403 501 libris
3432 463 3514 513 ιιι,
3543 448 3636 505 Gr.
3663 459 3713 503 et
3738 445 3885 519 Lat.,

642 537 842 591 Eadem
872 536 1057 591 Grzece
1106 546 1157 589 et
1190 536 1381 590 Latine
1423 550 1543 589 cum
1597 538 1946 603 grammatica
1978 540 2208 591 vocabu-

645 630 818 683 lorum
850 630 1293 698 interpretatione
1322 629 1519 697 prodiit
1548 632 1837 697 separatim
1869 630 2040 682 Paris.
2074 631 2204 684 1657

644 719 806 793 [1647
846 732 931 789 ap.
970 721 1217 774 Malttair.
1250 722 1313 773 Α.
1361 719 1417 773 Τ.
1462 721 1545 786 Ill,
1597 734 1715 790 pag.
1751 720 1878 792 010]
1927 722 1978 775 8.
2020 722 2208 775 Extre-

643 828 786 870 mam
839 823 1069 884 partem,
1110 828 1227 883 quas
1276 815 1328 867 in
1374 816 1534 869 editis
1582 816 1937 877 desideratur,
1990 832 2053 869 ex
2108 832 2207 869 ms.

643 905 892 961 Ctesareo
934 904 1117 962 Graece
1164 908 1256 961 dat
1298 908 1618 962 Lambecius
1669 910 1753 970 ΙΙΙ,
1803 926 1852 978 p.
1916 909 2018 963 149
2064 908 2207 980 [cod.

642 990 855 1063 LXXV,
884 1018 938 1071 p.
965 1002 1069 1055 573
1099 1004 1182 1055 ed.
1205 1000 1435 1063 Kollar.,
1463 1002 1613 1069 cujus
1649 1014 1826 1055 notam
1853 1004 1987 1055 vide.
2012 1000 2209 1073 Haut.)

714 1090 949 1160 Epistola
985 1090 1140 1145 XLIII
1186 1092 1277 1161 [58
1315 1092 1504 1154 G.iru.,
1538 1108 1655 1165 pag.
1691 1094 1809 1147 115.
1863 1095 1948 1147 tibi
1983 1110 2031 1146 v.
2070 1091 2208 1164 not.]

632 1191 662 1229 8
702 1181 758 1237 S.
791 1183 1023 1237 Maximo
1055 1186 1120 1237 ad
1177 1185 1391 1254 Dionys.
1436 1187 1698 1256 AreOpag.
1744 1196 1873 1239 tom.
1923 1186 1962 1247 Ι,
2016 1202 2066 1252 p.
2117 1186 2206 1248 227,

643 1277 842 1331 citatur
888 1287 944 1329 ut
988 1277 1145 1345 λόγος
1184 1279 1361 1334 Basilii
1398 1279 1462 1332 ad
1505 1278 1723 1331 fratrem
1774 1280 1909 1349 Περὶ
1950 1278 2207 1347 διαφορᾶς

639 1367 829 1431 οὐσίας
884 1369 975 1421 καὶ
1024 1368 1388 1431 ὑποστάσεως.
1440 1367 1587 1422 Hanc
1638 1370 1795 1421 vertit
1842 1368 1947 1438 μθ.
2001 1368 2207 1422 Conon.

645 1458 826 1512 Patav.
861 1460 1019 1520 1507,
1056 1461 1107 1513 4.
1143 1461 1205 1515 V.
1241 1460 1466 1513 Panzer.
1501 1458 1630 1525 VIII,
1674 1476 1793 1529 pag.
1825 1459 1953 1531 223]
1994 1469 2043 1514 et
2072 1460 2207 1513 Bea-

646 1558 729 1602 tus
760 1548 1052 1604 Rhenanus
1086 1552 1254 1604 Paris.
1292 1551 1449 1604 1515.
1490 1550 1682 1604 Eadem
1716 1550 1943 1619 epistola
1978 1552 2207 1619 quihus-

638 1638 767 1693 dam
802 1642 934 1696 locis
983 1643 1304 1711 interpolata
1351 1644 1541 1711 legitur
1574 1652 1701 1696 tom.
1740 1642 1780 1696 II
1813 1642 2039 1714 Nysseni
2065 1644 2209 1697 velut

639 1729 813 1796 ipsius
840 1737 904 1787 ad
934 1734 1146 1787 Petrum
1177 1734 1417 1787 fratrem.
1456 1733 1615 1805 [Vide
1646 1737 1695 1787 in
1723 1735 1886 1803 Greg.
1917 1735 2099 1807 Nyss.]

2313 537 2459 604 Lips.
2508 536 2660 602 1574,
2707 540 2759 601 8,
2796 549 2919 591 sunt
2965 540 3015 591 in
3054 539 3192 593 libro
3234 554 3271 593 ιι
3303 539 3485 594 Basilii
3534 541 3600 593 Μ.
3633 552 3739 595 tres
3769 544 3883 610 epi-

2310 629 2477 683 stolae.
2512 628 2679 682 ΙΙιιιιι..

2381 717 2561 772 Basilii
2610 716 2863 785 epistolas
2912 719 3171 786 quasdam
3219 720 3385 773 edidit
3432 735 3645 788 quoque
3696 730 3887 774 braece

2312 809 2529 864 Ilieron.
2563 810 2846 865 Brunellus
2875 810 2931 864 S.
2958 810 3032 872 .I.,
3061 812 3244 865 Romae
3267 812 3318 874 8,
3346 829 3466 866 cum
3504 814 3624 866 aliis
3654 814 3884 868 aliorum

2312 900 2529 953 Patrum
2560 901 2771 954 selectis
2806 903 3026 969 Scriptis
3052 914 3105 954 et
3139 901 3391 957 ltomiliis.

2384 993 2651 1060 Epistolas
2703 997 2978 1062 sexaginta
3041 1009 3106 1046 ex
3148 993 3231 1046 .Io.
3282 995 3465 1050 Jacobi
3512 994 3734 1051 Beurerl
3766 1015 3883 1051 ver-

2314 1084 2465 1137 sione
2497 1086 2713 1138 exhibet
2745 1086 3019 1139 Abraham
3052 1085 3324 1139 Scultetus
3360 1097 3489 1140 lom.
3528 1087 3594 1142 IV
3630 1088 3884 1145 Medulla:

2316 1174 2559 1237 Patrum,
2593 1192 2710 1246 pag.
2748 1177 2852 1230 255
2884 1194 3022 1246 seq.;
3053 1192 3329 1247 acceperat
3367 1190 3543 1232 autem
3580 1182 3698 1235 illas
3727 1184 3886 1237 Scqu

2318 1276 2457 1319 tctus
2521 1281 2550 1318 a
2612 1264 2749 1320 Jano
2821 1269 3083 1333 Grutero,
3141 1272 3589 1338 quemadmodum
3646 1273 3890 1328 Beurem

2310 1358 2523 1413 ϐνεεεειε
2576 1374 2639 1412 ex
2680 1360 2956 1415 codicibus
2985 1363 3313 1430 Augustanis
3348 1366 3643 1432 descriptas
3679 1383 3881 1435 suppe-

2311 1455 2577 1506 ditavcrat
2610 1452 2971 1507 llaeschelins.
3008 1454 3061 1507 In
3098 1456 3182 1509 his
3218 1456 3411 1526 legitur
3445 1460 3605 1510 etiam
3654 1461 3879 1527 epistola

2311 1545 2375 1598 ad
2423 1545 2814 1613 Apollinarium
2850 1545 2947 1611 (ὁ),
3000 1561 3183 1614 quam,
3226 1548 3276 1600 in
3329 1550 3654 1603 editionibus
3695 1549 3879 1603 Basilii

2313 1637 2452 1688 haud
2485 1636 2719 1700 obviam,
2752 1634 2938 1689 Cra-ce
2982 1637 3173 1691 deinde
3226 1648 3278 1690 et
3330 1639 3515 1693 Latine
3550 1655 3671 1695 cum
3714 1643 3884 1695 altera

2314 1730 2379 1780 ad
2410 1729 2771 1795 Apollinarem
2815 1741 2868 1784 et
2923 1730 3117 1797 duplici
3165 1731 3488 1798 Apollinaris
3538 1737 3879 1802 responsoria

721 1823 954 1891 EpiSIola
1008 1824 1197 1878 LXXX
1270 1827 1371 1881 189
1413 1804 1691 1888 Garnier.,
1735 1826 1913 1894 ibique
2070 1804 2209 1896 not.]

2325 1820 2550 1890 vulgavit
2579 1821 2877 1877 Cotelerius
2911 1832 3040 1876 tom.
3070 1823 3107 1876 Il
3143 1822 3492 1886 antmenL,
3519 1840 3571 1893 p.
3598 1826 3683 1877 84.
3711 1827 3879 1879 Paris.

645 1913 844 1980 legitur
868 1912 1009 1967 inter
1031 1913 1276 1982 Gregorii
1312 1916 1539 1983 Nysseni
1574 1917 1796 1983 scripta,
1828 1926 1959 1971 tom.
1995 1918 2057 1982 11,
2092 1934 2213 1987 pag.

645 2001 773 2069 458,
804 2004 904 2057 sub
930 2003 1084 2057 titulo
1115 2003 1188 2055 De
1220 2002 1278 2056 S.
1316 2002 1576 2057 Trinitatc
1611 2006 1676 2055 ad
1710 2004 2069 2071 Eustathium,
2094 2020 2214 2058 eum

642 2095 895 2145 versione
930 2094 1203 2146 Laurentii
1248 2092 1439 2146 Silani.

717 2184 1012 2255 Epistolam
1056 2183 1407 2239 CCLXXXIX
1439 2184 1531 2257 [95
1577 2185 1770 2257 Carm]
1816 2203 1935 2240 cum
1970 2188 2217 2241 versione

642 2291 746 2333 sua
815 2276 1063 2343 notisque
1110 2274 1315 2341 primus
1358 2273 1545 2329 Graece.
1600 2277 1766 2329 edidit
1814 2276 1941 2331 Ger.
1991 2275 2216 2331 Vossius

649 2373 715 2426 ad
744 2371 947 2425 calcem
980 2368 1223 2435 Gregorii
1251 2366 1661 2437 Thaumaturgi,
1699 2369 1938 2438 Mogunt.
1971 2370 2127 2435 1604,
2160 2370 2212 2425 4.

719 2461 902 2515 Basilii
928 2470 981 2515 et
1008 2458 1216 2512 Libanii
1245 2461 1502 2526 epistolas
1531 2468 1764 2526 mutuas,
1800 2476 1901 2511 una
1935 2477 2055 2514 cum
2098 2462 2218 2516 aliis

646 2566 745 2604 sex
777 2548 857 2602 vel
887 2559 1091 2617 septem
1128 2548 1463 2601 brevioribus
1493 2548 1738 2615 epistolis
1770 2550 1955 2603 Graece
1997 2552 2048 2605 in
2084 2553 2217 2605 tiro-

651 2657 779 2696 num
808 2656 936 2693 usus
972 2640 1149 2693 recedi
1182 2640 1307 2693 fecit
1359 2638 1420 2693 II.
1455 2639 1762 2707 Stephanus
1798 2641 1956 2708 1577,
1988 2644 2043 2704 8,
2081 2645 2219 2697 inter

649 2734 917 2804 epistolia,
946 2732 1198 2803 dialogos.
1230 2734 1595 2786 oratiunculas
1616 2744 1669 2786 et
1693 2736 1979 2803 poematia,
1999 2751 2030 2790 e
2058 2738 2219 2790 variis

651 2827 1005 2893 scriptoribus
1022 2826 1260 2879 collecta.
1288 2824 1450 2879 FABR.
1472 2824 1655 2877 Basilii
1683 2835 1735 2878 et
1755 2825 1959 2878 Libanii
1986 2827 2220 2892 epistola:

654 2930 872 2977 mutuae,
906 2932 1038 2985 quas
1089 2918 1265 2986 magni
1315 2917 1443 2969 facit
1490 2916 1886 2979 Tillemontius,
1922 2917 2221 2985 probatque

654 3020 713 3061 ut
752 3008 1030 3077 genuinas,
1088 3009 1319 3061 maxime
1370 3009 1542 3061 dubia:
1592 3007 1838 3060 videntur
1874 3007 2122 3059 Garnier.
2170 3006 2223 3059 in

2318 1912 2472 1974 1681,
2506 1914 2559 1967 4.
2593 1914 2732 1969 Idem
2762 1916 2892 1969 alias
2930 1917 3063 1969 duas
3102 1926 3257 1969 antea
3306 1916 3537 1969 incditas
3585 1918 3885 1988 ἀνεπιγρὰ-

2316 2022 2469 2071 φους,
2508 2021 2773 2071 unamque
2804 2010 2930 2059 item
2966 2008 3033 2058 ad
3072 2006 3342 2059 Lilmnium
3369 2016 3421 2060 et
3451 2010 3518 2061 ad
3558 2010 3683 2072 imp.
3714 2010 3885 2062 Theo-

2316 2098 2543 2157 dosium,
2577 2115 2732 2150 nnam
2784 2100 2974 2152 eodem
3010 2101 3125 2154 loco
3162 2103 3213 2152 in
3261 2101 3433 2153 lucent
3469 2116 3589 2155 cum
3638 2104 3887 2157 versione

2317 2206 2411 2243 sua
2443 2190 2651 2242 extulit.
2678 2188 2835 2257 [Vide
2863 2191 2999 2244 inlra
3034 2194 3099 2244 ad
3133 2210 3184 2245 ιι.
3224 2192 3392 2265 ΧΙΧ.]

2390 2281 2638 2353 [Garuier
2671 2292 2798 2336 tom.
2831 2281 2918 2341 Ill,
2953 2298 3068 2350 pag.
3115 2284 3203 2344 66,
3251 2286 3417 2338 edidit
3452 2300 3512 2339 ex
3565 2287 3720 2340 codd.
3784 2285 3884 2338 Ira-

2318 2382 2592 2440 gwentum
2630 2372 2868 2439 epistolis
2894 2370 3054 2425 Basil.
3082 2376 3145 2425 ad
3178 2373 3511 2430 Theodoram
3551 2380 3887 2441 canonicam,

2319 2462 2507 2517 Crmee
2538 2480 2657 2516 cum
2706 2465 2951 2516 versione
2985 2463 3199 2519 Latina.
3238 2466 3385 2519 Illam
3425 2471 3709 2535 epistolam
3756 2474 3889 2523 inte-

2321 2564 2495 2617 gram.
2528 2560 2583 2601 at
2624 2565 2685 2603 ex
2721 2549 2910 2602 Latina
2955 2552 3139 2605 incerti
3190 2554 3466 2619 cujusdam
3502 2559 3697 2611 veteris
3728 2560 3891 2613 inter-

2321 2642 2645 2709 pretatione,
2678 2643 2794 2697 rudi
2829 2645 3064 2712 quidem,
3096 2647 3186 2698 sed
3225 2646 3323 2699 lida
3359 2660 3563 2717 (utpote
3604 2667 3725 2704 cum
3766 2656 3888 2705 toti—

2322 2733 2440 2785 dem
2475 2749 2608 2802 pene
2654 2737 2834 2789 verbis
2860 2752 3112 2805 expressa
3145 2741 3381 2793 auctoris
3414 2758 3629 2794 sensum
3655 2745 3885 2797 exactis-

2322 2826 2457 2879 sime
2497 2828 2704 2889 reddat,
2752 2832 2990 2897 adeoque
3044 2832 3302 2896 di-perditi
3358 2833 3529 2886 Grreci
3582 2844 3759 2886 textus
3793 2837 3887 2888 de-

2325 2912 2521 2967 fectum
2557 2917 2788 2968 maxima
2815 2932 2877 2968 ex
2920 2928 3069 2983 parte
3097 2920 3381 2984 suppleat),
3409 2936 3471 2972 ex
3502 2924 3621 2973 eod.
3662 2925 3885 2977 membr.

2327 3005 2458 3057 circ.
2494 3020 2615 3057 smc.
2648 3021 2741 3057 xui
2774 3006 2901 3057 bibl.
2949 3005 3191 3060 Monach.
3228 3022 3546 3075 eongregat.
3582 3013 3887 3069 Casiniensis

660 3100 784 3155 Vita
818 3101 1002 3155 Basilii
1033 3116 1150 3165 cap.
1196 3100 1288 3159 59,
1332 3114 1385 3166 p.
1432 3097 1533 3149 1Ἳῖ
1574 3112 1749 3165 seqq.,
1789 3098 1832 3148 is
1880 3106 2057 3150 tamen
2109 3097 2224 3150 illas
2329 3093 2563 3147 Florent.
2597 3095 2705 3163 (qui
2752 3096 2913 3147 codex
2963 3094 3198 3160 ejusdem
3250 3095 3430 3149 Basilii
3464 3100 3701 3151 ascetica
3740 3101 3885 3168 plura

656 3190 883 3260 sparsim
912 3187 1098 3251 edidit,
1138 3182 1396 3255 quasdam
1445 3186 1583 3237 inter
1611 3199 1730 3251 cpp.
1762 3200 1789 3234 a
1835 3182 2033 3237 Basilio
2062 3184 2217 3238 inse-
2249 3172 2293 3232 C
2327 3185 2722 3252 complectitur,
2780 3188 2845 3239 ab
2891 3188 3074 3239 eodem
3126 3186 3417 3255 interprete
3466 3186 3654 3240 Latino
3701 3204 3889 3255 versat

654 3296 812 3338 ceesu
841 3279 1091 3347 scriptas.
1122 3276 1404 3345 quasdam,
1434 3290 1554 3329 cum
1598 3272 1765 3328 Basil.
1800 3274 1850 3325 in
1884 3277 2223 3343 presbytero-

657 3387 774 3427 rum
806 3370 1060 3425 cathedra
1087 3368 1319 3424 sederet.
1354 3376 1408 3419 et
1439 3367 1591 3426 alias,
1623 3376 1904 3433 postquam
1937 3365 2223 3432 episcopus

659 3466 856 3520 fuerat.
902 3462 1137 3528 Quarum
1187 3459 1382 3512 multas
1428 3474 1479 3526 p.
1532 3458 1637 3509 452
1678 3474 1827 3528 seqq.
1873 3459 2036 3513 dedit.
2067 3456 2221 3511 Coul’.

660 3552 971 3611 Schroeckh
1020 3566 1072 3620 p.
1123 3549 1155 3603 6
1200 3564 1377 3618 seqq.,
1430 3547 1517 3615 qui
1572 3546 1737 3602 Garn.
1794 3547 2109 3601 dubitationi
2160 3548 2225 3602 de

660 3646 900 3702 omnium
952 3644 1159 3698 illarum
1210 3643 1369 3713 epist.
1423 3653 1728 3695 mutuarum
1782 3638 1951 3709 θοθείᾳ
1982 3641 2222 3705 quaedam

662 3740 914 3810 opponit;
947 3739 1142 3794 Oudin.
1174 3738 1210 3790 1.
1235 3752 1311 3803 c.,
1345 3752 1396 3805 p.
1432 3736 1534 3789 568
1560 3750 1701 3804 sqq.,
1734 3743 1786 3787 et
1816 3731 2054 3786 Raessler
2088 3735 2121 3783 l.
2151 3748 2223 3795 c.,

664 3836 755 3903 qui
801 3848 855 3899 p.
908 3831 1004 3883 107
1037 3846 1189 3899 seqq.
1238 3832 1303 3882 de
1335 3829 1578 3898 epistolis
1608 3827 1791 3881 Basilii
1830 3826 1881 3877 in
1923 3840 2145 3894 genere,
2175 3832 2228 3875 et

666 3927 733 3979 de
761 3922 1116 3991 supposititiis
1154 3936 1365 3989 quoque
1400 3931 1670 3988 agunt.—
1693 3920 1743 3971 In
1778 3919 1940 3972 εΤῶν
1986 3916 2227 3985 Ἐλληνι-

664 4018 775 4071 κών
806 4014 1099 4070 ἐπιστολῶν
1129 4011 1431 4079 ἀνθολογία,
1469 4010 1636 4065 Paris.
1687 4027 1751 4065 ex
1801 4023 2005 4081 typogr.
2039 4010 2225 4077 Steph.

668 4111 1015 4171 I’revosteau,
1064 4107 1291 4160 hzeredis
1340 4104 1482 4159 Guil.
1534 4100 1756 4165 Horclli,
1808 4101 2120 4171 typograpbi
2175 4102 2226 4153 in

666 4200 867 4255 Graacis
910 4198 1062 4267 regii,
1101 4199 1151 4249 in
1182 4196 1364 4250 clauso
1408 4192 1679 4256 Brunello,
1724 4193 1879 4254 I583,
1914 4193 1966 4245 4.
1999 4191 2135 4244 Sunt
2174 4206 2225 4242 ιι.

672 4292 737 4345 12
763 4302 816 4343 et
841 4290 908 4342 15
934 4288 1137 4341 Libanii
1162 4303 1248 4356 ep.
1274 4288 1337 4340 ad
1364 4285 1642 4345 Basilium,
1670 4294 1722 4337 et
1748 4282 1926 4335 Basilii
1949 4286 2016 4335 ad
2045 4284 2229 4353 Olynt—

672 4384 839 4452 pinm.
865 4380 1225 4435 --InJo:ich.
1271 4381 1563 4434 Camerarii
1624 4375 1938 4431 collectione
1976 4374 2230 4443 epistola-

2325 3278 2557 3344 primum
2595 3278 2647 3330 in
2688 3278 2861 3331 lucem
2898 3277 3116 3347 protulit
3157 3276 3300 3332 Pctr.
3339 3279 3587 3349 Aloysius
3612 3279 3889 3343 Galletius,

2326 3370 2562 3437 ejusdem
2592 3373 3024 3441 congregationis
3041 3372 3229 3434 abbas.
3252 3374 3300 3425 in
3322 3374 3641 3441 (Amadutii)
3661 3374 3892 3428 Anerrlo-

2327 3466 2393 3515 lis
2422 3463 2670 3525 litterata,
2716 3464 2818 3515 vol.
2876 3462 2916 3525 l,
2954 3465 3133 3517 Romae.
3169 3466 3327 3528 1775,
3378 3467 3429 3529 8,
3474 3467 3898 3539 pag.27seqq.n.

2326 3559 2467 3612 Idem
2527 3558 2783 3625 przemisit
2828 3556 3070 3611 Grzecum
3132 3569 3335 3612 textum
3367 3562 3581 3627 prioris,
3631 3577 3751 3630 qua!
3783 3561 3891 3626 jam

2328 3652 2656 3714 innotuerat,
2686 3650 2873 3719 partis,
2900 3664 3019 3701 cum
3072 3649 3191 3702 Lat.
3222 3652 3486 3703 versione.
3518 3652 3570 3703 lu
3600 3654 3720 3707 cod.
3756 3652 3895 3705 Τοσι-

2329 3743 2430 3795 rin.
2471 3742 2601 3806 XCI,
2648 3743 2737 3797 fol.
2770 3743 2893 3806 168,
2929 3751 3011 3795 est
3060 3741 3287 3809 epistola
3333 3745 3396 3793 ad
3427 3742 3763 3796 Theodoram
3810 3762 3895 3795 ca—

2329 3833 2566 3885 conicam
2594 3849 2608 3886 :
2637 3836 2685 3887 in
2718 3836 2850 3888 edit.
2885 3833 3222 3888 Benedictin.
3255 3850 3339 3903 ep.
3367 3830 3643 3887 CLXXIII.
3680 3832 3743 3886 V.
3775 3834 3890 3887 Cat.

2329 3922 2477 3973 codd.
2512 3919 2601 3973 Cr.
2638 3922 2820 3984 Taur.,
2851 3942 2900 3991 p.
2937 3924 3051 3977 185.
3091 3926 3253 3978 ΙΙΑΜ..

2402 4012 2694 4081 Epismlam
2726 4012 2904 4066 Basilii
2930 4012 3149 4067 CCLVII
3183 4016 3361 4067 laudat
3389 4013 3718 4083 Nicephorus
3748 4016 3880 4069 Gre-

2330 4121 2487 4176 goras
2515 4105 2647 4157 libro
2676 4120 2740 4155 xx
2774 4102 2932 4166 Hist.,
2962 4121 3012 4171 p.
3052 4105 3175 4157 620.

2403 4197 2525 4252 "th
2570 4200 2634 4251 de
2679 4195 2861 4249 Basilii
2913 4195 3174 4263 epistolis,
3223 4196 3415 4262 quibus
3454 4196 3605 4249 οὐδὲν
3652 4199 3898 4268 ἄμεινον,

2334 4291 2459 4344 nihil
2485 4291 2818 4357 priestantius
2863 4289 3082 4356 reperiri
3122 4286 3196 4339 ait
3240 4285 3455 4349 Suidas,
3503 4303 3743 4357 quasque
3786 4302 3900 4342 tan-

2335 4401 2491 4451 quam
2520 4384 2715 4437 κανόνα
2739 4396 2789 4435 et
2817 4398 3056 4434 normam
3084 4378 3175 4432 τοῦ
3198 4380 3602 4451 ὲπιστολιμαίου
3626 4384 3886 4453 χαρακτῆ-

674 4493 791 4531 rum
822 4475 1105 4539 LXXXVI,
1150 4474 1375 4543 Ἐκλογὴ
1420 4475 1513 4525 καὶ
1555 4466 1665 4524 οἷον
1702 4469 2017 4537 ἀπάνθισμα
2053 4467 2222 4537 διαφό-

2342 4493 2433 4546 ρος
2457 4475 2795 4527 commendat
2821 4474 3045 4527 Pbotius
3078 4474 3192 4526 eod.
3219 4490 3381 4528 exuti
3412 4481 3465 4525 et
3492 4475 3713 4541 epistola
3741 4492 3872 4529 ccvn

677 4586 783 4641 ρων
835 4567 1131 4621 ἐπιστολῶν
1172 4564 1514 4637 Ἑλληνικῶν.
1550 4574 1655 4618 etc.
1689 4564 1945 4629 Tubingas
1988 4559 2141 4622 1540,
2177 4560 2232 4623 8,

674 4672 801 4715 sunt
837 4660 1102 4716 nonnulla:
1136 4658 1320 4713 Basilii
1370 4655 1629 4727 epistolae.
1652 4682 1719 4694 —-
1743 4653 1797 4706 In
1835 4651 2021 4705 Matth.
2075 4652 2235 4703 Dres-

771 4833 802 4870 α
849 4825 1031 4877 Italica
1062 4822 1236 4875 versio
1267 4821 1318 4872 in
1363 4822 1481 4873 cod.
1515 4818 1713 4873 Veneto
1751 4817 1875 4869 bibl.
1903 4817 1959 4869 S.
1990 4816 2234 4869 Michael.

679 4894 744 4948 V.
775 4894 1043 4947 Mittarell.
1076 4893 1195 4947 Cat.
1225 4890 1370 4944 illius
1401 4891 1524 4941 bibl.
1552 4907 1602 4957 p.
1636 4888 1752 4942 lli.
1787 4916 1855 4957 —+
1880 4885 1953 4957 De
1976 4889 2091 4940 aliis
2119 4886 2234 4957 Lat.

678 4966 806 5021 edit.
834 4964 941 5015 vid.
974 4979 1133 5031 supra
1162 4963 1225 5015 ad
1259 4979 1311 5015 ιι.
1346 4977 1380 5014 ιι
1413 4954 1687 5031 Homiliar.
1722 4956 1881 5010 Basil.
1908 4954 1977 5031 II.
2010 4958 2073 5010 ad
2105 4956 2237 5031 Grc.-

682 5053 796 5105 gor.
835 5034 962 5087 Naz.
988 5027 1240 5105 epistola.
1280 5033 1541 5105 Ejusdem
1574 5027 1642 5081 De
1674 5031 1876 5105 ratione
1908 5027 2238 5105 I‘Illi“§-01II(l--

684 5096 780 5159 riae
825 5106 938 5166 lib.,
988 5096 1145 5157 Petro
1194 5096 1481 5155 Mosellauo
1531 5101 1749 5165 interpr.
1805 5098 1950 5163 Lips.
1996 5097 2147 5156 l5l6,
2184 5096 2236 5148 4.

684 5174 861 5227 Είιὶιίο
902 5175 1018 5229 Lat.
1052 5173 1249 5226 Budaao
1276 5173 1579 5238 interprete,
1617 5169 1686 5221 De
1730 5170 1837 5221 vita
1872 5169 1922 5219 in
1960 5167 2241 5238 solitudine

685 5244 905 5309 agenda,
944 5261 1066 5297 cum
1109 5243 1286 5296 Budzei
1329 5236 1570 5307 epistolis
1603 5239 1717 5293 Lat.
1758 5240 1848 5291 lib.
1881 5248 2012 5309 vLet
2044 5236 2241 5309 Graecis

686 5304 779 5370 li'b.
820 5331 856 5373 t.
893 5314 1064 5370 Paris.
1105 5330 1171 5381 ap
1216 5312 1297 5367 Jo.
1331 5304 1458 5365 Bad.
1494 5311 1813 5381 Ascensium
1853 5307 2154 5381 l55l,_l'(_d_.,
2178 5308 2243 5361 de

687 5402 795 5455 qua
840 5387 927 5439 ed.
972 5384 1091 5455 vide
1138 5377 1408 5455 Clemgit.
1444 5382 1580 5455 Bibl.
1608 5378 1827 5455 cur.__V,
1862 5394 1982 5455 pag.
2175 5407 2244 5417 —

690 5448 851 5508 Basd.
882 5484 948 5494 -—-
978 5454 1147 5507 Paris.
1173 5470 1257 5521 ap.
1292 5452 1433 5521 Guil.
1468 5452 1652 5504 Morel.
1686 5450 1835 5508 1502.
1863 5452 2009 5521 8._——
2032 5448 2239 5521 _Gr:_t'ce,

691 5540 812 5577 cum
843 5526 1022 5579 Bndaai
1053 5516 1318 5578 versione.
1359 5520 1489 5573 Ibid.
1539 5538 1601 5574 ex
1654 5530 1859 5591 typogr.
1898 5516 2243 5591 Stenli..Pre-

692 5597 971 5649 vost—in
1006 5596 1214 5649 aztlibus
1240 5592 1323 5647 Jo.
1358 5587 1847 5656 Bene-natiflSSI,
1884 5590 1935 5643 4.
1969 5587 2242 5641 Plutarch.

2344 4570 2484 4623 FABR

2412 4657 2581 4712 Codd.
2614 4656 2815 4726 aliquot
2846 4665 3088 4710 notitiam
3115 4665 3462 4725 sulqungam;
3506 4666 3558 4709 et
3588 4656 3768 4720 plures
3794 4657 3875 4721 cpi

2340 4815 2415 4868 De
2446 4816 2658 4883 fortuna
2688 4814 3036 4867 Romanorum
3063 4822 3109 4867 et
3136 4816 3423 4869 Alexandri
3459 4815 3535 4869 Μ.
3561 4847 3627 4855 -—-
3660 4824 3714 4869 et
3746 4814 3885 4871 Basil

2340 4885 2410 4939 Μ.
2452 4884 2525 4936 De
2561 4888 2663 4937 vita
2692 4886 2954 4939 solitaria.
2988 4887 3194 4951 Latine,
3233 4887 3429 4941 Budreo
3461 4888 3774 4953 interprete,
3808 4886 3903 4940 Pa-

2341 4958 2437 5009 ris.
2492 4970 2577 5021 ap.
2626 4956 2849 5009 Senam.
2882 4956 3060 5025 1505,
3093 4966 3145 5008 4.
3202 4956 3467 5011 lllaittaire
3517 4955 3578 5011 II.
3620 4970 3740 5025 pag.
3785 4956 3909 5014 172.

2342 5026 2525 5079 Basilii
2548 5036 2611 5095 et
2657 5025 2816 5091 Greg.
2852 5024 3105 5095 Nazianz.
3140 5031 3400 5095 cpistolze.
3441 5024 3718 5092 nunquam
3750 5042 3912 5082 antra

2342 5097 2497 5151 edite
2528 5094 2618 5148 Gr.
2657 5095 2922 5160 Haganoe
2955 5092 3109 5155 I528,
3144 5092 3194 5150 8⁷.
3230 5098 3397 5152 ΗΑιιι..

2416 5164 2495 5229 (bl
2526 5166 2602 5218 Ad
2651 5165 3037 5233 Apollinarium
3080 5169 3363 5234 scripsisse
3416 5181 3471 5218 se
3516 5181 3622 5219 non
3654 5168 3912 5222 dillitetur

2345 5234 2600 5297 Basilius,
2634 5238 2803 5289 laicus
2835 5238 2899 5289 ad
2942 5236 3158 5290 Iaicum.
3200 5235 3329 5290 Vide
3358 5237 3586 5290 iudicem
3620 5254 3811 5290 eorum
3852 5241 3910 5288 .ul

2346 5320 2483 5375 quos
2533 5305 2760 5360 Basilius
2795 5306 3031 5369 scripsit,
3075 5309 3125 5358 in
3158 5305 3459 5362 Eustathio.
3490 5305 3652 5359 Fasa.
3687 5307 3742 5360 In
3786 5308 3916 5359 "ﬂl-

2346 5376 2495 5427 duini
2530 5376 2751 5429 Collect.
2783 5376 3088 5436 concilior.,
3121 5386 3249 5430 tom.
3285 5376 3371 5439 IlI,
3402 5378 3540 5431 inter
3574 5385 3691 5430 acta
3730 5378 3913 5433 conci-

2348 5446 2403 5497 lii
2435 5446 3015 5515 Constantiuopolitani
3046 5462 3133 5501 an.
3168 5448 3290 5507 555,
3330 5449 3381 5498 in
3422 5448 3710 5501 collatione
3739 5464 3791 5509 v,
3832 5456 3911 5498 es:

2348 5514 2529 5587 Basilii
2576 5518 2641 5569 ad
2691 5514 3080 5587 Patrophilum,
3131 5517 3419 5587 Aigearum
3472 5517 3661 5587 episc.,
3713 5520 3763 5569 in
3808 5532 3911 5585 qua

2348 5586 2684 5653 Apollinario
2713 5590 2999 5657 scripsisse
3024 5603 3081 5643 se
3120 5586 3227 5643 non
3262 5587 3534 5642 dilIitetur.
3571 5586 3737 5641 IIUIL.

754 5722 823 5765 (αι
853 5712 970 5769 Quae
991 5712 1165 5761 Latine
1187 5717 1368 5760 tantum
1393 5717 1446 5759 ut
1470 5710 1702 5760 anecdota
1738 5706 2171 5769 ed'ditGallelius.
2202 5702 2549 5769 haecutolirlcm
2598 5706 2757 5753 verbis
2803 5708 2965 5757 Graece
3013 5712 3064 5755 et
3110 5705 3280 5756 Latine
3334 5708 3564 5768 leguntur
3602 5708 3645 5752 in
3682 5706 3817 5766 cpist
3861 5702 3919 5752 υ

694 5774 749 5823 8.
780 5765 958 5835 Basilii,
992 5776 1059 5824 De
1080 5774 1364 5837 perfectione
1390 5772 1497 5823 rita‘
1519 5770 1804 5831 utonustim',
1833 5784 1877 5833 p.
1907 5770 1966 5817 98
1991 5770 2065 5816 ed.
2100 5768 2280 5815 Bencd.
2313 5765 2442 5815 Ρῖοιι.
