4086 6318
1424 378 1704 434 NOTITIA
1747 378 1833 432 EX
1874 378 2216 434 FABRICIO.

3229 395 3424 437 οειιιῖῐ

180 495 440 551 stolarum
464 492 621 549 codd.
654 494 794 548 inter
822 509 936 559 ens,
964 507 1099 562 quos
1129 508 1285 563 supra
1334 492 1565 561 laudavi,
1593 512 1742 565 repc-
1774 500 1821 555 Α
1849 495 2186 551 Theodoram
2255 500 2588 563 canonicam,
2646 507 2755 551 tum
2793 512 2845 549 ιι.
2899 494 2985 557 16,
3016 495 3170 564 epist.
3204 497 3268 549 ad
3304 495 3422 551 Am-

183 606 412 647 τιυιιιυτ.

252 688 327 739 De
381 682 503 736 cod.
564 681 874 752 Augustatto
920 680 1103 747 Vind.,
1162 685 1213 734 in
1260 694 1369 748 quo
1420 688 1544 733 sunt
1591 681 1744 750 epist.

182 773 543 838 CCCXLVIII,
592 792 640 831 ν,
689 773 890 826 Beiser.
939 773 1114 827 lndic.
1161 785 1287 825 mss.
1341 771 1462 824 bibl.
1500 771 1747 841 August,

182 884 235 937 p.
287 866 559 922 I6-20.—
588 868 716 919 lhil.
754 878 874 932 pag.
920 867 1005 921 89.
1056 864 1237 917 Basilii
1274 863 1344 916 Μ.
1402 863 1624 931 epistola
1682 866 1749 919 ad

183 962 472 1024 quemdam
514 957 860 1023 Gregorium,
908 958 1089 1009 addita
1126 964 1272 1015 nota,
1319 956 1386 1009 ab
1432 955 1551 1011 aliis
1599 956 1744 1010 illam

183 1051 377 1103 ascribi
425 1050 683 1114 Gregorio
710 1047 1070 1103 Nazianzeun.
1097 1075 1165 1084 —
1191 1045 1514 1101 Viudnhoum
1543 1048 1593 1100 in
1624 1046 1747 1101 cod.

183 1142 318 1195 (lues.
350 1137 537 1198 LXIV,
568 1156 620 1191 ιι.
646 1140 734 1204 2i,
761 1149 884 1195 sunt
907 1151 1027 1204 epp.
1056 1135 1294 1201 XXXIV,
1325 1153 1461 1206 quas
1484 1135 1753 1189 recensuit

184 1230 439 1283 Lambec.
478 1227 679 1282 Comm.
730 1230 814 1292 lll,
863 1241 986 1295 pag.
1020 1225 1123 1280 500
1156 1240 1334 1295 seqq.,
1378 1235 1433 1278 et
1481 1223 1753 1276 Kollarius

184 1322 408 1373 adnatat
461 1320 741 1389 epistolam
822 1318 1105 1386 septimam
1161 1318 1211 1370 in
1269 1318 1371 1369 hoc
1430 1325 1481 1367 et
1525 1322 1757 1379 quatuor

185 1411 304 1463 aliis
345 1413 505 1467 codd.
561 1412 697 1467 Czes.
746 1410 966 1463 inscribi
1024 1410 1309 1480 Γρηγορίῳ
1360 1406 1751 1477 πρεσϐυτέρῳ·

188 1517 315 1559 ιιοιι,
349 1514 402 1555 ιιι
457 1504 506 1555 in
551 1504 635 1555 ed.
684 1499 861 1554 Basilii
906 1502 1040 1571 Opp.
1088 1500 1457 1561 Beucdictiua,
1508 1507 1635 1551 toni.
1669 1498 1756 1562 III,

189 1608 305 1662 pag.
344 1595 467 1655 H9,
496 1609 581 1661 ep.
610 1591 697 1647 LV
728 1608 789 1647 ex
818 1593 972 1647 codd.
1002 1592 1205 1654 IIarlei,
1238 1601 1292 1644 et
1324 1590 1495 1644 tribus
1535 1590 1673 1651 aliis,
1698 1592 1755 1645 it.

188 1700 247 1735 ex
270 1685 431 1743 edit.,
456 1682 806 1754 Παρηγορίῳ,
835 1683 927 1735 sed
961 1683 1135 1738 editor
1162 1682 1214 1736 in
1249 1692 1370 1733 nota
1413 1682 1681 1741 observat,
1706 1678 1758 1731 in

190 1789 280 1827 ses
310 1774 471 1826 codd.
499 1787 551 1825 et
602 1778 649 1823 in
688 1772 855 1823 tribus
890 1773 952 1821 ad
986 1774 1276 1842 marginem
1325 1772 1422 1841 legi
1458 1770 1759 1842 Γρηγορίῳ.

191 1868 349 1929 (Adit.
384 1866 632 1917 Lambec.
657 1861 742 1927 IV,
764 1861 993 1931 pagJSI
1014 1877 1095 1929 sq.
1118 1866 1181 1915 ‘de
1201 1867 1318 1917 rod.
1341 1862 1573 1925 LXXIX,
1594 1865 1762 1931 inquo
1798 1844 1835 1899 Β

192 1975 241 2007 ιι,
274 1958 341 2008 Ii
367 1958 553 2007 i-a-Icnt
590 1958 782 2024 legitur
806 1957 1071 2025 cpistola).
1094 1986 1157 1994 —
1178 1956 1229 2005 In
1254 1956 1439 2007 eodem
1459 1957 1575 2007 cod.
1604 1954 1757 2007 LXIV

192 2047 263 2115 (in
286 2064 392 2110 qun
415 2047 516 2098 alia
549 2048 708 2099 multa
738 2058 855 2101 sunt
883 2046 1316 2114 Basiliiopp.).n.
1341 2045 1408 2097 28
1427 2044 1655 2113 (Lamh.,
1677 2044 1757 2109 IlI,
1827 2061 1835 2066 ·

194 2154 245 2207 p.
279 2136 430 2209 298),
457 2139 616 2206 epist.
657 2138 997 2207 responsoria
1027 2137 1091 2189 ad
1128 2134 1397 2204 Optimum
1426 2134 1758 2201 episcopum.

192 2262 256 2270 —
292 2231 347 2283 In
387 2232 513 2284 cod.
566 2229 748 2295 LXIII,
793 2248 845 2284 ιι.
901 2232 954 2294 ἄ,
1005 2228 1243 2299 epistola.-
1284 2226 1399 2281 XXI
1454 2226 1633 2279 Basilii
1666 2224 1761 2289 M.,

195 2315 439 2389 Gregorii
488 2322 768 2384 Nazianz.,
822 2322 1086 2390 Antipatri
1143 2320 1404 2390 praesidis,
1452 2329 1506 2373 et
1546 2316 1761 2372 Iuliani.

197 2415 407 2477 (Lamb.
453 2415 606 2475 ibid.,
643 2430 696 2481 p.
724 2412 829 2466 290
851 2412 1017 2481 sqq.).
1044 2444 1112 2453 —
1146 2412 1198 2463 Itt
1234 2414 1353 2464 cmi.
1387 2410 1591 2473 LXVII,
1625 2426 1760 2477 pra:-

198 2516 275 2556 tcr
303 2503 500 2557 multas
530 2505 775 2557 thuilias
812 2512 973 2571 atque
1013 2519 1135 2573 epp.
1170 2504 1372 2563 Basilii,
1399 2519 1448 2554 n.
1479 2499 1621 2565 XXI,
1658 2502 1764 2553 En-

197 2596 419 2648 comium
454 2596 505 2648 in
543 2594 828 2658 Meletium,
872 2596 970 2646 sub
1000 2594 1213 2648 nomine
1253 2592 1474 2652 Basilii;
1515 2591 1604 2644 sed
1648 2590 1764 2642 vide.

200 2688 328 2742 infra
367 2690 436 2741 ad
472 2706 525 2741 ιι.
564 2685 710 2742 XXX
742 2698 789 2740 et
836 2686 1086 2741 Lantbec.
1122 2684 1207 2751 III,
1248 2701 1299 2753 p.
1328 2684 1449 2737 551.
1473 2712 1542 2722 —
1567 2680 1631 2736 N.
1666 2697 1764 2735 att-

202 2788 296 2829 teui
324 2778 441 2839 XL,
478 2778 656 2829 Basilii
694 2779 852 2846 epist.
889 2778 951 2829 ad
987 2776 1316 2843 Simplicium
1347 2777 1415 2829 de
1453 2774 1620 2843 ipsius
1668 2786 1763 2825 eu-

202 2869 407 2932 nucltis,
442 2876 495 2919 et
528 2849 779 2920 Lamhec.
820 2884 870 2933 p.
898 2868 999 2919 556
1027 2883 1145 2933 sqq.
1187 2867 1457 2934 excerpsit
1484 2880 1766 2935 argumen-

203 2966 306 3010 tum
360 2958 525 3026 Itnjus
565 2958 801 3024 epistolae
850 2957 1186 3023 praemissum
1238 2958 1482 3024 scituquc
1523 2957 1763 3025 dignum,

200 3048 286 3100 sed
322 3049 589 3101 oniissum
627 3063 839 3117 quoque
874 3047 924 3099 in
963 3046 1049 3098 ed.
1104 3045 1457 3110 Benedictin.,
1492 3055 1651 3110 atque
1690 3044 1766 3096 lo-

201 3158 313 3195 cum
345 3140 755 3195 mamorabilem
792 3149 975 3194 contra
1015 3137 1402 3192 ettnuchos.-—
1429 3134 1763 3191 Cod.LXXV

202 3237 438 3287 continet
471 3231 711 3285 CCLVIII
747 3232 997 3299 epistolas
1026 3245 1145 3284 cum
1176 3228 1265 3282 XII
1294 3244 1414 3297 epp.
1455 3227 1663 3282 L‘bunii
1702 3230 1764 3281 ad

200 3323 485 3389 Basilium;
527 3324 594 3376 de
615 3323 808 3390 quibus
840 3324 1033 3374 multus
1066 3329 1149 3374 est
1178 3320 1429 3374 Lambec.
1456 3320 1535 3379 III,
1565 3336 1614 3388 p.
1634 3320 1762 3373 558-

198 3414 317 3479 372,
348 3425 404 3468 et
454 3413 635 3465 varios
685 3427 895 3467 errares
938 3413 1067 3467 edit.
1100 3412 1192 3466 Gr.
1236 3411 1351 3465 Lat.
1392 3410 1565 3464 Paris.
1599 3412 1768 3465 corri-

199 3507 291 3575 git.
312 3537 379 3548 —
406 3504 465 3557 In
498 3505 618 3561 cod.
654 3503 874 3567 CCXCI,
905 3521 957 3557 ιι.
985 3503 1009 3556 1
1037 3503 1283 3573 epistola,
1316 3519 1419 3556 non
1456 3503 1519 3555 ad
1566 3502 1768 3571 Grego-

202 3600 331 3651 rium
354 3596 518 3661 Naz.,
560 3606 614 3649 ut
642 3598 692 3650 in
722 3599 840 3651 cod.
873 3597 1137 3667 proditur,
1176 3595 1267 3649 sed
1302 3594 1557 3649 adversus
1592 3592 1768 3648 Euno-

202 3690 475 3753 mitnn,ac
507 3705 561 3743 ιι.
592 3689 646 3752 5,
686 3687 882 3743 Juliani
935 3703 1019 3757 ep.
1067 3687 1133 3742 ad
1175 3686 1454 3750 Basilium,
1504 3684 1767 3751 huiusque

202 3780 406 3851 integra
441 3782 756 3848 responsio;
795 3782 859 3834 de
886 3781 1078 3849 quibus
1099 3795 1149 3831 ν.
1190 3777 1443 3830 Lambec.
1479 3786 1635 3843 atque
1653 3773 1770 3826 Kal-

200 3872 297 3925 lar.
337 3873 401 3936 V,
449 3891 501 3942 p.
539 3874 640 3929 518
668 3889 785 3942 sqq.

277 3964 517 4017 Venetiis
541 3966 592 4016 in
627 3965 755 4017 bibl.
783 3963 944 4015 Marc.
980 3964 1097 4013 rod.
1132 3960 1264 4023 LXI,
1291 3976 1416 4028 epp.
1445 3956 1762 4012 CCLXXIV.

204 4076 223 4106 r
252 4058 477 4119 Omnes,
521 4061 597 4110 ait
622 4056 831 4110 Zanelti
866 4074 916 4125 p.
959 4058 1029 4111 Η
1057 4057 1173 4109 Cat.
1206 4057 1359 4108 codd.
1393 4054 1485 4111 Gr.
1518 4055 1685 4107 Marc.
1715 4054 1766 4107 in

201 4150 330 4200 edit.
366 4147 663 4201 nevissitna
700 4150 1083 4201 monachorum
1112 4146 1167 4201 S.
1198 4146 1396 4198 Bened.
1418 4154 1609 4214 praeter
1625 4161 1766 4207 eam,

198 4256 313 4304 qum
339 4240 507 4306 posita
524 4249 604 4292 est
622 4239 720 4292 sub
740 4255 961 4293 numero
973 4238 1143 4293 CCLX
1155 4238 1289 4298 XIV,
1309 4238 1406 4292 hoc
1433 4237 1610 4289 titulo:
1629 4236 1770 4305 Πρὸς

197 4329 529 4383 ἀσθενοῦντα
580 4329 1026 4401 παραμυθητική,
1084 4328 1449 4383 Consolatoria
1507 4328 1573 4378 ad
1620 4325 1770 4391 inﬁr—

195 4438 375 4483 mum;
437 4422 627 4487 incipit
676 4439 687 4473 :
751 4422 809 4473 Ὀ
853 4422 962 4489 βίος
1012 4422 1120 4473 τῶν
1184 4419 1481 4491 ἀνθρώπων
1540 4416 1763 4488 βραχύς.

1849 588 2174 655 philochiutn
2206 587 2292 658 (ad
2324 604 2477 657 quem
2515 592 2692 660 plures
2725 596 2850 643 sunt
2882 587 3138 655 epistola:
3172 587 3226 640 in
3260 588 3424 641 variis

1850 681 2003 732 rodd.
2034 681 2070 732 V
2098 683 2327 735 iudicem
2352 683 2416 733 ad
2453 682 2593 734 illum
2626 684 2747 738 Cat.
2792 696 2907 735 voc.
2948 680 3229 748 Basilius).
3262 678 3419 734 ConI'.

1853 772 2079 826 Bandin.
2112 774 2229 828 Cal.
2273 774 2426 826 codd.
2463 772 2555 827 Cr.
2589 774 2752 827 Laur.
2786 776 2824 839 I,
2862 789 2984 845 pag.
3015 771 3271 825 424.——ln
3300 773 3421 825 cod.

1854 860 1987 927 VIII,
2024 863 2155 932 plut.
2181 865 2237 926 4,
2262 862 2353 917 XL
2400 863 2632 917 homilire
2674 873 2727 917 et
2754 866 2821 919 IV
2852 881 2971 934 epp.
3012 894 3082 907 -——
3110 864 3169 916 In
3201 863 3324 915 cod.
3349 860 3418 915 IX

1854 956 2255 1010 exstantXLVlI
2284 956 2538 1018 homilize,
2568 951 2753 1024 Xepp.
2771 964 2824 1007 et
2852 958 2982 1011 liber
3008 956 3080 1010 De
3103 953 3419 1023 virginitate.

1852 1078 1923 1086 -—
1958 1048 2012 1100 In
2049 1048 2166 1100 cod.
2195 1047 2306 1111 XII,
2329 1064 2380 1102 ιι.
2414 1047 2502 1109 18,
2524 1046 2663 1099 XXV
2691 1047 3115 1117 epistol:e.——In
3145 1041 3424 1110 cod.XlV,

1856 1157 1908 1192 ιι.
1941 1140 1997 1201 2,
2020 1139 2330 1193 CIICXLIV.
2371 1140 2433 1193 V.
2468 1138 2693 1192 Bandin.
2728 1138 2767 1203 I,
2815 1154 2936 1208 pag.
2973 1136 3096 1201 525,
3148 1137 3272 1202 528,
3297 1134 3423 1197 535,

1855 1230 1976 1283 559.
2005 1230 2060 1283 In
2088 1240 2216 1281 tom.
2259 1230 2322 1292 II,
2373 1231 2423 1283 in
2474 1229 2595 1283 cad.
2632 1228 2738 1291 VII,
2774 1246 2828 1283 ιι.
2868 1228 2959 1295 29,
2990 1228 3122 1296 plut.
3150 1227 3236 1291 57,
3275 1227 3428 1281 initio

1856 1329 2011 1371 erant
2041 1318 2198 1385 epist.
2224 1318 2542 1381 CCLXXIII,
2580 1320 2672 1373 sed
2713 1321 2956 1387 quaedam
2981 1318 3317 1380 exciderunt,
3341 1334 3430 1370 no‘

1861 1420 2004 1462 tante
2054 1410 2302 1474 B:tndin.,
2337 1429 2386 1479 p.
2421 1412 2545 1464 547.
2573 1442 2636 1451 -
2682 1413 2735 1466 In
2769 1415 2889 1465 cod.
2947 1408 3183 1472 XXXIV,
3228 1425 3285 1463 ιι.
3338 1409 3424 1475 19,

1858 1503 2011 1569 epist.
2060 1502 2235 1556 Basilii
2265 1507 2328 1556 ad
2363 1503 2638 1557 Lihanium
2682 1514 2737 1557 et
2763 1505 2917 1573 hujus
2950 1503 3247 1573 responsio.
3270 1530 3339 1541 ——
3371 1501 3431 1555 In

1860 1598 1977 1649 ('otl.
2010 1593 2216 1659 XVI,tt.
2252 1597 2304 1659 5,
2345 1599 2508 1663 epist.
2528 1596 2715 1659 XXIV,
2746 1608 2799 1651 et
2837 1597 2888 1649 in
2921 1596 3039 1652 cod.
3082 1595 3252 1657 XXX,
3288 1609 3342 1647 ιι.
3370 1592 3429 1657 7,

1860 1688 1991 1751 plut.
2031 1685 2120 1749 59,
2162 1700 2247 1754 ep.
2284 1684 2498 1739 XXXIII
2560 1695 2759 1740 mutuae
2792 1685 2970 1739 Basilii
2996 1702 3059 1740 ac
3096 1686 3328 1739 Libanii.
3358 1682 3431 1738 V.

1863 1791 1979 1842 pug.
2009 1776 2111 1830 454
2142 1786 2191 1828 ct
2222 1776 2341 1830 551.

1934 1870 2068 1921 Add.
2103 1867 2259 1922 codd.
2309 1866 2533 1921 Tattrin.
2581 1868 2716 1930 XCI,
2766 1900 2833 1909 —
2867 1867 2975 1932 CV,
3024 1894 3071 1907 -
3104 1864 3332 1922 CLXVI.
3368 1895 3433 1905 --

1864 1954 2143 2019 CLXXIX,
2174 1960 2224 2011 itt
2254 1956 2375 2013 Cal.
2411 1959 2561 2011 codd.
2590 1958 2681 2012 Cr.
2725 1975 2776 2027 p.
2823 1959 2945 2020 185,
2975 1959 3093 2023 196,
3134 1958 3258 2020 252,
3304 1957 3428 2013 266.

1931 2047 2163 2112 lipistola
2196 2048 2258 2102 ad
2314 2048 2544 2118 Gregor.
2594 2061 2859 2118 prtccepta
2908 2051 3027 2102 vita:
3072 2052 3331 2118 religiosa:
3373 2057 3430 2103 et

1862 2138 2132 2204 perfectze.
2170 2154 2198 2191 c
2235 2140 2423 2194 Grieco
2463 2143 2514 2193 in
2547 2141 2787 2195 Italicum
2817 2154 3120 2193 sermonem
3153 2139 3431 2204 translata,

1861 2238 1915 2281 et
1946 2229 2086 2280 edita
2114 2227 2309 2283 Brixiae
2345 2231 2505 2295 I735,
2533 2232 2618 2284 I2.
2659 2232 2720 2286 V.
2752 2231 2961 2286 Paitoni
2994 2228 3268 2294 Bibliotli.,
3293 2240 3435 2294 etc.,

1862 2319 1904 2385 I,
1936 2336 1985 2390 p.
2021 2321 2137 2374 148.

1937 2410 2031 2478 Ep.
2059 2412 2123 2463 ad
2148 2409 2371 2478 Gregor.
2403 2408 2659 2464 Nazianz.
2699 2412 2919 2480 Anglice
2961 2429 3096 2468 vers.
3131 2428 3226 2479 per
3264 2412 3425 2466 Ricn.

1865 2505 2127 2556 Scltcrt'ie.
2163 2504 2328 2556 Lond.
2379 2503 2496 2557 sine
2523 2519 2574 2558 a.
2607 2512 2754 2566 nota,
2787 2501 2838 2555 8.
2891 2501 3020 2556 Vide
3066 2503 3437 2572 Bruggemaun

1881 2592 2035 2656 Vicw,
2071 2604 2175 2647 etc.
2207 2636 2220 2657 ,
2273 2612 2323 2662 p.
2367 2594 2503 2656 H2,
2558 2595 2643 2661 qui
2695 2593 2821 2648 ibid.
2875 2595 3145 2648 versiones
3189 2594 3437 2662 Anglicas

1866 2684 2091 2738 aliorum
2111 2684 2291 2737 Basilii
2318 2684 2694 2753 opusculorum
2725 2686 2908 2738 refert.
2948 2714 3015 2724 ——
3044 2684 3272 2738 Garnier
3294 2686 3435 2737 inter

1866 2778 2074 2846 spurius
2120 2791 2237 2845 epp.
2297 2777 2499 2844 recepit
2552 2792 2765 2845 quoque
2818 2790 2937 2844 pag.
2979 2774 3085 2828 M52
3137 2788 3257 2843 sqq.
3322 2788 3438 2827 mu.

1868 2879 1987 2923 tuas
2015 2868 2220 2922 Libanii
2246 2878 2297 2923 et
2339 2867 2523 2924 Basilii
2551 2869 2829 2939 epistolas,
2856 2879 2911 2924 et
2941 2884 2992 2937 p.
3023 2868 3129 2923 £62
3157 2884 3219 2921 ex
3252 2864 3434 2920 Basilii

1867 2962 2093 3030 epistola
2120 2962 2186 3017 ad
2210 2961 2482 3018 Iulianum
2507 2963 2840 3033 Apostatam,
2864 2965 2924 3013 de
2948 2960 3005 3014 S.
3032 2959 3308 3025 Trinitate,
3328 2966 3432 3012 etc.

1870 3062 1982 3105 tum
2018 3062 2229 3107 mutuas
2270 3054 2589 3122 Apollinarii
2622 3052 2913 3119 Basiliiqtte
2943 3064 3087 3118 epp.,
3110 3050 3341 3117 denique
3369 3048 3436 3103 ad

1869 3143 2250 3209 Theodosium,
2280 3147 2345 3198 de
2370 3144 2565 3213 quibus
2596 3144 2732 3196 infra
2764 3145 2828 3197 ad
2855 3160 2905 3196 n.
2938 3142 3057 3195 XIX
3089 3158 3327 3211 agemus.

1943 3234 2203 3305 Epistolas
2233 3244 2531 3303 sequuntur
2576 3235 2628 3287 in
2674 3233 2965 3303 appendice
3026 3247 3076 3302 p.
3125 3232 3229 3286 468
3278 3247 3427 3299 sqq.,

1867 3330 2141 3397 praemisso
2184 3329 2404 3389 monito,
2458 3327 2664 3381 Ἠθικοὶ
2719 3326 2864 3393 λόγοι
2897 3327 2995 3389 κδ’,
3054 3336 3184 3389 ete.,
3220 3325 3309 3393 qtti
3368 3324 3436 3377 ad

1866 3426 1997 3474 tom.
2024 3418 2063 3472 II
2086 3420 2135 3473 in
2160 3420 2289 3475 edit.
2317 3417 2566 3473 Gr.-Lat.
2599 3433 2649 3469 a.
2682 3416 2838 3481 1618,
2863 3417 2912 3468 in
2941 3415 3234 3484 appendice
3263 3414 3441 3482 primo

1869 3510 1983 3562 loco
2026 3517 2334 3575 ponuntur;
2371 3507 2437 3559 de
2478 3506 2674 3573 quibus
2716 3504 2931 3558 Fabric.
2967 3506 3018 3557 itt
3071 3512 3175 3558 vet.
3204 3503 3337 3557 edit.
3379 3518 3435 3557 n.

1866 3602 1956 3667 XI,
1997 3604 2130 3662 lure,
2164 3614 2282 3668 quae
2300 3598 2836 3668 sequtttttttr.litteris
2866 3598 3223 3666 consignavit.
3266 3595 3436 3650 Ηλιιι..

1940 3688 2380 3761 [XIISermanes
2425 3688 2618 3741 XXIV
2662 3689 2883 3742 morale:
2930 3686 3006 3759 [in
3045 3687 3274 3757 appettd.
3306 3696 3433 3741 tom.

1868 3781 1909 3834 Il
1934 3782 2062 3834 edit.
2098 3777 2345 3833 Gr.-Lat.
2398 3777 2558 3850 1618]
2592 3794 2619 3831 a
2654 3777 2903 3833 Simeone
2947 3776 3208 3847 magistro
3258 3788 3312 3832 et
3352 3778 3435 3831 Io-

1868 3874 2105 3943 gotheta,
2141 3871 2379 3939 excerpti
2431 3886 2460 3926 e
2514 3870 2688 3924 Basilii
2724 3871 2965 3938 scriptis,
3013 3880 3064 3924 et
3096 3870 3341 3923 centonis
3380 3869 3436 3922 in

1868 3985 2072 4024 morem
2112 3966 2399 4036 compositi
2435 3965 2582 4033 λόγοι
2633 3962 2731 4017 κδ’.
2777 3964 3153 4033 Ἐκλεχθέντες
3199 3962 3286 4014 διὰ
3337 3962 3437 4013 Συ-

1869 4060 2013 4132 μεὼν
2052 4059 2143 4112 τοῦ
2188 4059 2485 4128 μαγίστρου
2526 4055 2619 4109 καὶ
2656 4055 2937 4121 λογοθέτου
2988 4056 3052 4107 ἐκ
3098 4055 3283 4133 πασῷν
3328 4054 3436 4107 τῶν

1866 4150 2258 4220 πραγματειῶν
2288 4147 2382 4200 τοῦ
2421 4150 2477 4199 ὲν
2510 4148 2685 4214 ἁγίοις
2711 4147 2923 4218 Πατρὸς
2950 4146 3105 4217 ἡμῶν
3134 4146 3433 4209 Βασιλείου,

1868 4253 1971 4295 etc.
2020 4242 2237 4295 STmenn
2278 4240 2365 4294 ille
2398 4240 2671 4307 magister,
2722 4239 2811 4306 qui
2851 4240 3012 4291 etiam
3051 4238 3436 4305 Metaphrastes

1868 4334 2024 4398 vulgo
2056 4333 2222 4393 :tttdit,
2272 4330 2450 4385 clarus
2477 4330 2576 4383 fuit
2606 4330 2707 4383 sub
2755 4329 2932 4383 διερειιί
2962 4330 3153 4382 decimi
3200 4328 3433 4381 initium.

1868 4424 2008 4478 Luca
2046 4424 2223 4476 Basilii
2266 4437 2295 4476 e
2333 4424 2527 4492 quibus
2558 4436 2838 4476 sermones
2870 4421 2923 4474 hi
2958 4420 3199 4474 contexti
3228 4429 3353 4471 sunt
3382 4418 3432 4470 in

198 4512 436 4564 Halmtttr
470 4521 523 4565 et
556 4512 607 4564 in
639 4512 753 4563 cod.
794 4510 922 4565 LIV.
965 4531 983 4561 ι
1005 4511 1217 4565 -—Cod.
1255 4508 1472 4573 LXXV,
1504 4510 1656 4574 Cpist.
1699 4509 1763 4559 ad
1797 4523 1843 4579 ι)
1872 4518 2202 4582 marginibus
2237 4517 2584 4569 adnotantur.

197 4602 534 4665 Simplic‘am
584 4604 913 4655 Itaareticam.
951 4634 1018 4643 --
1059 4600 1187 4656 Cod.
1234 4600 1469 4662 LXXIX,
1527 4599 1767 4666 cpistola!

192 4690 614 4757 IZCCXXXVIII,
668 4703 721 4747 ct
769 4692 962 4746 Iuliani
1012 4693 1272 4762 epistola;
1328 4694 1430 4745 inc.
1485 4692 1542 4744 τὸ
1594 4691 1769 4761 ἐμφυ-

192 4800 303 4845 τον,
369 4794 490 4837 com
543 4783 721 4837 Basilii
767 4787 1135 4854 responsione.
1191 4816 1262 4825 —-
1304 4784 1437 4839 Cod.
1502 4782 1765 4838 CXXXIX

193 4877 355 4940 epist.
387 4889 493 4929 una
530 4877 593 4926 ad
642 4874 933 4939 Iulianum,
992 4888 1046 4931 et
1076 4893 1160 4944 ep.
1208 4879 1273 4929 ad
1312 4876 1666 4941 Simpliciam.
1697 4901 1767 4915 —-—

195 4967 323 5019 tiod.
373 4964 633 5019 DLXXV.
667 4966 847 5019 Basilii
872 4977 922 5021 et
946 4966 1199 5022 Nazianz.
1232 4969 1470 5033 epistol?
1502 4967 1762 5022 XXXVII.

196 5058 257 5109 V.
290 5058 469 5111 Calai.
500 5059 652 5111 codd.
685 5058 874 5120 Mam,
912 5075 962 5126 p.
995 5060 1078 5123 52,
1114 5061 1199 5123 55,
1230 5060 1297 5114 80
1321 5072 1365 5111 et
1398 5060 1520 5113 502.

264 5150 411 5204 Inter
438 5151 596 5204 codd.
624 5149 814 5203 Thom.
841 5150 969 5204 Gale
1005 5152 1055 5203 in
1096 5150 1212 5204 Cat.
1251 5152 1403 5204 codd.
1440 5152 1664 5218 Anq/iw,
1701 5149 1763 5210 II,

195 5257 316 5309 pag.
358 5241 483 5305 188,
525 5257 579 5292 ιι.
626 5242 784 5308 5945,
840 5254 1165 5295 memoratur
1215 5243 1395 5294 Basilii
1436 5242 1502 5294 M.
1544 5241 1764 5309 epistola

201 5332 440 5384 ltOlldllIlI
491 5332 669 5392 edita;
704 5334 795 5385 sed
826 5348 928 5385 nec
983 5332 1303 5400 principium
1348 5332 1488 5384 illius
1521 5346 1616 5383 nec
1660 5330 1765 5382 ttlla

200 5426 298 5477 alia
341 5424 532 5476 notitia
584 5423 828 5485 additur;
884 5439 948 5475 an
992 5424 1102 5486 illa,
1133 5440 1249 5491 qua:
1304 5422 1442 5475 infra
1490 5438 1542 5479 ιι.
1574 5421 1766 5475 XXXII

202 5515 578 5569 memoratur?

273 5606 571 5661 Florentia:
600 5606 650 5657 in
702 5604 833 5658 hibl.
861 5604 1344 5659 Medio-Laurent.
1394 5606 1444 5659 itt
1491 5604 1611 5659 cod.
1648 5604 1768 5668 XX,

201 5698 331 5763 plut.
368 5699 421 5759 9,
449 5707 573 5751 sunt
598 5697 747 5749 varia
776 5696 954 5749 Basilii
994 5713 1185 5764 opera;
1229 5698 1281 5750 in
1309 5697 1395 5751 Itis
1428 5714 1483 5750 ιι.
1515 5696 1602 5761 15,
1645 5712 1766 5766 epp.

202 5794 263 5833 ut
318 5790 627 5847 (Ihiloncm,
686 5787 750 5840 ad
809 5788 1125 5857 (iregnr'um
1183 5787 1531 5859 Thcolognm,
1593 5798 1646 5843 ct
1704 5789 1768 5841 ad

1943 4610 1992 4665 I.
2021 4609 2153 4679 Περὶ
2207 4607 2407 4679 ἀρετῆς
2457 4605 2550 4658 καὶ
2604 4603 2821 4665 κακίας,
2863 4601 2933 4654 De
2970 4605 3156 4653 virtute
3214 4610 3259 4652 et
3293 4610 3431 4653 mtto.

1868 4699 2051 4767 Incipit
2087 4719 2098 4749 τ
2146 4700 2202 4751 Ὀ
2242 4699 2338 4768 μὲν
2360 4696 2561 4766 Κύριος
2584 4694 2742 4764 ἡμῶν
2777 4691 2980 4763 Ἰησοῦς
3008 4690 3257 4761 Χριστός.

1936 4790 1988 4843 2.
2015 4791 2149 4859 Περὶ
2170 4786 2393 4856 διδαχῆς
2432 4785 2525 4837 καὶ
2542 4782 2845 4843 νουθεσίας.
2880 4780 2951 4833 De
2983 4781 3219 4832 doclrina
3259 4788 3305 4831 et
3334 4794 3433 4829 aa-

1867 4884 2167 4936 mouitioue.
2194 4880 2387 4946 Incipit
2430 4892 2442 4928 :
2475 4878 2536 4928 Εἰ
2566 4875 2658 4927 ἐπὶ
2688 4871 2991 4931 τοσαύταις.

1935 4994 1989 5049 ὃ.
2023 4995 2158 5062 Περὶ
2197 4991 2417 5060 ἀγάπης
2465 4990 2563 5058 τῆς
2606 4989 2740 5059 πρὸς
2776 4988 2864 5039 τὸν
2889 4986 3021 5039 Θεὸν
3057 5000 3150 5037 και
3182 4998 3271 5036 τον
3292 4998 3430 5051 πλη-

1869 5084 2003 5146 σίον,
2031 5083 2107 5135 De
2148 5098 2322 5133 amore
2367 5097 2489 5149 erga
2540 5078 2705 5131 Deum
2740 5088 2785 5130 et
2843 5078 3153 5146 prosimum.
3196 5074 3430 5144 Incipit:

1867 5177 2003 5239 Τοὺς
2033 5175 2139 5226 τῶν
2166 5172 2449 5243 βιωτικῶν.

1936 5288 1990 5340 4.
2014 5287 2150 5356 Περὶ
2165 5285 2287 5354 ὲλεη
2298 5281 2551 5354 μοσύνης,
2576 5282 2645 5334 De
2663 5280 3011 5333 misericordia
3029 5288 3073 5332 et
3097 5279 3433 5347 benignitate.

1870 5378 2089 5444 Incipit:
2132 5376 2192 5427 Εἰ
2224 5370 2521 5441 θαυμάζεις
2542 5370 2609 5423 τὰ
2647 5373 2902 5442 χρήματα.

2031 5483 2165 5552 Περὶ
2195 5480 2423 5533 πλούτου
2449 5480 2539 5531 καὶ
2569 5481 2777 5540 πενίας,
2820 5479 2891 5529 De
2911 5476 3102 5527 divitiis
3140 5484 3188 5528 et
3211 5491 3433 5543 pauper-

1872 5587 1994 5631 tate.
2021 5575 2207 5641 Incipit
2238 5592 2250 5626 :
2288 5573 2367 5626 Τὰ
2393 5572 2603 5642 φρέατα.
2635 5569 3045 5639 ἐξαντλούμενα.

1938 5689 1989 5742 6.
2035 5689 2165 5757 Περὶ
2202 5687 2526 5751 πλεονεξίας,
2556 5685 2626 5738 Dc
2652 5686 2873 5738 armum
2924 5682 3141 5750 Incipit:
3170 5680 3432 5737 Ὅτανιτς

1871 5782 2041 5835 οἰκέαν
2070 5781 2274 5851 ἀνδρός.
