4086 6318
692 382 903 424 CCLXIII

2028 363 2554 421 PBOLEGOMENA.

762 486 813 540 7.
845 484 979 554 napi.
999 484 1295 555 ἁμαρτίας,
1321 482 1397 538 De
1425 484 2257 556 peccatancipit:Hotoman-
2285 490 2331 544 A
2359 484 2619 553 suspicor,
2673 496 2793 536 esse
2840 480 3089 536 homilias
3134 495 3319 535 novem
3367 481 3671 543 breviores,
3716 498 3845 551 quas
3883 504 3908 543 τι

688 576 872 649 πητοί.

760 669 813 723 8.
848 668 981 738 Περὶ
1008 669 1314 736 μετανοίας,
1350 666 1425 720 De
1447 666 1768 736 pcenitentia.
1806 668 2036 726 Incioit:
2070 668 2255 731 Διττός

692 775 778 830 μοι
796 758 956 828 φόϐος
987 758 1271 830 ἐνέσκηψε.

755 851 808 905 9.
839 850 970 921 Περὶ
1000 851 1328 922 προσευχῆς,
1391 850 1465 905 De
1494 860 1811 920 precatione.
1867 851 2056 923 Incipit
2091 870 2103 906 :
2134 853 2252 923 Χρὴ

686 943 783 1013 τὴν
815 944 1139 1013 προσευχήν.
1171 943 1267 996 llic
1300 959 1478 996 sermo
1511 961 1631 1001 cum
1673 943 1872 997 Nicolai
1896 944 2101 999 Glaseri
2137 959 2254 996 Ver-

687 1034 855 1091 sione.
880 1033 1097 1099 junctus
1125 1034 1330 1087 duobus
1374 1034 1527 1090 libris
1564 1037 1932 1104 Chrysostomi
1981 1036 2056 1089 De
2101 1036 2251 1090 modo

688 1123 875 1174 orandi
902 1122 1085 1182 Deum.
1118 1124 1311 1190 prodiit
1361 1126 1412 1178 in
1463 1127 1701 1193 ejusdem
1737 1124 1945 1181 Glaseri
1978 1124 2251 1193 Cynosura

688 1212 895 1275 pietatis
923 1224 969 1265 et
1025 1230 1225 1265 morum
1274 1213 1463 1270 (ΙΙ-τιεςο
1501 1215 1711 1281 Latina,
1762 1217 1961 1273 Giessce
1994 1217 2150 1281 1609,
2194 1218 2247 1272 8.

760 1304 844 1357 10.
865 1305 996 1375 Περὶ
1020 1306 1293 1376 νηστείας,
1325 1309 1395 1360 De
1425 1307 1657 1376 jejunio.
1690 1310 1914 1378 Incipit:
1947 1310 2251 1381 Στρατηγοὶ

689 1394 787 1465 μιν
815 1397 892 1459 είς
920 1397 1237 1467 παράταξιν.

759 1489 844 1541 11.
888 1491 1020 1559 Περὶ
1060 1490 1311 1557 Θανάτου,
1334 1490 1407 1545 De
1434 1505 1613 1547 morte.
1658 1492 1847 1559 Incipit
1876 1488 1982 1545 εὮ
2001 1492 2093 1545 τοῦ
2124 1492 2250 1546 θαύ-

696 1598 880 1649 ματος,
908 1582 1199 1653 ἀγαπητοί.
1241 1583 1387 1638 lianc
1422 1602 1483 1637 ex
1518 1600 1649 1639 mss.
1698 1586 1971 1639 Vaticanis
2006 1586 2167 1639 vertit
2194 1594 2249 1639 et

684 1669 874 1725 Latine
908 1674 1046 1727 inter
1075 1690 1233 1742 opera
1278 1675 1540 1742 Ephraami
1576 1674 1697 1746 Syri
1741 1678 1909 1731 edidit
1941 1676 2066 1731 Ger.
2113 1675 2246 1731 Vos-

686 1762 821 1825 sius,
859 1772 987 1817 tom.
1022 1763 1057 1825 I,
1092 1780 1141 1828 p.
1176 1763 1301 1815 200.

2360 574 2650 627 Francisco
2682 572 2911 638 Vel-gara
2950 586 3132 625 versas
3170 585 3286 624 esse
3314 570 3505 628 Latine
3536 584 3728 627 narrat
3759 572 3907 627 Nico-

2360 667 2473 718 laus
2499 667 2762 719 Antonius
2790 664 2838 715 in
2863 660 3000 717 Bibl.
3032 662 3287 732 Hispana.
3311 662 3476 721 FABB.
3504 667 3641 721 Sunt
3660 666 3713 717 in
3740 669 3907 720 decent

2356 759 2474 810 cod.
2502 757 2629 810 bibl.
2665 754 2809 824 puhl.
2833 753 3003 807 Paris.

2431 849 2686 902 Ultinmm
2720 848 2894 902 locum
2927 843 2977 897 in
3007 850 3148 897 tomo
3168 843 3231 897 Ill
3260 845 3344 899 ed.
3383 844 3549 901 Garn.
3577 854 3807 917 occupat
3827 846 3909 897 Πε-

2357 940 2410 1010 ρὶ
2432 939 2527 1007 τῆς
2559 939 2614 989 ὲν
2645 936 2911 1007 παρθενίᾳ
2958 933 3192 1006 ἀληθοῦς
3234 934 3500 1006 ἀφθορίας
3526 942 3666 1011 πρὸς
3699 940 3911 1009 Λητοῖον

2353 1030 2646 1083 ἐπίσκοπον
2670 1028 2975 1097 Μελιτηνῆς
3012 1027 3107 1100 (a).
3137 1025 3289 1079 Liber
3327 1029 3389 1080 de
3435 1044 3555 1082 vera
3602 1032 3909 1101 uirginitati:

2354 1122 2647 1190 integritate
2675 1121 2743 1172 ad
2777 1117 3035 1185 Letoium,
3070 1118 3449 1173 Melitinensem
3474 1122 3799 1190 episcopum.
3834 1122 3908 1177 In-

2352 1214 2479 1279 cipit
2517 1232 2530 1267 :
2572 1214 2633 1266 Ui
2669 1213 2766 1283 μὲν
2798 1210 2984 1263 πολλοὶ
3022 1213 3127 1265 τῶν
3168 1212 3260 1264 τὸν
3309 1212 3559 1279 νυμφίον,
3593 1227 3703 1270 etc.
3731 1218 3786 1271 In
3830 1216 3908 1271 ed.

2353 1302 2524 1358 Paris.
2554 1322 2603 1356 a.
2642 1302 2799 1363 l6‘8,
2827 1313 2955 1354 tom.
2984 1300 3029 1366 l,
3057 1313 3106 1355 et
3155 1319 3181 1355 ο
3211 1301 3458 1356 Fabricio
3491 1303 3542 1354 in
3588 1316 3698 1361 vet.
3745 1309 3830 1361 ed.
3866 1307 3909 1359 in

2355 1398 2670 1451 recensione
2704 1396 2845 1448 illius
2878 1395 3004 1448 lomi
3047 1414 3098 1451 ιι.
3131 1396 3193 1457 ν,
3228 1396 3370 1449 inter
3391 1394 3627 1464 genuina
3663 1400 3915 1467 recipitur

2352 1484 2531 1543 Basilii
2563 1500 2743 1555 Opera.
2775 1484 2951 1553 Atque
2994 1485 3274 1540 Fabricius
3318 1488 3430 1539 lucc
3462 1501 3583 1553 qua:
3611 1500 3914 1554 sequuntur

2350 1579 2417 1633 de
2454 1578 2541 1632 illo
2565 1578 2701 1629 libro
2730 1576 2988 1631 notavit:
3030 1595 3049 1627 ‹
3082 1573 3251 1629 Vertit
3277 1576 3594 1629 Ambrosius
3624 1577 3912 1631 Camaldu-

2355 1671 2538 1731 leusis,
2572 1666 2759 1721 Venet.
2798 1666 2952 1731 1550,
2981 1668 3033 1722 8.
3061 1668 3209 1723 Licet
3237 1682 3362 1723 vero
3395 1668 3704 1722 Dorscheus
3738 1680 3916 1723 noster

2355 1762 2405 1814 in
2438 1759 2617 1813 Indice
2638 1760 2949 1829 iniquitatis,
2984 1775 3103 1828 pag.
3138 1760 3238 1814 173
3264 1775 3371 1830 sq.,
3395 1770 3447 1813 et
3471 1775 3537 1813 ex
3572 1758 3704 1828 ipsis
3739 1759 3901 1811 etiam

758 1856 845 1910 12.
875 1855 1008 1926 Περὶ
1040 1848 1214 1926 λύπης
1267 1856 1361 1909 καὶ
1394 1855 1650 1927 ἀθυμίας,
1689 1857 1763 1911 De
1811 1874 2027 1912 maerore
2064 1870 2112 1913 et
2155 1862 2243 1913 tri-

2355 1852 2509 1904 Rom.
2550 1850 2808 1905 Ecclesiae
2853 1850 3081 1905 audietis
3127 1850 3330 1906 Natalis
3379 1852 3690 1907 Alexander
3723 1861 3782 1907 et
3829 1849 3915 1903 alii

685 1949 849 2001 stitia.
906 1948 1097 2017 Incipit
1141 1966 1155 2003 :
1217 1950 1383 2004 Ὀταν
1434 1950 1527 2005 ῐδω
1575 1952 1667 2004 καὶ
1710 1951 1771 2003 τὺ
1820 1950 1987 2004 κακὸν
2039 1953 2253 2007 εὐοδούο

683 2055 866 2108 μενον.

754 2132 842 2187 15.
862 2132 996 2204 Περὶ
1035 2131 1308 2205 ὑπομονῆς
1326 2134 1418 2187 καὶ
1461 2133 1861 2206 μακροθυμίας,
1899 2137 1975 2193 De
1998 2140 2252 2209 patientia

680 2235 728 2276 et
758 2225 1054 2277 tolerantia.
1081 2223 1273 2292 Incipit
1304 2244 1317 2279 :
1357 2227 1561 2298 Μηδεὶς
1599 2227 1657 2295 ἐξ
1684 2220 1758 2281 ὧν
1787 2229 1975 2285 ἔπαθε.

756 2317 842 2370 Il.
881 2318 1013 2387 Περὶ
1050 2317 1349 2389 μελλούσης
1407 2321 1660 2391 κρίσεως,
1715 2321 1791 2375 De
1827 2324 1999 2389 futuro
2021 2324 2245 2390 judicio.

687 2408 875 2473 Incipit
916 2425 929 2461 :
966 2408 1131 2462 Ὅταν
1181 2410 1384 2482 μέλλῃς
1416 2413 1508 2463 ἐπί
1550 2430 1669 2465 τινα
1713 2413 1908 2483 ὁρμᾷν.
1946 2412 2250 2482 Huncquo-

677 2514 786 2568 que
827 2514 1131 2553 sermonem
1179 2500 1370 2555 Latine
1414 2519 1439 2553 a
1490 2517 1548 2557 se
1595 2517 1811 2557 versum
1847 2503 2065 2557 exhibet
2115 2503 2243 2561 Ger.

683 2589 907 2647 Vossius
935 2601 1066 2645 tom.
1100 2591 1119 2646 l
1158 2591 1392 2660 Operum
1426 2593 1694 2661 Ephraami
1720 2594 1867 2667 Syri,
1911 2596 2107 2665 p.211.

752 2682 839 2737 15.
863 2684 999 2755 Περὶ
1022 2684 1193 2755 ἀρχῆς
1224 2686 1317 2738 καὶ
1346 2686 1613 2752 ἐξουσίας,
1649 2687 1723 2740 De
1758 2690 2055 2753 principatu
2084 2699 2132 2742 et
2160 2706 2250 2755 po-

678 2783 881 2827 testate.
920 2773 1109 2843 Iucipit
1135 2794 1148 2829 :
1174 2777 1349 2828 Καλὸν
1384 2778 1489 2841 ἀεὶ,
1520 2778 1579 2830 τὸ
1605 2779 1787 2847 χεῖρον
1814 2777 1917 2829 ὑπὸ
1954 2777 2046 2829 τοῦ
2075 2779 2251 2848 κρείτ-

676 2882 829 2928 τονος
853 2866 1100 2935 ἄγεσθαι.

750 2956 837 3012 16.
876 2958 1010 3030 Περὶ
1043 2957 1481 3029 γαστριμαργίας
1506 2959 1600 3013 καὶ
1620 2959 1809 3030 μέθης,
1846 2958 1921 3011 De
1949 2959 2173 3030 ingluvie
2201 2971 2247 3017 et

676 3049 945 3104 ebrietate.
997 3047 1191 3119 Incipit
1218 3065 1231 3100 :
1256 3048 1602 3122 Μονότροπος
1632 3054 1661 3105 ό
1694 3051 1787 3105 τοῦ
1823 3051 2248 3122 Χριστιανισμοῦ

679 3141 813 3204 Βίος.

749 3230 834 3285 17.
866 3230 1000 3299 Περὶ
1048 3232 1215 3301 ὀργῆς
1262 3232 1353 3283 καὶ
1397 3230 1615 3300 ἔχθρας,
1674 3232 1747 3284 De
1792 3234 1871 3283 ira
1909 3244 1955 3285 et
1987 3236 2125 3287 odio.
2161 3234 2245 3287 In-

676 3318 846 3388 cipit:
879 3318 1146 3386 Μέγιστον
1186 3320 1546 3391 κατηγόρημα
1584 3321 1926 3390 Χριπιανοῦ.

750 3410 835 3464 18.
870 3411 1005 3482 Περὶ
1039 3411 1233 3481 φθόνου
1272 3413 1367 3465 καὶ
1412 3411 1735 3482 βασκανίας,
1771 3411 1848 3466 De
1887 3415 2047 3467 livore
2082 3424 2134 3469 et
2155 3415 2241 3469 in-

676 3502 836 3555 uidia.
871 3501 1052 3569 Incipit
1088 3521 1101 3554 :
1130 3502 1337 3573 Πολλὴν
1381 3504 1510 3574 ἡμῖν
1538 3506 1753 3573 ἐμποιεῖ
1770 3506 1869 3575 τὴν
1896 3506 2100 3559 ἄνοιαν.

751 3593 837 3647 19.
864 3594 1001 3666 Περὶ
1037 3596 1392 3667 σωφροσύνης
1443 3599 1537 3651 καὶ
1589 3598 1901 3663 ἀκολασίας,
1939 3599 2012 3653 De
2052 3612 2243 3664 tempe-

680 3688 852 3736 rantia
888 3695 934 3737 et
972 3687 1365 3740 incontinentia.
1403 3689 1589 3758 incipit
1625 3708 1638 3742 :
1688 3691 1747 3744 '0
1780 3690 1887 3743 τῶν
1922 3692 2242 3745 Μακεδόνων

690 3774 809 3827 Ἀλέ
816 3774 1054 3847 ξανδρος.

747 3863 837 3918 20.
862 3864 995 3935 Περὶ
1023 3864 1520 3936 ταπεινοφροσύνης
1552 3870 1645 3920 καὶ
1674 3870 1995 3935 κενοδοξίας,
2045 3870 2118 3923 De
2144 3872 2243 3925 Im-

677 3955 901 4010 militate
935 3965 982 4009 et
1030 3973 1166 4011 vana
1196 3956 1384 4027 gloria.
1417 3957 1605 4028 Incipit
1635 3978 1647 4013 :
1697 3962 1999 4034 Ἀμήχανον
2028 3962 2119 4015 τὸν
2168 3965 2241 4035 μὴ

678 4048 1133 4119 καταδεξάμενον.

745 4142 836 4195 2i.
869 4143 1003 4213 Περὶ
1033 4142 1291 4212 εὐτυχίας
1326 4144 1418 4197 καὶ
1458 4145 1745 4215 δυστυχίας
1781 4146 1873 4198 καὶ
1910 4148 2239 4216 φρονήσεως,

682 4232 760 4287 De
781 4232 1027 4302 felicitate
1060 4249 1121 4285 ac
1153 4236 1481 4298 infortunio;
1513 4244 1622 4287 tttm
1653 4238 1814 4288 etiam
1848 4235 1921 4288 De
1940 4238 2238 4303 prudentia.

675 4323 868 4390 Incipit
898 4342 910 4377 :
943 4323 1080 4377 Οὔτε
1100 4325 1167 4377 τὰ
1198 4325 1362 4389 δεξιά.

744 4416 831 4469 τε.
870 4416 1006 4487 Περὶ
1019 4418 1291 4487 προνοίας,
1319 4416 1395 4469 De
1418 4416 1757 4483 providentia.
1790 4415 2016 4484 Incipit:
2058 4414 2162 4467 Τοῦ
2184 4416 2240 4467 ἐν

674 4508 753 4580 τῷ
779 4509 1175 4580 προστάγματι.

750 4600 841 4654 95.
868 4601 1005 4671 Περὶ
1029 4600 1226 4672 ψυχῆς,
1252 4600 1326 4655 De
1343 4600 1542 4653 animo.
1572 4598 1763 4666 Incipit
1795 4616 1806 4649 :
1843 4595 1915 4650 Τὸ
1938 4598 2035 4667 τὴν
2061 4599 2241 4650 πᾶσαν

674 4693 933 4763 σπουδήν.

745 4786 831 4839 24.
884 4783 1019 4844 Περϊ
1049 4786 1211 4855 τιμῆς
1263 4783 1481 4853 γονέων,
1540 4781 1635 4839 καὶ
1666 4782 1872 4852 γήρως,
1927 4782 2019 4833 καὶ
2060 4782 2243 4851 νεότη-

674 4894 787 4944 τος,
823 4878 896 4931 De
934 4877 1129 4929 honore
1149 4894 1249 4945 quo
1282 4876 1533 4946 aﬁiciendi
1563 4883 1679 4925 sunt
1712 4883 1973 4940 parentes,
2011 4872 2075 4923 de
2097 4888 2242 4924 sene-

674 4978 819 5023 ctute
845 4978 894 5022 et
924 4969 1216 5035 iuuentute.
1253 4965 1443 5035 Incipit
1476 4966 1609 5025 :Tb,
1654 4962 2017 5034 Ἐξεγέρθητι,
2052 4959 2243 5031 Κύριε.

742 5057 1064 5113 Prodici-unt
1094 5055 1144 5108 hi
1196 5068 1473 5108 sermones
1516 5054 1746 5121 primum
1791 5051 1980 5105 Grece
2018 5066 2048 5105 e
2103 5050 2233 5106 bibl.

676 5150 816 5215 regis
840 5143 1314 5205 Christianissimi,
1366 5142 1537 5196 Paris.
1576 5141 1714 5210 apud
1758 5140 1901 5196 Guil.
1955 5140 2234 5194 Morellum

682 5234 837 5299 1556,
867 5236 920 5290 8.
952 5232 1087 5287 Ilinc
1123 5248 1151 5284 ι
1190 5231 1417 5286 Simone
1444 5229 1677 5293 Mailleo,
1706 5230 2112 5300 archiepiscopo
2130 5229 2238 5282 Tu-

673 5325 916 5388 ronensi,
936 5323 1177 5377 translati
1202 5321 1254 5375 in
1289 5322 1532 5375 Latinum
1562 5334 1887 5385 sermonem,
1918 5319 2049 5373 ibid.
2077 5318 2233 5383 1558,

672 5419 729 5471 8.
756 5414 945 5468 Postea
983 5424 1209 5480 utraque
1250 5412 1428 5481 lingua
1468 5425 1588 5463 cum
1618 5425 1752 5463 nova
1794 5408 2236 5473 interpretatione

675 5504 930 5559 Stanislai
982 5504 1154 5566 llovii,
1189 5501 1440 5555 Francof.
1480 5500 1615 5555 l598
1645 5509 1698 5554 et
1738 5500 1895 5563 ltili,
1919 5499 1973 5553 8.
2000 5500 2238 5553 Simonis

673 5607 705 5646 a
734 5591 904 5645 Maille
941 5590 1312 5660 interpretatio
1347 5589 1534 5642 Latina
1576 5598 1786 5644 servata
1817 5598 1901 5643 est
1936 5589 1990 5641 in
2021 5588 2237 5643 Graeco-

676 5681 883 5736 Latinis
906 5696 1129 5751 operum
1165 5680 1346 5735 Basilii
1399 5681 1740 5736 editionibus.
1774 5680 1848 5735 Ex
1890 5681 1974 5735 his
2016 5681 2232 5745 ethicis,

2354 1942 2518 1997 libell.
2573 1942 2647 1997 De
2696 1942 2991 2010 virginitate
3019 1941 3198 1996 Basilii
3228 1958 3347 1997 esse
3378 1956 3593 2013 negent,
3633 1956 3813 1998 tamen
3846 1944 3915 1997 illi

2351 2034 2587 2087 vindicat
2612 2035 2712 2089 hoc
2740 2035 3020 2103 scriptum,
3064 2048 3091 2085 a
3133 2033 3296 2085 Suida
3332 2035 3494 2087 etiam
3525 2046 3915 2098 memoratum,

2350 2125 2707 2180 Combelisius
2727 2125 3033 2180 testimonio
3063 2121 3409 2187 Nazianzeoi,
3436 2126 3523 2194 qui
3552 2134 3698 2178 orat.
3731 2125 3824 2191 ΞΟ,
3848 2125 3919 2177 De

2350 2216 2571 2283 Basilio,
2604 2235 2723 2289 pag.
2772 2219 2896 2283 358,
2941 2219 3008 2272 τὰ
3034 2217 3286 2288 ἕγγραφα
3322 2218 3490 2287 ipsius
3520 2217 3587 2271 de
3622 2217 3919 2286 virginibus

2348 2309 2693 2379 διατάγματα
2742 2322 3147 2364 commemorat.
3183 2311 3403 2365 Leloius
3453 2308 3541 2363 ille
3590 2307 3845 2360 laudatur
3889 2327 3914 2359 a

2351 2398 2679 2452 Theodorito
2708 2398 2849 2462 tv,2,
2871 2397 3009 2450 Hist.
3038 2419 3056 2449 ι
3083 2398 3350 2453 llactenus
3375 2397 3680 2453 Fabricius.
3708 2396 3919 2451 Ateuim

2349 2488 2619 2556 Garnier.,
2648 2490 2734 2559 qui
2763 2490 2814 2543 in
2845 2491 3041 2559 praevio
3069 2488 3268 2543 Monito
3298 2492 3441 2543 illum
3460 2491 3656 2545 librum
3676 2490 3918 2559 spurium

2351 2597 2474 2637 esse
2512 2583 2847 2637 demonstrat
2876 2598 2940 2637 ex
2977 2583 3100 2653 styli
3134 2582 3647 2638 dissimilitudineet
3672 2582 3919 2649 imagini-

2355 2675 2455 2729 bus
2484 2676 2772 2738 indecoris,
2805 2687 2963 2743 atque
2994 2674 3245 2743 quoniam
3279 2673 3494 2727 Letoius
3530 2672 3638 2734 ille,
3668 2674 3758 2725 cui
3783 2688 3920 2724 nun-

2351 2776 2579 2834 cupatus
2612 2776 2696 2819 est
2729 2766 2881 2829 liber,
2920 2766 3160 2834 pluribus
3192 2775 3310 2833 post
3341 2763 3523 2816 Basilii
3552 2771 3785 2817 mortem
3822 2779 3916 2814 an-

2350 2856 2432 2909 nis
2480 2856 2545 2909 ad
2584 2856 2899 2925 dignitatem
2950 2854 3188 2924 episcopi
3242 2855 3597 2909 Melitincnsis
3647 2857 3917 2925 pervenit,

2349 2945 2579 3015 primum
2612 2944 2832 3000 Suidam
2865 2947 2997 3001 nihil
3035 2954 3311 3010 moratur;
3342 2947 3536 3001 deinde
3569 2943 3908 3000 Naeianzcni

2352 3040 2739 3105 testimonium,
2785 3041 2927 3109 quod
2954 3055 3115 3110 grave
3152 3040 3379 3103 videtur,
3408 3048 3463 3094 et
3498 3053 3606 3106 quo
3645 3038 3919 3093 Combeli-

2352 3133 2465 3187 sius
2489 3148 2553 3187 ac
2573 3132 2647 3185 Du
2682 3131 2779 3185 Pin
2811 3133 2874 3184 ad
2904 3132 3096 3185 librum
3128 3130 3327 3186 Basilio
3348 3131 3503 3185 unice
3535 3133 3915 3193 asserendum,

2354 3226 2621 3289 nituntur,
2660 3239 2762 3277 oon
2805 3225 2870 3278 de
2900 3233 3081 3278 nostro
3118 3222 3365 3292 intelligit
3398 3222 3562 3276 libro.
3605 3244 3622 3272 ι
3666 3222 3795 3283 Sed,
3821 3222 3916 3280 ait.

2350 3330 2471 3367 ciun
2495 3314 2788 3383 Gregorius
2815 3313 2997 3367 Basilii
3053 3314 3250 3381 scripta
3284 3311 3486 3374 laudat,
3522 3310 3722 3379 quibus
3753 3310 3918 3379 virgi-

2350 3404 2572 3457 nitatem
2615 3420 2740 3457 vere
2774 3404 2951 3457 colere
2986 3404 3231 3467 docebat,
3273 3401 3494 3471 Regulos
3540 3401 3766 3467 indicat,
3803 3414 3920 3467 qua

2351 3494 2483 3548 nihil
2524 3509 2744 3562 prorsus
2794 3496 3014 3557 habent,
3056 3496 3197 3562 quod
3239 3509 3344 3548 non
3376 3495 3439 3546 ad
3470 3494 3731 3562 optimam
3754 3507 3921 3547 exco-

2349 3586 2519 3641 lenda:
2550 3585 2876 3655 virginitatis
2904 3587 3163 3638 rationem
3189 3586 3476 3652 pertineat.
3502 3586 3682 3652 Atque
3707 3585 3919 3638 etiamsi

2347 3688 2619 3732 constaret
2693 3675 2945 3731 Busilium
2997 3675 3251 3744 singulari
3300 3690 3459 3743 opera
3508 3675 3583 3728 De
3619 3676 3921 3744 uirginitate

2350 3770 2663 3839 scripsisse:
2712 3784 2899 3822 verum
2943 3767 3069 3821 illud
3115 3782 3249 3836 opus
3292 3768 3708 3822 desiderandum
3738 3780 3919 3834 esset;

2352 3861 2567 3914 minime
2615 3872 2735 3913 vero
2789 3858 2948 3923 illud,
3027 3859 3165 3926 quod
3226 3860 3276 3912 in
3344 3859 3594 3913 manibus
3655 3860 3921 3915 habemus

2355 3950 2543 4019 attingi
2596 3950 2642 4003 ei
2704 3950 2756 4002 in
2817 3959 2922 4003 Iam
2976 3950 3260 4004 manifesta
3311 3950 3434 4020 Styii
3478 3950 3922 4007 dissimilitudine

2349 4057 2411 4093 ac
2462 4050 2761 4109 temporum
2828 4040 3190 4109 discrepantia
3252 4041 3492 4095 deberet.
3548 4060 3568 4093 ι
3627 4040 3777 4110 Opus
3836 4054 3920 4096 ta-

2350 4146 2506 4194 men,
2575 4132 2642 4184 ab
2713 4131 3035 4199 antiquitate
3099 4134 3571 4195 commendatum,
3643 4136 3920 4198 concedit,

2350 4222 2610 4287 scriptum
2634 4236 2756 4275 esse
2787 4232 2980 4289 quarto
3003 4223 3219 4288 saeculo,
3250 4226 3531 4291 eidemque
3554 4224 3743 4278 Letoio
3783 4242 3921 4279 nun-

2346 4320 2599 4379 cupatum
2636 4311 2981 4372 Melitinensi,
3012 4314 3077 4365 ad
3121 4329 3279 4379 quem
3307 4316 3469 4366 etiam
3499 4314 3753 4383 Gregorii
3782 4316 3920 4383 Nys-

2347 4404 2463 4457 seni
2504 4413 2680 4457 exstat
2706 4404 2927 4470 cpistola
2961 4404 3241 4457 canonica.
3286 4403 3571 4458 Garnierio
3614 4407 3918 4460 assentitur

2276 4528 2315 4581 ο
2350 4493 2657 4548 Schroeckh
2699 4495 2735 4547 l.
2771 4510 2845 4555 c.,
2878 4509 3000 4563 pag.
3023 4494 3149 4555 205,
3182 4494 3272 4547 sed
3297 4494 3464 4549 llitlllO
3488 4496 3764 4564 copiosius
3796 4512 3921 4564 per-

2345 4586 2589 4653 sequitur
2642 4586 2778 4639 idem
2821 4596 3199 4653 argumentum
3231 4585 3428 4639 Oudin.
3464 4586 3498 4638 l.
3528 4603 3602 4647 c.,
3654 4602 3784 4654 pag.
3810 4588 3921 4643 553

2345 4693 2493 4745 sqq.,
2532 4678 2620 4745 qui
2646 4678 2873 4745 primum
2907 4676 3147 4729 nominat
3176 4673 3582 4739 Bellarminum,
3608 4675 3917 4741 Labbeum,

2348 4768 2421 4820 Du
2454 4767 2573 4831 Pin,
2601 4766 2964 4833 Cavcumque,
2991 4767 3079 4832 qui
3115 4766 3165 4819 id
3194 4782 3329 4835 opus
3354 4776 3579 4820 censent
3610 4768 3917 4836 legitimum

2344 4876 2465 4913 esse
2494 4858 2671 4913 Basilii
2713 4858 2910 4922 fetum;
2947 4858 3071 4911 dein
3107 4873 3234 4911 vero
3267 4859 3463 4911 multas
3492 4860 3761 4920 rationes.
3794 4862 3919 4930 qui-

2347 4954 2445 5007 bus
2477 4962 2653 5006 motus
2693 4950 2912 5004 Godefr.
2969 4948 3312 5004 Hermantius
3347 4950 3399 5002 in
3456 4948 3573 5002 Vita
3615 4948 3819 5004 Basilii
3870 4960 3919 5004 et

2343 5041 2580 5110 Gregorii
2622 5038 2888 5092 Nazianz.
2921 5038 3121 5094 Gallice.
3147 5038 3369 5105 scripta,
3404 5036 3455 5091 id
3498 5038 3793 5105 abnegavit
3815 5040 3915 5093 Ba:

2342 5134 2482 5196 silio,
2524 5130 2707 5193 refert,
2743 5132 3043 5199 probatque
3084 5138 3137 5183 et
3160 5137 3337 5181 ornat.
3374 5158 3445 5169 —
3476 5128 3668 5182 Exstat
3703 5130 3757 5182 in
3784 5133 3914 5184 CUll.

2340 5224 2581 5277 Naniano
2612 5223 2801 5277 Venet.
2826 5219 3054 5287 CXXIII,
3089 5236 3142 5274 n.
3170 5219 3257 5283 15,
3282 5221 3347 5274 de
3384 5235 3490 5288 quo
3517 5234 3567 5272 v.
3600 5218 3717 5273 Cat.
3750 5222 3912 5274 codd.

2342 5316 2437 5369 Gr.
2470 5314 2639 5379 Nam,
2674 5332 2727 5381 p.
2757 5314 2863 5367 256
2907 5329 3015 5381 sq.,
3060 5322 3112 5364 et
3142 5313 3193 5365 in
3226 5313 3382 5365 codd.
3430 5311 3619 5366 Bavar.
3646 5310 3912 5366 Monach.

2341 5406 2554 5467 XXXII,
2588 5405 2853 5459 LXXXIX
2886 5417 2940 5459 et
2970 5406 3144 5462 XCIII.
3174 5406 3232 5457 ν.
3264 5405 3380 5458 Cal.
3417 5404 3571 5456 codd.
3612 5400 3705 5456 Cr.
3748 5402 3915 5467 Bal,

2342 5513 2392 5565 p.
2424 5495 2478 5556 8.
2514 5496 2583 5548 ’54
2628 5506 2681 5548 et
2707 5496 2794 5548 35.
2821 5524 2888 5535 --
2926 5496 3141 5549 Dresda:
3173 5496 3223 5548 in
3269 5495 3395 5549 bibl.
3454 5492 3613 5547 elect.
3654 5502 3741 5546 est
3787 5495 3912 5548 cod.

2343 5587 2517 5639 Latin.
2546 5587 2635 5655 qui
2690 5586 2932 5641 continet
2986 5587 3265 5643 Athanasii
3296 5596 3347 5641 et
3363 5585 3546 5639 Basilii
3577 5600 3706 5652 opp.
3734 5583 3795 5637 In
3828 5586 3915 5639 his

2339 5678 2517 5733 Basilii
2548 5677 2621 5732 De
2648 5678 2831 5732 militia
2866 5679 3162 5733 monachali
3190 5680 3253 5735 ad
3277 5677 3557 5748 quemdam
3580 5677 3915 5748 discipulum

747 5801 821 5871 (o)
861 5799 1027 5870 Vulgo
1055 5799 1248 5868 legitur
1280 5798 1534 5869 Μελίτης*
1571 5800 1661 5855 sed
1680 5798 1928 5854 Garuicr.
1964 5800 2063 5853 [ide
2088 5798 2234 5853 codd.

2348 5796 2486 5850 texit
2524 5793 2849 5863 Μελιτηνῆς.
