4066 6314
1376 366 1650 423 ΝΟΪΙΤΙΑ
1692 365 1783 420 EX
1823 365 2156 423 FABIthlO.

3156 388 3386 430 εειιιιιι

175 500 343 551 suum;
382 483 453 537 De
482 482 728 535 (ouilibus
770 482 886 535 vita»
916 482 1213 541 solitariw:
1263 482 1329 536 ad
1371 481 1617 539 Letoium
1643 483 1719 537 De
1748 497 1794 551 Α
1829 480 2011 535 Basilii
2048 482 2115 534 ab
2145 481 2359 539 Asianis
2396 480 2478 539 vel
2524 480 2929 551 Apollinaristis
2951 483 3215 537 conﬁctas
3243 500 3381 551 esse,

175 595 273 630 tera
301 576 588 645 integritate
618 574 928 641 virginitatis
957 583 1010 627 et
1036 575 1295 641 quasdam
1338 588 1460 641 epp.
1488 578 1553 628 ad
1584 579 1711 628 Atii-

173 670 489 733 pbilochiutn,
528 666 592 717 :ul
618 663 926 721 Terentium
959 676 1014 719 et
1040 664 1207 729 alias;
1243 666 1318 720 De
1334 666 1507 720 studio
1540 669 1708 735 genti-

1816 590 1921 628 tton
1958 572 2218 627 dilmelur
2256 575 2365 643 ipse
2391 574 2713 638 Cotelerius,
2750 590 2931 645 quem,
2961 575 3007 630 si
3044 574 3241 643 placet,
3268 578 3387 632 vide

1814 681 1933 737 pag.
1964 667 2086 721 555.
2126 664 2205 719 llli
2235 681 2363 720 vero
2390 670 2452 722 ad
2484 667 2847 724 Theodosium
2889 671 3024 725 hanc
3060 678 3238 724 notam
3286 672 3385 722 ad-

170 766 277 814 lium
303 764 523 811 titterar.
552 759 645 814 lib.
680 772 732 815 et
770 759 948 813 Rullni
981 757 1035 812 in
1086 759 1279 815 librum
1312 760 1495 813 liomil.
1527 760 1707 815 Basdii
1811 759 1976 813 ditam
2012 762 2063 813 in
2097 775 2198 813 ms.
2230 761 2493 827 reperisse
2538 764 2676 817 idem
2707 778 2759 834 p.
2784 760 2889 816 559
2909 775 3089 818 mouet
3120 784 3133 816 :
3178 764 3242 817 Ἦ
3273 766 3390 818 ἐπι·

170 853 512 908 Przelationem
558 868 677 907 cum
718 852 829 905 VIll
868 850 1125 905 homiliis.
1173 851 1233 904 V.
1267 850 1454 904 Guetz.
1486 850 1704 905 Memor.

169 947 271 999 libt.
302 944 510 1011 Dresd.,
555 957 682 1001 tom.
712 949 753 1010 l,
784 946 905 999 coll.
929 945 981 1011 4,
1016 962 1067 1016 p.
1097 947 1202 1001 565
1232 960 1351 1013 sqq.

224 1038 333 1094 Περ
356 1052 479 1094 sunt
519 1057 680 1111 opera
734 1048 787 1092 ct
830 1041 1061 1109 genuina
1096 1054 1149 1096 et
1188 1041 1344 1093 dubia
1395 1040 1701 1111 spnriaque,

165 1148 264 1199 qua:
298 1135 636 1189 continentur
703 1134 755 1186 in
808 1135 936 1189 edit.
988 1132 1698 1191 Guru.-Buncdictinm'nm.

164 1230 338 1295 Agmeu
368 1228 626 1280 claudunt
668 1227 909 1280 addenda
944 1240 1104 1297 atque
1134 1229 1462 1281 emendanda
1508 1230 1571 1281 ad
1600 1232 1697 1283 tria

167 1319 438 1381 tolumina;
493 1327 602 1371 tum
658 1318 871 1374 selecue
915 1321 1205 1375 Frontonis
1247 1321 1417 1375 Duca-i
1465 1333 1602 1375 nota:
1647 1324 1697 1373 itt

163 1412 322 1463 librum
355 1408 428 1462 De
451 1407 649 1476 Spiritu
676 1423 874 1477 sancto,
908 1414 1137 1479 denique
1158 1414 1378 1467 indices.

215 1500 281 1555 Ne
309 1501 431 1569 quid
468 1514 647 1556 autem
670 1518 857 1558 eorum
886 1521 1004 1573 qua:
1033 1502 1245 1561 Fabric.
1290 1509 1341 1559 in
1360 1516 1465 1559 vet.
1494 1506 1579 1559 ed.
1608 1507 1699 1559 ad-

162 1591 245 1645 huc
266 1593 574 1663 scripserat,
618 1597 669 1650 in
697 1597 795 1652 hac
841 1596 927 1650 ed.
972 1596 1335 1662 desideretur,
1369 1598 1571 1665 reliqua
1612 1600 1697 1653 hic

159 1685 429 1753 subjiciam,
455 1689 675 1742 omissis
710 1690 798 1749 iis,
832 1702 951 1755 qua:
986 1687 1097 1757 jatn
1138 1690 1189 1743 iu
1220 1690 1519 1759 superioris
1559 1687 1697 1742 Gur-

160 1780 363 1834 ueriana:
396 1782 531 1834 edit.
568 1782 883 1834 recensione
932 1784 1287 1836 retldideram.
1316 1783 1369 1836 In
1401 1784 1694 1851 appendice

160 1872 291 1939 igitur
316 1872 377 1923 ad
411 1882 543 1924 tom.
580 1871 619 1924 Il
646 1872 772 1925 edit.
804 1871 897 1928 Gr.
926 1873 1042 1929 Lat.
1073 1892 1122 1929 a.
1143 1874 1300 1937 1618,
1336 1889 1388 1929 et
1414 1875 1552 1944 apud
1580 1873 1685 1928 Fa-

158 1963 266 2015 l,ric.
294 1962 438 2023 olim.
474 1980 527 2016 ιι.
550 1962 640 2017 XII
667 1980 809 2033 sqq.,
850 1968 1023 2019 adhuc
1059 1970 1400 2033 reperiuntur
1443 1986 1455 2021 :

210 2054 304 2108 Xll.
334 2056 466 2128 Περὶ
493 2058 884 2128 γραμματικῆς
907 2059 1231 2128 γυμνασίας,
1259 2059 1330 2111 De
1350 2064 1687 2127 grammatica

154 2147 509 2199 exercitatione.
556 2146 793 2215 Incipit:
851 2145 1019 2218 Κύριε
1062 2146 1235 2218 Ἰησοῦ
1289 2149 1606 2219 Χριστέ.....
1635 2164 1688 2205 et

152 2237 282 2290 δεῖσε
303 2238 608 2307 γινώσκειν,
643 2232 689 2293 ὦ
718 2240 945 2295 παιδίον.
990 2241 1050 2300 Ρ.
1083 2242 1205 2296 171.
1226 2242 1391 2297 Vertit
1418 2241 1689 2297 Gilbcrtus

153 2330 406 2399 (.ognatus,
438 2332 776 2392 Nozorenus.
826 2337 899 2390 De
951 2336 1108 2407 hujus
1141 2337 1304 2391 libelli
1360 2337 1687 2392 editiOuibtts

154 2420 241 2472 disi
290 2432 427 2477 tonio
482 2435 637 2480 sexto
684 2426 843 2494 hujus
886 2425 1247 2494 Bibliothecae,
1304 2444 1424 2498 pag.
1471 2430 1577 2484 519
1634 2436 1687 2483 et

154 2508 251 2571 522,
296 2514 377 2566 ubi
412 2516 597 2567 monui
647 2518 831 2582 etiam,
886 2531 1069 2570 verum
1120 2531 1393 2573 auctorem
1438 2536 1539 2573 non
1570 2536 1686 2574 esse

154 2601 199 2653 S.
237 2600 499 2669 Basiliam,
541 2606 636 2660 sed
686 2605 989 2662 Manualem
1044 2607 1473 2679 Moscliopulum,
1532 2611 1687 2681 loiige

153 2698 470 2752 recentiorem
516 2700 863 2768 scriptorem,
890 2701 979 2770 qui
1018 2701 1161 2755 circa
1206 2703 1382 2755 swculi
1414 2718 1499 2756 xtv
1523 2703 1685 2758 linem

152 2789 329 2845 claruit.
366 2792 530 2847 FABR.
563 2792 719 2847 Conl.
748 2791 915 2848 Henr.
942 2793 1120 2849 Vales.
1158 2792 1236 2848 De
1271 2797 1479 2859 critica,
1518 2794 1609 2849 lib.
1648 2812 1684 2859 t,

152 2894 244 2947 cap.
272 2882 353 2947 95,
384 2901 506 2952 pag.
542 2884 639 2937 I73
668 2900 748 2952 sq.
768 2913 835 2924 -
863 2885 916 2937 In
936 2883 1159 2939 Gilberti
1192 2886 1412 2955 Cognati
1442 2888 1683 2956 (Cousiu)

151 2972 378 3027 Nozoreui
398 2976 678 3043 operibus,
704 2974 866 3028 Basil.
897 2975 1055 3039 1542,
1088 2975 1205 3039 fol.,
1232 2987 1359 3029 tom.
1389 2977 1428 3043 l,
1460 2996 1515 3031 ιι.
1543 2979 1593 3032 1.
1620 2977 1680 3032 V.

150 3063 487 3135 Baumgarten.
552 3066 862 3120 Nachricht.
916 3084 1010 3121 von
1055 3067 1361 3123 merkwiu-d.
1425 3068 1679 3131 Bucltem,

150 3170 250 3212 lout.
274 3159 331 3219 Χ,
363 3177 412 3230 p.
442 3160 511 3214 48
536 3176 657 3231 sqq.

202 3250 312 3317 Quae
336 3265 639 3320 sequuntur
662 3271 715 3307 ιι.
744 3252 877 3318 XIII,
912 3252 985 3308 De
1020 3255 1380 3309 consolatione
1406 3256 1458 3309 in
1486 3257 1675 3309 adver-

146 3345 234 3406 sis;
264 3363 311 3399 ιι.
342 3344 479 3408 XIV,
514 3345 595 3398 De
629 3348 784 3399 lautle
806 3349 1057 3401 solitariae
1080 3361 1218 3411 vitm,
1251 3363 1305 3403 et
1335 3347 1449 3411 XV,
1482 3351 1676 3401 Admo-

146 3434 250 3486 aitio
272 3436 333 3487 ad
370 3436 544 3504 ﬁlium
574 3438 881 3505 spiritalem,
919 3452 971 3491 et
1011 3438 1257 3495 Carnier.
1287 3451 1415 3493 tum.
1446 3440 1504 3503 ll,
1542 3441 1680 3493 inter

144 3528 294 3591 spuria
328 3539 666 3595 reposuerat,
704 3530 825 3583 iletn
859 3548 911 3582 ιι.
940 3530 1078 3586 XVI.
1124 3529 1380 3584 Cenaadii
1410 3532 1538 3587 diss.
1564 3536 1673 3601 epi-

143 3620 315 3683 slullca,
367 3630 532 3691 atque
588 3620 749 3685 XVII,
812 3620 1095 3676 Frontonis
1140 3622 1317 3676 Ducwi
1354 3635 1505 3690 nota,
1562 3624 1673 3695 jam

144 3728 276 3777 supra
307 3715 413 3768 suis
439 3717 575 3768 locis
614 3715 865 3781 explicita
902 3725 1044 3767 sunt.
1083 3714 1252 3768 llam"

144 3796 227 3853 VII.
257 3800 451 3871 Scripta
485 3802 547 3857 S.
592 3802 803 3868 Basilii,
834 3804 907 3856 rel
942 3818 1055 3873 qua:
1088 3804 1176 3873 sub
1213 3803 1326 3872 ejus
1352 3804 1562 3873 nomine
1598 3803 1647 3872 fe

197 3884 380 3938 runtur,
407 3876 497 3928 sed
533 3891 654 3945 quc
679 3875 733 3928 in
772 3872 1089 3928 editiouibus
1116 3872 1541 3928 Graeco-Latinis
1571 3891 1675 3927 non

197 3954 397 3999 exstant.

194 4030 355 4089 XVIII.
389 4036 631 4093 Humilia
669 4042 821 4093 tertia
859 4041 922 4092 de
939 4040 1170 4109 jejunio,
1204 4038 1368 4104 {edita
1410 4056 1437 4092 a
1459 4039 1672 4093 Gorne-

128 4126 204 4204 \rio
234 4127 278 4179 iu
308 4139 434 4182 tom.
463 4129 530 4195 Il,
564 4130 706 4184 inter
737 4133 916 4200 spuria
941 4130 1123 4185 anrlii
1152 4134 1375 4200 scripta.
1404 4143 1457 4186 et
1483 4147 1582 4202 ego
1605 4132 1673 4185 de

141 4218 208 4270 illa
235 4220 292 4273 ad
326 4239 376 4275 ιι.
406 4221 441 4276 2
479 4224 793 4293 spuriurum
822 4224 1037 4277 illorum
1076 4224 1204 4279 dixi.
1234 4223 1431 4296 llant..]

194 4310 404 4366 llomilia
443 4318 496 4368 in
535 4314 938 4369 Proeerbt'orum
979 4314 1063 4381 Vl,
1106 4316 1161 4380 4,
1196 4317 1337 4369 edita
1378 4316 1566 4371 Graece
1619 4326 1673 4371 et

138 4398 296 4459 Latine
327 4423 351 4458 ιι
381 4407 657 4461 Cotelerio
703 4410 753 4461 in
788 4418 917 4461 tom.
952 4409 968 4463 I
1002 4409 1388 4461 Mouumentor.
1427 4408 1672 4461 Ecclesia

1811 851 1969 924 στολὴ
2018 852 2155 923 αὕτη
2196 850 2317 904 οὕτε
2362 851 2468 904 ἀπὸ
2503 854 2609 905 τῶν
2636 856 2923 927 νοημάτων
2960 854 3084 907 οὔτε
3130 856 3238 909 ἀπὸ
3282 855 3386 928 τῆς

1808 946 2060 1015 φράσεως
2089 946 2262 1000 ἔοικεν
2294 940 2432 997 εἶναι
2462 944 2556 997 τοῦ
2606 950 2839 1016 μεγάλου
2868 948 3171 1003 Βασιλεεου.
3217 947 3381 1003 Fseu.

1806 1036 1975 1091 Garu.
2009 1039 2092 1102 llI,
2143 1055 2192 1108 p.
2233 1038 2358 1093 165.
2406 1036 2469 1091 V.
2503 1054 2663 1107 supra
2715 1043 2801 1094 tibi
2836 1060 2887 1096 ιι.
2926 1042 2969 1096 Χ
3024 1044 3091 1096 de
3141 1042 3385 1109 epistolis

1806 1131 2089 1200 agebatur,
2144 1136 2209 1186 ad
2246 1132 2407 1186 linem
2444 1140 2652 1194 notata,
2693 1131 2779 1184 ubi
2823 1147 3037 1201 quoque
3072 1132 3256 1187 Ba-ilii
3293 1149 3379 1198 ep.

1804 1220 1870 1274 ad
1904 1220 2271 1289 Apollinarem
2305 1221 2673 1277 Laotliceuum
2706 1223 3054 1290 supposititia
3084 1223 3245 1277 allata
3278 1234 3380 1276 est.

1801 1346 1871 1356 -
1904 1313 2141 1382 Epistula
2181 1316 2247 1367 ad
2281 1316 2645 1370 Theodosium
2698 1314 2851 1383 imp.,
2886 1329 2970 1383 ap.
3007 1313 3174 1369 Gurn.
3202 1316 3288 1383 III,
3321 1333 3376 1385 p.

1801 1406 1904 1459 466
1944 1424 2051 1477 sq.,
2098 1410 2239 1462 inter
2274 1410 2493 1477 spurias
2541 1424 2604 1463 ex
2651 1407 2911 1462 Cotelerii
2949 1408 3184 1461 Monum.
3225 1409 3372 1463 Eccl.

1800 1496 2019 1561 Gra'car,
2067 1509 2195 1553 tom.
2235 1499 2298 1563 ll,
2337 1515 2388 1568 p.
2419 1499 2507 1552 97.
2558 1500 2732 1566 Atque
2763 1501 2815 1554 in
2868 1502 3109 1569 margine
3138 1513 3374 1564 notatur,

1797 1591 1932 1646 alias
1965 1592 2066 1661 legi
2124 1601 2329 1645 tantum
2366 1590 2443 1661 τῷ
2494 1589 2721 1661 βασιλεῖ.
2776 1593 3124 1647 Tillemontio
3155 1593 3373 1661 quidem

1797 1685 2009 1739 videtur
2044 1687 2154 1739 haec
2184 1684 2409 1754 epistola
2443 1682 2699 1751 juvenem
2743 1694 2797 1737 et
2848 1687 3117 1740 rhetorem
3149 1702 3255 1739 non
3279 1686 3375 1740 de-

1797 1776 2060 1839 dccuisse,
2107 1774 2262 1843 isque
2291 1774 2682 1840 Theodosium,
2720 1775 2805 1830 cui
2858 1776 3119 1845 inscripta
3153 1786 3235 1831 est
3260 1776 3376 1845 epi-

1794 1866 1953 1927 stola,
2006 1881 2113 1921 non
2165 1879 2416 1934 magnum
2453 1868 2600 1921 illutn
2662 1868 3045 1937 imperatorem
3092 1867 3367 1938 intelligit,

1794 1958 1888 2011 sed
1922 1958 2202 2025 praesidem
2231 1956 2464 2025 aliquem
2493 1957 2863 2025 Cappadociae.
2894 1960 2964 2013 At
2995 1960 3047 2013 in
3076 1969 3199 2013 nota
3238 1962 3363 2013 ani-

1794 2046 2080 2101 madverlit
2112 2050 2285 2102 editor
2311 2048 2584 2103 Benedict.
2630 2049 2680 2102 in
2719 2049 2806 2105 ed.
2846 2048 3012 2103 Garn.
3047 2063 3211 2106 totum
3248 2052 3366 2121 epi-

1790 2139 1982 2194 stolam
2026 2137 2207 2193 Basilii
2246 2142 2384 2211 stylo
2439 2152 2600 2210 atque
2655 2142 2865 2211 ingenio
2942 2156 3260 2211 repugnare,
3314 2153 3374 2200 et

1791 2228 1925 2281 alias
1981 2228 2197 2283 adducit
2243 2231 2482 2284 rationes
2526 2245 2748 2299 graves,
2788 2232 2984 2301 quibus
3028 2231 3371 2303 impugnata!-

1790 2321 2118 2377 'l‘illeiuontii
2166 2322 2451 2391 judicium,
2495 2334 2547 2378 et
2576 2324 2818 2380 litteram
2856 2339 2976 2381 esse
3004 2325 3367 2381 adulterinam

1790 2416 2212 2471 demonstratur.
2248 2415 2415 2471 IlsttL.

1858 2507 1976 2562 XX.
2023 2508 2268 2562 Rattoncs
2323 2509 2655 2579 syllogisticw
2690 2519 2871 2563 contra
2921 2510 3169 2575 Arianos,
3224 2512 3366 2581 quod

1789 2597 1959 2651 Filius
2008 2602 2070 2651 sit
2108 2598 2267 2659 Deus.
2316 2601 2565 2667 prodiere
2603 2610 2747 2652 tonio
2789 2598 2827 2651 ν
2872 2599 3176 2655 Lectionum
3227 2604 3369 2657 atati-

1786 2703 2011 2757 quarum
2048 2686 2214 2745 Henr.
2240 2688 2465 2753 Cunisii,
2497 2705 2617 2759 pag.
2657 2688 2891 2744 166ο171
2930 2690 3029 2761 (a),
3057 2699 3149 2745 sed
3175 2690 3369 2747 Latine

1789 2790 2022 2841 tantum,
2069 2780 2361 2849 interprete
2387 2781 2685 2835 Francisco
2726 2781 2986 2847 Turiano,
3025 2782 3084 2838 S.
3110 2783 3159 2839 «Ι.
3185 2781 3361 2853 lagoi-

1785 2872 1927 2925 stad.
1969 2869 2127 2935 £604,
2168 2870 2220 2924 4.
2273 2868 2443 2940 lucip.
2481 2870 2539 2925 Si
2567 2869 2740 2927 Filius
2779 2884 2855 2928 est
2890 2887 3082 2929 natura
3112 2873 3273 2944 Deus,
3313 2881 3366 2930 et

1786 2963 1948 3018 Pater
1968 2974 2041 3018 est
2082 2976 2273 3019 natura
2314 2964 2478 3031 Deus,
2521 2983 2621 3019 non
2664 2977 2738 3019 est
2787 2967 2927 3020 alius
2976 2966 3116 3021 Deus
3164 2965 3362 3022 Filius.

1785 3054 1948 3108 Fasti.
1977 3052 2031 3105 lu
2059 3054 2228 3107 schol.
2266 3054 2333 3107 ad
2367 3054 2628 3124 Eutliym.
2657 3053 2984 3123 Zigabenum
3014 3056 3215 3110 citatur
3237 3057 3266 3110 ὁ
3289 3057 3365 3111 te-

1711 3189 1752 3245 c
1790 3151 1880 3217 pb;
1912 3146 2007 3199 καὶ
2035 3146 2208 3217 μέγας
2242 3145 2521 3208 Βασίλειος
2550 3147 2606 3198 ὲν
2634 3148 2746 3209 τοῖς
2774 3145 3175 3219 Συλλογισμοῖς,
3202 3159 3366 3219 atque

1792 3240 1863 3293 cl.
1893 3238 2129 3292 Matthxi
2184 3238 2335 3308 praef.
2367 3240 2431 3291 ad
2460 3236 2623 3293 Ettth.
2652 3238 2837 3308 Zigab.
2864 3251 3158 3294 continent.
3186 3242 3241 3293 in
3271 3237 3357 3295 IV

1783 3329 2096 3399 Evangelia,
2130 3339 2259 3384 tom.
2287 3330 2323 3394 Ι,
2381 3344 2501 3399 pag.
2534 3328 2621 3394 19,
2660 3339 2772 3383 ιιοι.
2813 3330 2867 3394 9,
2910 3334 3235 3398 sttspiCatttr,
3277 3330 3362 3384 in-

1780 3423 1942 3493 telligi
1968 3423 2185 3485 librum,
2220 3420 2463 3474 Rationes
2487 3421 2747 3491 syllogist.
2779 3430 2887 3475 etc.
2936 3418 3107 3473 ΙΙΑιιι..

1850 3510 1985 3565 XXI.
2025 3510 2321 3563 Pttilocalia
2344 3525 2374 3564 e
2404 3512 2620 3580 scriptis
2656 3510 2904 3581 Origenis
2953 3512 3278 3565 concinnata
3319 3526 3349 3565 a

1774 3602 1972 3657 Basilio
2002 3611 2057 3656 et
2110 3600 2475 3667 Nazianzeno,
2523 3613 2579 3654 ut
2611 3603 2719 3656 dixi
2768 3602 2860 3656 lib.
2891 3618 2939 3662 ν.
2988 3616 3105 3669 cap.
3140 3601 3161 3656 I
3200 3599 3347 3674 [pag.

1773 3694 1871 3747 2⁸21
1907 3710 1991 3763 sq.
2025 3693 2111 3746 Vol
2140 3692 2271 3765 VII].
2293 3694 2465 3749 FABR.
2491 3694 2663 3747 Codd.
2698 3695 2749 3745 in
2774 3694 2880 3745 vol.
2919 3693 2998 3746 VII
3030 3697 3122 3751 cit.
3152 3710 3359 3747 lllt'lno-

1780 3786 1915 3839 ratis
1948 3786 2074 3841 add.
2124 3788 2249 3840 cod.
2289 3789 2586 3857 Augustan.
2631 3785 2843 3840 Vindel.
2885 3789 3175 3840 secundum
3218 3785 3351 3839 lici-

1775 3878 1880 3932 seri
1934 3878 2164 3933 indicctn
2216 3895 2345 3934 mss.
2399 3878 2530 3933 bibl.
2563 3877 2813 3946 August,
2869 3895 2921 3944 p.
2953 3877 3040 3931 38.
3091 3878 3263 3941 n.4tl,
3299 3887 3356 3932 et

1774 3970 1962 4027 Iledic.
1998 3972 2250 4026 Laurent.
2284 3970 2398 4036 XV,
2428 3972 2558 4041 plut.
2588 3970 2643 4033 4,
2690 3971 2745 4022 in
2778 3984 2886 4037 quo
2928 3970 3259 4037 qua-stiones
3298 3970 3354 4024 in

1773 4064 1877 4115 duo
1905 4063 2071 4117 libros
2099 4063 2310 4131 partita:
2332 4074 2492 4126 sunt;
2528 4060 2685 4130 primi
2715 4060 2835 4115 libri
2867 4064 3195 4131 quaestiones
3230 4062 3380 4116 sunt'

1773 4154 1916 4215 XXI.
1944 4154 2164 4207 secundi
2211 4164 2388 4207 autem
2429 4151 2564 4218 XII;
2616 4154 2943 4207 adnotantur
2982 4169 3197 4223 quoque
3240 4155 3355 4209 suis

1773 4242 1905 4297 locis
1941 4226 2086 4298 varia
2108 4244 2355 4311 ()rigeuis
2384 4259 2569 4314 opera,
2604 4259 2633 4298 e
2658 4246 2858 4314 quibus
2893 4246 3245 4298 auctoritates
3274 4245 3342 4298 ad

1774 4336 2054 4390 solvendus
2112 4339 2441 4406 quaestiones
2501 4349 2723 4406 sumpta:
2769 4346 2915 4392 sunt.
2966 4334 3031 4389 V.
3071 4337 3221 4404 plura
3280 4336 3333 4390 in

1775 4427 2001 4482 Baudini
2039 4428 2155 4483 Cat.
2213 4430 2363 4484 codd.
2404 4430 2498 4485 Gr.
2534 4428 2718 4493 Taun,
2754 4427 2796 4491 1,
2831 4444 2951 4497 pag.
2978 4427 3100 4482 540.
3164 4428 3217 4482 Ιιι
3249 4428 3339 4482 ed.

138 4493 319 4595 (ira-ce,
347 4515 397 4568 p.
441 4501 635 4555 28-57.
680 4499 871 4571 Incipit
905 4520 917 4555 ε
949 4503 1022 4555 Οὐ
1064 4488 1223 4555 λυπεῖ
1265 4519 1331 4572 με
1370 4501 1671 4565 ἐλάττωσις

1785 4518 1962 4573 Tarini
1998 4522 2157 4577 unico
2190 4531 2392 4575 tantum
2424 4522 2583 4585 libro,
2617 4522 2669 4574 in
2698 4536 2822 4574 XXVI
2844 4535 2997 4590 capp.
3034 4521 3347 4585 distributo,

134 4582 220 4638 τῶν
246 4590 618 4646 συνελθόντων.
645 4590 796 4646 Hauc
821 4608 1033 4662 quoque
1060 4592 1140 4665 [ιιι
1170 4591 1524 4665 superiorem]
1549 4605 1675 4647 ante

1785 4614 2084 4666 continetur
2125 4610 2437 4666 Pliilocalia.
2473 4582 2655 4664 Turini
2687 4612 2797 4674 ed.,
2823 4582 2982 4681 quam
3022 4612 3072 4664 in
3102 4582 3349 4665 manibus

136 4674 419 4773 (Eotelerium
450 4696 695 4739 verterat
730 4684 1031 4755 Latineque
1062 4686 1308 4739 ediderat
1344 4685 1674 4739 Franciscus
1779 4702 1971 4767 habeo,
2003 4705 2256 4773 inscripm
2290 4714 2373 4758 ρει
2417 4721 2430 4756 τ
2476 4700 2713 4772 origani,
2751 4674 3056 4755 Αάάηιαηιεε
3087 4700 3346 4753 philo“-

136 4766 453 4832 Combelisius
481 4779 533 4831 in
568 4777 889 4832 Ecclesiaste
914 4777 1121 4844 Graeco,
1152 4780 1239 4848 qui
1271 4778 1383 4832 loca
1426 4780 1670 4848 quredam

136 4856 252 4915 illius
281 4864 503 4920 illustrat
539 4879 674 4920 tom.
708 4866 725 4920 I
752 4867 943 4921 Basilii
984 4870 1240 4933 recensiti,
1271 4885 1324 4937 p.
1355 4869 1444 4926 21.

192 4950 311 5011 XIX.
345 4958 418 5010 Ad
455 4961 850 5027 Apollinarium
898 4961 1133 5029 epistolte
1166 4962 1303 5025 dum.
1347 4977 1558 5031 unaque
1603 4963 1666 5015 ad

137 5042 375 5102 Libanium
405 5070 417 5105 :
460 5054 526 5105 ad
568 5053 932 5108 Theodosium
968 5054 1097 5123 imp.
1129 5069 1257 5118 una,
1295 5066 1349 5109 et
1378 5056 1493 5109 dua:
1530 5071 1668 5109 com-

138 5140 423 5196 tuendatitia»
452 5144 519 5197 ad
555 5145 845 5208 incertum,
886 5147 1072 5201 Graece
1110 5156 1164 5199 et
1196 5146 1388 5202 Latine
1415 5148 1570 5202 edita:
1602 5151 1667 5201 ab

136 5234 290 5284 eodem
316 5234 584 5290 Cotelerio
633 5247 761 5289 tom.
792 5238 831 5291 ll
867 5236 1253 5291 Moaumentor.
1299 5254 1419 5308 pag.
1448 5239 1517 5293 84
1548 5254 1661 5308 seq.

137 5330 219 5371 una
249 5337 359 5377 cum
405 5326 731 5394 Apollinarii
778 5328 940 5385 binis.
970 5330 1303 5398 tutidemque
1354 5329 1564 5385 Libanii
1597 5333 1663 5384 ad

139 5405 355 5468 liasilium
388 5418 632 5486 epistolis
664 5427 715 5470 et
750 5434 853 5472 una
890 5421 955 5474 ad
986 5422 1233 5475 eumdem
1270 5422 1657 5491 Amphilochii.

136 5492 298 5570 Paris,
328 5505 481 5572 1681,
531 5508 587 5561 4.
642 5507 910 5577 Epistolas
970 5522 1182 5566 mutuas
1240 5513 1555 5582 Apollinarii
1612 5525 1666 5569 et

191 5662 254 5729 la)
282 5664 391 5739 sec.
422 5679 529 5723 vet.
559 5670 649 5724 ed.
704 5667 996 5739 lugolstad.
1035 5688 1085 5725 a.
1116 5672 1441 5736 1601-1604,
1479 5676 1570 5730 sed
1611 5678 1661 5729 in

136 5724 342 5813 gasnagii
370 5741 591 5807 repetita
633 5724 944 5807 tnutautaque
972 5724 1206 5813 etraucta
1231 5724 1342 5797 Sed:

139 5795 392 5860 lhesairus
429 5795 893 5865 monumentorum
951 5795 1262 5867 ecclesiast.‘
1286 5795 1334 5867 et
1363 5795 1659 5872 ἦξε-ιι).ἷίξῖ

1774 4794 1868 4858 Ιία,
1902 4800 1965 4849 tle
2005 4795 2239 4847 obscuris
2289 4794 2345 4847 S.
2382 4792 2667 4861 Scriptura:
2706 4794 2853 4853 locis,
2898 4810 2928 4844 a
2962 4789 3020 4845 S.
3067 4792 3129 4845 S.
3177 4789 3240 4845 P.
3276 4790 3345 4845 I’.

1772 4884 1971 4940 Basilio
2002 4886 2075 4940 Μ.
2122 4898 2175 4940 et
2199 4884 2447 4955 Gregorio
2491 4886 2772 4953 Tlteologo,
2821 4900 2885 4938 ea:
2911 4886 3065 4938 variis
3098 4882 3344 4952 Origestis

1774 4977 2164 5029 commentariis
2192 4988 2450 5043 excerpta.
2475 5006 2544 5018 —-
2573 4974 2766 5029 Omnia
2803 4992 2937 5029 nunc
2963 4976 3182 5044 primum
3203 4973 3347 5030 ϐιω-

1774 5082 1831 5119 ce
1852 5066 1991 5119 edita
2020 5083 2084 5121 ea:
2117 5068 2241 5121 bibl.
2288 5066 2468 5137 Regia,
2518 5084 2674 5137 opera
2702 5079 2748 5121 et
2796 5069 2969 5121 studio
3017 5066 3107 5120 Jo.
3136 5065 3341 5131 Turini,

1772 5159 2057 5227 Andegavi,
2087 5160 2176 5229 qui
2197 5172 2241 5213 et
2270 5158 2461 5213 Latina
2491 5160 2612 5228 fecit
2649 5171 2694 5213 et
2734 5161 2869 5213 notis
2904 5158 3207 5211 illustravit.
3231 5156 3306 5211 Ltt
3327 5187 3340 5197 ο

1774 5258 1867 5302 tet.
1909 5248 2081 5305 Paris.
2131 5268 2217 5321 ap.
2264 5253 2475 5307 Sebast.
2509 5253 2805 5323 Cramoisy.
2848 5250 3005 5311 1624.
3036 5253 3090 5305 4.
3158 5251 3341 5307 Atlditi

1770 5345 1896 5392 sunt
1953 5340 2071 5393 libri
2108 5341 2385 5397 Zachariae
2436 5342 2753 5398 Scholastici
2790 5342 2865 5395 De
2899 5343 3081 5395 mundi
3132 5342 3347 5409 opiﬁcio

1771 5442 1961 5487 contra
1993 5434 2341 5503 philosomtos
2378 5438 2616 5506 disput.;
2667 5434 2965 5497 Anastasii,
3009 5433 3336 5504 presbyteri.

1773 5524 1846 5577 De
1874 5525 2100 5579 hominis
2126 5529 2194 5579 ad
2235 5530 2509 5600 imaginem
2536 5528 2631 5582 Dei
2660 5527 2922 5581 creatione
2944 5525 3079 5579 liber
3108 5534 3162 5579 et
3189 5525 3338 5579 celer-

1768 5700 1905 5809 :t7uia,
1926 5688 2217 5813 mediam.
2248 5691 2288 5756 l,
2317 5690 2545 5748 Amstel.
2584 5689 2745 5754 I725.
2766 5688 2880 5755 τοι..
2908 5704 2963 5744 ιι.
2990 5686 3043 5755 6,
3071 5702 3191 5758 pag.
3218 5686 3319 5753 169
