4066 6314
708 392 918 437 causa
2072 373 2314 427 PROLI-lt

2072 373 2600 427 PROLEGOMENA.

712 494 803 549 hic
832 489 1166 561 appellantur
1199 489 1485 563 Erucium;
1515 495 1831 563 namhmulto
1860 488 2479 563 pluresinvcniebantur
2519 490 2805 563 descriptis
2839 491 3027 563 inuno
3070 493 3255 547 codice
3284 508 3441 562 quam
3479 493 3533 546 in
3582 492 3810 563 reliquis
3843 492 3934 549 tri-

715 564 837 625 bus,
862 560 1256 632 apparebatque
1301 560 1361 614 in
1386 561 1560 631 pinnis
1595 560 1694 614 illis
1728 562 2019 613 diversitas
2053 560 2299 632 loquendi
2338 576 2367 632 a
2394 561 2583 627 primis
2610 570 2664 613 et
2693 561 3069 616 nmmullarum
3108 560 3403 617 dictionum
3440 564 3667 622 novitas.
3704 560 3934 617 inecnon

716 631 973 686 vocabula
1010 634 1249 701 quaedam
1284 632 1567 701 peregrina
1597 641 1651 684 et
1695 632 1929 699 vulgaria
1964 632 2031 683 ab
2065 646 2129 682 eo
2184 631 2298 701 loco
2354 631 2547 701 legere
2583 631 2989 700 incipiebamus,
3046 634 3134 686 tibi
3191 634 3417 687 aliorum
3468 634 3717 688 codicum
3774 648 3935 701 potum

718 700 1058 766 desinebani,
1090 702 1206 756 inec
1236 700 1437 764 tamen,
1475 704 1614 771 sicut
1642 701 1692 755 in
1721 701 1811 753 illo
1840 702 2021 754 codice
2075 700 2397 763 invenimus,
2438 701 2488 752 in
2525 700 2627 752 fine
2673 702 2840 767 posita
2872 714 3016 767 sunt,
3043 719 3108 757 ne
3139 705 3265 769 quid
3297 705 3507 758 deesset
3552 703 3635 756 his
3659 704 3751 771 qui
3780 700 3934 757 etiam

720 772 918 826 talibus
948 784 1093 826 recte
1121 775 1195 825 uti
1232 781 1517 826 noverunt.
1554 769 1958 825 Observabatur
1993 772 2208 838 insuper
2246 771 2499 823 nonnulla
2532 771 2824 823 diversitas
2856 788 2995 828 nunc
3024 776 3334 834 verborum,
3368 789 3509 827 nunc
3545 769 3931 827 sententiarum

718 844 861 896 inter
896 843 1007 912 ipsa
1040 844 1525 912 exemplaria,qua
1555 842 1606 895 in
1638 856 1693 893 re
1728 842 1977 910 quamvis
2012 842 2187 912 tutius
2215 841 2486 912 videretur
2516 843 3171 912 propnsituniutrumque
3204 846 3475 907 servandi,
3518 854 3572 897 et
3612 843 3661 894 in
3696 844 3935 911 margine

716 910 1083 973 describendi,
1115 924 1169 964 ut
1198 914 1360 966 Iihera
1391 911 1619 965 facultas
1652 913 1871 964 daretur
1894 911 2091 982 iectori
2124 910 2351 977 eligendi
2387 912 2751 982 quodvellet;
2784 910 2911 980 quia
2947 910 3122 966 tamen
3152 916 3330 969 hocin
3372 916 3563 982 primis
3593 912 3756 979 hujus
3790 910 3931 966 volu-

716 983 879 1037 minis
905 983 1111 1053 paginis
1152 986 1311 1037 nimis
1369 982 1527 1035 anxie
1568 992 1839 1053 servatum
1886 979 2053 1053 fuisse
2098 981 2417 1053 quibusdam
2462 980 2764 1053 videbatur,
2803 979 2931 1034 rem
2969 987 3039 1035 ita
3071 983 3343 1053 Adeinceps
3372 979 3837 1053 tetuperavimus,
3880 992 3933 1037 ut

715 1053 954 1105 adhibita
981 1050 1520 1120 majori-diligentia,
1578 1052 1754 1105 minus
1787 1065 1927 1117 saepe
1968 1052 2020 1103 in
2061 1051 2280 1121 reliquis
2317 1050 2417 1103 hoc
2470 1050 2649 1105 facere
2687 1067 3031 1121 cogeremur.
3071 1050 3451 1108 Verumtamen
3505 1050 3683 1121 neque
3742 1053 3797 1105 in
3854 1054 3931 1108 his

712 1137 888 1189 neque
931 1123 984 1175 in
1034 1123 1153 1175 aliis
1209 1137 1444 1190 unquam
1504 1121 1925 1188 suppletionibus
1983 1120 2184 1172 nostris
2213 1128 2305 1171 aut
2346 1120 2811 1192 emendationibus
2853 1123 3015 1176 etiam
3052 1123 3375 1192 syllabarum
3406 1124 3489 1177 vel
3537 1120 3927 1177 elementorum

715 1193 992 1262 proprium
1018 1208 1234 1245 sensum
1276 1192 1444 1245 secuti
1470 1206 1678 1255 sumus,
1715 1192 1807 1244 sed
1838 1191 2527 1262 exemplariorumtantum
2555 1191 2709 1245 fidem
2744 1203 2907 1262 atque
2933 1191 3278 1247 consensum.
3312 1195 3416 1248 Sed
3440 1206 3492 1248 et
3529 1194 3577 1247 in
3610 1192 3928 1260 quibusdam

711 1258 924 1326 eorum,
952 1261 994 1316 si
1036 1278 1138 1330 qua
1175 1262 1459 1331 aliquando
1484 1262 1635 1316 nobis
1668 1271 1853 1314 exorta
1899 1260 2207 1325 (Iillicultas,
2231 1258 2313 1311 vel
2345 1273 2478 1331 quae
2502 1274 2603 1331 non
2636 1258 2922 1316 admodum
2976 1264 3109 1318 levis
3139 1263 3409 1318 videretur
3437 1258 3705 1317 dubitatio
3743 1277 3931 1316 occur-

709 1334 891 1396 risset,
924 1329 1065 1385 idem
1095 1329 1428 1386 servavimus
1463 1348 1475 1383 :
1510 1346 1629 1384 nam
1656 1331 1937 1385 confestim
1969 1334 2380 1402 recurrebamus
2401 1329 2481 1402 ad
2506 1330 2626 1402 viga
2651 1333 3003 1402 exemplaria,
3037 1334 3137 1387 hoc
3168 1343 3251 1386 est
3288 1334 3351 1387 ad
3388 1334 3533 1388 viros
3558 1334 3807 1388 eruditos
3832 1347 3929 1386 non

709 1402 885 1456 solum
930 1403 1124 1455 litteris
1164 1418 1229 1455 ac
1258 1403 1557 1473 linguarum
1592 1402 2017 1473 peritia,verum
2048 1401 2211 1453 etiam
2252 1399 2352 1473 sub
2395 1399 2523 1467 jugo
2555 1398 2754 1473 Christi
2795 1398 2848 1456 et
2899 1404 2949 1456 in
2982 1398 3236 1473 religione
3281 1404 3495 1458 assidua
3541 1404 3931 1458 exercitatione

712 1482 953 1527 versatos
986 1490 999 1525 ε
1035 1474 1395 1544 (μιοενοριίιῃθ
1441 1472 1590 1544 novit
1618 1472 1893 1539 diligitque
1927 1472 2091 1544 etiam
2126 1470 2420 1544 paternitas
2452 1479 2561 1522 tua.
2625 1470 2746 1544 Haec
2774 1483 2950 1544 tamen
2986 1470 3241 1544 non'jideo
3276 1474 3501 1528 dicimus
3528 1480 3653 1544 quia
3702 1476 3932 1528 arbitre-

710 1558 834 1596 mur
868 1558 966 1596 nos
997 1543 1089 1612 tali
1118 1539 1391 1608 diligentia
1416 1541 1595 1594 omnia
1624 1551 1915 1603 assccutos,
1944 1540 2029 1591 vel
2053 1540 2194 1605 quod
2228 1539 2539 1612 ignoremus
2558 1541 2747 1612 ‘adbuc
2778 1543 3066 1609 plurimum
3105 1543 3206 1595 loci
3248 1539 3628 1608 remanere,‘in
3666 1560 3777 1612 quo
3809 1556 3928 1597 sese

709 1612 938 1665 aliorum
970 1611 1232 1665 industria
1261 1619 1381 1679 post
1414 1621 1638 1682 conatus
1668 1608 2355 1682 nostrospexercerepossit
2393 1623 2490 1682 pro
2545 1609 2743 1682 Christi
2782 1608 2952 1682 gloria
2986 1623 3040 1666 et
3069 1613 3297 1681 proximi
3333 1614 3562 1667 utilitate
3592 1629 3606 1665 :
3640 1608 3830 1668 verum
3862 1615 3929 1666 ita

706 1696 1214 1743 commemoramus,
1249 1678 1303 1732 ut
1337 1694 1433 1749 per
1461 1694 1521 1732 ea
1554 1679 1763 1752 aliquos
1789 1680 2085 1752 ettcitemus
2108 1678 2559 1752 ad_zemu|andum
2584 1694 2683 1733 nos
2708 1678 2841 1752 bona
2860 1678 3224 1747 aemulatione,
3251 1697 3710 1752 provocemusque
3735 1683 3930 1737 fratres

705 1762 922 1807 nostros
947 1754 1013 1803 ad
1041 1752 1093 1804 id
1126 1765 1250 1823 cum
1286 1748 1546 1823 charitatg
1594 1749 1943 1823 supplendum
1968 1759 2034 1823 ei
2059 1748 2430 1823 corrigendum
2480 1750 2531 1823 in
2578 1764 2686 1817 quo
2733 1750 2865 1823 lapsi
2894 1768 3099 1807 sumus.
3132 1748 3300 1823 Igitur
3332 1754 3444 1823 haec
3474 1754 3543 1804 ita
3580 1748 3642 1807 se
3685 1754 3925 1815 habent;

706 1836 849 1901 nunc
878 1830 1089 1901 uetera
1113 1820 1460 1901 explicemus.
1499 1819 1645 1901 Opus
1672 1823 1843 1901 ipsum
1870 1820 2133 1899 dividitur
2161 1820 2211 1872 in
2245 1828 2427 1901 partes
2451 1820 2651 1889 plures,
2686 1819 3006 1901 sed’tneiius
3038 1831 3122 1877 est
3161 1819 3226 1901 ut
3272 1821 3418 1901 prius
3459 1833 3627 1875 totum
3678 1823 3924 1901 volumen

705 1892 1024 1946 dividamus.
1075 1890 1127 1943 In
1184 1895 1284 1944 hoc
1318 1890 1590 1943 volumine
1637 1890 1735 1943 tria
1768 1904 1927 1958 opera
1963 1890 2325 1959 continentur,
2358 1892 2497 1943 inter
2537 1904 2594 1944 se
2620 1891 2833 1957 quidem
2878 1893 3112 1957 diversa,
3148 1893 3387 1959 ejusdem
3435 1901 3609 1944 tamen
3670 1894 3926 1951 auctoris.

704 1961 951 2014 videlicet
975 1960 1324 2028 primumcth
1345 1959 1677 2030 ἁσκητικῶν,
1710 1963 2001 2013 secundmn
2042 1958 2115 2011 De
2151 1960 2471 2030 virginitate,
2504 1962 2718 2014 tertium
2743 1973 2925 2015 contra
2955 1958 3291 2016 Eunomi’um.
3325 1960 3502 2015 Primo
3517 1962 3932 2030 operiannexus

707 2041 789 2086 cst
820 2039 1085 2084 tractatus
1119 2030 1427 2084 Ethicorum
1451 2028 1705 2083 collectus
1740 2031 2076 2100 potissimum
2100 2043 2167 2100 ea
2200 2028 2487 2100 Evangelio
2515 2041 2568 2084 et
2590 2031 2867 2099 Apostolo.
2896 2032 3146 2089 Secundo
3178 2033 3251 2085 De.
3281 2028 3577 2100 virginitate
3618 2032 3930 2099 adjungitur

706 2116 886 2172 sermo
924 2100 1001 2154 De
1022 2102 1288 2172 paradiso.
1315 2096 1928 2172 'l‘ertioaddituretiam
1966 2098 2167 2164 aliquid
2214 2098 2272 2172 in
2308 2096 2411 2152 line
2437 2111 2619 2172 contra
2641 2096 3009 2165 Sabellianos,
3042 2118 3159 2172 qua:
3191 2096 3377 2172 omnia
3407 2103 3482 2172 ah,
3525 2104 3624 2155 hoc
3659 2096 3928 2172 pontiﬁce

708 2171 877 2224 fuisse
907 2171 1203 2243 composita
1234 2185 1405 2243 nemo
1423 2171 1648 2243 dubitat.
1692 2170 1765 2243 [)e
1799 2173 1969 2243 primo
2011 2177 2071 2243 _e_t
2101 2168 2262 2243 tertio
2290 2172 2532 2243 meminit
2572 2171 2761 2243 beatus
2788 2168 3144 2243 Hieronymus
3174 2173 3225 2226 in
3278 2171 3411 2225 hbro
3455 2171 3531 2225 De
3560 2168 3925 2225 ecclesiasticis

704 2241 1065 2312 scriptoribus.
1100 2241 1179 2312 De
1205 2241 1442 2295 secundo
1472 2241 1661 2312 beatus
1687 2236 1982 2312 Gregorius
2006 2236 2382 2312 Nazianzenus
2413 2240 2468 2312 in_
2515 2240 2761 2295 laudibus
2804 2236 3004 2297 Basilii
3042 2245 3144 2305 sui,
3179 2257 3488 2312 quanquam
3535 2258 3633 2296 nec
3688 2246 3926 2310 primunt

702 2311 776 2365 ibi
798 2306 954 2385 tacei
968 2310 1183 2385 onutino
1207 2326 1305 2365 nec
1338 2312 1554 2385 tertium
1585 2328 1596 2362 :
1632 2311 1755 2364 dum
1789 2309 2014 2385 alterum
2040 2323 2308 2385 πρακτικρ

2325 2306 2397 2373 ὃς,
2422 2309 2646 2362 alterum
2661 2312 3080 2385 ἀπιρῤητικοὺς
3107 2306 3297 2381 λόγους
3324 2306 3550 2385 appellat
3577 2312 3673 2385 κᾳὶ
3691 2306 3931 2383 ’σοδομι-

701 2381 854 2465 trtbe
885 2379 1015 2451 πῦρ.
1052 2380 1237 2465 itaque
1266 2390 1323 2434 ut
1351 2381 1414 2465 ad
1438 2381 1673 2465 primum
1698 2381 2011 2465 redeamus,
2039 2391 2157 2448 post
2178 2380 2307 2465 pi'oh

2324 2393 2458 2449 igum
2492 2379 2853 2465 etnonnhuil'o's
2880 2379 3161 2439 sermones
3182 2379 3516 2465 diuitiis-timur;
3542 2382 3636 2435 καὶ
3667 2379 3930 2465 παρα-ὑη-

701 2451 889 2515 τικούς
915 2449 1154 2519 sequitur
1187 2452 1489 2518 homologia
1536 2449 1809 2504 catholicae
1840 2450 1995 2519 fidei;
2047 2460 2167 2519 post
2218 2450 2356 2504 banc
2384 2457 2644 2503 tractatus
2688 2449 2991 2506 Ethicorum
3020 2467 3179 2520 quem
3220 2449 3473 2519 diximus,
3505 2458 3587 2507 cui
3633 2449 3929 2509 succedunt

702 2526 864 2577 etiam
894 2521 982 2593 alii
1013 2535 1286 2575 seruientes
1313 2519 1783 2593 dquetxoi,_inde
1814 2530 2002 2576 auctor
2032 2533 2308 2593 peraeque:

2322 2533 2361 2572 IS
2414 2520 2828 2593 tractatumjrﬁ;
2861 2519 3169 2593 ἀσκήσεως,
3202 2538 3298 2592 per
3347 2523 3822 2592 interrogationem
3876 2533 3928 2575 ct

706 2591 1112 2660 responsionem
1144 2605 1264 2643 eum
1313 2589 1560 2644 bifariam
1594 2590 1817 2655 dividit;
1850 2603 1972 2642 nam
2002 2591 2175 2660 primo
2218 2590 2326 2658 agit
2365 2603 2479 2660 rem
2528 2589 2802 2660 copiosius
2851 2606 2945 2659 per
2992 2589 3373 2657 responsiones
3436 2607 3529 2645 seu
3563 2589 3929 2647 definitiones

706 2656 967 2730 quasdam
1004 2660 1245 2724 latiores,
1276 2675 1435 2728 quam
1468 2668 1669 2727 partem
1701 2660 1814 2726 ipse
1859 2656 2087 2726 appellat
2118 2656 2277 2729 ὃρουξ
2312 2658 2453 2711 κατὰ
2485 2656 2708 2730 πλάτος,
2752 2656 2988 2713 secundo
3019 2656 3364 2730 contractius
3404 2676 3499 2729 per
3546 2664 3928 2728 responsiones

703 2732 1000 2791 breviores,
1020 2730 1169 2801 hanc
1206 2739 1354 2784 vocat
1382 2732 1498 2783 κατ’
1526 2730 1788 2801 ἐπιτομήν
1820 2746 1833 2782 :
1880 2733 2033 2785 tertio
2064 2731 2179 2784 loco
2220 2744 2309 2798 por

2316 2740 2487 2782 nuntur
2521 2729 2790 2794 διατάξεις
2822 2744 2955 2801 quas
2998 2729 3180 2801 dicere
3202 2730 3446 2801 solennis
3484 2732 3922 2801 constitutiones,

704 2803 861 2854 valde
905 2800 1121 2867 quidem
1175 2802 1333 2855 utiles
1386 2813 1441 2857 et
1492 2797 1811 2855 necessaria:
1846 2812 1957 2855 tum
2010 2797 2287 2864 solitariis,
2324 2810 2435 2852 tum
2479 2802 2640 2853 etiam
2694 2800 2995 2855 ctenobitis.
3048 2799 3304 2867 Sequitur
3336 2797 3529 2851 deinde
3585 2800 3815 2868 epistola
3861 2804 3925 2853 ad

705 2872 984 2924 Chilonem
1020 2871 1258 2937 ejusdem
1292 2886 1455 2941 prope
1485 2872 1806 2940 argumenti,
1838 2886 1958 2925 cum
1992 2872 2094 2923 alia
2127 2870 2193 2922 ad
2233 2870 2568 2941 monachum
2604 2869 2809 2940 lapsqu
2846 2886 2859 2923 :
2893 2882 3165 2940 postremo
3213 2879 3489 2941 ponuntur
3513 2882 3794 2941 sefntones
3823 2870 3929 2941 duo

704 2941 782 2995 De
806 2941 1091 3008 baptismo;
1128 2956 1250 2995 nam
1281 2937 1335 2994 ἐι
1366 2937 1461 2996 lies
1488 2937 1787 2995 invenimus
1810 2942 1861 2993 in
1886 2941 2064 2994 multis
2091 2939 2509 3010 exemplaribus.
2539 2937 2724 3010 Part—es
2751 2937 2930 3010 igitur
2972 2943 3149 3010 operis
3177 2938 3286 2991 τῶν
3321 2937 3636 3010 ἀπητικῷν
3680 2948 3737 2991 et
3770 2940 3925 3007 quasi

705 3012 950 3065 metnbra
979 3011 1147 3077 ipsius
1170 3012 1281 3063 fere
1315 3010 1429 3063 ha‘c
1455 3020 1599 3063 sunt.
1626 3010 1848 3074 Quanta:
1875 3022 2053 3064 autem
2086 3009 2333 3063 utilitatis
2381 3018 2435 3060 et
2481 3009 2811 3062 excellentiae
2852 3013 2923 3063 sit
2954 3009 3053 3065 hec
3087 3026 3220 3078 opus
3252 3011 3406 3064 facile
3450 3009 3830 3078 Intelligeuius,
3881 3010 3924 3061 si

707 3079 918 3135 titulum
947 3079 1111 3145 ipsius
1137 3080 1525 3132 attenderimus
1557 3081 2017 3146 intentionemque
2049 3078 2369 3144 scriptoris;
2406 3080 2635 3129 sumitur
2657 3080 2798 3130 enim
2833 3083 2899 3131 ab
2933 3094 2994 3132 ea
3025 3094 3080 3133 re
3121 3082 3176 3131 iu
3218 3095 3319 3146 qua
3361 3089 3637 3142 versatur,
3673 3078 3929 3133 videlicet

704 3155 774 3204 ab
810 3164 908 3202 usu
947 3156 1109 3215 atque
1143 3149 1533 3202 exercitatione
1557 3148 1805 3212 virtutis;
1847 3151 1891 3203 si
1926 3150 2139 3218 quidem
2170 3148 2346 3199 omnis
2372 3156 2599 3219 couatus
2628 3150 2861 3219 auctoris
2888 3149 2991 3219 huc
3022 3149 3354 3214 potissimum
3386 3149 3624 3219 respicit,
3658 3160 3716 3202 ut
3739 3149 3929 3203 doceat

705 3235 805 3276 nos
842 3234 945 3273 non
980 3219 1154 3289 modo
1183 3220 1307 3272 vitia
1342 3220 1524 3289 fugere
1567 3234 1630 3271 ac
1683 3215 2193 3287 virtutem—eligere,
2248 3217 2390 3286 quod
2442 3215 2557 3269 fere
2595 3230 2795 3289 omnes
2824 3215 3027 3269 faciunt
3059 3235 3072 3270 :
3106 3232 3289 3289 verum
3333 3215 3508 3289 ipsam
3552 3232 3833 3284 exercere,
3872 3230 3930 3273 ut

706 3291 914 3346 scilicet
945 3288 1115 3343 electa
1147 3290 1313 3344 semel
1341 3285 1539 3343 virtute
1569 3299 1882 3343 constanter
1911 3291 1963 3344 in
1998 3285 2066 3344 ea
2089 3285 2519 3359 perseveremus,
2554 3285 2786 3359 vivendo
2828 3296 2884 3340 et
2909 3286 3187 3359 operando
3218 3294 3275 3359 ut
3317 3285 3514 3359 decet;
3561 3303 3735 3359 neque
3781 3292 3930 3343 enim

706 3360 1005 3418 sufﬁciebat
1030 3360 1153 3413 huic
1181 3361 1294 3413 viro
1324 3361 1493 3414 malos
1529 3368 1733 3413 tantum
1767 3362 2037 3430 corrigere
2071 3356 2231 3426 atque
2263 3358 2464 3411 hortari
2500 3357 2567 3411 ad
2589 3357 2832 3430 bonum,
2872 3357 2974 3411 nisi
2999 3357 3163 3430 etiam
3200 3358 3415 3430 doceret
3439 3356 3551 3430 jam
3581 3356 3775 3421 bonos,
3817 3372 3929 3430 quo

704 3441 873 3501 pacto
898 3444 956 3483 se
981 3438 1316 3501 exercerent,
1342 3439 1403 3482 ut
1426 3426 1935 3501 fierentmelioresi
1956 3430 2313 3496 Quamobrem
2347 3441 2482 3501 cum
2525 3426 3011 3501 reiiquiauctores,
3059 3428 3310 3494 idemque
3350 3428 3452 3501 iste
3485 3427 3568 3501 vir
3597 3426 3850 3501 summus
3876 3429 3928 3480 in

707 3495 830 3554 aliis
863 3495 1107 3552 homi'liis
1136 3508 1191 3552 et
1223 3500 1542 3553 tractatibus
1576 3499 1689 3551 suis
1741 3495 2141 3568 interpretando
2170 3505 2225 3551 et
2246 3495 2521 3552 suadendo
2552 3496 2767 3568 virtutis
2792 3499 2932 3551 viam
2967 3507 3172 3552 tantum
3204 3498 3453 3551 ostendat
3481 3514 3495 3551 :
3532 3497 3584 3568 iu
3622 3497 3723 3550 hoc
3748 3510 3934 3568 opere

709 3579 866 3640 urget
892 3584 1010 3635 nos,
1032 3570 1307 3638 trahitque
1327 3571 1672 3624 vehementer
1702 3570 1767 3640 ad
1792 3565 1937 3623 recte
1963 3570 2269 3628 vivendum,
2294 3582 2358 3640 ac
2388 3569 2681 3640 secundum
2712 3567 2763 3621 id
2791 3568 2931 3640 quod
2974 3569 3309 3640 ostenderat,
3342 3566 3695 3640 operandam,
3727 3565 3932 3622 docens

698 3636 909 3710 quanto
955 3651 1172 3705 conatu,
1211 3636 1317 3708 quo
1346 3636 1838 3710 tempore,__quibus
1872 3640 2061 3710 modis,
2085 3651 2258 3710 quave
2308 3637 2605 3710 intentione
2632 3637 2839 3710 singula
2871 3652 2968 3710 nos
2999 3636 3628 3710 facere‘atque'evitare‘
3652 3644 3930 3707 oporteat,

710 3706 768 3765 tit
793 3710 932 3780 apud
968 3712 1131 3780 beum
1159 3706 1305 3764 recte
1331 3706 1511 3764 vivere
1536 3707 1860 3778 iudicemur,
1892 3717 1948 3760 et
1979 3708 2028 3759 in
2062 3707 2213 3780 nobis
2245 3706 2373 3780 ipsis
2401 3719 2501 3757 non
2533 3706 2832 3780 tam_v_ideri
2883 3708 3026 3771 boni,
3056 3706 3299 3780 vei_dici,
3322 3721 3483 3780 quam
3519 3706 3785 3780 exsistere
3830 3720 3929 3759 va-

709 3773 941 3835 leamus.
965 3778 1112 3833 Multi
1151 3782 1294 3833 enim
1325 3773 1582 3851 appetunt
1609 3788 1813 3833 rectum
1847 3793 1953 3833 non
1980 3784 2154 3851 recte,
2184 3773 2492 3851 faciuntque
2520 3777 2660 3843 quod
2690 3777 2891 3851 bonum
2918 3788 3123 3832 estnon
3158 3775 3315 3851 beite,
3341 3773 3541 3844 quibus
3569 3790 3665 3844 per
3690 3775 3930 3851 _Iloyse_u

708 3851 971 3906 Dominus
993 3851 1122 3903 dicit
1157 3869 1170 3903 :
1197 3841 1508 3920 Juste'tiuod
1524 3850 1728 3920 justum
1760 3860 1833 3903 est
1860 3846 2180 3918 persequeris
2206 3844 2244 3896 ³.
2277 3841 2458 3920 Primo
2482 3841 2660 3911 itaque
2692 3844 2806 3920 loco
2832 3848 2884 3920 in
2922 3855 3155 3920 tractaiu
3191 3841 3499 3920 causam
3542 3841 3932 3920 statuitpieni-

714 3922 940 3975 tentiam
968 3920 1124 3989 juxta
1163 3913 1595 3995 praedicationem
1630 3913 1946 3995 Salvatoris,
2008 3913 2261 3995 asserens
2305 3914 2467 3995 abnea
2512 3915 3231 3995 necessarioincipienduni
3260 3913 3932 3995 Qbristiano,___decta_rans

709 3994 872 4045 etiam
901 3981 1132 4059 tempus,
1163 3981 1374 4055 locum,
1409 3990 1735 4057 modumque
1788 3981 1957 4057 ipsius
2004 3998 2058 4041 et
2101 3987 2328 4059 fructus.
2360 3981 2873 4059 Deindedistinctis
2921 3981 3437 4059 diversisulldehum
3482 3983 3739 4059 gradibus
3770 3982 3933 4039 docet

706 4062 925 4114 ordines
955 4053 1094 4112 inira
1122 4053 1424 4115 Ecclesiam
1448 4053 1771 4114 constitutos
1797 4053 2125 4128 persequens
2148 4054 2410 4125 singulos.
2432 4053 2804 4128 piarimisque
2828 4055 3113 4109 sententiis
3140 4054 3272 4128 Novi
3304 4053 3638 4128 Testamenti
3678 4055 3736 4128 in
3764 4069 3930 4128 unum

709 4131 949 4186 collectis
984 4143 1146 4197 atque
1176 4131 1473 4199 dispositis,
1497 4129 1643 4184 elicit
1664 4123 1821 4199 exiis
1849 4123 1997 4181 varia
2016 4123 2345 4199 argumenta
2380 4124 2448 4199 ad
2476 4123 2788 4199 formandos
2808 4138 2988 4199 mores
3012 4130 3087 4199 et_
3107 4127 3172 4178 ad
3202 4124 3563 4199 cognitionem
3598 4123 3928 4192 pertinentia

708 4193 1149 4257 lucidissimae'ac
1176 4193 1513 4255 solidissima:
1538 4198 1781 4254 veritatis
1806 4200 1857 4252 in
1888 4193 2251 4252 obedientiam
2277 4197 2655 4266 mandatorum
2685 4194 2800 4266 Dei,
2830 4193 3029 4263 ubique
3056 4193 3259 4266 docetis
3291 4193 3613 4266 auctoritate
3639 4205 3766 4266 _nou
3807 4205 3929 4256 sua,

711 4272 807 4325 sed
835 4271 1260 4336 Scripturarum,
1284 4285 1388 4338 qua
1418 4271 1470 4322 in
1502 4285 1558 4323 re
1584 4270 1729 4323 locus
1762 4268 1852 4323 ille
1881 4268 2115 4322 maxime
2134 4264 2406 4338 excellere
2435 4260 2672 4338 videtur,
2698 4264 2790 4318 ubi
2827 4260 3172 4338 enumeratis
3195 4262 3310 4338 fere
3342 4262 3593 4317 omnibus
3613 4260 3932 4338 _Scrip_turc

713 4341 847 4394 locis
872 4328 1067 4408 quibus
1109 4328 1364 4394 Dominus
1400 4341 1664 4393 monendo
1694 4340 1775 4393 vel
1822 4336 2202 4407 praecipiendo,
2248 4343 2306 4408 u_t
2335 4333 2536 4408 aliquid
2580 4333 2696 4408 fiat,
2725 4336 2995 4408 promittit
3023 4334 3402 4408 obedientibus
3442 4328 3930 4408 pramiumjitam

712 4399 969 4465 aeternam
1003 4426 1018 4463 :
1053 4426 1174 4463 mox
1225 4425 1255 4464 e
1308 4411 1523 4477 regione
1572 4410 1705 4461 alios
1736 4399 1945 4473 staiuit,
1986 4399 2318 4477 recensendp
2348 4399 2540 4470 quibus
2564 4399 2767 4477 _verbis
2795 4404 3057 4477 quibusve
3101 4406 3279 4459 causis
3334 4399 3569 4477 mittetur
3600 4399 3925 4477 supplicium

716 4482 1233 4551 transgressoribus,
1274 4472 1608 4551 prohibendo
1640 4480 1740 4531 hoc
1769 4487 1861 4530 aut
1885 4478 2025 4551 aliud
2049 4478 2254 4551 neliat.
2288 4472 2390 4551 Per
2414 4488 2533 4541 qua:
2564 4472 2676 4527 haec
2701 4472 2883 4527 omnia
2928 4472 3932 4551 unumquemquelldeliumdeducens

714 4554 769 4605 in
794 4540 951 4604 tinetn
968 4540 1253 4619 proprium
1275 4540 1628 4617 professionis
1647 4563 1778 4613 suae,
1798 4549 2033 4619 ostendit
2058 4546 2234 4616 primo
2260 4540 2446 4619 quales
2470 4553 2852 4619 esseoporteat
2874 4558 2964 4619 eos
2992 4540 3187 4619 quibus
3215 4540 3527 4619 praedicatio
3544 4541 3691 4619 verbi
3725 4540 3929 4597 Christi

717 4613 1003 4675 commissa
1027 4613 1109 4673 est
1139 4622 1194 4673 in
1217 4613 1457 4689 Ecclesia
1486 4628 1540 4673 et
1569 4634 1697 4689 cura
1732 4618 1909 4689 gregis
1939 4613 2127 4687 ipsius,
2152 4624 2211 4689 ut_
2231 4614 2643 4689 veri_praepositl_
2679 4613 2807 4689 sint,
2840 4615 3063 4689 verique
3110 4613 3345 4689 episcopi
3375 4631 3392 4689 _:
3424 4613 3639 4689 deinde
3668 4626 3931 4689 expressa

716 4693 947 4762 imagine
972 4691 1280 4762 v_er-.e_lidei,
1314 4705 1377 4743 ac
1408 4688 1579 4762 forma
1610 4680 1894 4762 cujuslib'm
1915 4680 2245 4762 renasceniis
2266 4685 2317 4737 in
2341 4680 2577 4747 Christo,
2614 4684 2850 4737 declarat
2870 4680 2994 4762 quid
3031 4680 3459 4762 propriuu'lldei,
3491 4680 3618 4762 quid
3648 4680 3930 4762 proprium

715 4750 1032 4815 Christiani.
1089 4758 1222 4814 Hinc
1258 4750 1586 4828 interpositis
1612 4750 1929 4826 quibusdam
1959 4755 2294 4828 sermonibus
2335 4767 2659 4828 persequens
2710 4750 2987 4828 materiam
3017 4750 3111 4825 τῆς
3136 4750 3451 4825 ἀσκήσεως,
3498 4750 3932 4828 μςὶιιδξιιοῄιηιμι

717 4832 879 4884 latius
915 4830 1149 4893 disserit,
1189 4831 1379 4883 deinde
1397 4822 1643 4897 pressius
1673 4830 1899 4896 reliqua,
1931 4828 2071 4882 sicut
2092 4826 2293 4878 dictum
2328 4822 2431 4878 est.
2469 4824 2727 4891 Incipiens
2775 4825 2958 4892 itaque
2994 4839 3024 4877 a
3053 4822 3587 4892 duobus’przeceptis
3617 4822 3925 4897 charitaiis,

718 4902 771 4954 in
797 4900 989 4969 quibus
1016 4889 1191 4954 omnis
1216 4889 1472 4969 perfeciio
1502 4889 2070 4969 religionis'consistit,
2102 4896 2259 4969 docet
2288 4909 2349 4948 ea
2402 4909 2496 4969 per
2531 4889 2649 4969 qua;
2689 4889 2886 4969 corpus
2926 4898 3288 4969 animumun
3304 4889 3581 4969 exercere
3620 4889 3931 4969 quisdebet

717 4972 785 5023 ad
814 4959 1707 5037 acquirendam'exercendamque
1738 4959 2065 5020 charitateni
2101 4966 2191 5019 Dei
2237 4974 2290 5037 et
2337 4959 2587 5033 proximi,
2616 4959 2988 5037 deducensque
3022 4980 3089 5020 ex
3121 4959 3355 5037 ea‘velut
3382 4963 3631 5037 exfonte
3673 4959 3931 5037 quidnam

718 5029 1015 5093 l'acere'vel
1038 5056 1139 5093 non
1165 5042 1341 5094 facere
1366 5029 1863 5107 oporteat'militem
1912 5038 2112 5091 Christi
2153 5029 2453 5107 cupientem
2484 5044 2602 5102 post
2635 5034 2735 5107 hac
2781 5036 2834 5088 in
2879 5029 3120 5107 novitate
3149 5035 3273 5086 vita:
3293 5032 3597 5107 ambulare,
3624 5038 3679 5082 et
3719 5029 3931 5107 sublata

719 5125 883 5163 cruce
909 5109 1059 5177 sequi
1093 5110 1373 5163 Dominum
1402 5101 1558 5164 suum
1583 5110 1849 5163 dicentem
1880 5125 1893 5160 :
1926 5108 2027 5171 Qui
2065 5109 2173 5159 vult
2218 5101 2390 5177 uenire
2423 5101 2534 5177 post
2569 5120 2648 5157 me
2677 5106 2888 5173 abneget
2912 5106 3240 5177 semetipsum
3291 5104 3311 5177 ξ
3340 5113 3394 5157 et
3423 5102 3629 5169 reliqua
3658 5101 3934 5177 :ostendit

719 5181 953 5248 primum
982 5170 1287 5233 necessario
1339 5179 1753 5233 renuntiandum
1788 5170 2039 5231 omnibus
2085 5189 2203 5244 quae
2238 5174 2292 5226 in
2340 5170 2441 5248 hac
2462 5175 2570 5227 vita
2607 5170 2976 5248 possidentur,
3025 5170 3511 5248 declinandumque
3561 5185 3611 5248 a_
3653 5170 3834 5237 turba,
3861 5180 3930 5248 ,ιιι

718 5238 876 5303 'Jesus
904 5252 1131 5303 inveniri
1176 5259 1233 5304 et
1281 5250 1499 5303 retineri
1534 5249 1702 5317 possit
1737 5266 1751 5301 :
1798 5238 2143 5314 relinquenda
2185 5252 2269 5317 est
2288 5245 2446 5317 enim
2488 5238 2682 5311 patria,
2734 5238 3001 5311 cognatio,
3056 5245 3257 5317 amici;
3299 5238 3646 5317 relinqueitda
3692 5241 3930 5317 negotia,

722 5321 941 5381 tliVititt‘,
974 5322 1375 5389 occupationes,
1407 5309 1825 5389 familiaritates,
1861 5309 2021 5383 atque
2061 5319 2113 5371 in
2143 5314 2338 5389 primis
2361 5309 2612 5389 voluntas
2661 5317 2902 5382 propria,
2951 5309 3145 5389 sajpius
3197 5309 3561 5389 revocatts'_a_d
3601 5309 3928 5389 memoriam

722 5392 941 5441 verbum
968 5380 1172 5443 Domini
1196 5380 1423 5452 dicentis
1454 5404 1468 5440 :
1498 5388 1746 5443 Ducendi
1782 5389 1845 5441 de
1873 5380 1996 5441 caelo
2016 5403 2116 5439 non
2145 5380 2201 5439 iit
2238 5385 2431 5458 [eciam
2464 5380 2964 5458 uolunta—lenimenta
2998 5380 3046 5451 ’ξ
3080 5398 3244 5454 quam
3266 5394 3414 5458 certe
3441 5381 3484 5458 si
3510 5380 3727 5458 iecisset
3748 5392 3933 5458 errare

721 5475 828 5513 non
861 5468 1089 5528 poterat.
1115 5459 1233 5514 Mox
1267 5451 1510 5529 plurimis
1536 5458 1836 5512 rationibus
1870 5460 2244 5529 commendato
2276 5454 2833 5529 instituto_religionis
2861 5467 2915 5529 et
2939 5451 3219 5529 proposito
3253 5451 3462 5529 vivendi
3488 5451 3561 5529 _in
3604 5451 3936 5529 monas__terio

723 5531 777 5582 iu
810 5516 1070 5583 so'cietate
1104 5516 1387 5585 multo-rum
1411 5530 1653 5600 subjugo
1680 5529 1877 5582 Christi
1914 5544 1928 5583 ;
1971 5528 2501 5600 ostendit__quoiuo_do
2524 5516 2720 5600 fratrias
2736 5516 3072 5600 instituendi
3106 5531 3251 5589 sunt,
3276 5524 3366 5592 qui
3391 5516 3936 5600 se__Donuino_oﬂerre

722 5615 819 5668 per
840 5600 981 5653 hanc
1013 5602 1153 5652 viam
1195 5612 1249 5654 et
1275 5588 1993 5662 consecra're'decreverunt,
2037 5588 2273 5664 quandiit
2320 5596 2605 5666 probandi,
2658 5596 2854 5668 quibus
2884 5596 3160 5651 laboribus
3207 5588 3517 5668 exercendi,
3546 5591 3763 5668 quando
3791 5588 3936 5668 reci-

722 5656 924 5739 piendi,
951 5686 1056 5739 quo
1084 5674 1261 5725 studio
1296 5672 1513 5740 regendi
1559 5682 1613 5724 et
1642 5656 1991 5741 perliciendi;
2028 5656 2246 5721 tiadens
2299 5656 2465 5721 etiam
2509 5656 2760 5722 nonnulla
2798 5669 2863 5724 de
2906 5668 3166 5723 solitarits
3212 5675 3268 5721 et
3311 5666 3379 5719 de
3425 5656 3934 5717 sanciimouialibus

796 5811 817 5843 ⁸
846 5813 1001 5868 Deut.
1030 5827 1137 5877 xw,
1168 5810 1253 5863 ΞΟ.
1330 5813 1349 5843 ²
1374 5809 1560 5864 Matth.
1596 5824 1703 5875 nt,
1740 5806 1828 5862 Ἡ.
1909 5807 1927 5837 ³
1958 5803 2108 5861 Joan.
2146 5819 2217 5869 VI,
2250 5802 2338 5858 58.
