4086 6318
1323 359 1822 415 Pll/EFATIONES
1860 357 2213 425 ANTIQL'IE.
3150 368 3399 413 ccuxxt.

152 476 372 536 feminis
396 496 534 553 quas
568 480 655 532 hic
691 480 1167 553 vocatcanouieas
1196 497 1208 533 :
1238 484 1431 550 quibus
1456 482 1507 534 in
1539 483 1713 538 libello
1765 484 1838 537 De
1888 484 2182 551 virginitate
2211 484 2485 551 suppletur
2526 484 2783 553 quidquid
2836 488 2887 539 in
2933 491 3033 538 hoc
3081 483 3378 542 desiderari

153 562 355 618 posset.
394 552 469 605 Illi
513 564 726 617 quoque
761 550 872 617 (ubi
919 550 1084 604 semel
1126 554 1321 621 recepti
1350 554 1567 620 fuerint)
1596 558 1806 606 discunt
1829 550 1989 620 quam
2046 554 2269 607 fideliter
2294 550 2343 607 in
2376 550 2559 610 domo’
2581 550 3011 609 Dei—conversari
3041 552 3290 611 debeant.
3325 572 3381 605 u':

155 637 351 687 corpus
377 621 726 692 animumque
755 620 1155 692 exerceanthad
1199 620 1567 691 paupertatem
1602 626 1953 684 retinendam.
1987 626 2393 692 castitatemqne
2438 641 2541 679 non
2579 625 2740 678 modo
2780 627 2977 687 carnis,
3022 624 3113 680 sed
3158 625 3380 691 spiritui;

153 704 207 744 et
237 690 630 759 cogitationum
658 707 673 742 :
702 705 907 745 necnon
934 691 999 743 ad
1031 689 1393 748 dimicandum
1423 694 1632 747 fortiter
1664 703 1848 749 contra
1885 695 2090 761 seipsus
2129 709 2222 762 per
2248 689 2625 757 obedientiam,
2661 704 2719 747 ut
2748 696 2985 761 apposita
3017 689 3199 750 semel
3219 710 3381 753 manta

154 764 494 835 adaratrum
523 770 671 835 retro
699 763 932 830 amplius
964 774 1235 835 nunquam
1260 763 1569 835 reapiciant.
1602 765 1740 818 lliue
1778 764 1844 816 de
1874 764 2246 833 religiosorum
2281 766 2471 819 studiis
2501 775 2659 835 atque
2680 764 3155 821 exercitationibus
3186 766 3381 825 singil-

154 830 305 883 latim
336 829 589 903 loquens.
616 832 771 886 docet
795 829 1181 903 ’qnomododet
1223 832 1462 903 quandiu
1505 838 1793 896 orandum,
1839 849 1946 901 quo
1975 829 2162 889 ordine
2201 835 2553 903 psallendum,
2576 829 2693 890 "cur
2725 844 2778 886 et
2809 835 3077 901 quomodo
3127 838 3381 893 manibus

155 901 519 974 operantium,
551 901 678 974 item
724 910 927 974 quanto
975 901 1150 955 Studio
1201 901 1557 971 cogitationes
1591 920 1802 974 regere.
1837 906 1971 957 iratn
2026 901 2262 966 frenare.
2297 920 2323 955 a
2362 906 2468 959 risu
2499 917 2552 958 et
2599 906 2813 974 crapula
2870 903 3161 966 abstinere,
3214 923 3373 971 quam

155 968 440 1045 humiliter
470 970 725 1026 fratribus
746 968 978 1045 servire,
1012 968 1313 1045 senioribus
1350 974 1590 1045 obedire.
1622 968 1828 1044 seipsos
1862 975 2153 1044 abnegare,
2189 976 2433 1028 ultimum
2479 974 2650 1028 locum
2683 968 2879 1045 eligere
2923 982 3169 1040 oporteat
3211 968 3373 1029 disci-

155 1038 311 1113 pulos
332 1050 388 1096 et
426 1038 956 1113 imitatoresChriSli
980 1055 999 1103 ;
1035 1040 1237 1099 addens
1266 1042 1536 1110 quomodo
1563 1038 1885 1099 infirmiores
1912 1038 2192 1109 tole'randi.
2216 1056 2527 1113 peccatores
2556 1038 2883 1112 corrigendi.
2911 1038 3096 1111 aegroti
3128 1049 3373 1113 curandi,

155 1107 404 1181 hospites
440 1110 789 1178 suscipiendi,
824 1120 1160 1181 quantopere
1190 1107 1471 1167 mulierum
1500 1117 1769 1171 consortia
1808 1115 2081 1176 evitanda,
2118 1107 2560 1181 saeculariumque
2585 1126 2639 1168 et
2668 1107 3186 1179 consanguineorum
3216 1107 3373 1168 fami;

155 1176 431 1236 liaritatt-s
481 1176 764 1255 fugiendzr,
880 1176 1723 1255 quibuspotissimum,abscondi
1760 1186 2163 1255 solentinsidim
2189 1195 2240 1237 et
2276 1186 2444 1253 laquei
2478 1176 2701 1239 inimici.
2746 1176 2904 1239 Multa
2934 1200 3147 1255 quoque
3176 1187 3240 1239 de
3270 1187 3374 1240 cibi

158 1259 210 1303 et
240 1263 403 1325 potus
446 1250 793 1325 abstinentia.
827 1250 890 1325 de
914 1250 1152 1321 jejuniis,
1185 1256 1251 1308 de
1286 1252 1519 1325 silentio.
1558 1257 1623 1309 de
1649 1257 1847 1325 vigiliis
1890 1254 2115 1322 aliisque
2139 1250 2615 1310 exercitationibus
2641 1256 2864 1325 sanctis,
2906 1250 2964 1310 et
2994 1250 3120 1324 quid
3154 1256 3326 1307 dicam
3356 1297 3373 1318 ,

155 1322 379 1442 gnando
429 1335 602 1388 neque
632 1321 699 1374 de
730 1322 1072 1385 vestimento,
1131 1338 1305 1391 neque
1366 1323 1430 1374 de
1477 1321 1877 1389 calceaméntis,
1912 1321 2086 1393 neque
2133 1325 2199 1379 de
2250 1340 2383 1381 zona
2432 1326 2720 1380 admonere
2767 1324 2976 1378 desistit
3013 1321 3374 1395 philosophos

183 1388 399 1442 .hristi?
430 1388 624 1442 Verum
653 1400 711 1442 ut
745 1390 810 1442 ad
839 1406 932 1442 eas
958 1395 1188 1442 virtutes
1214 1408 1331 1442 alia!
1363 1403 1486 1442 sunt
1518 1396 1746 1442 nronrim
1769 1395 2062 1442 Christiani
2090 1396 2388 1442 veniamus-
2417 1410 2574 1442 tinam
2609 1394 2772 1442 multa
2805 1402 2861 1442 et
2892 1394 3042 1442 utilia
3074 1397 3163 1442 hic.
3204 1411 3373 1442 omne

183 1388 399 1443 Zhristi?
430 1388 624 1465 γει-ατη
653 1400 711 1443 ιιι
736 1390 810 1465 ad
839 1406 932 1446 eas
958 1395 1188 1447 virtutes
1214 1388 1331 1461 qua:
1363 1403 1486 1465 sunt
1518 1396 1746 1465 propria:
1769 1388 2062 1452 Christiani
2090 1396 2388 1457 veniamus,
2417 1410 2574 1459 quam
2609 1394 2772 1449 multa
2805 1402 2861 1449 et
2881 1388 3043 1465 utilia
3074 1397 3163 1451 hic
3204 1388 3373 1465 prope

158 1473 405 1528 semper,
455 1460 563 1515 imo
588 1461 797 1516 nonnisi
832 1476 1042 1529 semper
1068 1460 1244 1530 atque
1263 1462 1441 1515 omnia
1485 1460 1646 1516 tradit
1671 1468 1735 1518 ad
1760 1465 2127 1520 tedillcandam
2163 1466 2212 1518 in
2250 1465 2401 1517 nobis
2440 1466 2615 1527 fidem,
2646 1480 2814 1531 spem.
2843 1460 3364 1527 charitatemfass'e-

159 1542 284 1582 rens
313 1539 441 1605 ante
466 1532 646 1605 omnia
672 1532 1027 1605 exercendam
1059 1534 1212 1599 quasi
1249 1533 1651 1605 fundamentum
1706 1536 1826 1588 vitm
1857 1536 2149 1605 spiritualis
2177 1536 2510 1602 patientiam.
2569 1535 2950 1598 humilitatem,
3005 1538 3369 1605 mansuetudi.

159 1613 306 1665 nem,
345 1602 542 1657 deinde
572 1612 799 1657 ca-teras
834 1603 1080 1672 virtutes,
1111 1614 1168 1656 ut
1196 1605 1248 1658 in
1280 1604 1529 1660 omnibus
1552 1619 1763 1672 semper
1794 1602 2179 1660 honor-ilicetur
2210 1606 2367 1666 Deus,
2403 1614 2459 1659 et
2506 1606 2797 1657 aediﬁcetur
2850 1606 3145 1672 proximus.
3213 1603 3371 1657 Multa

160 1678 421 1744 praeterea
447 1673 513 1744 de
538 1673 799 1744 oppositis
833 1671 973 1744 vitiis
1002 1671 1337 1744 disseruntur
1359 1690 1653 1744 eorumque
1677 1671 1933 1743 periculis
1964 1692 2027 1731 ac
2059 1675 2306 1744 remediis
2338 1691 2455 1743 qmc
2490 1675 2645 1729 facile
2677 1674 2972 1738 legentibus
3001 1683 3203 1740 patent.
3237 1674 3373 1729 Illud

160 1749 343 1812 autem
376 1740 432 1795 in
456 1741 558 1797 hoc
575 1738 704 1794 'viro
732 1738 976 1812 mirabile
1009 1743 1176 1796 videri
1206 1753 1385 1812 potest
1411 1747 1478 1797 ob
1510 1738 1633 1799 viis:
1668 1738 2031 1811 sanctitatem,
2062 1738 2523 1811 excellentemque
2573 1744 2874 1799 doctrinam
2908 1738 3075 1808 ipsius
3102 1754 3156 1798 et
3191 1746 3374 1799 mulli-

158 1808 353 1883 plice‘m
390 1826 570 1865 rerum
599 1808 1463 1883 caperientiam,quod,'quamvis
1491 1814 1556 1867 de
1587 1829 1905 1883 quacunque
1932 1831 1989 1871 re
2017 1808 2066 1871 ei
2114 1813 2382 1869 disserere
2406 1808 2710 1883 placuisset.
2736 1813 2949 1868 mnnisi
2980 1813 3373 1879 sapientissime

159 1876 302 1947 loqui
339 1888 563 1954 posset:
591 1876 941 1954 nihilominus
973 1876 1157 1937 videas
1182 1876 1308 1934 eum
1339 1884 1481 1954 onmi
1514 1876 1706 1939 conatu
1743 1876 1924 1953 fugere
1950 1896 2001 1938 et
2029 1886 2181 1954 quasi
2213 1876 2521 1947 formidare,
2550 1902 2615 1939 ne
2648 1876 2773 1953 quid
2822 1887 2935 1951 ipse
2976 1876 3071 1951 per
3098 1898 3155 1937 se
3188 1884 3238 1936 in
3273 1886 3372 1938 hoc

157 1963 322 2023 opere
354 1948 573 2023 tradere
600 1952 691 2023 vel
710 1951 1030 2023 servandum
1061 1966 1156 2005 sua
1192 1952 1515 2023 auctoritate
1547 1948 1841 2023 principere
1872 1948 2100 2019 cuipiam
2144 1956 2411 2016 videatur.
2444 1954 2579 2007 adeo
2617 1948 2677 2007 iu'
2700 1948 2948 2009 omnibus
2975 1948 3029 2007 et
3060 1968 3156 2021 per
3188 1957 3369 2008 omnia

158 2019 330 2092 solum
356 2020 625 2092 praedicat
653 2021 947 2076 Christum.
976 2021 1246 2091 Prmponit
1268 2023 1410 2075 enim
1437 2019 1631 2078 fere‘in
1664 2019 1908 2092 singulis.
1935 2024 2001 2077 de
2032 2026 2225 2091 quibus
2254 2025 2528 2079 locuturus
2558 2033 2661 2085 est,
2691 2024 2993 2089 exemplum
3025 2019 3105 2077 vel
3148 2023 3368 2079 verbum

158 2086 774 2162 Domini'enEvangelio
807 2092 885 2146 vel
913 2086 1187 2161 Apostolo,
1226 2092 1359 2146 adeo
1382 2098 1544 2162 quod,
1575 2096 1699 2147 dum
1730 2086 1872 2148 aliud
1907 2086 2066 2162 agere
2097 2094 2325 2157 videtur,
2357 2095 2407 2146 in
2433 2094 2533 2148 hoc
2561 2095 2723 2148 etiam
2753 2086 2983 2160 pruilcSt.
3014 2094 3157 2160 quod
3206 2110 3369 2161 supra

161 2156 436 2232 ducentos
464 2156 758 2230 Scriptum
789 2162 937 2216 locos
964 2156 1269 2232 legentibus
1300 2156 1699 2232 interpretatur,
1740 2177 1844 2218 tam
1876 2156 2181 2224 commode.
2219 2156 2325 2217 tam
2356 2176 2672 2230 Opportune.
2711 2156 2816 2215 tam
2852 2177 2995 2220 vere.
3034 2156 3106 2214 'ut
3158 2156 3371 2217 sons-um

154 2230 373 2297 quidem
405 2230 702 2300 Scriptura:
730 2233 819 2300 qui
854 2246 947 2298 per
973 2230 1044 2286 se'
1075 2233 1272 2285 latebat
1298 2233 1350 2284 in
1391 2230 1568 2286 littera
1608 2230 1952 2287 observatum
1990 2234 2326 2288 solummodo
2363 2234 2617 2297 revelare,
2651 2234 2876 2299 aliisque
2924 2232 3211 2287 ostendere
3241 2233 3375 2286 velle

163 2300 581 2371 videatur,_non
612 2311 789 2371 autem
827 2300 939 2367 ipse
980 2301 1222 2355 invenire
1253 2301 1604 2370 excogitando
1627 2312 1679 2356 et
1709 2303 2021 2358 disserendo
2050 2314 2107 2358 ut
2145 2303 2203 2356 fit
2233 2321 2247 2357 :
2294 2303 2426 2356 nihil
2456 2304 2675 2356 omnino
2710 2317 2880 2369 neque
2909 2317 2936 2355 a
2970 2302 3169 2370 seipso,
3202 2317 3373 2371 neque

157 2370 222 2442 ab
255 2369 383 2421 aliis
417 2369 520 2442 sibi
552 2368 830 2442 postulans
860 2371 1004 2442 credi
1046 2386 1061 2423 :
1096 2385 1202 2437 quo
1244 2372 1321 2434 lit,
1352 2368 1411 2424 ut
1455 2387 1562 2438 quo
1606 2373 1775 2439 magis
1825 2375 2023 2441 aliquid
2051 2387 2297 2427 asserere
2322 2373 2405 2427 vel
2443 2372 2630 2441 jubere
2657 2372 2931 2433 formidat,
2971 2368 3121 2427 tanto
3152 2368 3373 2442 persua-

157 2436 278 2512 deat
318 2439 525 2512 verius,
556 2436 850 2507 jubcatque
903 2436 1294 2512 vehementius,
1353 2436 1630 2509 magisque
1671 2436 1959 2512 legentium
2020 2444 2225 2494 animos
2271 2436 2457 2497 trahat
2504 2455 2664 2512 atque
2702 2444 2963 2496 accendat
3020 2442 3074 2512 in
3132 2436 3371 2495 amorem

158 2507 459 2576 sapientiae,
493 2524 615 2563 cum
646 2522 833 2579 omnes
860 2510 927 2562 ad
961 2526 1078 2563 eam
1108 2513 1178 2563 ita
1213 2507 1480 2571 hortetur.
1511 2507 1569 2563 ut
1600 2507 1919 2577 sola‘jnbeat
1947 2512 2183 2563 charitas
2215 2512 2437 2574 Christi.
2469 2507 2591 2577 quae
2637 2516 2687 2565 iu
2714 2526 2808 2565 ore
2847 2513 3013 2579 ipsius
3064 2510 3297 2579 loquitur
3321 2523 3375 2563 et

158 2579 327 2645 spirat
353 2579 412 2633 in
440 2589 678 2648 pectore.
711 2577 920 2633 Habent
955 2580 1116 2647 igitur
1146 2580 1270 2634 hinc
1304 2581 1551 2634 monachi
1589 2597 1883 2649 omnesque
1913 2580 2144 2649 religiosi
2172 2581 2269 2633 viri
2297 2592 2345 2635 et
2403 2584 2656 2635 mulieres
2683 2595 2776 2649 per
2799 2577 3007 2648 eaquae
3034 2577 3235 2649 legunt,
3269 2596 3374 2649 quo

157 2660 313 2717 pacto
343 2651 413 2704 ad
446 2649 611 2704 Deum
655 2650 899 2705 conversi
951 2650 1003 2703 in
1039 2650 1125 2703 via
1155 2650 1271 2717 ejus
1296 2650 1561 2705 tutissime
1612 2652 1856 2720 progredi
1902 2660 1957 2703 et
2010 2650 2269 2719 proficere
2297 2652 2537 2717 possint,
2565 2652 2609 2703 si
2652 2652 2952 2705 doctrinam
2977 2650 3216 2704 docentis
3270 2667 3372 2704 non

161 2729 444 2790 spernant,
479 2722 789 2790 praesertim
819 2720 908 2774 ubi
940 2735 1033 2775 eos
1081 2729 1261 2775 :nonet
1290 2721 1420 2774 nihil
1451 2724 1726 2790 proprium
1767 2720 2061 2790 possidere,
2092 2724 2521 2788 consanguineos
2552 2736 2676 2775 suos
2712 2722 3001 2790 negligere.
3035 2721 3370 2774 smeulariutn

160 2789 429 2863 amicitias
467 2788 995 2863 fugere,uclaustrum
1023 2791 1406 2863 silentiumque
1439 2788 1683 2862 diligere,
1712 2788 1982 2863 publicum
2036 2791 2261 2852 evitare,
2298 2792 2443 2845 nullo
2476 2792 2633 2845 modo
2681 2810 2709 2844 a
2760 2788 3177 2859 congregatione
3203 2790 3373 2842 disce-

161 2855 303 2931 dere,
339 2855 563 2931 crucem
619 2858 1189 2931 tollere,__tantnmque
1228 2855 1475 2929 amplecti
1528 2855 1839 2931 qliani'sibi
1885 2862 2162 2929 elegerunt
2201 2862 2250 2915 in
2308 2871 2536 2929 partem,
2568 2876 2795 2929 eamque
2825 2855 2987 2913 cdrde
3038 2870 3091 2913 et
3146 2874 3374 2931 corpore

158 2927 373 2981 assidue
391 2928 790 3001 _circumferre_.
830 2928 1040 3001 Habent
1070 2927 1275 3001 pradati
1320 2927 1380 2984 et
1425 2927 1660 3001 episcopi
1695 2932 1818 2984 hinc
1868 2927 2031 3001 multa
2064 2946 2205 3001 qure
2231 2927 2505 2995 hauriant,
2538 2927 2733 2999 quibus
2768 2944 2956 3001 greges
3000 2944 3126 2984 suos
3174 2930 3374 3001 optime

158 3006 345 3069 regant
382 2996 727 3069 fornlentque
760 2998 813 3051 in
843 2996 1137 3053 Christum.
1192 3000 1399 3053 Habent
1429 2996 1481 3052 et
1520 2996 1701 3068 plebes
1748 3002 1979 3054 fidelium
2011 2996 2247 3068 (quando
2278 3002 2456 3053 nullus
2488 2996 2706 3069 gradus,
2750 2996 2829 3052 vel
2872 2996 3064 3062 sexus,
3118 2999 3260 3069 nulla
3293 3010 3375 3051 est

160 3077 287 3140 astas
318 3068 467 3121 intra
499 3066 815 3140 Ecclesiam,
842 3083 1003 3139 quam
1036 3071 1137 3124 iste
1172 3085 1278 3123 non
1309 3066 1674 3140 tloceatjiqttid
1713 3069 1914 3123 faciant
1954 3066 2115 3121 etiam
2165 3070 2313 3136 ipsm,
2346 3066 2799 3140 quidvcrolferant
2844 3069 3144 3137 praepositis
3176 3068 3287 3121 suis
3321 3068 3373 3121 in

160 3135 480 3207 obsequium
508 3136 736 3203 Christi,
765 3135 879 3195 sive
907 3156 1009 3205 vti,
1047 3144 1161 3195 sive
1191 3139 1401 3204 mulier,
1431 3135 1546 3196 sive
1567 3135 1731 3203 liber,
1762 3140 1876 3193 sive
1903 3153 2112 3201 servus,
2147 3135 2261 3191 sive
2288 3135 2475 3202 senex,
2521 3139 2632 3192 sive
2666 3135 3009 3205 adolescens,
3044 3140 3157 3194 sive
3198 3148 3373 3207 pater.

160 3205 266 3279 sive
296 3205 469 3279 illius,
502 3209 752 3279 omnibus
774 3211 915 3263 enim
949 3210 1189 3278 loquitur
1223 3212 1312 3279 qui
1345 3210 1395 3264 in
1449 3211 1665 3265 Christo
1693 3210 1865 3264 renati
1897 3207 2171 3279 Christum
2201 3209 2492 3263 induerunt
2520 3208 2560 3276 ⁸,
2593 3209 2854 3263 hortando
2883 3222 2974 3263 eos
3018 3217 3135 3279 post
3177 3205 3375 3279 rectam

162 3274 314 3349 ﬁdem
344 3277 779 3349 adgpatientiam,
808 3281 873 3332 ad
903 3274 1265 3349 contemptum
1308 3280 1465 3346 hujus
1494 3282 1700 3343 mundi,
1756 3282 1822 3332 ad
1875 3278 2276 3347 castigationem
2320 3280 2520 3343 carnis,
2547 3274 2622 3333 ad
2676 3274 3033 3332 imitationem
3075 3277 3280 3349 Domini
3322 3286 3376 3329 et

166 3344 469 3417 Salvatoris
520 3348 690 3400 nostri
720 3346 846 3401 Jcsu
890 3344 1341 3408 Cbristifdocens
1368 3344 1531 3403 etiam
1562 3350 1651 3417 qui
1702 3349 1934 3411 habitus,
1967 3344 2056 3414 qui
2093 3352 2238 3404 vocis
2290 3352 2496 3414 modus,
2528 3350 2648 3416 quis
2697 3357 2879 3417 gestus
2927 3348 3168 3415 corporis
3215 3356 3377 3415 atque

161 3416 698 3487 membrorumque
726 3417 914 3483 verba,
951 3417 1040 3486 qui
1066 3433 1242 3475 mores
1262 3421 1489 3473 deceant
1516 3416 1902 3474 Christianum.
1933 3418 2123 3472 Clerici
2162 3420 2381 3487 insuper
2430 3419 2598 3473 nostri
2634 3416 2831 3487 habent
2875 3418 2979 3487 ipsi
3007 3431 3220 3486 quoque
3268 3433 3375 3471 non

163 3499 326 3556 pauca
356 3501 485 3556 quae
520 3486 754 3549 discant,
783 3487 921 3542 inter
946 3503 1064 3554 qua:
1090 3489 1251 3542 etiam
1277 3488 1424 3553 illud,
1454 3500 1511 3543 ut
1546 3505 1649 3544 non
1682 3498 1787 3542 tam
1836 3489 1992 3544 facile
2023 3490 2072 3541 in
2102 3486 2436 3556 privatorum
2466 3488 2548 3541 vel
2580 3486 2919 3540 saecularium
2952 3486 3203 3543 domibus
3236 3487 3378 3556 celo:

162 3555 314 3629 l_irent
352 3555 549 3629 divina
604 3558 888 3629 mysteria.
939 3557 1076 3625 Quin
1125 3559 1288 3612 etiam
1326 3558 1520 3614 fratres
1565 3560 2077 3629 quondatnnostri,
2104 3555 2194 3623 qui
2236 3559 2452 3629 Satanae
2498 3556 3039 3629 calliditatedecepti
3083 3571 3257 3625 nuper
3308 3555 3376 3629 ab

162 3623 398 3682 Ecclesia
435 3623 702 3698 catholica
754 3623 1140 3692 discesserunt.
1174 3638 1227 3682 et
1260 3628 1360 3697 ipsi
1394 3623 1635 3698 profecto
1682 3628 1958 3681 invenient
2002 3627 2104 3698 hic,
2146 3627 2308 3698 multa
2342 3628 2537 3695 quibus
2591 3630 2657 3679 ad
2714 3623 3215 3698 resipiscéndunr'a
3263 3626 3377 3698 suis

162 3698 453 3759 erroribus,
488 3712 553 3750 ac
576 3697 642 3750 ad
676 3699 917 3751 eamdem
948 3708 1191 3752 sanctam
1224 3695 1448 3752 matrem
1480 3699 1775 3752 Ecclesium
1826 3696 2199 3749 revertendum
2252 3696 2537 3764 plurimum
2571 3698 2910 3765 adjuvcntur,
2941 3706 3103 3765 atque
3147 3695 3273 3748 illud
3322 3697 3373 3749 in

164 3765 368 3885 primis,
404 3766 616 3820 scilicet
643 3781 747 3819 non
780 3781 899 3821 esse
927 3768 1277 3821 deserendam
1314 3766 1612 3821 Ecclesiam
1646 3766 1845 3821 Christi
1890 3776 2171 3834 propterea
2210 3767 2350 3834 quod
2380 3767 2520 3819 intra
2548 3764 2690 3820 illam
2734 3776 2789 3819 et
2840 3766 3009 3819 malus
3060 3764 3375 3834 plerumque

181 3835 403 3885 nomines
434 3848 558 3885 esse
592 3837 869 3885 contingat
903 3878 913 3885 .
948 3847 1057 3885 tum
1089 3837 1295 3885 discent
1333 3839 1461 3885 quid
1504 3850 1596 3885 eos
1629 3851 1845 3885 sanere.
1875 3840 2069 3885 quidve
2111 3840 2315 3885 sentire
2351 3845 2597 3885 ouorteat
2640 3837 2705 3885 de
2757 3844 3019 3885 notestate
3071 3843 3125 3885 et
3172 3837 3375 3885 unitate

181 3835 403 3905 {omines
434 3848 558 3889 esse
592 3837 869 3905 contingat
903 3878 913 3889 .
948 3847 1057 3890 tum
1089 3837 1295 3890 discent
1333 3839 1461 3905 quid
1504 3850 1596 3891 eos
1629 3851 1845 3902 sapere.
1875 3840 2069 3904 quidve
2111 3840 2315 3889 sentire
2351 3845 2597 3904 oporteat
2640 3837 2705 3887 de
2757 3844 3019 3897 potestate
3071 3843 3125 3889 et
3172 3837 3379 3905 unitate

165 3901 454 3970 Ecclesiae;
492 3905 558 3974 de
584 3901 969 3974 ecclesiasticis
996 3901 1371 3969 sacramentis,
1404 3907 1469 3960 de
1504 3906 1607 3961 fide
1650 3901 1704 3960 et
1751 3901 2023 3974 operibus,
2075 3906 2139 3959 de
2167 3907 2338 3960 libero
2367 3901 2660 3958 voluntatis
2691 3905 2940 3967 arbitrio,
2996 3907 3061 3960 de
3112 3904 3378 3971 religiosis

161 3977 312 4041 votis,
345 3976 415 4029 de
438 3972 680 4045 jejunio,
699 3973 873 4043 deque
900 3976 1022 4029 aliis
1058 3976 1262 4042 multis,
1298 3977 1456 4029 modo
1504 3987 1653 4031 recte
1688 3991 1750 4030 ac
1786 3972 2083 4045 diligenter
2132 3976 2420 4028 attendant
2466 3989 2584 4041 qua:
2630 3975 2831 4042 legunt.
2881 3985 2933 4029 et
2980 3990 3197 4029 errores
3252 3988 3379 4028 suos

162 4045 317 4114 velint
346 4042 524 4114 magis
545 4042 815 4114 corrigere
841 4058 999 4113 quam
1032 4046 1191 4107 tueri.
1228 4061 1257 4098 a
1282 4048 1475 4113 quibus
1498 4047 1623 4099 olim
1646 4060 1736 4100 eos
1767 4042 2022 4100 revocare
2048 4083 2063 4107 .
2096 4054 2147 4097 tu
2185 4058 2395 4111 quoque
2423 4046 2706 4097 scribendo
2728 4053 2779 4096 et
2810 4044 3141 4108 disserendo,
3176 4045 3376 4111 optime

162 4110 333 4178 Pater,
369 4110 481 4169 non
514 4110 759 4170 destitiéti
790 4110 1107 4185 priusquam
1132 4116 1211 4169 vel
1246 4110 1346 4185 ipsi
1376 4127 1425 4169 te
1449 4118 1651 4181 audire,
1687 4116 1766 4170 vel
1810 4126 1862 4168 tu
1894 4131 1986 4167 eos
2018 4116 2142 4166 talia
2176 4110 2367 4167 docere
2401 4114 2469 4166 ob
2494 4116 2714 4183 gradum
2746 4116 3052 4182 apostolica:
3091 4110 3375 4185 dignitatis

164 4191 438 4255 tantopere
472 4185 753 4239 tenereris.
784 4184 952 4239 Fuisti
985 4186 1245 4239 hactenus
1268 4184 1571 4240 membrum
1617 4186 1877 4255 corporis,
1898 4186 2005 4252 jam
2044 4197 2170 4235 vero
2202 4184 2495 4255 membrum
2529 4198 2587 4237 es
2615 4185 2826 4251 capitis,
2863 4187 2986 4238 hinc
3011 4186 3191 4253 itaque
3235 4192 3379 4236 recte

164 4252 408 4323 intelligis
441 4269 585 4326 nunc
620 4268 713 4326 eos
738 4255 976 4323 quandiu
1015 4258 1194 4309 curari
1244 4268 1469 4326 possunt
1506 4257 1571 4309 ad
1602 4266 1652 4309 te
1692 4252 1855 4326 multo
1906 4255 2075 4321 magis
2101 4268 2258 4321 quam
2306 4254 2454 4326 prius
2500 4266 2657 4326 atque
2712 4256 2871 4307 aliter
2901 4252 3216 4326 pertinere;
3255 4269 3375 4326 nam

162 4336 285 4390 quos
313 4324 555 4377 antehac
582 4324 646 4377 ad
693 4327 949 4378 unitatem
982 4323 1433 4392 corporis—redire
1464 4326 1752 4380 scribendo
1800 4325 2046 4377 hortatus
2073 4338 2151 4387 es,
2202 4323 2424 4389 posdiae
2448 4323 2707 4391 exemplis
2735 4336 2896 4391 atque
2919 4324 3255 4377 orationibus
3281 4323 3376 4376 tibi

164 4393 534 4463 expugnandi.
572 4395 842 4457 monendi,
880 4391 1213 4462 sanand’ique
1260 4406 1406 4457 sunt,
1449 4410 1512 4448 ac
1556 4394 1939 4463 benignissime
1996 4393 2360 4460 pertrahendi,
2416 4397 2494 4447 sic
2538 4404 2713 4446 tamen
2741 4404 2798 4445 ut
2828 4394 3077 4463 eosdem,
3111 4391 3200 4446 ubi
3245 4407 3378 4461 opus

164 4461 337 4529 fuerit,
371 4464 544 4519 etiam
579 4463 854 4531 arguendo
912 4472 965 4515 et
1012 4461 1329 4518 disserendo
1356 4461 1706 4518 nihilominus
1731 4478 1909 4524 cures,
1954 4474 2112 4531 atque
2162 4463 2363 4516 intrare
2400 4463 2710 4531 compellas.
2745 4471 2803 4514 ut
2848 4464 2892 4515 si
2936 4462 3072 4516 forte
3101 4464 3169 4517 ob
3198 4476 3376 4516 mores

164 4542 367 4589 nostros
395 4548 458 4589 se
493 4530 740 4601 ipsos’ita
774 4532 1155 4599 praeciderunt,
1188 4536 1429 4587 moribus
1458 4536 1582 4588 item
1615 4534 1835 4595 nostris,
1879 4532 1961 4584 vel
1993 4530 2181 4585 saltem
2214 4531 2443 4597 alicujus
2471 4530 2780 4585 nostrorum
2834 4542 3174 4595 revocentur,
3206 4531 3375 4598 subji-

163 4602 479 4675 cianturque
505 4602 665 4675 capiti
718 4616 817 4656 suo
851 4603 918 4655 ad
965 4603 1319 4675 obedientium
1350 4604 1470 4657 fidei
1530 4606 1581 4655 in
1626 4603 1941 4671 obsequium
1972 4601 2193 4655 Christi.
2226 4601 2581 4667 Quamobrem
2636 4602 2883 4675 volumen
2922 4603 3021 4675 hoc
3050 4602 3377 4675 sanctissimi

164 4671 254 4725 viri
285 4671 515 4741 dignum
543 4673 759 4740 quidem
790 4685 1004 4741 semper
1039 4673 1254 4741 ingenio
1288 4686 1341 4725 et
1374 4675 1566 4727 studiis
1606 4676 1731 4735 tuis,
1762 4676 1984 4725 istorqu
2021 4686 2178 4724 causa
2219 4678 2307 4731 sit,
2341 4684 2396 4723 ut
2428 4672 2760 4731 temporibus
2798 4673 2999 4726 nostris
3030 4671 3121 4725 tibi
3155 4672 3373 4738 potissi-

164 4690 254 4725 Vlﬂ
285 4690 336 4727 (11
380 4690 515 4727 1111111
543 4690 759 4740 quwem
790 4690 1004 4741 semper
1039 4690 1254 4741 Ingenio
1288 4690 1341 4725 CI
1374 4690 1566 4727 SlUUlIS
1606 4690 1731 4735 11118,
1762 4690 1984 4725 18101¹11111
2021 4690 2178 4724 causa
2219 4690 2307 4731 Sil,
2341 4690 2396 4723 Ill
2428 4690 2760 4731 lBINDUI'IIHIS
2798 4690 2999 4726 HOSII‘IS
3030 4690 3121 4725 HD!
3155 4690 3373 4738 pOIISSI-

164 4753 295 4811 tuom
330 4690 619 4805 gebeatur,
652 4752 813 4811 tuque
848 4744 901 4796 iu
939 4744 1182 4796 doctrina
1233 4743 1400 4811 ipsius
1452 4748 1515 4795 ad
1554 4742 1945 4811 praedicandum
1976 4742 2093 4794 aliis
2122 4750 2401 4794 veritatem
2434 4742 2684 4793 sectanda
2722 4752 2774 4794 et
2820 4744 3110 4794 astruenda
3148 4742 3374 4793 invicem

165 4810 348 4884 debeas
377 4811 689 4884 pluljmum
713 4810 807 4864 ntii
862 4812 1121 4884 adbibere
1149 4822 1203 4866 et
1239 4810 1565 4881 diligentiae.
1603 4828 1705 4866 non
1750 4812 2230 4884 pro_r_eparati_oue
2256 4826 2441 4863 eorum
2491 4811 2649 4863 modo
2678 4811 2770 4878 qui
2798 4812 3133 4884 ceciderunt,
3190 4825 3373 4864 verum

164 4880 312 4933 etiam
346 4879 450 4953 pro
484 4881 741 4953 Ecclesiae
774 4882 1053 4936 catholica:
1082 4879 1460 4949 aedificatione,
1486 4879 1829 4951 omniumque
1852 4881 2083 4934 fidelium
2112 4879 2315 4953 fructu,
2374 4894 2578 4953 necu0u
2604 4892 2802 4953 sancite
2848 4880 2994 4953 sedis
3016 4881 3173 4953 istius
3213 4896 3375 4953 orua-

167 4960 331 5006 mento
346 4949 411 5007 et
443 4951 787 5019 adjumento,
815 4966 935 5018 qua:
956 4959 1007 5005 te
1032 4967 1200 5021 nuper
1225 4952 1354 5006 nihil
1380 4955 1484 5006 tale
1513 4949 1839 5018 cupientém,
1891 4965 2063 5021 neque
2098 4951 2261 5021 etiam
2310 4952 2655 5019 cogitantem,
2694 4951 2983 5021 splendore
3002 4949 3375 5021 hujusdignio

168 5021 276 5092 tatis
311 5032 419 5075 tam
454 5021 723 5091 legitime,
757 5030 879 5092 tam
904 5022 1024 5092 rite,
1054 5019 1159 5073 tain
1189 5032 1374 5077 sancte
1418 5024 1483 5075 ad
1514 5024 1760 5092 seipsam
1796 5020 2062 5092 invitavit,
2095 5028 2153 5070 ut.
2189 5020 2240 5071 in
2269 5028 2429 5073 tantis
2453 5019 2957 5092 perturbationibus
2989 5019 3134 5092 ﬁdei,
3163 5020 3374 5092 dissen-

162 5088 615 5161 sionibusque'sc
663 5090 935 5145 scandatis
982 5091 1404 5161 inobedieutium
1446 5088 1674 5146 filiorum
1701 5091 1917 5161 adjuta,
1950 5089 2088 5161 sicut
2115 5103 2211 5161 par
2237 5100 2337 5149 est.
2371 5088 2565 5161 studiis
2584 5104 2653 5161 ac
2685 5088 2923 5144 moribus
2952 5091 3075 5156 tuis,
3108 5088 3374 5161 solidetur

166 5158 214 5242 in
238 5157 476 5242 _D_omiuo
502 5161 854 5242 eLdirigatur
890 5162 941 5213 in
982 5158 1189 5242 laudem
1218 5171 1272 5215 et
1302 5162 1526 5241 gloriam
1557 5157 1780 5242 Domini
1804 5171 1860 5214 et
1888 5159 2193 5242 Salvatoris
2215 5160 2389 5214 nostri
2416 5157 2537 5215 Jesu
2569 5160 2768 5214 Christi
2803 5179 2817 5213 ;
2849 5161 2937 5229 qui
2975 5174 3095 5215 cum
3131 5159 3291 5213 Patre
3330 5168 3383 5214 et

170 5230 360 5299 Spiritu
390 5242 590 5287 sancto
619 5228 750 5286 vivit
778 5239 833 5285 et
862 5230 1213 5301 regnat.Deus
1243 5228 1337 5301 per
1370 5232 1548 5287 omnia
1577 5232 1894 5288 saeculorum
1920 5228 2134 5284 saecula.
2165 5230 2357 5284 Amen.

224 5409 244 5441 ⁸
262 5412 435 5470 Galat.
468 5429 555 5479 tu,
584 5411 676 5467 27.
