4086 6318
1338 358 1839 414 PBASFATIONES
1877 355 2218 423 ANTlQL'Al.
3134 360 3400 410 acuunt

242 471 564 528 Persecutio
614 486 713 527 nos
758 470 1127 541 apprehendit,
1161 470 1362 526 fratres
1388 472 1857 534 venerandissimi,
1902 481 1953 524 et
2013 470 2449 541 persecutionum
2501 462 3398 541 horrendissima.Persecutionern

168 544 321 597 enim
354 546 641 612 patiuntur
680 536 942 610 pastores,
981 551 1038 595 ut
1097 542 1475 613 dispergautur
1508 558 1637 597 oves
1696 543 1871 611 gregis
1908 543 1929 573 ⁸
1958 558 1971 591 :
2002 536 2057 595 et
2117 541 2257 611 quod
2304 538 2679 613 gravissimum
2733 547 2835 595 est,
2895 550 3067 613 peque
3103 536 3193 602 qui
3232 539 3400 613 anatis

168 605 473 678 vexantur,
527 614 581 667 in
635 605 966 684 perfectiooe
1002 605 1265 684 martyrii
1285 605 1634 666 valllietiones
1688 605 2013 684 suscipiunt,
2049 605 2222 684 neque
2241 605 2431 684 populi
2481 607 2533 659 in
2564 614 2854 684 martyrum
2892 605 3009 657 loco
3030 605 3137 684 _hos
3174 606 3401 684 athletas

170 684 389 747 colunt,
410 676 691 753 propterea
712 681 852 752 quod
886 676 1317 753 Christianorum
1344 699 1535 737 nomen
1574 676 2025 752 persequentibus
2054 676 2334 734 incumbit.
2364 678 2538 753 Unum
2559 682 2640 753 est
2673 676 2872 753 crimen
2901 676 3041 741 quod
3076 690 3216 753 nime
3238 677 3400 753 vehe-

168 742 829 824 menter'dainnatur'ac
878 752 1117 824 punitur,
1166 754 1393 821 diligens
1437 742 1766 824 robse'rvatio'
1812 754 2164 824 traditionom
2211 746 2559 824 patrum.._(_)b
2592 745 2696 800 hoc
2732 742 2979 824 fugantttr
3002 745 3404 824 patriisnpii.,__et

168 834 411 893 t-acterao
437 822 611 891 Atque
637 822 821 876 eadem
859 813 925 893 de
958 835 1013 874 re
1033 813 1113 874 ad
1143 813 1369 893 cccxvvttt
1414 823 1533 877 illos
1560 823 1859 893 episcopos,
1885 822 1975 891 qui
2002 821 2056 874 in
2087 813 2303 875 Nicaino
2325 818 2545 876 concilio
2571 813 2879 883 congregati
2908 813 3142 881 luerunt,
3174 813 3403 870 Basilius

164 902 222 947 et
259 894 351 945 alii
382 892 617 945 Orientis
639 892 874 960 episcopi
912 892 1026 945 bare
1050 891 1210 943 verba
1233 892 1476 946 scribunt
1502 908 1516 944 :

244 961 420 1017 Nobis
450 971 625 1015 autem
653 953 718 1015 ad
753 953 1094 1014 manifestum
1120 962 1489 1015 ltmreticorum
1524 962 1747 1025 bellum,
1778 961 2009 1031 amplius
2037 961 2197 1014 etiam
2234 960 2285 1013 id
2322 960 2463 1023 quod
2492 958 2559 1013 ab
2591 955 2786 1031 bisqui
2812 955 2957 1031 idem
2986 954 3183 1031 sentire
3212 953 3402 1009 viden-

168 1042 262 1095 tur
290 1042 545 1086 exortum
574 1040 680 1092 est,
712 1032 775 1085 ad
805 1041 1101 1084 extremam
1134 1032 1465 1084 debilitatem
1522 1032 1791 1086 Ecclesias
1822 1025 2096 1100 perduxit.
2146 1032 2225 1083 Ad
2269 1044 2387 1095 qua:
2416 1044 2554 1100 sane
2587 1025 2728 1100 mala
2756 1026 2914 1079 etiam
2966 1025 3192 1100 maxime
3221 1036 3403 1079 vestro

169 1102 381 1155 auxilio
430 1114 563 1167 opus
613 1102 889 1165 habemus,
926 1115 1033 1166 quo
1061 1100 1113 1153 lti
1142 1100 1234 1168 qui
1264 1101 1612 1166 apostolicam
1665 1095 1838 1155 ﬁdem
1880 1103 2224 1161 conﬁtentur,
2266 1099 2539 1153 dissolutis
2585 1099 2748 1150 sectis
2780 1111 2913 1164 quas
2944 1095 3401 1168 excogitaverunt,

169 1174 237 1225 de
271 1164 480 1225 extero
503 1172 806 1224 auctoritati
835 1164 1085 1243 Ecclesia:
1116 1164 1313 1243 subditi
1339 1173 1465 1243 sint,
1499 1180 1556 1222 ut
1584 1170 1849 1243 integrum
1889 1174 1980 1243 liat
2032 1186 2226 1240 corpus
2273 1169 2493 1243 Christi,
2524 1168 2772 1243 omnibus
2806 1164 3150 1243 n.cmb_ris.ad
3181 1166 3403 1224 integri-

171 1251 339 1295 tatem
388 1244 643 1303 reversis,
697 1250 751 1293 ct
800 1256 905 1293 non
951 1240 1120 1293 solum
1176 1240 1315 1304 apud
1369 1240 1505 1292 alios
1536 1236 1895 1308 praedicemus
1945 1236 2193 1302 bonafitl
2252 1240 2392 1307 quod
2442 1254 2580 1291 nunc
2611 1237 2856 1308 facimus,
2888 1236 2981 1288 sed
3006 1236 3167 1308 etiam
3195 1246 3404 1308 nostras

169 1312 417 1376 ipsorum
450 1310 720 1363 Ecclesias
750 1318 980 1362 veterem
1008 1309 1072 1360 de
1095 1321 1237 1361 recta
1264 1309 1366 1361 ﬁde
1405 1305 1773 1375 gleri'ationem
1802 1312 2069 1375 recepisse
2099 1305 2395 1363 videamus.
2419 1310 2623 1361 Revera
2645 1307 2784 1359 enim
2800 1319 3048 1372 suprema
3083 1305 3405 1359 beatitudine

168 1383 397 1449 dgnum
426 1390 510 1434 est
542 1380 591 1432 id
615 1380 753 1448 quod
794 1388 984 1449 vestra;
1012 1378 1200 1449 pietati
1227 1394 1254 1430 a
1285 1379 1512 1432 Domino
1548 1379 1727 1431 datum
1757 1389 1858 1439 est,
1897 1379 2149 1432 nimirum
2186 1378 2540 1430 adulterinum
2564 1392 2590 1427 a
2626 1377 2793 1449 probo
2827 1376 3240 1449 sineeroque_ac
3273 1390 3407 1440 puro

168 1444 491 1505 discernere
522 1465 535 1500 :
562 1444 770 1517 patrum
800 1461 926 1517 vero
950 1444 1129 1510 ﬁdem,
1159 1448 1291 1517 citra
1341 1450 1573 1517 aliquam
1625 1450 2013 1502 detractionem
2044 1449 2344 1515 prmdicare
2380 1461 2391 1495 :
2426 1462 2585 1517 quam
2622 1444 2927 1517 etiammos
2957 1444 3317 1517 suscepimus,
3346 1454 3403 1498 et

167 1520 529 1589 cognovimus
556 1513 621 1571 ex
650 1516 951 1589 apostolicis
980 1513 1499 1589 notiseﬁ'ormatam,
1542 1518 1937 1572 consentientes
1963 1526 2017 1571 et
2037 1513 2157 1586 ipsi,
2188 1526 2241 1571 et
2256 1513 2503 1571 omnibus
2543 1515 2594 1569 in
2624 1515 2833 1570 concilii
2866 1515 3066 1584 scripto
3093 1513 3409 1583 regulariter

165 1586 506 1657 ac'legaliter
532 1588 779 1643 decretis.
806 1586 1081 1657 Hactenus
1120 1588 1219 1642 illi.

239 1655 333 1711 Ab
363 1659 466 1712 hac
515 1658 679 1727 igitur
713 1656 977 1710 catholica
1023 1668 1077 1711 et
1113 1658 1405 1727 apostolica
1439 1656 1676 1727 Ecclesia
1708 1658 1796 1727 qui
1829 1672 1886 1712 se
1932 1669 2208 1726 separant,
2249 1658 2531 1726 diligenter
2580 1671 2760 1711 secum
2791 1655 3127 1727 expendant,
3169 1670 3344 1713 annon
3374 1671 3404 1709 a

166 1728 377 1782 Christi
430 1724 654 1796 corpore
691 1743 750 1783 se
778 1727 1029 1792 avellant,
1085 1724 1206 1781 cu’m
1238 1728 1476 1782 Ecclesia
1508 1726 1600 1781 Dei
1656 1724 1761 1780 un'a
1803 1724 2066 1782 catholica
2103 1728 2305 1782 Christi
2348 1724 2424 1780 sit
2453 1742 2668 1795 corpus,
2716 1736 2770 1781 et
2807 1724 2997 1796 singuli
3038 1727 3089 1779 in
3118 1726 3229 1791 ipsa
3257 1742 3403 1782 com—

169 1798 455 1866 prehensi,
492 1809 600 1850 tum
630 1798 768 1851 inter
791 1812 869 1860 se,
898 1796 1007 1850 tum
1036 1797 1231 1852 Christi
1261 1800 1369 1850 sint
1401 1799 1658 1850 membra.
1691 1796 2030 1865 Quapropter
2071 1799 2202 1850 mihi
2236 1797 2497 1864 imprimis
2531 1799 2581 1848 in
2614 1797 2883 1857 solatium,
2911 1810 3050 1861 sanie
3085 1796 3404 1862 pientissinii

164 1867 296 1933 Viri,
338 1879 395 1923 et
423 1868 488 1921 ad
522 1883 732 1937 pacem,
765 1869 1127 1933 concordiam,
1150 1878 1206 1920 et
1237 1868 1497 1921 unitatem
1520 1868 1702 1921 omnia
1736 1868 2009 1921 molientis
2038 1870 2237 1936 scripta
2264 1866 2401 1934 lego,
2432 1868 2631 1937 relego,
2656 1876 2709 1919 et
2734 1867 3064 1937 exosculoro:
3097 1880 3194 1919 nec
3222 1866 3406 1919 dubito

166 1940 298 2008 quin
321 1938 489 1993 etiam
520 1935 900 2008 aliis‘eamdem
930 1937 1212 2008 utilitatem
1241 1936 1547 2008 exhibitura
1574 1938 1705 2000 sint,
1731 1938 1819 2007 qui
1847 1938 1936 1991 illa
1965 1938 2018 1990 in
2051 1935 2241 1991 manus
2273 1951 2484 1991 sumere
2528 1935 2726 2008 volent.
2759 1938 2929 2003 Atque
2960 1935 3163 2008 utinam
3190 1937 3405 2008 contiu-

166 2004 280 2078 gat,
315 2018 378 2063 ut
412 2009 564 2062 multi
596 2008 667 2076 pii
695 2024 755 2062 ac
782 2006 906 2061 boni
938 2004 1042 2078 viri
1072 2006 1198 2078 hinc
1228 2007 1450 2078 consilia
1476 2022 1539 2063 ac
1569 2004 1768 2062 auxilia
1798 2017 2005 2077 petant,
2028 2017 2081 2060 et
2103 2008 2331 2078 quisque
2353 2015 2615 2075 quantum
2648 2006 2701 2078 in
2729 2020 2789 2059 se
2818 2012 2961 2078 esset
2987 2004 3091 2078 huc
3113 2005 3404 2078 conferret,

166 2073 274 2147 quo
301 2088 360 2132 et
410 2079 477 2133 ad
506 2073 666 2132 unius
698 2086 897 2133 sancta:
942 2076 1220 2147 catholicae
1254 2076 1505 2133 Ecclesia:
1532 2073 1873 2133 concordiam
1927 2073 2547 2141 mnues'dev'eniremus,
2584 2085 2638 2129 et
2670 2077 2813 2147 idem
2842 2073 3153 2147 in_Don_tino
3177 2077 3407 2129 sentire-

167 2142 330 2219 mus:
366 2148 425 2219 id
469 2149 610 2217 quod
648 2150 798 2219 jugta
851 2148 1055 2219 regium
1087 2146 1409 2217 Prophetam
1448 2163 1640 2219 rogare
1683 2148 1960 2216 iubentem
1989 2164 2109 2219 quae
2156 2149 2221 2200 ad
2279 2160 2465 2219 pacem
2510 2155 2636 2219 sunt
2709 2142 3004 2219 Jerusalem
3031 2142 3316 2219 °,_p_ree_or
3338 2156 3405 2219 ot

166 2216 313 2273 Deus
343 2212 501 2271 solus
526 2212 697 2271 bonus
719 2217 739 2247 '
768 2231 863 2283 pro
894 2212 988 2270 sua
1021 2212 1248 2282 benigna
1289 2234 1419 2287 erga
1466 2212 1593 2274 alios
1635 2212 1931 2284 voluntate,
1993 2212 2295 2272 clementer
2331 2217 2441 2271 suis
2496 2218 2729 2271 tribuat.
2764 2212 2933 2268 Porro
2964 2212 3203 2287 quodB.
3228 2214 3295 2287 Ρ.
3334 2216 3403 2287 Τ.

165 2288 575 2357 inscribendum
617 2300 680 2340 ac
713 2287 1028 2341 mittendum
1063 2288 1313 2341 Basilium
1346 2284 1493 2354 duxi,
1524 2303 1631 2343 non
1650 2288 1769 2343 ideo
1788 2289 1959 2342 solum
1987 2289 2206 2351 feci,ut,
2230 2287 2372 2341 velut
2396 2288 2527 2351 dixi,
2549 2287 2765 2357 pietatis
2796 2293 2904 2357 tum
2930 2284 3075 2337 zelus
3100 2285 3203 2357 d_ivi
3227 2285 3403 2357 Basilii

165 2356 630 2439 aelum'fefercns,
655 2356 779 2410 hinc
802 2357 873 2439 ab
888 2359 1595 2439 omnibuscognosceretur,
1623 2360 1715 2413 sed
1742 2360 1901 2439 etiam
1922 2360 2458 2439 t_t_t_privatam.mea.m
2479 2353 2603 2425 erga
2629 2366 2774 2439 tuam
2794 2356 3045 2439 pietatem
3072 2353 3403 2437 allectionem

166 2426 290 2483 hinc
326 2424 431 2480 tibi
450 2427 799 2497 declararem.
828 2426 1042 2482 Memini
1072 2429 1213 2482 enim
1234 2424 1290 2482 ct
1315 2429 1630 2482 suavissime
1658 2428 1913 2483 recordor
1937 2424 2081 2483 illius
2127 2427 2471 2497 cognitionis,
2506 2424 2626 2495 qua:
2649 2426 2778 2497 mihi
2808 2425 3132 2478 adolescenti
3156 2428 3403 2497 contigit,

165 2500 292 2568 dum
323 2507 381 2551 tu
434 2499 560 2552 item
608 2496 922 2568 adolescens
967 2496 1116 2551 illum
1143 2497 1352 2568 dicendi
1395 2500 1530 2553 artis
1562 2499 1879 2568 magistrum
1905 2494 2281 2568 amantissime
2309 2494 2735 2568 amplectereris,
2790 2508 2896 2568 quo
2934 2494 3216 2568 _ego_paulo
3244 2506 3405 2568 antea

164 2566 372 2622 Graeca
405 2568 603 2639 lingua:
632 2566 857 2623 doctore
883 2580 1013 2621 usus
1046 2567 1275 2639 fueram.
1314 2567 1431 2633 Quo
1464 2563 1703 2639 tempore
1732 2583 1837 2639 non
1872 2580 1937 2621 eo
1972 2566 2146 2639 solum
2175 2563 2557 2639 noutineapud
2584 2580 2669 2621 me
2704 2565 2765 2639 _in
2810 2563 3166 2639 admiratione
3197 2566 3400 2639 constif

166 2648 314 2692 tutus
345 2633 516 2701 eras:
548 2639 689 2705 quod
717 2652 981 2692 summam
1012 2637 1227 2703 generis
1249 2633 1608 2701 nobilitatem}
1639 2649 1690 2693 et
1718 2638 1957 2693 famosas
1990 2637 2109 2692 illus
2150 2638 2411 2705 majorum
2452 2633 2664 2692 tuorum
2703 2633 2985 2705 imagines,
3010 2635 3111 2705 sub
3133 2636 3403 2690 communi

166 2654 314 2692 tutus
345 2654 498 2701 eras,
588 2654 689 2691 uou
717 2654 981 2692 summam
1012 2654 1227 2703 generts
1249 2654 1608 2701 nonmtatem,
1639 2654 1690 2693 et
1718 2654 1957 2693 ramosas
1990 2654 2109 2692 tuos
2150 2654 2411 2705 majorum
2452 2654 2664 2692 tuorum
2703 2654 2985 2703 imagines,
3010 2654 3111 2690 suo
3133 2654 3403 2690 communi

164 2718 504 2776 praeceptore
548 2654 716 2761 15mm
739 2716 795 2761 et
841 2705 1135 2761 Mosellano
1190 2708 1459 2763 illustrare
1518 2708 1845 2763 instituisses
1876 2723 1891 2758 :
1919 2708 2161 2762 sednon
2201 2708 2493 2773 vulgariter
2518 2707 2681 2761 etiam
2707 2720 2739 2759 a
2774 2719 2861 2759 me
2888 2704 3218 2771 diligebaris,
3262 2707 3403 2773 quod

163 2770 487 2858 firego'rium
519 2776 876 2858 Ηυιοειειάηιιη
903 2783 1314 2858 conterraneum
1351 2792 1555 2858 meum,
1578 2791 1829 2858 magnum
1867 2777 2223 2858 illumpostca
2248 2770 2712 2858 ju'riscoosultum,
2737 2789 2859 2858 cum
2880 2770 3028 2843 quoa
3048 2770 3226 2841 pueris
3246 2770 3408 2857 ‘l‘ami-

164 2842 373 2916 liari‘ter
389 2849 651 2899 educatus
688 2845 941 2916 lueram',
976 2852 1181 2916 tantum
1199 2855 1431 2916 quantus
1458 2847 1547 2900 ille
1576 2842 1695 2912 fuit,
1716 2853 1830 2901 tum
1848 2842 2109 2909 consiliis,
2130 2842 2749 2916 tum'suntptibusdatis,
2779 2842 2987 2900 elIieere
3008 2848 3401 2916 proposuisses.

163 2914 293 2969 Mihi
314 2916 465 2970 enim
496 2924 549 2970 et
580 2914 764 2984 patria:
788 2914 1053 2984 imprimis
1081 2915 1131 2967 id
1152 2915 1311 2971 tribui
1340 2930 1368 2968 a
1402 2925 1454 2970 te
1479 2919 1754 2985 putabam,
1804 2916 1946 2985 quod
1976 2916 2031 2969 in
2072 2916 2221 2970 illum
2251 2918 2548 2971 conlerres.
2573 2915 2684 2970 Nec
2716 2914 3199 2985 hactenusaliquid
3227 2917 3399 2971 deluit

163 2986 294 3040 mihi
324 2994 526 3052 prater
548 2985 914 3055 occasionem,
945 2995 1053 3053 quo
1078 2986 1256 3041 minus
1280 2999 1456 3040 meum
1482 2984 1607 3055 erga
1639 2986 1699 3041 P.
1738 2985 1803 3040 Τ.
1824 2984 2080 3041 animum
2117 2986 2463 3045 deelararim.
2504 2986 2653 3041 Hanc
2697 2994 2874 3040 autem
2905 2984 3013 3051 jam
3042 2984 3293 3054 adeptum
3321 3004 3405 3038 me

164 3069 333 3121 ratus,
370 3067 430 3109 ut
459 3056 762 3110 elaberetur
785 3054 915 3126 mihi
942 3070 1045 3109 non
1071 3057 1382 3126 permittere
1405 3054 1567 3121 volui,
1601 3057 1693 3111 sed
1724 3058 2050 3112 sanctissimi
2086 3058 2186 3110 viri
2244 3059 2529 3120 librorum,
2560 3067 2671 3119 aut,
2702 3064 2760 3109 ut
2790 3058 2989 3110 rectius
3031 3054 3228 3121 dicant,
3260 3055 3403 3107 Tlte-

164 3129 305 3197 sauri
333 3128 454 3197 puri
480 3126 589 3194 puti
608 3127 671 3179 ad
704 3136 755 3197 te
781 3125 1054 3197 missione,
1074 3125 1295 3197 publice
1329 3136 1576 3181 testatam
1603 3126 1779 3182 facere
1810 3143 1980 3182 meam
2012 3142 2135 3197 erga
2158 3128 2221 3181 B.
2244 3128 2303 3181 l’.
2324 3128 2385 3181 Τ.
2405 3128 2801 3181 observantiam
2833 3143 2844 3177 :
2879 3141 3040 3194 quam
3072 3142 3239 3195 nuper
3270 3130 3402 3179 adeo

164 3195 305 3249 Deus
341 3196 583 3263 optimus
614 3194 881 3247 maximus
905 3195 989 3247 his
1021 3196 1329 3262 regionibus
1354 3197 1494 3249 inter
1524 3211 1659 3263 quas
1694 3207 1747 3248 et
1779 3198 1955 3263 patria
1986 3194 2101 3250 mea
2126 3208 2462 3259 numeratur,
2489 3197 2799 3265 episcopum
2828 3197 2974 3249 dedit
3012 3212 3025 3250 :
3051 3194 3157 3264 qui
3178 3197 3401 3264 publica:

164 3279 342 3317 rerum
378 3266 529 3333 pacis
582 3273 634 3315 et
671 3266 969 3337 concordia:
996 3279 1059 3317 ae
1094 3266 1549 3337 reconciliationis
1583 3266 1634 3337 in
1664 3265 1924 3337 religione
1956 3267 2259 3337 Christiana
2298 3270 2610 3333 reparanda:
2638 3268 2809 3337 gratia
2834 3304 2848 3330 ,
2898 3267 3079 3337 omnia
3115 3265 3307 3337 facere
3334 3281 3395 3317 ac

162 3337 270 3400 pati
314 3344 543 3404 paratus
564 3344 665 3405 est.
698 3343 752 3388 et
783 3335 1044 3388 hactenus
1076 3348 1184 3403 non
1204 3334 1396 3402 exigua
1436 3336 1676 3404 pericula
1716 3336 1953 3405 pertulit.
1997 3336 2179 3390 Macte.
2202 3338 2362 3405 igitur
2395 3341 2597 3397 animo,
2639 3334 2977 3405 magnanime
3003 3334 3106 3388 Juli
3136 3334 3395 3403 pontifex,

164 3407 212 3458 id
238 3403 383 3472 quod
411 3420 531 3457 cum
562 3403 672 3474 Deo
701 3406 911 3473 cmpisti
949 3419 1206 3474 prospere
1237 3403 1455 3473 perﬁce,
1487 3414 1541 3459 et
1565 3422 1694 3461 oves
1717 3403 1821 3459 tute
1856 3422 1999 3460 cura:
2032 3403 2348 3460 commissas
2380 3420 2519 3457 veras
2541 3407 2687 3458 verbi
2714 3403 2969 3459 doctrinae
2996 3407 3188 3472 pabuio
3219 3421 3398 3470 pasce,

163 3486 213 3527 et
256 3475 560 3546 Ecclmiam
592 3473 682 3546 Dei
737 3478 802 3546 ad
851 3473 1031 3526 verant
1086 3476 1359 3544 Evangelii
1398 3478 1490 3529 ﬁlii
1519 3480 1597 3531 sui
1639 3478 1896 3531 unitatem
1927 3478 2138 3546 collige.
2169 3475 2273 3530 t‘ios
2307 3490 2433 3529 vero
2491 3476 2627 3529 inter
2663 3486 2780 3528 tuos
2816 3490 3056 3537 recense,
3084 3488 3138 3529 et
3163 3488 3398 3529 nostram

164 3546 299 3598 hanc
336 3545 587 3599 Latinam
616 3544 797 3597 Basilii
852 3546 1281 3608 translationem,
1312 3556 1366 3599 ct
1413 3547 1574 3600 simul
1601 3548 1913 3601 Graecorum
1946 3544 2187 3612 ejusdem
2250 3546 2575 3600 sanctissimi
2611 3546 2711 3598 viri
2739 3560 2961 3614 operum
2994 3546 3359 3605 collectionem
3381 3584 3397 3607 ,

165 3631 213 3667 et
246 3616 346 3669 sub
383 3616 599 3669 nomine
632 3626 723 3668 tuo
744 3616 1059 3677 editionem,
1098 3614 1169 3667 ita
1196 3617 1422 3673 mstima.
1460 3618 1731 3671 velutsiut
1760 3618 1932 3670 vidua:
1970 3618 2114 3669 illius
2149 3617 2253 3668 duo
2286 3616 2371 3668 illa
2406 3631 2529 3682 quae
2555 3615 2667 3670 sola
2700 3614 2951 3679 habebat,
3008 3625 3062 3671 et
3114 3618 3166 3670 in
3209 3617 3397 3669 ﬁscum

166 3687 410 3739 mittebat
430 3687 655 3738 minuta.
676 3683 1042 3753 Qumapudﬁ.
1068 3684 1127 3737 P.
1156 3682 1266 3737 T.a
1290 3700 1375 3738 me
1403 3688 1669 3755 deposita,
1703 3688 1775 3739 ita
1805 3686 1989 3740 haberi
2018 3688 2196 3754 cupio,
2231 3695 2287 3737 ttt
2323 3687 2585 3754 intelligat
2607 3686 2718 3751 illa,
2752 3699 2839 3740 me
2872 3686 3008 3739 hanc
3033 3700 3203 3739 meam
3230 3688 3280 3739 in
3307 3685 3399 3740 bis

164 3758 383 3809 edendis
404 3771 625 3824 operam
660 3765 822 3825 totam
855 3756 1020 3821 ipsius
1043 3756 1243 3825 judicio
1258 3756 1544 3825 subjicere,
1580 3766 1635 3809 ct
1662 3759 1818 3809 unius
1841 3768 2038 3811 sanctae
2061 3756 2336 3811 catholica:
2355 3756 2609 3810 Ecclesiae
2636 3771 2939 3819 censuram,
2962 3756 3074 3809 sire
3090 3757 3213 3825 quid
3240 3770 3395 3809 revo-

166 3841 304 3888 care,
336 3823 453 3881 sive
477 3827 773 3895 immutare
795 3823 846 3876 in
872 3839 991 3877 mea
1022 3823 1395 3893 translatione,
1420 3843 1483 3882 ex
1519 3828 1844 3895 negligentia
1893 3828 2053 3890 forte,
2102 3830 2143 3880 si
2174 3828 2243 3879 ita
2278 3827 2494 3890 accidit,
2526 3841 2632 3881 non
2662 3836 2810 3879 certe
2838 3823 3171 3895 malignitate
3199 3828 3399 3880 admis-

165 3908 297 3960 sum,
330 3904 603 3964 oporteat,
632 3893 853 3967 minime
886 3895 1133 3967 refugere
1170 3910 1271 3967 :Aet
1307 3899 1504 3966 alioqui
1540 3893 1611 3951 ea
1629 3893 1712 3950 est
1768 3912 1942 3949 rerum
1980 3913 2217 3951 mearum
2257 3897 2509 3961 tenuitas,
2553 3908 2611 3952 ut
2639 3897 2703 3951 ad
2739 3893 3056 3967 praesentiam
3107 3896 3376 3962 religionis

166 3967 385 4037 turbata:
409 3974 641 4037 statum,
670 3964 799 4037 nihil
841 3964 1068 4032 amplius
1090 3964 1337 4037 conferre
1362 3964 1577 4035 queam,
1612 3982 1707 4020 nec
1741 3967 1953 4037 propria
1988 3968 2252 4037 professio
2306 3967 2510 4022 medica
2535 3969 2695 4031 sinat,
2738 3964 2855 4036 qua:
2882 3967 2993 4033 jam
3032 3966 3162 4019 tuibi
3192 3967 3395 4019 instans

164 4035 224 4084 ad
250 4050 304 4087 se
328 4044 567 4089 revocat.
604 4033 789 4087 Valeat
818 4036 1109 4089 reverenda
1132 4036 1300 4103 pietas
1333 4033 1442 4092 tua.
1479 4038 1748 4092 Zuiccavii
1774 4033 2025 4093 Kalendis
2066 4038 2423 4108 Septembris,
2452 4056 2592 4095 anno
2627 4033 2828 4093 Christi
2854 4037 3009 4092 1549.

802 4196 3364 4223 ——————-————————-———————_——~

1103 4345 1495 4409 PREFATIO
1540 4348 1913 4413 EDITIO‘NIS
1954 4349 2417 4415 PAIUSIENSIS
2443 4400 2456 4427 ,

1378 4522 1520 4593 Quae
1555 4524 1784 4600 prodiit
1814 4539 1979 4585 anno
2016 4525 2181 4588 1618.

1282 4687 1585 4755 Bibliopola:
1616 4688 1934 4744 Parisienses
1974 4689 2177 4743 Lectori
2208 4688 2262 4743 S.

226 4839 344 4921 Post
380 4841 932 4921 editiortem'operum
1054 4840 1298 4920 Gregorii
1332 4841 1678 4921 Nysseni,_ne
1718 4844 1939 4921 fratrem
1976 4845 2161 4921 frater
2190 4847 2488 4921 desereret,
2530 4850 2722 4905 Basilii
2772 4850 2947 4921 Magni
2988 4851 3387 4911 lucubrationes

172 4914 536 4990 studiosorum
554 4912 844 4990 hominum
879 4913 1018 4965 votis
1042 4914 1304 4990 espetitas
1328 4924 1555 4990 utraque
1598 4915 1856 4990 lingu-ain
1902 4916 2071 4968 lutea:
2098 4918 2259 4990 edere
2293 4918 2617 4990 oettjttttctjitt
2651 4912 3035 4990 cupieba'mus:
3071 4940 3190 4977 cum
3216 4943 3243 4977 a
3275 4929 3388 4979 viro

172 4985 473 5055 ttoctissimo
500 4982 775 5055 lticltardo
799 4980 1128 5055 Montacutio
1163 4984 1229 5055 ad
1260 4996 1357 5034 nos
1385 4980 1701 5052 ex’Angiia'
1729 4987 1891 5038 missa
1942 4996 2026 5039 e~t
2069 4988 2234 5040 editio
2288 4980 2469 5041 Graeca
2522 4980 2858 5047 Frobeniana
2916 4994 3041 5045 anni
3074 4994 3227 5055 1551,
3266 5014 3385 5049 t'llllt

167 5051 539 5129 tnauuscriptis
568 5052 846 5129 codicibus
871 5054 1081 5116 collata,
1107 5054 1241 5129 etin
1266 5055 1505 5129 margine
1532 5051 1710 5129 multis
1740 5055 1903 5129 var_iis
1928 5057 2249 5129 lectionibus
2280 5068 2331 5110 et
2360 5060 2819 5115 ctnendationibus
2840 5060 3123 5127 illustrata,
3150 5051 3386 5128 CXt‘t'ltlls

169 5122 284 5198 solis
306 5123 561 5198 aduersus
596 5120 915 5198 [innantium
944 5134 997 5177 et
1023 5124 1274 5198 asceticis
1304 5120 1475 5198 libris,
1507 5126 1703 5191 quibus
1730 5139 1788 5198 et
1818 5124 2065 5198 Latioam
2096 5128 2390 5198 editionem
2441 5141 2675 5184 nostram
2726 5134 3005 5186 addiderat
3059 5120 3184 5187 anni
3228 5120 3380 5197 1605,

170 5190 215 5242 itt
242 5191 570 5270 homiliisﬂin
607 5188 1234 5270 Psalmosrecognitum,
1267 5202 1320 5247 et
1347 5193 1399 5244 in
1435 5188 1828 5270 commentario
1861 5202 1925 5270 in
1948 5195 2149 5248 lanium
2182 5197 2233 5249 in
2261 5198 2482 5270 ttiginta
2507 5200 2585 5251 vel
2619 5200 2835 5254 circiter
2861 5203 2989 5255 locis
3021 5188 3379 5270 emendatam,

168 5274 257 5340 una
292 5276 423 5340 cum
455 5260 652 5340 Graeco
691 5260 808 5340 ejus
837 5259 957 5339 libri
994 5259 1566 5340 texlu_tt):tttu5Ct‘ipt_tt,
1612 5280 1674 5316 ac
1712 5266 1962 5340 ducentis
2010 5259 2421 5340 quatuordcci‘m
2466 5271 2706 5340 epistolis
2758 5274 2989 5325 nondum
3031 5274 3278 5340 vulgatis,
3315 5259 3381 5327 ab

169 5332 344 5409 eodem
375 5329 684 5410 Latinitate
710 5331 946 5410 donatis.
995 5332 1274 5410 ln_qui_bus
1301 5348 1366 5410 ne
1394 5329 1520 5398 quid
1549 5344 1691 5410 esset
1739 5334 1992 5401 fortasse,
2026 5329 2196 5405 'quod
2229 5329 2513 5391 catholicis
2548 5341 2848 5393 hominibus
2891 5329 3189 5410 suspectuth
3218 5329 3379 5409 esset,

166 5401 302 5477 quasi
336 5398 632 5477 nett__bona
657 5399 759 5454 tide
787 5401 966 5455 omnia
995 5418 1024 5457 e
1058 5398 1208 5477 libris
1230 5404 1459 5477 calamo
1482 5405 1723 5477 exaratis
1760 5398 2143 5471 repraesentata
2184 5419 2384 5470 essent,
2418 5416 2471 5460 ct
2529 5421 2585 5463 ut
2616 5412 2793 5477 aliquo
2822 5398 3221 5467 etiam'cnntulo
3262 5398 3381 5465 un:

168 5473 425 5547 rectiones
460 5470 1366 5547 illa:_a_ttgerentur,_erttditissituos
1397 5474 1603 5542 aliquos
1636 5475 1792 5544 huius
1824 5470 2117 5530 academia:
2154 5479 2298 5531 viros
2330 5481 2623 5544 otavimus,
2660 5470 2719 5533 ut
2747 5496 2999 5537 excutere
3049 5485 3133 5535 illa
3166 5488 3378 5547 vellent,

165 5548 344 5609 etcum
373 5539 557 5609 Regia:
582 5540 920 5594 bibliotheca:
945 5541 1096 5595 libris
1128 5542 1390 5597 conferre.

225 5607 285 5663 Et
314 5607 585 5679 quoniam
618 5619 744 5664 ante
771 5625 939 5667 annos
963 5615 1213 5666 tredecim
1245 5623 1394 5666 notas
1430 5629 1555 5668 suas
1581 5614 1631 5667 in
1668 5612 1910 5671 Latinam
1963 5616 2143 5671 Basilii
2184 5618 2675 5689 interpretationem
2734 5621 2790 5675 ad
2838 5640 2931 5679 nos
2958 5622 3239 5695 Burdigala
3287 5644 3384 5680 mt-

225 5800 247 5835 '
277 5804 472 5861 Ilatth.
510 5818 659 5871 xxvi,
692 5805 775 5859 3i.
909 5806 1047 5864 Psal.
1075 5823 1223 5878 cur,
1251 5810 1304 5864 6.
1426 5809 1585 5865 Marc.
1614 5826 1663 5879 ι,
1697 5811 1760 5867 18
