4086 6318
680 376 941 419 ωιχιιτι

2022 371 2542 427 PROLEGOMENA.

692 486 862 532 totum
891 490 1157 545 occupare
1179 478 1464 533 recolendo
1498 476 1787 536 Dominica
1816 482 2251 544 Circumcistmtis
2280 496 2326 552 Α
2352 490 2678 561 perdurarit.
2720 508 2737 540 ι
2771 487 2895 545 Hac
2917 497 2976 544 ut
2996 492 3168 559 quoad
3199 505 3307 547 rem
3333 490 3583 562 pleraque
3611 508 3738 548 vera
3762 506 3899 566 sunt,

689 568 968 639 mysterio.
1008 564 1105 621 His
1130 572 1399 623 recentior
1419 568 1731 624 Graecorum
1762 574 2165 642 pietas,s:eculo
2197 598 2249 634 xt

684 664 893 719 addidit
924 666 1143 719 tertium
1172 666 1271 735 ipsi
1297 666 1665 737 Gregorioqne
1686 669 1956 741 Theologo
1980 685 2030 728 et
2056 675 2249 730 Joanui

685 756 1075 828 Chrysostomo
1104 760 1462 813 communiter
1490 761 1893 819 celebrandum.
1928 766 2002 821 De
2034 767 2131 821 hoc
2153 767 2253 821 dif-

686 848 913 904 ferimus
969 865 1129 920 agere
1188 866 1357 922 usque
1404 862 1525 922 post
1558 857 1688 908 A-rta
1724 857 1847 911 vita
1886 857 2058 915 fusius
2091 862 2253 929 expli-

691 942 863 995 canda
891 962 903 996 :
934 943 1000 997 de
1046 944 1314 1021 prioribus
1347 944 1554 1000 duobus
1587 949 1798 1015 praefari
1824 950 2015 1019 placet.
2048 952 2252 1008 Latinis

688 1048 817 1103 ergo
856 1032 1255 1104 llartyrologiis
1292 1035 1395 1089 hoc
1422 1050 1511 1091 xiv
1535 1036 1676 1092 Junii
1731 1040 2000 1109 ascriptus
2035 1054 2253 1099 sanctus

688 1126 921 1180 Basilius
976 1135 1104 1181 est:
1146 1143 1249 1180 non
1304 1138 1430 1181 sunt
1467 1138 1641 1184 tamen
1692 1132 2063 1200 antiquissima
2122 1135 2251 1188 illa:

690 1224 872 1277 tacent
907 1218 1049 1272 enim
1098 1217 1163 1273 de
1210 1216 1413 1272 Basilio
1452 1219 1855 1291 llieronymiani
1892 1222 2254 1296 Martyrologii

688 1309 956 1379 ecgrapha
986 1311 1207 1375 omnia;
1268 1325 1477 1366 necnon
1519 1314 1787 1381 genuinus
1834 1314 2007 1381 Bt-da,
2043 1319 2255 1370 omnia-

690 1417 795 1471 que
847 1402 1003 1457 Beda:
1063 1411 1271 1457 vetusta
1328 1401 1755 1474 Supplementa,
1794 1421 1898 1459 una
1947 1423 2065 1460 cum
2099 1407 2260 1463 Floro

690 1489 1058 1560 Lugdunensi,
1087 1508 1150 1547 ac
1182 1496 1414 1565 denique
1435 1495 1855 1552 Wandelbertus
1904 1495 2257 1553 Prumiensis.

690 1580 857 1637 Primi
893 1584 945 1636 in
970 1584 1057 1638 illo
1088 1587 1437 1651 nominando,
1476 1603 1541 1642 ex
1572 1588 1840 1642 communi
1866 1598 2043 1643 tamen
2077 1592 2260 1644 nescio

691 1687 799 1742 quo
835 1672 1002 1739 fonte,
1040 1674 1259 1730 fuerunt
1295 1677 1573 1732 Usuardus
1600 1688 1653 1733 et
1685 1680 1799 1733 Ado
1828 1699 1841 1733 :
1876 1694 2103 1749 quorum
2152 1682 2261 1749 pri-

694 1779 835 1830 mus,
879 1781 1030 1819 more
1057 1781 1157 1821 suo
1183 1766 1419 1834 brevior,
1446 1772 1512 1823 ad
1549 1786 1678 1824 xvm
1708 1771 1976 1827 Kalendas
2022 1771 2146 1827 Julii
2182 1774 2260 1828 sic

2352 580 2420 632 ita
2449 580 2499 633 in
2550 579 2975 635 circumstantiis
3002 582 3069 635 ab
3092 583 3314 637 historia
3352 583 3576 638 multum
3609 588 3898 655 aberrant;

2353 671 2492 737 quod
2532 671 2734 739 patebit
2768 672 3132 727 consideranti
3166 675 3296 727 Acta
3340 674 3565 729 inferius
3596 678 3793 733 danda.
3832 681 3902 736 Ex

2350 763 2534 816 Adone
2587 774 2766 817 tamen
2818 766 3140 829 ostenditur,
3163 775 3406 819 sanctum
3438 765 3721 831 Basilium,
3757 772 3906 828 annis

2352 850 2549 905 abhinc
2578 852 2899 920 octingentis
2936 853 3037 907 coli
3086 852 3261 907 solere
3308 855 3408 909 hac
3460 857 3670 911 decima
3723 874 3904 928 quarta

2351 941 2495 997 Junii
2535 960 2550 1009 ;
2596 943 2822 1014 indeque
2873 944 3125 999 suadetur
3168 945 3352 1000 eadem
3408 945 3492 1001 die
3533 962 3904 1005 consecratum

2354 1036 2713 1104 episc0pum;
2763 1036 3004 1104 quamvis
3070 1037 3344 1105 ignoretur
3387 1040 3522 1094 unde
3575 1041 3679 1096 hoc
3727 1042 3897 1100 Latini

2356 1127 2683 1195 acceperint,
2712 1128 3013 1183 tacentibus
3049 1128 3252 1184 Graecis

2425 1218 2481 1271 3.
2522 1216 2751 1271 Usuardi
2783 1216 3009 1274 Lubectc
3045 1220 3227 1275 excusi
3261 1231 3313 1276 et
3337 1220 3562 1277 Florarii
3594 1222 3911 1282 Sanctorum

2356 1320 2627 1373 auctores,
2650 1324 2771 1365 cum
2801 1309 2982 1365 forsan
3011 1313 3321 1381 ignorarent
3368 1331 3469 1382 qua
3500 1316 3567 1370 de
3590 1331 3755 1372 causa
3802 1321 3914 1374 dies

2361 1399 2451 1453 hic
2515 1399 2714 1454 Basilio
2770 1414 2926 1455 sacer
2975 1400 3287 1470 haberetur,
3338 1405 3749 1459 translationem
3805 1409 3914 1477 ejus

2360 1491 2645 1558 quamdam
2672 1531 2687 1555 ,
2715 1492 2807 1546 sed
2837 1491 3087 1546 onmihus
3114 1491 3232 1547 aliis
3263 1495 3494 1564 ignotam
3527 1496 3915 1567 excogitarunt.

2363 1577 2577 1635 Primus
2614 1599 2628 1635 :
2665 1602 2682 1634 ι
2732 1582 2885 1652 Apud
2942 1581 3243 1637 Caesaream
3286 1586 3678 1655 Cappadociae,
3717 1591 3913 1660 inquit,

2364 1673 2650 1727 translatio
2678 1672 2735 1730 S.
2770 1674 2974 1740 Basilii,
3010 1674 3245 1746 episcopi
3272 1688 3327 1730 et
3362 1678 3709 1737 confessoris.
3755 1702 3774 1734 ι
3805 1682 3921 1738 Flo-

2365 1763 2565 1817 rarium
2593 1764 2779 1818 iisdem
2806 1765 2972 1830 addit,
3020 1784 3039 1817 ι
3070 1765 3253 1821 fratris
3280 1766 3521 1839 Gregorii
3549 1782 3603 1826 et
3628 1773 3803 1840 Petri,
3835 1779 3920 1845 qui

695 1856 887 1910 scribit
910 1856 961 1909 in
1006 1857 1254 1913 omnibus
1282 1859 1396 1915 fere
1423 1861 1860 1931 exemplaribus:
1908 1882 1926 1913 ι
1962 1864 2113 1930 Apud
2142 1865 2257 1919 Cm-
2290 1864 2333 1918 Β
2366 1866 2607 1922 tempore
2646 1854 2883 1910 Valentis
2914 1856 3271 1927 imperatoris,
3310 1858 3550 1912 doctrina
3581 1872 3635 1916 et
3661 1868 3921 1932 sapientia

694 1958 903 1998 saream
937 1945 1292 2016 Cappadociae.
1320 1950 1528 2006 Natalis
1558 1951 1615 2006 S.
1652 1954 1833 2008 Basilii
1876 1957 2137 2024 episcopi,
2170 1957 2260 2026 qui

699 2043 938 2104 tempore
992 2040 1233 2095 Valentis
1282 2042 1532 2097 doctrina
1582 2053 1636 2098 et
1692 2047 1953 2116 sapientia
2012 2048 2262 2115 insignis,

694 2126 1055 2196 omnibusque
1106 2128 1397 2185 virtutibus
1431 2130 1708 2201 fundatus,
1762 2136 2084 2189 mirabiliter
2112 2135 2264 2191 elful-

696 2215 787 2270 sit.
831 2232 853 2267 ι
882 2216 985 2272 Per
1016 2219 1248 2275 natalem
1283 2220 1445 2287 diem,
1476 2224 1640 2277 alium
1686 2225 1775 2278 bic
1807 2224 2103 2295 intelligere
2156 2243 2261 2283 non

698 2322 1007 2378 possumus,
1052 2326 1213 2380 quam
1247 2314 1679 2368 anniversarium
1731 2316 2086 2373 ordinationis
2113 2357 2130 2384 ,
2186 2320 2263 2373 uti

694 2413 918 2458 sanctus
948 2404 1055 2459 Leo
1094 2405 1315 2472 Magnus
1338 2446 1353 2470 ,
1389 2420 1639 2461 sermone
1676 2410 1837 2462 tertio
1864 2410 1914 2463 in
1954 2412 2263 2465 anniversa-

697 2498 781 2552 rio
802 2499 1188 2567 assumptionis
1223 2516 1351 2563 suae,
1372 2514 1493 2555 eum
1520 2503 1793 2557 servitutis
1825 2520 1935 2558 sum
1962 2506 2263 2559 natalitium

696 2586 839 2639 diem
868 2588 1114 2655 appellat.
1167 2587 1291 2643 Ideo
1324 2590 1639 2643 hodiernum
1673 2592 1973 2645 Romanum
2005 2592 2266 2665 Martyro-

699 2678 922 2745 logium,
953 2679 1179 2736 servatis
1204 2681 1326 2736 aliis
1366 2681 1600 2737 Usuardi
1648 2682 1847 2749 verbis,
1896 2684 2015 2739 loco
2039 2683 2263 2749 Natalis.

698 2771 1097 2826 ordinationem
1147 2778 1356 2841 posuit;
1412 2776 1718 2847 addiditque
1774 2778 1916 2847 quod
1968 2778 2265 2833 Ecclesiam

700 2862 965 2918 adversus
996 2865 1227 2921 Arianos
1260 2879 1313 2921 et
1346 2867 1760 2925 Maccdoniauos
1802 2870 1939 2925 mira
1968 2872 2269 2926 constantia

697 2954 960 3011 defendit.

770 3138 825 3191 2.
862 3137 999 3204 Ado,
1035 3136 1186 3208 cujus
1226 3140 1405 3209 priora
1434 3140 1592 3195 verba
1642 3142 1979 3213 transcripsit
2006 3142 2119 3210 ejus
2169 3146 2267 3199 ab-

700 3230 970 3286 breviator
1004 3248 1325 3305 anonymus,
1356 3236 1445 3304 qui
1472 3236 1570 3289 sub
1603 3234 1760 3290 Beda:
1800 3237 2013 3290 nomine
2046 3239 2271 3291 circum-

701 3324 894 3391 fertur,
948 3338 999 3379 et
1044 3325 1329 3380 Baronium
1380 3328 1616 3397 aliosque
1694 3329 1875 3399 plures
1946 3330 2133 3383 fefellit
2205 3347 2268 3386 ac

701 3417 875 3482 fallit,
911 3416 1028 3471 Ado
1061 3458 1075 3480 ,
1133 3420 1388 3489 inquam,
1445 3421 1511 3471 ad
1558 3421 1787 3475 similem
1846 3419 1961 3476 fere
2022 3421 2264 3479 Usuardo

701 3515 1297 3576 commemorationem,
1355 3513 1437 3564 his
1466 3512 1641 3565 verbis
1667 3523 1976 3580 conceptam
2016 3531 2029 3568 :
2064 3532 2082 3565 ι
2116 3514 2269 3581 Apud

702 3601 1005 3655 Ctesaream
1047 3600 1399 3669 Cappadocia:
1434 3602 1603 3656 sancti
1644 3599 1824 3655 Basilii
1868 3602 2127 3669 episcopi,
2163 3605 2269 3657 fra-

704 3693 805 3746 tris
838 3692 1081 3761 Gregorii
1120 3704 1173 3745 ct
1226 3693 1388 3759 Petri,
1431 3712 1447 3745 ι
1488 3695 1763 3763 prolixiori
1809 3692 1983 3760 elogio
2026 3694 2270 3747 eumdem

704 3785 786 3841 sic
813 3784 1159 3855 prosequitur
1191 3803 1203 3837 :
1236 3805 1253 3836 ι
1295 3786 1395 3852 Qui
1444 3802 1564 3839 cum
1604 3796 1745 3839 esset
1780 3786 2032 3840 omnibus
2060 3784 2275 3836 virtuti-

696 3881 806 3931 bus
837 3879 1113 3943 fundatus,
1151 3889 1205 3933 et
1230 3878 1459 3947 quodam
1491 3889 1731 3937 tempore
1779 3894 1806 3931 a
1852 3880 2073 3933 Valente
2101 3878 2274 3947 impe-

706 3978 889 4022 ratore
921 3969 973 4021 in
1002 3969 1249 4020 exsiliunt
1298 3982 1394 4035 pro
1426 3968 1525 4019 lide
1556 3975 1860 4031 cogeretur,
1888 3968 2159 4021 exhibitas
2207 3965 2273 4019 ad

710 4056 946 4110 tribunal
998 4057 1260 4127 praefecti,
1290 4058 1692 4125 terroribusque
1724 4058 1805 4125 (ut
1853 4059 1926 4112 illi
1982 4060 2147 4113 moris
2194 4070 2278 4113 est

706 4152 988 4220 potestati)
1027 4161 1083 4203 et
1113 4151 1272 4204 minis
1309 4151 1559 4203 maximis
1594 4149 1677 4216 agi
1706 4150 1890 4215 C(Bpil,
1924 4160 1981 4202 ut
2008 4151 2108 4203 nisi
2140 4165 2277 4221 pra:-

706 4243 879 4309 ceptis
910 4243 1169 4311 principis
1194 4241 1456 4308 obediret,
1478 4242 1752 4295 interitum
1783 4241 1885 4295 sibi
1919 4239 2028 4306 jam
2054 4241 2276 4309 jamque

706 4345 951 4402 speraret
977 4334 1309 4402 impendere.
1337 4332 1485 4387 Tunc
1513 4333 1623 4396 ille,
1664 4332 1966 4398 intrepidus
1996 4341 2050 4384 et
2076 4332 2277 4400 absque

708 4429 814 4479 ulla
848 4427 1011 4480 animi
1044 4427 1448 4494 perturbatione
1473 4468 1487 4491 ,
1527 4427 1641 4478 haec
1686 4428 1785 4480 sibi
1821 4425 2091 4479 minitanti
2145 4441 2277 4493 prae-

2365 1944 2622 2011 insiguis;
2651 1961 2774 1999 cum
2804 1947 2919 2014 ipse
2964 1947 3257 2017 imperator
3306 1950 3373 2001 de
3416 1948 3555 2003 illius
3580 1952 3777 2005 exsilio
3807 1970 3898 2007 seu

2366 2034 2588 2087 tentiam
2617 2034 2775 2088 vellet
2804 2037 3041 2093 scribere
3068 2077 3083 2102 ,
3138 2038 3369 2107 primus,
3393 2040 3687 2107 secundus,
3723 2053 3777 2096 et
3818 2056 3923 2097 ter-

2366 2124 2473 2184 tius
2496 2124 2739 2179 calamus
2775 2124 2978 2183 fractus
3014 2138 3124 2195 est;
3172 2129 3311 2184 unde
3345 2130 3651 2201 indignatus
3681 2134 3923 2187 chartam

2369 2214 2551 2283 fregit.
2590 2213 2798 2269 Claruit
2846 2231 2985 2272 anno
3043 2220 3234 2275 salutis
3290 2221 3415 2279 369.
3448 2239 3468 2273 ι
3508 2222 3928 2293 Manuscriptnm

2366 2306 2425 2363 S.
2445 2306 2683 2371 Gudulm,
2708 2322 2821 2360 non
2842 2309 3173 2366 translationi
3193 2315 3284 2368 sed
3301 2315 3609 2381 elevationi,
3637 2317 3798 2385 hujus
3823 2319 3928 2371 diei

2369 2397 2564 2452 festum
2603 2397 2871 2453 ascribit:
2904 2406 2956 2453 et
2985 2410 3162 2466 recte,
3190 2405 3232 2456 si
3264 2414 3453 2473 praeter
3487 2407 3826 2464 ordinarium
3852 2411 3929 2463 lo-

2368 2490 2564 2558 quendi
2595 2490 2837 2555 modum,
2874 2505 2970 2560 per
2989 2490 3341 2548 elevationem
3373 2498 3695 2570 intelligeret
3724 2501 3929 2555 exalta-

2372 2581 2576 2635 tionem
2609 2582 2725 2647 ejus
2772 2582 2827 2635 in
2854 2584 3166 2637 cathedram
3201 2587 3575 2656 episcopalem.
3608 2593 3845 2647 Additur
3883 2596 3931 2647 in

2369 2670 2559 2746 eodem
2590 2670 2830 2729 Florario
2851 2673 3180 2743 elogium,_ab
3205 2675 3323 2731 aliis
3352 2676 3577 2732 Usuardi
3608 2684 3935 2753 apograpbis

2369 2764 2643 2820 diversum
2669 2805 2685 2831 ,
2722 2780 2824 2821 nec
2870 2766 3073 2822 erroris
3105 2780 3318 2837 expers.
3368 2785 3388 2819 ι
3440 2768 3593 2834 Apud
3628 2770 3934 2829 Caesaream

2369 2856 2721 2927 Cappadociae
2746 2897 2761 2922 ,
2797 2860 3029 2916 elevatio
3059 2859 3202 2915 beati
3245 2869 3301 2914 et
3334 2863 3509 2931 magni
3558 2861 3748 2917 Basilii
3776 2904 3792 2929 ,
3821 2866 3903 2934 ειβὶ

2372 2949 2519 3016 scopi
2555 2960 2609 3003 et
2652 2952 3008 3015 confessoris,
3059 2950 3244 3007 fratris
3292 2953 3463 3008 sancti
3518 2950 3769 3024 Gregorii
3831 2956 3941 3009 Na-

2374 3040 2620 3095 zianzeni
2673 3051 2726 3095 et
2766 3042 2907 3095 Petri
2935 3062 2948 3097 :
2974 3044 3057 3097 cui
3087 3044 3337 3099 Christus
3367 3060 3488 3099 cum
3523 3046 3637 3099 suis
3676 3049 3942 3115 apostolis

2376 3146 2661 3199 apparens,
2696 3134 3056 3190 ministerium
3094 3135 3270 3192 Missa:
3302 3137 3485 3193 docuit
3515 3152 3531 3191 :
3562 3148 3615 3193 et
3639 3139 3798 3207 cujus
3821 3156 3943 3208 pre-

2373 3225 2526 3280 cibus
2572 3223 2805 3295 Ephrem
2852 3224 3018 3296 Syrus
3071 3226 3256 3282 Graece
3323 3230 3531 3285 loeutus
3577 3235 3942 3302 cst:quiqne

2374 3327 2603 3372 mortem
2634 3314 2829 3370 Juliani
2877 3320 3151 3384 Apostatae
3185 3333 3280 3385 per
3320 3320 3700 3376 rem-lationem
3736 3340 3939 3393 cogno-

2372 3413 2472 3477 vit,
2521 3413 2610 3481 qui
2657 3413 2861 3466 vadens
2888 3411 2954 3464 ad
2988 3409 3187 3463 bellum
3220 3408 3519 3479 Persicum,
3544 3413 3645 3472 sibi
3678 3416 3729 3467 in
3766 3420 3941 3470 reditu

2374 3502 2793 3557 destructionem
2842 3500 3101 3556 Caesareae
3144 3498 3321 3555 fuerat
3363 3501 3751 3557 comminatus.
3792 3522 3812 3555 ι
3863 3506 3943 3558 An

2375 3594 2681 3649 intellectus
2734 3609 2961 3659 errore,
2993 3610 3061 3648 an
3112 3594 3301 3649 calami
3334 3594 3557 3648 nimium
3607 3595 3943 3661 festinantis.

2376 3684 2751 3740 Nazianzenus
2796 3701 2891 3753 pro
2923 3683 3167 3753 Nysseno
3198 3686 3286 3740 hic
3337 3687 3578 3756 legatur,
3630 3704 3742 3743 ncn
3790 3688 3946 3743 facile

2377 3775 2598 3828 dixeris.
2654 3776 2727 3828 De
2773 3776 2997 3828 aliorum
3035 3777 3122 3830 hic
3175 3787 3516 3831 narratorum
3554 3781 3791 3837 veritate
3835 3792 3946 3835 sta-

2378 3871 2520 3927 tues,
2544 3880 2666 3917 cum
2696 3868 2827 3917 Acta
2856 3865 3082 3918 inferius
3105 3866 3275 3919 danda
3304 3867 3616 3937 perlegeris.

2448 3960 2501 4013 4.
2536 3958 2591 4012 In
2627 3960 2906 4014 ritualibus
2932 3959 3241 4015 Grmcorum
3283 3962 3454 4025 libris.
3490 3964 3593 4017 hoc
3618 3965 3707 4017 die
3742 3982 3834 4019 xxv
3857 3963 3947 4019 Ju-

2377 4052 2455 4106 nii
2498 4051 2767 4106 nemiuem
2824 4051 3055 4121 reperio,
3087 4054 3176 4120 qui
3204 4053 3527 4108 mentionem
3560 4056 3737 4108 sancti
3765 4056 3948 4110 Basilii

2381 4145 2563 4209 faciat,
2593 4155 2787 4213 praeter
2820 4145 3165 4214 Horologium
3198 4160 3291 4200 seu
3324 4146 3607 4201 llorarium
3640 4187 3656 4212 ,
3689 4148 3757 4200 ad
3792 4163 3946 4201 nsum

2379 4238 2690 4291 mooasterii
2740 4237 2953 4306 Cryptm
2982 4235 3193 4290 ferratae
3226 4247 3279 4291 et
3315 4237 3539 4290 aliorum
3573 4242 3945 4293 monasterio-

2381 4342 2499 4380 rum
2543 4327 2747 4380 ordiuis
2775 4327 2833 4378 S.
2873 4326 3091 4389 Basilii,
3121 4334 3342 4379 curante
3368 4327 3805 4381 eminentissimo
3826 4345 3950 4382 car-

2383 4417 2559 4472 dinale
2588 4417 2788 4475 Nerlio.
2819 4416 3003 4469 Romae
3040 4417 3379 4484 impressum,
3414 4418 3502 4472 ubi
3553 4417 3757 4487 legitur
3784 4420 3947 4474 divini

708 4519 853 4573 fecto
907 4518 1246 4586 respondisse
1298 4517 1467 4571 fertur
1502 4532 1515 4568 :
1554 4536 1571 4567 ι
1614 4517 1785 4586 Atque
1840 4518 2046 4570 utinam
2079 4516 2275 4584 aliquid
2311 4540 2354 4593 ι)
2383 4506 2542 4562 olIicii
2566 4509 2654 4560 hic
2684 4505 2867 4561 titulus
2902 4524 2914 4559 :
2947 4525 2964 4557 ι
2998 4506 3179 4560 Sancti
3209 4507 3385 4562 Patris
3418 4509 3587 4563 nostri
3614 4507 3805 4562 Basilii
3844 4510 3951 4563 Ma-

711 4611 845 4664 mihi
880 4621 1025 4665 esset
1072 4610 1217 4679 digni
1250 4612 1508 4673 muneris,
1540 4611 1680 4678 quod
1710 4608 1956 4665 offerrem
1988 4608 2135 4673 huic,
2187 4613 2275 4675 qui

710 4704 977 4757 maturius
1023 4702 1280 4757 Basilium
1331 4703 1396 4755 de
1432 4703 1574 4756 nodo
1630 4700 1771 4754 follis
1822 4701 1980 4766 huius
2035 4699 2279 4753 absolve-

711 4803 816 4848 ret.
857 4812 875 4846 ι
910 4794 1153 4861 Curaque
1181 4795 1405 4847 daretur
1444 4796 1492 4846 ei
1528 4810 1631 4848 nox
1666 4808 1784 4865 qua:
1807 4804 1925 4848 erat
1962 4794 2133 4847 media
2164 4833 2178 4856 ,
2210 4793 2278 4848 ad

712 4886 945 4953 spatium
978 4887 1338 4951 deliberandi,
1376 4887 1723 4955 reSpondisse
1742 4886 1917 4940 denuo
1936 4886 2275 4953 perhibetur:

718 4998 736 5025 ι
780 4979 890 5046 Ego
925 4980 1167 5033 crastino
1216 4978 1332 5045 ipse
1366 4994 1462 5032 ero
1500 4979 1591 5047 qui
1637 4994 1776 5033 nunc
1821 4997 1835 5033 :
1880 4987 1933 5031 tu
1965 4988 2036 5044 te,
2076 4980 2277 5033 utinam

714 5088 820 5125 non
856 5072 1135 5124 mutares!
1178 5090 1196 5122 ι
1228 5072 1293 5124 Et
1329 5072 1417 5124 illa
1442 5070 1655 5139 quidem
1694 5080 1852 5124 nocte
1890 5086 2028 5123 uxor
2057 5071 2282 5138 impera-

716 5163 875 5224 toris,
907 5163 1051 5215 velut
1079 5163 1368 5215 tortoribus
1386 5162 1603 5223 tradita,
1625 5164 1929 5223 cruciatur;
1964 5161 2103 5215 filius
2131 5175 2278 5225 vero,

716 5254 805 5319 qui
850 5252 929 5306 eis
979 5264 1097 5306 erat
1159 5253 1369 5315 unicus,
1419 5253 1740 5317 exstinctus,
1809 5260 2047 5322 paternas
2090 5251 2282 5321 impie-

718 5343 843 5395 tatis
865 5343 1025 5396 solvit
1050 5343 1309 5413 supplicia
1340 5361 1354 5395 :
1384 5344 1455 5396 ita
1505 5353 1564 5397 ut
1611 5354 1733 5396 ante
1766 5345 1935 5397 lucem
1970 5344 2118 5396 missi
2152 5342 2278 5401 sint,

720 5436 811 5500 qui
852 5445 1107 5504 rogarent
1161 5434 1417 5490 Basiliam
1480 5444 1535 5490 ut
1568 5436 1815 5505 precibus
1842 5434 1955 5489 suis
1986 5433 2282 5487 intercede-

721 5538 806 5581 ret
837 5542 934 5595 pro
965 5528 1064 5592 eis,
1093 5542 1159 5582 ne
1190 5530 1355 5587 etiam
1386 5528 1509 5596 ipsi,
1556 5538 1609 5582 et
1648 5529 1863 5596 quidem
1893 5525 2059 5580 multo
2086 5526 2282 5593 justius

720 5619 1033 5674 interirent.
1068 5619 1157 5674 Sic
1203 5620 1441 5684 accidit,
1488 5629 1547 5674 ut
1580 5634 1701 5675 cum
1734 5633 1923 5673 omnes
1976 5616 2282 5671 Catholicos

720 5713 992 5777 expulerit
1040 5711 1270 5776 Valens,
1306 5710 1535 5766 Basilius
1579 5725 1747 5781 usque
1791 5712 1857 5763 ad
1888 5709 2012 5765 vita:
2036 5706 2236 5761 exitum
2261 5744 2277 5768 ,

727 5807 1051 5861 intemerato
1113 5820 1509 5862 csmmomoms
1544 5812 1882 5859 sacramento
1904 5844 1917 5867 ,
1957 5802 2008 5855 in
2041 5797 2281 5855 Ecclesia

2383 4599 2494 4669 gni,
2526 4618 2545 4652 ι
2582 4598 2774 4651 deinde
2836 4600 3200 4667 prwscribitur
3245 4604 3399 4662 ordo,
3429 4599 3703 4670 plerisque
3733 4600 3954 4655 desum-

2381 4692 2487 4760 ptis
2514 4706 2576 4744 ex
2622 4689 2789 4758 prima
2818 4689 3055 4744 Januarii
3088 4709 3100 4743 :
3136 4690 3236 4744 hae
3264 4692 3406 4744 enim
3440 4691 3491 4743 in
3523 4691 3749 4757 praefato
3785 4692 3957 4746 [lora-

2393 4784 2474 4839 rio
2508 4782 2677 4836 sancti
2730 4781 2913 4836 Basilii
2961 4781 3150 4835 festum
3186 4783 3436 4845 habetur,
3479 4784 3802 4836 solemnitcr
3833 4800 3957 4852 per-

2382 4875 2667 4944 agendum,
2698 4873 2857 4926 simul
2877 4888 2996 4926 cum
3021 4874 3157 4927 festo
3185 4872 3637 4928 Circumcisionis.
3659 4873 3726 4925 Et
3749 4874 3820 4929 de
3852 4874 3954 4928 Ba-

2391 4964 2515 5019 silio
2566 4965 2780 5032 quidem
2833 4963 2898 5017 ad
2943 4963 3162 5018 missam
3200 4962 3304 5018 hoc
3341 4965 3554 5018 canitur
3600 4966 3955 5033 tr0parium:

2388 5074 2406 5107 ι
2446 5055 2499 5109 lu
2525 5070 2739 5109 omnem
2761 5066 2961 5109 terram
2991 5054 3157 5107 exivit
3179 5069 3343 5109 sonus
3376 5063 3522 5116 tuus,
3562 5064 3619 5106 ut
3642 5058 3957 5126 susciperet

2385 5162 2689 5203 sermonem
2734 5157 2881 5201 tuum
2909 5190 2921 5209 ,
2958 5160 3064 5212 quo
3098 5160 3196 5200 nos
3244 5145 3423 5198 divine
3477 5158 3958 5215 congruenterque

2381 5240 2657 5294 erudivisti
2687 5278 2701 5302 ,
2736 5238 3029 5307 explanatis
3078 5246 3327 5290 naturam
3388 5248 3611 5301 rerum,
3665 5246 3717 5290 et
3766 5253 3957 5291 mores

2384 5334 2661 5387 hominum
2722 5343 3017 5383 exornans.
3078 5327 3275 5396 Regale
3331 5327 3737 5387 sacerdotium.
3793 5328 3958 5383 Pater

2383 5434 2592 5487 sancte,
2627 5420 2899 5476 intercede
2931 5422 3067 5486 apud
3090 5419 3361 5473 Christum
3402 5416 3567 5471 Deum
3593 5430 3876 5487 nostrum,
3904 5436 3955 5473 uc

2382 5519 2656 5572 salventur
2680 5516 2871 5568 anima:
2904 5523 3119 5566 nostra}.
3152 5532 3171 5562 ι
3214 5511 3347 5566 Huic
3373 5511 3710 5581 subiungitur
3740 5514 3815 5567 de
3844 5517 3957 5568 Cir-

2384 5610 2713 5666 cumcisione
2748 5605 2922 5661 simile
2957 5604 3289 5675 tr0parium:
3321 5622 3339 5654 ι
3376 5602 3478 5669 Qui
3503 5603 3659 5658 sedes
3688 5604 3742 5656 iu
3764 5608 3959 5658 excol-

2387 5706 2462 5759 sis
2524 5718 2684 5772 super
2721 5702 2967 5753 thronum
3026 5697 3196 5751 instar
3234 5696 3369 5765 ignis
3423 5694 3791 5765 splendidum,
3837 5710 3961 5749 cum

2388 5796 2548 5851 Patro
2580 5805 2777 5849 :eterno
2804 5798 2854 5844 et
2896 5786 3076 5841 divino
3103 5796 3190 5843 tuo
3218 5786 3446 5858 Spiritu,
3479 5786 3742 5856 dignatus
3774 5804 3842 5843 es
3867 5806 3935 5843 na
