  <div class='ocr_page' id='page_1' title='image "/cluster/home/n/w/nwhite01/storage/ocr_20150623/29/pst.000005712274/294.png"; bbox 0 0 4066 6314; ppageno 0'>
   <div class='ocr_carea' id='block_1_1' title="bbox 916 364 1750 436">
    <p class='ocr_par' dir='ltr' id='par_1_1' title="bbox 916 364 1750 436">
     <span class='ocr_line' id='line_1_1' title="bbox 916 364 1750 436; baseline 0.022 -17"><span class='ocrx_word' id='word_1_1' title='bbox 916 364 1274 425; x_wconf 68' lang='lat' dir='ltr'><strong>EXCEBPTA</strong></span> <span class='ocrx_word' id='word_1_2' title='bbox 1322 375 1407 430; x_wconf 78' lang='lat' dir='ltr'><strong>EX</strong></span> <span class='ocrx_word' id='word_1_3' title='bbox 1452 380 1654 436; x_wconf 77' lang='lat' dir='ltr'><strong>ACTIS</strong></span> <span class='ocrx_word' id='word_1_4' title='bbox 1693 383 1750 435; x_wconf 90' lang='lat' dir='ltr'><strong>S.</strong></span> 
     </span>
    </p>
   </div>
   <div class='ocr_carea' id='block_1_2' title="bbox 171 472 1705 555">
    <p class='ocr_par' dir='ltr' id='par_1_2' title="bbox 171 472 1705 555">
     <span class='ocr_line' id='line_1_2' title="bbox 171 472 1705 555; baseline 0.009 -30"><span class='ocrx_word' id='word_1_5' title='bbox 171 472 237 526; x_wconf 81' lang='lat' dir='ltr'><strong>sci</strong></span> <span class='ocrx_word' id='word_1_6' title='bbox 266 472 314 527; x_wconf 89' lang='lat' dir='ltr'><strong>in</strong></span> <span class='ocrx_word' id='word_1_7' title='bbox 346 481 487 528; x_wconf 88' lang='lat' dir='ltr'><strong>terra</strong></span> <span class='ocrx_word' id='word_1_8' title='bbox 519 490 584 529; x_wconf 82' lang='lat' dir='ltr'><strong>ex</strong></span> <span class='ocrx_word' id='word_1_9' title='bbox 623 483 792 530; x_wconf 89' lang='lat' dir='ltr'><strong>matre</strong></span> <span class='ocrx_word' id='word_1_10' title='bbox 840 489 921 531; x_wconf 86' lang='lat' dir='ltr'><strong>tua</strong></span> <span class='ocrx_word' id='word_1_11' title='bbox 977 484 1172 537; x_wconf 86' lang='lat' dir='ltr'><strong>intacta</strong></span> <span class='ocrx_word' id='word_1_12' title='bbox 1206 487 1420 555; x_wconf 73' lang='lat' dir='ltr'><strong>Virgine</strong></span> <span class='ocrx_word' id='word_1_13' title='bbox 1450 532 1465 555; x_wconf 92' lang='lat'><strong>,</strong></span> <span class='ocrx_word' id='word_1_14' title='bbox 1492 505 1546 547; x_wconf 80' lang='lat' dir='ltr'><strong>et</strong></span> <span class='ocrx_word' id='word_1_15' title='bbox 1597 493 1705 550; x_wconf 71' lang='grc' dir='ltr'><strong>ρετ-</strong></span> 
     </span>
    </p>
   </div>
   <div class='ocr_carea' id='block_1_3' title="bbox 164 566 1695 645">
    <p class='ocr_par' dir='ltr' id='par_1_3' title="bbox 164 566 1695 645">
     <span class='ocr_line' id='line_1_3' title="bbox 164 566 1695 645; baseline 0.016 -31"><span class='ocrx_word' id='word_1_16' title='bbox 164 566 364 620; x_wconf 69' lang='lat' dir='ltr'><strong>eiuncidi</strong></span> <span class='ocrx_word' id='word_1_17' title='bbox 400 582 530 631; x_wconf 86' lang='lat' dir='ltr'><strong>puer</strong></span> <span class='ocrx_word' id='word_1_18' title='bbox 555 577 678 618; x_wconf 89' lang='lat' dir='ltr'><strong>octo</strong></span> <span class='ocrx_word' id='word_1_19' title='bbox 717 570 923 625; x_wconf 87' lang='lat' dir='ltr'><strong>dierum</strong></span> <span class='ocrx_word' id='word_1_20' title='bbox 950 592 963 627; x_wconf 88' lang='lat'>:</span> <span class='ocrx_word' id='word_1_21' title='bbox 1001 575 1069 628; x_wconf 88' lang='lat' dir='ltr'><strong>sit</strong></span> <span class='ocrx_word' id='word_1_22' title='bbox 1089 574 1253 644; x_wconf 77' lang='lat' dir='ltr'><strong>gloria</strong></span> <span class='ocrx_word' id='word_1_23' title='bbox 1284 580 1486 645; x_wconf 84' lang='lat' dir='ltr'><strong>optimo</strong></span> <span class='ocrx_word' id='word_1_24' title='bbox 1516 588 1695 641; x_wconf 87' lang='lat' dir='ltr'><strong>consi-</strong></span> 
     </span>
    </p>
   </div>
   <div class='ocr_carea' id='block_1_4' title="bbox 163 656 1691 747">
    <p class='ocr_par' dir='ltr' id='par_1_4' title="bbox 163 656 1691 747">
     <span class='ocr_line' id='line_1_4' title="bbox 163 656 1691 747; baseline 0.016 -39"><span class='ocrx_word' id='word_1_25' title='bbox 163 656 223 711; x_wconf 91' lang='lat' dir='ltr'><strong>lio</strong></span> <span class='ocrx_word' id='word_1_26' title='bbox 250 670 354 721; x_wconf 90' lang='lat' dir='ltr'><strong>tuo,</strong></span> <span class='ocrx_word' id='word_1_27' title='bbox 387 657 557 723; x_wconf 78' lang='lat' dir='ltr'><strong>gloria</strong></span> <span class='ocrx_word' id='word_1_28' title='bbox 594 659 949 719; x_wconf 78' lang='lat' dir='ltr'><strong>iucarnationi</strong></span> <span class='ocrx_word' id='word_1_29' title='bbox 985 668 1291 736; x_wconf 68' lang='lat' dir='ltr'><strong>tute,3loria</strong></span> <span class='ocrx_word' id='word_1_30' title='bbox 1324 688 1543 727; x_wconf 74' lang='lat' dir='ltr'><strong>summa:</strong></span> <span class='ocrx_word' id='word_1_31' title='bbox 1566 693 1691 747; x_wconf 68' lang='lat' dir='ltr'><strong>erga</strong></span> 
     </span>
    </p>
   </div>
   <div class='ocr_carea' id='block_1_5' title="bbox 162 748 1694 826">
    <p class='ocr_par' dir='ltr' id='par_1_5' title="bbox 162 748 1694 826">
     <span class='ocr_line' id='line_1_5' title="bbox 162 748 1694 826; baseline 0.016 -27"><span class='ocrx_word' id='word_1_32' title='bbox 162 764 245 803; x_wconf 82' lang='lat' dir='ltr'><strong>nos</strong></span> <span class='ocrx_word' id='word_1_33' title='bbox 274 748 579 801; x_wconf 77' lang='lat' dir='ltr'><strong>demissioui</strong></span> <span class='ocrx_word' id='word_1_34' title='bbox 611 759 731 817; x_wconf 60' lang='lat' dir='ltr'><strong>tua},</strong></span> <span class='ocrx_word' id='word_1_35' title='bbox 760 757 914 810; x_wconf 85' lang='lat' dir='ltr'><strong>unice</strong></span> <span class='ocrx_word' id='word_1_36' title='bbox 943 757 1214 812; x_wconf 82' lang='lat' dir='ltr'><strong>hominum</strong></span> <span class='ocrx_word' id='word_1_37' title='bbox 1246 773 1471 817; x_wconf 81' lang='lat' dir='ltr'><strong>amator.</strong></span> <span class='ocrx_word' id='word_1_38' title='bbox 1509 782 1529 818; x_wconf 72' lang='grc' dir='ltr'><strong>ι</strong></span> <span class='ocrx_word' id='word_1_39' title='bbox 1562 765 1694 826; x_wconf 83' lang='lat' dir='ltr'><strong>Hinc</strong></span> 
     </span>
    </p>
   </div>
   <div class='ocr_carea' id='block_1_6' title="bbox 160 838 1689 915">
    <p class='ocr_par' dir='ltr' id='par_1_6' title="bbox 160 838 1689 915">
     <span class='ocr_line' id='line_1_6' title="bbox 160 838 1689 915; baseline 0.018 -26"><span class='ocrx_word' id='word_1_40' title='bbox 160 854 324 895; x_wconf 86' lang='lat' dir='ltr'><strong>rursus</strong></span> <span class='ocrx_word' id='word_1_41' title='bbox 352 839 417 891; x_wconf 91' lang='lat' dir='ltr'><strong>ad</strong></span> <span class='ocrx_word' id='word_1_42' title='bbox 452 838 700 897; x_wconf 83' lang='lat' dir='ltr'><strong>Basilium</strong></span> <span class='ocrx_word' id='word_1_43' title='bbox 730 864 742 898; x_wconf 91' lang='lat'>:</span> <span class='ocrx_word' id='word_1_44' title='bbox 785 866 803 897; x_wconf 72' lang='grc' dir='ltr'><strong>ι</strong></span> <span class='ocrx_word' id='word_1_45' title='bbox 845 847 922 901; x_wconf 84' lang='lat' dir='ltr'><strong>Tu</strong></span> <span class='ocrx_word' id='word_1_46' title='bbox 960 848 1103 903; x_wconf 80' lang='lat' dir='ltr'><strong>basis</strong></span> <span class='ocrx_word' id='word_1_47' title='bbox 1136 852 1453 910; x_wconf 85' lang='lat' dir='ltr'><strong>inconcussa</strong></span> <span class='ocrx_word' id='word_1_48' title='bbox 1498 857 1689 915; x_wconf 86' lang='lat' dir='ltr'><strong>Eccle-</strong></span> 
     </span>
    </p>
   </div>
   <div class='ocr_carea' id='block_1_7' title="bbox 162 930 1685 1007">
    <p class='ocr_par' dir='ltr' id='par_1_7' title="bbox 162 930 1685 1007">
     <span class='ocr_line' id='line_1_7' title="bbox 162 930 1685 1007; baseline 0.017 -25"><span class='ocrx_word' id='word_1_49' title='bbox 162 933 263 989; x_wconf 56' lang='grc' dir='ltr'>βίω,</span> <span class='ocrx_word' id='word_1_50' title='bbox 296 930 536 997; x_wconf 68' lang='grc' dir='ltr'>ρτωὺεηε</span> <span class='ocrx_word' id='word_1_51' title='bbox 582 939 791 992; x_wconf 88' lang='lat' dir='ltr'><strong>cunctis</strong></span> <span class='ocrx_word' id='word_1_52' title='bbox 826 940 1139 996; x_wconf 88' lang='lat' dir='ltr'><strong>mortalibus</strong></span> <span class='ocrx_word' id='word_1_53' title='bbox 1180 945 1487 1003; x_wconf 88' lang='lat' dir='ltr'><strong>inviolatum</strong></span> <span class='ocrx_word' id='word_1_54' title='bbox 1544 954 1685 1007; x_wconf 77' lang='lat' dir='ltr'><strong>refu-</strong></span> 
     </span>
    </p>
   </div>
   <div class='ocr_carea' id='block_1_8' title="bbox 160 1023 1693 1100">
    <p class='ocr_par' dir='ltr' id='par_1_8' title="bbox 160 1023 1693 1100">
     <span class='ocr_line' id='line_1_8' title="bbox 160 1023 1693 1100; baseline 0.02 -31"><span class='ocrx_word' id='word_1_55' title='bbox 160 1023 307 1089; x_wconf 65' lang='lat' dir='ltr'><strong>gium,</strong></span> <span class='ocrx_word' id='word_1_56' title='bbox 340 1032 536 1095; x_wconf 88' lang='lat' dir='ltr'><strong>tuaque</strong></span> <span class='ocrx_word' id='word_1_57' title='bbox 567 1030 897 1083; x_wconf 83' lang='lat' dir='ltr'><strong>conﬁrmans</strong></span> <span class='ocrx_word' id='word_1_58' title='bbox 921 1030 1205 1100; x_wconf 81' lang='lat' dir='ltr'><strong>dogmata;</strong></span> <span class='ocrx_word' id='word_1_59' title='bbox 1236 1039 1355 1093; x_wconf 70' lang='lat' dir='ltr'><strong>coeli</strong></span> <span class='ocrx_word' id='word_1_60' title='bbox 1403 1041 1575 1094; x_wconf 91' lang='lat' dir='ltr'><strong>instar</strong></span> <span class='ocrx_word' id='word_1_61' title='bbox 1612 1060 1693 1098; x_wconf 88' lang='lat' dir='ltr'><strong>rc-</strong></span> 
     </span>
    </p>
   </div>
   <div class='ocr_carea' id='block_1_9' title="bbox 162 1114 1691 1196">
    <p class='ocr_par' dir='ltr' id='par_1_9' title="bbox 162 1114 1691 1196">
     <span class='ocr_line' id='line_1_9' title="bbox 162 1114 1691 1196; baseline 0.018 -36"><span class='ocrx_word' id='word_1_62' title='bbox 162 1114 441 1177; x_wconf 73' lang='lat' dir='ltr'><strong>rplrnilrns,</strong></span> <span class='ocrx_word' id='word_1_63' title='bbox 477 1129 665 1172; x_wconf 82' lang='lat' dir='ltr'><strong>sancte</strong></span> <span class='ocrx_word' id='word_1_64' title='bbox 694 1117 879 1171; x_wconf 80' lang='lat' dir='ltr'><strong>Basili.</strong></span> <span class='ocrx_word' id='word_1_65' title='bbox 912 1140 930 1171; x_wconf 72' lang='grc' dir='ltr'><strong>ι</strong></span> <span class='ocrx_word' id='word_1_66' title='bbox 972 1122 1231 1181; x_wconf 72' lang='lat' dir='ltr'><strong>Similiter</strong></span> <span class='ocrx_word' id='word_1_67' title='bbox 1254 1140 1308 1182; x_wconf 89' lang='lat' dir='ltr'><strong>ct</strong></span> <span class='ocrx_word' id='word_1_68' title='bbox 1338 1131 1567 1196; x_wconf 80' lang='lat' dir='ltr'><strong>primum</strong></span> <span class='ocrx_word' id='word_1_69' title='bbox 1600 1149 1691 1187; x_wconf 87' lang='lat' dir='ltr'><strong>ve—</strong></span> 
     </span>
    </p>
   </div>
   <div class='ocr_carea' id='block_1_10' title="bbox 162 1206 1689 1284">
    <p class='ocr_par' dir='ltr' id='par_1_10' title="bbox 162 1206 1689 1284">
     <span class='ocr_line' id='line_1_10' title="bbox 162 1206 1689 1284; baseline 0.016 -28"><span class='ocrx_word' id='word_1_70' title='bbox 162 1206 441 1275; x_wconf 82' lang='lat' dir='ltr'><strong>tustiusque</strong></span> <span class='ocrx_word' id='word_1_71' title='bbox 470 1208 702 1263; x_wconf 81' lang='lat' dir='ltr'><strong>oﬂicium</strong></span> <span class='ocrx_word' id='word_1_72' title='bbox 730 1250 745 1274; x_wconf 93' lang='lat'><strong>,</strong></span> <span class='ocrx_word' id='word_1_73' title='bbox 803 1211 1130 1283; x_wconf 83' lang='lat' dir='ltr'><strong>descriptum</strong></span> <span class='ocrx_word' id='word_1_74' title='bbox 1164 1219 1215 1272; x_wconf 92' lang='lat' dir='ltr'><strong>in</strong></span> <span class='ocrx_word' id='word_1_75' title='bbox 1266 1220 1483 1275; x_wconf 67' lang='lat' dir='ltr'><strong>Menaeis</strong></span> <span class='ocrx_word' id='word_1_76' title='bbox 1506 1260 1521 1284; x_wconf 93' lang='lat'><strong>,</strong></span> <span class='ocrx_word' id='word_1_77' title='bbox 1573 1223 1689 1281; x_wconf 81' lang='lat' dir='ltr'><strong>festi</strong></span> 
     </span>
    </p>
   </div>
   <div class='ocr_carea' id='block_1_11' title="bbox 162 1298 1689 1380">
    <p class='ocr_par' dir='ltr' id='par_1_11' title="bbox 162 1298 1689 1380">
     <span class='ocr_line' id='line_1_11' title="bbox 162 1298 1689 1380; baseline 0.016 -35"><span class='ocrx_word' id='word_1_78' title='bbox 162 1306 304 1362; x_wconf 87' lang='lat' dir='ltr'><strong>atque</strong></span> <span class='ocrx_word' id='word_1_79' title='bbox 337 1298 505 1349; x_wconf 93' lang='lat' dir='ltr'><strong>sancti</strong></span> <span class='ocrx_word' id='word_1_80' title='bbox 539 1301 782 1354; x_wconf 90' lang='lat' dir='ltr'><strong>cncomia</strong></span> <span class='ocrx_word' id='word_1_81' title='bbox 816 1302 1040 1371; x_wconf 87' lang='lat' dir='ltr'><strong>miscet;</strong></span> <span class='ocrx_word' id='word_1_82' title='bbox 1074 1320 1125 1362; x_wconf 89' lang='lat' dir='ltr'><strong>et</strong></span> <span class='ocrx_word' id='word_1_83' title='bbox 1146 1310 1452 1380; x_wconf 83' lang='lat' dir='ltr'><strong>invespcris</strong></span> <span class='ocrx_word' id='word_1_84' title='bbox 1477 1314 1689 1380; x_wconf 80' lang='lat' dir='ltr'><strong>quidem</strong></span> 
     </span>
    </p>
   </div>
   <div class='ocr_carea' id='block_1_12' title="bbox 161 1384 1693 1473">
    <p class='ocr_par' dir='ltr' id='par_1_12' title="bbox 161 1384 1693 1473">
     <span class='ocr_line' id='line_1_12' title="bbox 161 1384 1693 1473; baseline 0.014 -36"><span class='ocrx_word' id='word_1_85' title='bbox 161 1384 304 1439; x_wconf 88' lang='lat' dir='ltr'><strong>habet</strong></span> <span class='ocrx_word' id='word_1_86' title='bbox 368 1394 477 1440; x_wconf 84' lang='lat' dir='ltr'><strong>tres</strong></span> <span class='ocrx_word' id='word_1_87' title='bbox 530 1403 719 1444; x_wconf 86' lang='lat' dir='ltr'><strong>versus</strong></span> <span class='ocrx_word' id='word_1_88' title='bbox 774 1393 1085 1462; x_wconf 88' lang='lat' dir='ltr'><strong>similares,</strong></span> <span class='ocrx_word' id='word_1_89' title='bbox 1143 1410 1201 1452; x_wconf 91' lang='lat' dir='ltr'><strong>ut</strong></span> <span class='ocrx_word' id='word_1_90' title='bbox 1264 1412 1500 1467; x_wconf 85' lang='lat' dir='ltr'><strong>vocant;</strong></span> <span class='ocrx_word' id='word_1_91' title='bbox 1560 1419 1693 1473; x_wconf 59' lang='lat' dir='ltr'><strong>quo.</strong></span> 
     </span>
    </p>
   </div>
   <div class='ocr_carea' id='block_1_13' title="bbox 161 1479 1692 1559">
    <p class='ocr_par' dir='ltr' id='par_1_13' title="bbox 161 1479 1692 1559">
     <span class='ocr_line' id='line_1_13' title="bbox 161 1479 1692 1559; baseline 0.01 -31"><span class='ocrx_word' id='word_1_92' title='bbox 161 1493 260 1530; x_wconf 90' lang='lat' dir='ltr'><strong>rum</strong></span> <span class='ocrx_word' id='word_1_93' title='bbox 303 1479 505 1546; x_wconf 88' lang='lat' dir='ltr'><strong>primus</strong></span> <span class='ocrx_word' id='word_1_94' title='bbox 551 1481 619 1537; x_wconf 89' lang='lat' dir='ltr'><strong>de</strong></span> <span class='ocrx_word' id='word_1_95' title='bbox 658 1496 799 1540; x_wconf 85' lang='lat' dir='ltr'><strong>sesto</strong></span> <span class='ocrx_word' id='word_1_96' title='bbox 850 1489 1139 1541; x_wconf 89' lang='lat' dir='ltr'><strong>ascribitnr</strong></span> <span class='ocrx_word' id='word_1_97' title='bbox 1174 1488 1435 1559; x_wconf 78' lang='lat' dir='ltr'><strong>Byzanti;</strong></span> <span class='ocrx_word' id='word_1_98' title='bbox 1465 1492 1571 1545; x_wconf 92' lang='lat' dir='ltr'><strong>duo</strong></span> <span class='ocrx_word' id='word_1_99' title='bbox 1597 1508 1692 1545; x_wconf 88' lang='lat' dir='ltr'><strong>au-</strong></span> 
     </span>
    </p>
   </div>
   <div class='ocr_carea' id='block_1_14' title="bbox 162 1571 1691 1639">
    <p class='ocr_par' dir='ltr' id='par_1_14' title="bbox 162 1571 1691 1639">
     <span class='ocr_line' id='line_1_14' title="bbox 162 1571 1691 1639; baseline 0.012 -19"><span class='ocrx_word' id='word_1_100' title='bbox 162 1576 253 1621; x_wconf 89' lang='lat' dir='ltr'><strong>tem</strong></span> <span class='ocrx_word' id='word_1_101' title='bbox 302 1571 363 1625; x_wconf 90' lang='lat' dir='ltr'><strong>de</strong></span> <span class='ocrx_word' id='word_1_102' title='bbox 415 1585 604 1629; x_wconf 88' lang='lat' dir='ltr'><strong>sancto</strong></span> <span class='ocrx_word' id='word_1_103' title='bbox 656 1578 911 1632; x_wconf 87' lang='lat' dir='ltr'><strong>dicuntur</strong></span> <span class='ocrx_word' id='word_1_104' title='bbox 957 1593 1077 1631; x_wconf 87' lang='lat' dir='ltr'><strong>esse</strong></span> <span class='ocrx_word' id='word_1_105' title='bbox 1128 1579 1308 1634; x_wconf 71' lang='lat' dir='ltr'><strong>Basilii</strong></span> <span class='ocrx_word' id='word_1_106' title='bbox 1358 1593 1411 1637; x_wconf 90' lang='lat' dir='ltr'><strong>et</strong></span> <span class='ocrx_word' id='word_1_107' title='bbox 1468 1582 1691 1639; x_wconf 78' lang='lat' dir='ltr'><strong>Joannis</strong></span> 
     </span>
    </p>
   </div>
   <div class='ocr_carea' id='block_1_15' title="bbox 163 1662 1689 1736">
    <p class='ocr_par' dir='ltr' id='par_1_15' title="bbox 163 1662 1689 1736">
     <span class='ocr_line' id='line_1_15' title="bbox 163 1662 1689 1736; baseline 0.014 -28"><span class='ocrx_word' id='word_1_108' title='bbox 163 1662 521 1718; x_wconf 80' lang='lat' dir='ltr'><strong>monachorum</strong></span> <span class='ocrx_word' id='word_1_109' title='bbox 545 1706 559 1729; x_wconf 93' lang='lat'><strong>,</strong></span> <span class='ocrx_word' id='word_1_110' title='bbox 597 1682 823 1733; x_wconf 90' lang='lat' dir='ltr'><strong>quorum</strong></span> <span class='ocrx_word' id='word_1_111' title='bbox 859 1670 1125 1736; x_wconf 90' lang='lat' dir='ltr'><strong>posterior</strong></span> <span class='ocrx_word' id='word_1_112' title='bbox 1174 1672 1380 1727; x_wconf 75' lang='lat' dir='ltr'><strong>videtur</strong></span> <span class='ocrx_word' id='word_1_113' title='bbox 1430 1691 1550 1731; x_wconf 82' lang='lat' dir='ltr'><strong>esse</strong></span> <span class='ocrx_word' id='word_1_114' title='bbox 1583 1676 1689 1730; x_wconf 70' lang='grc' dir='ltr'>οο-</span> 
     </span>
    </p>
   </div>
   <div class='ocr_carea' id='block_1_16' title="bbox 164 1756 1686 1831">
    <p class='ocr_par' dir='ltr' id='par_1_16' title="bbox 164 1756 1686 1831">
     <span class='ocr_line' id='line_1_16' title="bbox 164 1756 1686 1831; baseline 0.018 -34"><span class='ocrx_word' id='word_1_115' title='bbox 164 1765 439 1815; x_wconf 64' lang='grc' dir='ltr'>ιιιλεςρηιις,</span> <span class='ocrx_word' id='word_1_116' title='bbox 468 1756 605 1807; x_wconf 90' lang='lat' dir='ltr'><strong>idem</strong></span> <span class='ocrx_word' id='word_1_117' title='bbox 653 1766 707 1809; x_wconf 91' lang='lat' dir='ltr'><strong>et</strong></span> <span class='ocrx_word' id='word_1_118' title='bbox 735 1768 923 1810; x_wconf 90' lang='lat' dir='ltr'><strong>auctor</strong></span> <span class='ocrx_word' id='word_1_119' title='bbox 946 1763 1166 1816; x_wconf 86' lang='lat' dir='ltr'><strong>canonis</strong></span> <span class='ocrx_word' id='word_1_120' title='bbox 1195 1764 1387 1831; x_wconf 82' lang='lat' dir='ltr'><strong>prolixi</strong></span> <span class='ocrx_word' id='word_1_121' title='bbox 1414 1766 1479 1819; x_wconf 85' lang='lat' dir='ltr'><strong>de</strong></span> <span class='ocrx_word' id='word_1_122' title='bbox 1501 1768 1686 1823; x_wconf 85' lang='lat' dir='ltr'><strong>eodem</strong></span> 
     </span>
    </p>
   </div>
   <div class='ocr_carea' id='block_1_17' title="bbox 1794 383 3360 453">
    <p class='ocr_par' dir='ltr' id='par_1_17' title="bbox 1794 383 3360 453">
     <span class='ocr_line' id='line_1_17' title="bbox 1794 383 3360 453; baseline 0.011 -17"><span class='ocrx_word' id='word_1_123' title='bbox 1794 383 1872 438; x_wconf 71' lang='lat' dir='ltr'><strong>BA</strong></span> <span class='ocrx_word' id='word_1_124' title='bbox 1886 387 2030 442; x_wconf 87' lang='lat' dir='ltr'><strong>SlLll</strong></span> <span class='ocrx_word' id='word_1_125' title='bbox 2075 391 2588 449; x_wconf 69' lang='lat' dir='ltr'><strong>BOLLANDHNIS.</strong></span> <span class='ocrx_word' id='word_1_126' title='bbox 3079 413 3360 453; x_wconf 74' lang='lat' dir='ltr'><strong>acuum</strong></span> 
     </span>
    </p>
   </div>
   <div class='ocr_carea' id='block_1_18' title="bbox 1732 499 3360 579">
    <p class='ocr_par' dir='ltr' id='par_1_18' title="bbox 1732 499 3360 579">
     <span class='ocr_line' id='line_1_18' title="bbox 1732 499 3360 579; baseline 0.007 -23"><span class='ocrx_word' id='word_1_127' title='bbox 1732 499 1777 556; x_wconf 82' lang='lat' dir='ltr'><strong>A</strong></span> <span class='ocrx_word' id='word_1_128' title='bbox 1815 500 1888 554; x_wconf 76' lang='lat' dir='ltr'><strong>Es</strong></span> <span class='ocrx_word' id='word_1_129' title='bbox 1928 502 2155 556; x_wconf 87' lang='lat' dir='ltr'><strong>metrico</strong></span> <span class='ocrx_word' id='word_1_130' title='bbox 2192 508 2354 559; x_wconf 87' lang='lat' dir='ltr'><strong>etiam</strong></span> <span class='ocrx_word' id='word_1_131' title='bbox 2386 506 2684 579; x_wconf 77' lang='lat' dir='ltr'><strong>Synaxario</strong></span> <span class='ocrx_word' id='word_1_132' title='bbox 2738 523 2830 561; x_wconf 83' lang='lat' dir='ltr'><strong>seu</strong></span> <span class='ocrx_word' id='word_1_133' title='bbox 2872 508 3193 565; x_wconf 81' lang='lat' dir='ltr'><strong>Kalcndario</strong></span> <span class='ocrx_word' id='word_1_134' title='bbox 3242 511 3360 569; x_wconf 77' lang='lat' dir='ltr'><strong>dies</strong></span> 
     </span>
    </p>
   </div>
   <div class='ocr_carea' id='block_1_19' title="bbox 1802 593 2857 659">
    <p class='ocr_par' dir='ltr' id='par_1_19' title="bbox 1802 593 2857 659">
     <span class='ocr_line' id='line_1_19' title="bbox 1802 593 2857 659; baseline 0.009 -15"><span class='ocrx_word' id='word_1_135' title='bbox 1802 593 1979 647; x_wconf 88' lang='lat' dir='ltr'><strong>obitus</strong></span> <span class='ocrx_word' id='word_1_136' title='bbox 2012 597 2126 659; x_wconf 83' lang='lat' dir='ltr'><strong>ejus</strong></span> <span class='ocrx_word' id='word_1_137' title='bbox 2156 595 2252 649; x_wconf 88' lang='lat' dir='ltr'><strong>hnc</strong></span> <span class='ocrx_word' id='word_1_138' title='bbox 2278 611 2429 651; x_wconf 86' lang='lat' dir='ltr'><strong>versu</strong></span> <span class='ocrx_word' id='word_1_139' title='bbox 2471 600 2817 653; x_wconf 87' lang='lat' dir='ltr'><strong>annuntiatur</strong></span> <span class='ocrx_word' id='word_1_140' title='bbox 2846 618 2857 653; x_wconf 88' lang='lat'>:</span> 
     </span>
    </p>
   </div>
   <div class='ocr_carea' id='block_1_20' title="bbox 1876 685 3045 762">
    <p class='ocr_par' dir='ltr' id='par_1_20' title="bbox 1876 685 3045 762">
     <span class='ocr_line' id='line_1_20' title="bbox 1876 685 3045 762; baseline 0.008 -24"><span class='ocrx_word' id='word_1_141' title='bbox 1876 685 2297 762; x_wconf 65' lang='lat' dir='ltr'><strong>&#39;_!arrovapio:o</strong></span> <span class='ocrx_word' id='word_1_142' title='bbox 2328 688 2499 762; x_wconf 56' lang='lat' dir='ltr'><strong>eré‘c</strong></span> <span class='ocrx_word' id='word_1_143' title='bbox 2523 690 2801 762; x_wconf 76' lang='grc' dir='ltr'>Βασιλέϊε</span> <span class='ocrx_word' id='word_1_144' title='bbox 2830 694 3045 762; x_wconf 68' lang='grc' dir='ltr'>πρώτῃ.</span> 
     </span>
    </p>
   </div>
   <div class='ocr_carea' id='block_1_21' title="bbox 1880 756 3030 824">
    <p class='ocr_par' dir='ltr' id='par_1_21' title="bbox 1880 756 3030 824">
     <span class='ocr_line' id='line_1_21' title="bbox 1880 756 3030 824; baseline 0.01 -18"><span class='ocrx_word' id='word_1_145' title='bbox 1880 756 2013 823; x_wconf 80' lang='lat' dir='ltr'><strong>Ipsis</strong></span> <span class='ocrx_word' id='word_1_146' title='bbox 2045 762 2303 811; x_wconf 71' lang='lat' dir='ltr'><strong>occumbis</strong></span> <span class='ocrx_word' id='word_1_147' title='bbox 2334 756 2484 821; x_wconf 74' lang='lat' dir='ltr'><strong>lani,</strong></span> <span class='ocrx_word' id='word_1_148' title='bbox 2518 761 2730 824; x_wconf 68' lang='lat' dir='ltr'><strong>Basilio,</strong></span> <span class='ocrx_word' id='word_1_149' title='bbox 2758 756 3030 817; x_wconf 61' lang='lat' dir='ltr'><strong>Kalendis.</strong></span> 
     </span>
    </p>
   </div>
   <div class='ocr_carea' id='block_1_22' title="bbox 1810 844 3349 923">
    <p class='ocr_par' dir='ltr' id='par_1_22' title="bbox 1810 844 3349 923">
     <span class='ocr_line' id='line_1_22' title="bbox 1810 844 3349 923; baseline 0.006 -25"><span class='ocrx_word' id='word_1_150' title='bbox 1810 844 1959 898; x_wconf 83' lang='lat' dir='ltr'><strong>Tunc</strong></span> <span class='ocrx_word' id='word_1_151' title='bbox 1981 848 2141 901; x_wconf 82' lang='lat' dir='ltr'><strong>etiam</strong></span> <span class='ocrx_word' id='word_1_152' title='bbox 2164 847 2401 916; x_wconf 85' lang='lat' dir='ltr'><strong>ejusdem</strong></span> <span class='ocrx_word' id='word_1_153' title='bbox 2434 848 2625 903; x_wconf 79' lang='lat' dir='ltr'><strong>festum</strong></span> <span class='ocrx_word' id='word_1_154' title='bbox 2653 855 2921 923; x_wconf 72' lang='lat' dir='ltr'><strong>prmcipuo</strong></span> <span class='ocrx_word' id='word_1_155' title='bbox 2943 854 3085 908; x_wconf 91' lang='lat' dir='ltr'><strong>cultu</strong></span> <span class='ocrx_word' id='word_1_156' title='bbox 3111 854 3349 910; x_wconf 80' lang='lat' dir='ltr'><strong>celebra-</strong></span> 
     </span>
    </p>
   </div>
   <div class='ocr_carea' id='block_1_23' title="bbox 1805 935 3355 1015">
    <p class='ocr_par' dir='ltr' id='par_1_23' title="bbox 1805 935 3355 1015">
     <span class='ocr_line' id='line_1_23' title="bbox 1805 935 3355 1015; baseline 0.009 -29"><span class='ocrx_word' id='word_1_157' title='bbox 1805 944 1889 987; x_wconf 91' lang='lat' dir='ltr'><strong>tur</strong></span> <span class='ocrx_word' id='word_1_158' title='bbox 1926 935 1976 989; x_wconf 92' lang='lat' dir='ltr'><strong>in</strong></span> <span class='ocrx_word' id='word_1_159' title='bbox 2000 939 2343 994; x_wconf 81' lang='lat' dir='ltr'><strong>sanctissima</strong></span> <span class='ocrx_word' id='word_1_160' title='bbox 2370 956 2559 1010; x_wconf 79' lang='lat' dir='ltr'><strong>magna</strong></span> <span class='ocrx_word' id='word_1_161' title='bbox 2587 940 2821 1005; x_wconf 78' lang='lat' dir='ltr'><strong>Ecclesia</strong></span> <span class='ocrx_word' id='word_1_162' title='bbox 2861 946 3355 1015; x_wconf 87' lang='lat' dir='ltr'><strong>Constantinopoli.</strong></span> 
     </span>
    </p>
   </div>
   <div class='ocr_carea' id='block_1_24' title="bbox 1798 1025 3356 1105">
    <p class='ocr_par' dir='ltr' id='par_1_24' title="bbox 1798 1025 3356 1105">
     <span class='ocr_line' id='line_1_24' title="bbox 1798 1025 3356 1105; baseline 0.007 -27"><span class='ocrx_word' id='word_1_163' title='bbox 1798 1025 1871 1078; x_wconf 82' lang='lat' dir='ltr'><strong>Uti</strong></span> <span class='ocrx_word' id='word_1_164' title='bbox 1932 1026 2129 1095; x_wconf 81' lang='lat' dir='ltr'><strong>legitur</strong></span> <span class='ocrx_word' id='word_1_165' title='bbox 2166 1030 2216 1083; x_wconf 91' lang='lat' dir='ltr'><strong>in</strong></span> <span class='ocrx_word' id='word_1_166' title='bbox 2259 1028 2365 1081; x_wconf 77' lang='lat' dir='ltr'><strong>ﬁne</strong></span> <span class='ocrx_word' id='word_1_167' title='bbox 2404 1029 2565 1097; x_wconf 80' lang='lat' dir='ltr'><strong>Elogii</strong></span> <span class='ocrx_word' id='word_1_168' title='bbox 2606 1030 2893 1097; x_wconf 87' lang='lat' dir='ltr'><strong>historici,</strong></span> <span class='ocrx_word' id='word_1_169' title='bbox 2935 1034 3077 1105; x_wconf 88' lang='lat' dir='ltr'><strong>quod</strong></span> <span class='ocrx_word' id='word_1_170' title='bbox 3127 1034 3228 1089; x_wconf 90' lang='lat' dir='ltr'><strong>hoc</strong></span> <span class='ocrx_word' id='word_1_171' title='bbox 3267 1038 3356 1089; x_wconf 85' lang='lat' dir='ltr'><strong>die</strong></span> 
     </span>
    </p>
   </div>
   <div class='ocr_carea' id='block_1_25' title="bbox 1795 1117 3357 1186">
    <p class='ocr_par' dir='ltr' id='par_1_25' title="bbox 1795 1117 3357 1186">
     <span class='ocr_line' id='line_1_25' title="bbox 1795 1117 3357 1186; baseline 0.007 -18"><span class='ocrx_word' id='word_1_172' title='bbox 1795 1117 2145 1178; x_wconf 78' lang='lat' dir='ltr'><strong>recitandum,</strong></span> <span class='ocrx_word' id='word_1_173' title='bbox 2178 1119 2548 1186; x_wconf 65' lang='lat' dir='ltr'><strong>praescribitur</strong></span> <span class='ocrx_word' id='word_1_174' title='bbox 2592 1120 2641 1173; x_wconf 92' lang='lat' dir='ltr'><strong>in</strong></span> <span class='ocrx_word' id='word_1_175' title='bbox 2697 1120 2911 1175; x_wconf 67' lang='lat' dir='ltr'><strong>Menaeis</strong></span> <span class='ocrx_word' id='word_1_176' title='bbox 2950 1123 3189 1180; x_wconf 79' lang='lat' dir='ltr'><strong>excusis.</strong></span> <span class='ocrx_word' id='word_1_177' title='bbox 3227 1123 3357 1178; x_wconf 81' lang='lat' dir='ltr'><strong>Elo-</strong></span> 
     </span>
    </p>
   </div>
   <div class='ocr_carea' id='block_1_26' title="bbox 1794 1207 3356 1281">
    <p class='ocr_par' dir='ltr' id='par_1_26' title="bbox 1794 1207 3356 1281">
     <span class='ocr_line' id='line_1_26' title="bbox 1794 1207 3356 1281; baseline 0.006 -21"><span class='ocrx_word' id='word_1_178' title='bbox 1794 1224 1939 1277; x_wconf 76' lang='lat' dir='ltr'><strong>g.um</strong></span> <span class='ocrx_word' id='word_1_179' title='bbox 1966 1207 2065 1261; x_wconf 88' lang='lat' dir='ltr'><strong>hoc</strong></span> <span class='ocrx_word' id='word_1_180' title='bbox 2094 1224 2197 1261; x_wconf 91' lang='lat' dir='ltr'><strong>non</strong></span> <span class='ocrx_word' id='word_1_181' title='bbox 2223 1223 2369 1264; x_wconf 84' lang='lat' dir='ltr'><strong>caret</strong></span> <span class='ocrx_word' id='word_1_182' title='bbox 2398 1212 2625 1265; x_wconf 86' lang='lat' dir='ltr'><strong>mendis.</strong></span> <span class='ocrx_word' id='word_1_183' title='bbox 2664 1213 2861 1277; x_wconf 86' lang='lat' dir='ltr'><strong>Quare,</strong></span> <span class='ocrx_word' id='word_1_184' title='bbox 2886 1227 2951 1267; x_wconf 88' lang='lat' dir='ltr'><strong>eo</strong></span> <span class='ocrx_word' id='word_1_185' title='bbox 2978 1217 3198 1281; x_wconf 88' lang='lat' dir='ltr'><strong>omisso,</strong></span> <span class='ocrx_word' id='word_1_186' title='bbox 3221 1214 3356 1272; x_wconf 79' lang='lat' dir='ltr'><strong>satis</strong></span> 
     </span>
    </p>
   </div>
   <div class='ocr_carea' id='block_1_27' title="bbox 1792 1302 3356 1372">
    <p class='ocr_par' dir='ltr' id='par_1_27' title="bbox 1792 1302 3356 1372">
     <span class='ocr_line' id='line_1_27' title="bbox 1792 1302 3356 1372; baseline 0.001 -15"><span class='ocrx_word' id='word_1_187' title='bbox 1792 1302 1964 1357; x_wconf 83' lang='lat' dir='ltr'><strong>habeo</strong></span> <span class='ocrx_word' id='word_1_188' title='bbox 1996 1302 2293 1372; x_wconf 86' lang='lat' dir='ltr'><strong>producere</strong></span> <span class='ocrx_word' id='word_1_189' title='bbox 2352 1304 2494 1359; x_wconf 88' lang='lat' dir='ltr'><strong>aliud</strong></span> <span class='ocrx_word' id='word_1_190' title='bbox 2555 1305 2772 1359; x_wconf 88' lang='lat' dir='ltr'><strong>brevius</strong></span> <span class='ocrx_word' id='word_1_191' title='bbox 2799 1342 2813 1367; x_wconf 89' lang='lat'><strong>,</strong></span> <span class='ocrx_word' id='word_1_192' title='bbox 2855 1302 2946 1357; x_wconf 89' lang='lat' dir='ltr'><strong>sed</strong></span> <span class='ocrx_word' id='word_1_193' title='bbox 2980 1309 3242 1362; x_wconf 82' lang='lat' dir='ltr'><strong>vetustius</strong></span> <span class='ocrx_word' id='word_1_194' title='bbox 3298 1314 3356 1361; x_wconf 86' lang='lat' dir='ltr'><strong>et</strong></span> 
     </span>
    </p>
   </div>
   <div class='ocr_carea' id='block_1_28' title="bbox 1792 1392 3353 1466">
    <p class='ocr_par' dir='ltr' id='par_1_28' title="bbox 1792 1392 3353 1466">
     <span class='ocr_line' id='line_1_28' title="bbox 1792 1392 3353 1466; baseline 0.004 -19"><span class='ocrx_word' id='word_1_195' title='bbox 1792 1397 2121 1455; x_wconf 87' lang='lat' dir='ltr'><strong>accuratius.</strong></span> <span class='ocrx_word' id='word_1_196' title='bbox 2153 1409 2218 1449; x_wconf 80' lang='lat' dir='ltr'><strong>ex</strong></span> <span class='ocrx_word' id='word_1_197' title='bbox 2253 1392 2552 1466; x_wconf 79' lang='lat' dir='ltr'><strong>Menologio</strong></span> <span class='ocrx_word' id='word_1_198' title='bbox 2590 1395 2777 1451; x_wconf 84' lang='lat' dir='ltr'><strong>Basilii</strong></span> <span class='ocrx_word' id='word_1_199' title='bbox 2810 1397 3173 1466; x_wconf 86' lang='lat' dir='ltr'><strong>imperatoris,</strong></span> <span class='ocrx_word' id='word_1_200' title='bbox 3208 1400 3353 1455; x_wconf 83' lang='lat' dir='ltr'><strong>circa</strong></span> 
     </span>
    </p>
   </div>
   <div class='ocr_carea' id='block_1_29' title="bbox 1792 1485 3134 1555">
    <p class='ocr_par' dir='ltr' id='par_1_29' title="bbox 1792 1485 3134 1555">
     <span class='ocr_line' id='line_1_29' title="bbox 1792 1485 3134 1555; baseline 0.003 -16"><span class='ocrx_word' id='word_1_201' title='bbox 1792 1500 1987 1539; x_wconf 84' lang='lat' dir='ltr'><strong>annum</strong></span> <span class='ocrx_word' id='word_1_202' title='bbox 2014 1485 2119 1540; x_wconf 68' lang='lat'><strong>984</strong></span> <span class='ocrx_word' id='word_1_203' title='bbox 2148 1487 2454 1555; x_wconf 90' lang='lat' dir='ltr'><strong>conscripto</strong></span> <span class='ocrx_word' id='word_1_204' title='bbox 2478 1487 2577 1541; x_wconf 92' lang='lat' dir='ltr'><strong>hac</strong></span> <span class='ocrx_word' id='word_1_205' title='bbox 2606 1488 2890 1541; x_wconf 82' lang='lat' dir='ltr'><strong>verborum</strong></span> <span class='ocrx_word' id='word_1_206' title='bbox 2919 1489 3089 1543; x_wconf 79' lang='lat' dir='ltr'><strong>forma</strong></span> <span class='ocrx_word' id='word_1_207' title='bbox 3120 1506 3134 1543; x_wconf 92' lang='lat'>:</span> 
     </span>
    </p>
   </div>
   <div class='ocr_carea' id='block_1_30' title="bbox 1860 1575 3357 1652">
    <p class='ocr_par' dir='ltr' id='par_1_30' title="bbox 1860 1575 3357 1652">
     <span class='ocr_line' id='line_1_30' title="bbox 1860 1575 3357 1652; baseline 0.003 -24"><span class='ocrx_word' id='word_1_208' title='bbox 1860 1575 1911 1628; x_wconf 86' lang='lat'><strong>6.</strong></span> <span class='ocrx_word' id='word_1_209' title='bbox 1954 1575 2012 1628; x_wconf 83' lang='grc' dir='ltr'>Ὀ</span> <span class='ocrx_word' id='word_1_210' title='bbox 2052 1578 2108 1630; x_wconf 80' lang='grc' dir='ltr'>ὲν</span> <span class='ocrx_word' id='word_1_211' title='bbox 2138 1578 2335 1646; x_wconf 76' lang='grc' dir='ltr'>Ἀγίοιε</span> <span class='ocrx_word' id='word_1_212' title='bbox 2367 1578 2555 1649; x_wconf 75' lang='grc' dir='ltr'>Πατήρ</span> <span class='ocrx_word' id='word_1_213' title='bbox 2578 1580 2737 1650; x_wconf 78' lang='grc' dir='ltr'>ἡμῶν</span> <span class='ocrx_word' id='word_1_214' title='bbox 2766 1580 3039 1645; x_wconf 82' lang='grc' dir='ltr'>Βασίλειος</span> <span class='ocrx_word' id='word_1_215' title='bbox 3056 1576 3125 1652; x_wconf 74' lang='grc' dir='ltr'>ἦν</span> <span class='ocrx_word' id='word_1_216' title='bbox 3146 1578 3238 1633; x_wconf 69' lang='grc' dir='ltr'><strong>ἐπὶ</strong></span> <span class='ocrx_word' id='word_1_217' title='bbox 3256 1579 3357 1651; x_wconf 82' lang='grc' dir='ltr'>τῆς</span> 
     </span>
    </p>
   </div>
   <div class='ocr_carea' id='block_1_31' title="bbox 1791 1667 3353 1744">
    <p class='ocr_par' dir='ltr' id='par_1_31' title="bbox 1791 1667 3353 1744">
     <span class='ocr_line' id='line_1_31' title="bbox 1791 1667 3353 1744; baseline 0.003 -23"><span class='ocrx_word' id='word_1_218' title='bbox 1791 1667 2065 1739; x_wconf 82' lang='grc' dir='ltr'><strong>βασιλείας</strong></span> <span class='ocrx_word' id='word_1_219' title='bbox 2119 1669 2435 1732; x_wconf 74' lang='grc' dir='ltr'><strong>Οὐάλεντος,</strong></span> <span class='ocrx_word' id='word_1_220' title='bbox 2500 1671 2677 1724; x_wconf 81' lang='grc' dir='ltr'>ὅντινα</span> <span class='ocrx_word' id='word_1_221' title='bbox 2733 1671 3006 1725; x_wconf 81' lang='grc' dir='ltr'>υὺάλεντα</span> <span class='ocrx_word' id='word_1_222' title='bbox 3036 1673 3104 1728; x_wconf 81' lang='grc' dir='ltr'><strong>τὰ</strong></span> <span class='ocrx_word' id='word_1_223' title='bbox 3143 1672 3353 1744; x_wconf 78' lang='grc' dir='ltr'>Ἀρείου</span> 
     </span>
    </p>
   </div>
   <div class='ocr_carea' id='block_1_32' title="bbox 1787 1762 3352 1836">
    <p class='ocr_par' dir='ltr' id='par_1_32' title="bbox 1787 1762 3352 1836">
     <span class='ocr_line' id='line_1_32' title="bbox 1787 1762 3352 1836; baseline 0.001 -20"><span class='ocrx_word' id='word_1_224' title='bbox 1787 1764 1879 1816; x_wconf 76' lang='grc' dir='ltr'>τοῦ</span> <span class='ocrx_word' id='word_1_225' title='bbox 1932 1762 2203 1833; x_wconf 77' lang='grc' dir='ltr'>αἱρετικοῦ</span> <span class='ocrx_word' id='word_1_226' title='bbox 2236 1762 2531 1832; x_wconf 75' lang='grc' dir='ltr'><strong>φρονοῦντα</strong></span> <span class='ocrx_word' id='word_1_227' title='bbox 2571 1766 3088 1836; x_wconf 67' lang='grc' dir='ltr'><strong>παρρησιασάμενος</strong></span> <span class='ocrx_word' id='word_1_228' title='bbox 3135 1763 3352 1833; x_wconf 75' lang='grc' dir='ltr'>ήλεγξε,</span> 
     </span>
    </p>
   </div>
   <div class='ocr_carea' id='block_1_33' title="bbox 162 1844 1694 1928">
    <p class='ocr_par' dir='ltr' id='par_1_33' title="bbox 162 1844 1688 1924">
     <span class='ocr_line' id='line_1_33' title="bbox 162 1844 1688 1924; baseline 0.016 -34"><span class='ocrx_word' id='word_1_229' title='bbox 162 1852 322 1895; x_wconf 77' lang='lat' dir='ltr'><strong>sancto</strong></span> <span class='ocrx_word' id='word_1_230' title='bbox 344 1882 358 1906; x_wconf 93' lang='lat'><strong>,</strong></span> <span class='ocrx_word' id='word_1_231' title='bbox 390 1844 475 1896; x_wconf 86' lang='lat' dir='ltr'><strong>cui</strong></span> <span class='ocrx_word' id='word_1_232' title='bbox 519 1845 751 1915; x_wconf 77' lang='lat' dir='ltr'><strong>elogium</strong></span> <span class='ocrx_word' id='word_1_233' title='bbox 783 1849 847 1902; x_wconf 90' lang='lat' dir='ltr'><strong>de</strong></span> <span class='ocrx_word' id='word_1_234' title='bbox 882 1850 986 1905; x_wconf 83' lang='lat' dir='ltr'><strong>vita</strong></span> <span class='ocrx_word' id='word_1_235' title='bbox 1018 1853 1376 1924; x_wconf 87' lang='lat' dir='ltr'><strong>interponitur</strong></span> <span class='ocrx_word' id='word_1_236' title='bbox 1400 1857 1500 1913; x_wconf 87' lang='lat' dir='ltr'><strong>hoc</strong></span> <span class='ocrx_word' id='word_1_237' title='bbox 1530 1858 1688 1915; x_wconf 84' lang='lat' dir='ltr'><strong>disti-</strong></span> 
     </span>
    </p>
   </div>
   <div class='ocr_carea' id='block_1_34' title="bbox 1787 1844 3353 1928">
    <p class='ocr_par' dir='ltr' id='par_1_34' title="bbox 1790 1853 3353 1928">
     <span class='ocr_line' id='line_1_34' title="bbox 1790 1853 3353 1928; baseline 0.001 -23"><span class='ocrx_word' id='word_1_238' title='bbox 1790 1856 1880 1905; x_wconf 83' lang='grc' dir='ltr'>καὶ</span> <span class='ocrx_word' id='word_1_239' title='bbox 1905 1854 2088 1907; x_wconf 79' lang='grc' dir='ltr'>ἔπεισε</span> <span class='ocrx_word' id='word_1_240' title='bbox 2120 1854 2252 1921; x_wconf 78' lang='grc' dir='ltr'>παρ’</span> <span class='ocrx_word' id='word_1_241' title='bbox 2297 1853 2474 1921; x_wconf 83' lang='grc' dir='ltr'>ὀλίγον</span> <span class='ocrx_word' id='word_1_242' title='bbox 2521 1854 2619 1920; x_wconf 73' lang='grc' dir='ltr'><strong>τὴν</strong></span> <span class='ocrx_word' id='word_1_243' title='bbox 2656 1857 2865 1928; x_wconf 79' lang='grc' dir='ltr'>αἵρεσιν</span> <span class='ocrx_word' id='word_1_244' title='bbox 2917 1854 3275 1926; x_wconf 76' lang='grc' dir='ltr'>ἀρνήσασθαι,</span> <span class='ocrx_word' id='word_1_245' title='bbox 3304 1855 3353 1907; x_wconf 82' lang='grc' dir='ltr'><strong>εί</strong></span> 
     </span>
    </p>
   </div>
   <div class='ocr_carea' id='block_1_35' title="bbox 165 1932 576 2003">
    <p class='ocr_par' dir='ltr' id='par_1_35' title="bbox 165 1932 576 2003">
     <span class='ocr_line' id='line_1_35' title="bbox 165 1932 576 2003; baseline 0.017 -21"><span class='ocrx_word' id='word_1_246' title='bbox 165 1932 248 1984; x_wconf 70' lang='lat' dir='ltr'><strong>cbo</strong></span> <span class='ocrx_word' id='word_1_247' title='bbox 272 1945 539 2003; x_wconf 61' lang='lat' dir='ltr'><strong>praeeunte</strong></span> <span class='ocrx_word' id='word_1_248' title='bbox 563 1955 576 1989; x_wconf 90' lang='lat'><strong>:</strong></span> 
     </span>
    </p>
   </div>
   <div class='ocr_carea' id='block_1_36' title="bbox 217 2044 1321 2123">
    <p class='ocr_par' dir='ltr' id='par_1_36' title="bbox 217 2044 1321 2123">
     <span class='ocr_line' id='line_1_36' title="bbox 217 2044 1321 2123; baseline 0.012 -26"><span class='ocrx_word' id='word_1_249' title='bbox 217 2044 293 2123; x_wconf 63' lang='grc' dir='ltr'><strong>ζῇ</strong></span> <span class='ocrx_word' id='word_1_250' title='bbox 326 2048 641 2123; x_wconf 60' lang='grc' dir='ltr'>Βασίλειος</span> <span class='ocrx_word' id='word_1_251' title='bbox 670 2051 767 2123; x_wconf 66' lang='grc' dir='ltr'><strong>καὶ</strong></span> <span class='ocrx_word' id='word_1_252' title='bbox 791 2055 986 2107; x_wconf 78' lang='grc' dir='ltr'><strong>θανὼν</strong></span> <span class='ocrx_word' id='word_1_253' title='bbox 1009 2055 1080 2107; x_wconf 76' lang='grc' dir='ltr'><strong>ἐν</strong></span> <span class='ocrx_word' id='word_1_254' title='bbox 1111 2058 1321 2123; x_wconf 79' lang='grc' dir='ltr'><strong>Κυρίω.</strong></span> 
     </span>
    </p>
   </div>
   <div class='ocr_carea' id='block_1_37' title="bbox 217 2115 1591 2191">
    <p class='ocr_par' dir='ltr' id='par_1_37' title="bbox 217 2115 1591 2191">
     <span class='ocr_line' id='line_1_37' title="bbox 217 2115 1591 2191; baseline 0.014 -25"><span class='ocrx_word' id='word_1_255' title='bbox 217 2115 292 2182; x_wconf 76' lang='grc' dir='ltr'><strong>Ζῇ</strong></span> <span class='ocrx_word' id='word_1_256' title='bbox 317 2117 411 2169; x_wconf 76' lang='grc' dir='ltr'><strong>καὶ</strong></span> <span class='ocrx_word' id='word_1_257' title='bbox 442 2119 579 2187; x_wconf 76' lang='grc' dir='ltr'>παρ’</span> <span class='ocrx_word' id='word_1_258' title='bbox 606 2122 749 2191; x_wconf 73' lang='grc' dir='ltr'>ἡμῖν</span> <span class='ocrx_word' id='word_1_259' title='bbox 777 2124 855 2189; x_wconf 87' lang='grc' dir='ltr'>ὠς</span> <span class='ocrx_word' id='word_1_260' title='bbox 876 2123 1081 2176; x_wconf 60' lang='grc' dir='ltr'>,λαλῶν</span> <span class='ocrx_word' id='word_1_261' title='bbox 1099 2122 1165 2176; x_wconf 77' lang='grc' dir='ltr'><strong>ἐκ</strong></span> <span class='ocrx_word' id='word_1_262' title='bbox 1189 2115 1308 2179; x_wconf 58' lang='grc' dir='ltr'>τῶν</span> <span class='ocrx_word' id='word_1_263' title='bbox 1336 2129 1591 2191; x_wconf 74' lang='grc' dir='ltr'><strong>βίϐλων.</strong></span> 
     </span>
    </p>
   </div>
   <div class='ocr_carea' id='block_1_38' title="bbox 222 2206 1369 2282">
    <p class='ocr_par' dir='ltr' id='par_1_38' title="bbox 222 2206 1369 2282">
     <span class='ocr_line' id='line_1_38' title="bbox 222 2206 1369 2282; baseline 0.01 -22"><span class='ocrx_word' id='word_1_264' title='bbox 222 2206 463 2282; x_wconf 61' lang='lat' dir='ltr'><strong>Basilius,</strong></span> <span class='ocrx_word' id='word_1_265' title='bbox 486 2214 642 2266; x_wconf 80' lang='lat' dir='ltr'><strong>etiam</strong></span> <span class='ocrx_word' id='word_1_266' title='bbox 683 2226 937 2276; x_wconf 70' lang='lat' dir='ltr'><strong>mortuus,</strong></span> <span class='ocrx_word' id='word_1_267' title='bbox 970 2212 1186 2267; x_wconf 86' lang='lat' dir='ltr'><strong>Domino</strong></span> <span class='ocrx_word' id='word_1_268' title='bbox 1217 2219 1369 2282; x_wconf 76' lang='lat' dir='ltr'><strong>vivit;</strong></span> 
     </span>
    </p>
   </div>
   <div class='ocr_carea' id='block_1_39' title="bbox 217 2276 1315 2353">
    <p class='ocr_par' dir='ltr' id='par_1_39' title="bbox 217 2276 1315 2353">
     <span class='ocr_line' id='line_1_39' title="bbox 217 2276 1315 2353; baseline 0.01 -22"><span class='ocrx_word' id='word_1_269' title='bbox 217 2276 467 2349; x_wconf 67' lang='lat' dir='ltr'><strong>Notusque</strong></span> <span class='ocrx_word' id='word_1_270' title='bbox 497 2286 642 2346; x_wconf 74' lang='lat' dir='ltr'><strong>vivit,</strong></span> <span class='ocrx_word' id='word_1_271' title='bbox 679 2285 733 2336; x_wconf 85' lang='lat' dir='ltr'><strong>iu</strong></span> <span class='ocrx_word' id='word_1_272' title='bbox 763 2286 870 2336; x_wconf 71' lang='lat' dir='ltr'><strong>suis</strong></span> <span class='ocrx_word' id='word_1_273' title='bbox 899 2284 1111 2353; x_wconf 77' lang='lat' dir='ltr'><strong>loquens</strong></span> <span class='ocrx_word' id='word_1_274' title='bbox 1147 2284 1315 2341; x_wconf 81' lang='lat' dir='ltr'><strong>libris.</strong></span> 
     </span>
    </p>
   </div>
   <div class='ocr_carea' id='block_1_40' title="bbox 165 2394 1687 2474">
    <p class='ocr_par' dir='ltr' id='par_1_40' title="bbox 165 2394 1687 2474">
     <span class='ocr_line' id='line_1_40' title="bbox 165 2394 1687 2474; baseline 0.011 -28"><span class='ocrx_word' id='word_1_275' title='bbox 165 2394 331 2450; x_wconf 79' lang='lat' dir='ltr'><strong>Exstat</strong></span> <span class='ocrx_word' id='word_1_276' title='bbox 372 2399 511 2466; x_wconf 90' lang='lat' dir='ltr'><strong>apud</strong></span> <span class='ocrx_word' id='word_1_277' title='bbox 556 2396 935 2452; x_wconf 83' lang='lat' dir='ltr'><strong>Combcﬁsium</strong></span> <span class='ocrx_word' id='word_1_278' title='bbox 990 2402 1164 2455; x_wconf 86' lang='lat' dir='ltr'><strong>oratio</strong></span> <span class='ocrx_word' id='word_1_279' title='bbox 1198 2404 1365 2459; x_wconf 92' lang='lat' dir='ltr'><strong>sancti</strong></span> <span class='ocrx_word' id='word_1_280' title='bbox 1413 2404 1687 2474; x_wconf 81' lang='lat' dir='ltr'><strong>Amphilo-</strong></span> 
     </span>
    </p>
   </div>
   <div class='ocr_carea' id='block_1_41' title="bbox 162 2486 1682 2563">
    <p class='ocr_par' dir='ltr' id='par_1_41' title="bbox 162 2486 1682 2563">
     <span class='ocr_line' id='line_1_41' title="bbox 162 2486 1682 2563; baseline 0.014 -30"><span class='ocrx_word' id='word_1_281' title='bbox 162 2488 271 2547; x_wconf 84' lang='lat' dir='ltr'><strong>rhii,</strong></span> <span class='ocrx_word' id='word_1_282' title='bbox 293 2486 583 2542; x_wconf 83' lang='lat' dir='ltr'><strong>lconiensis</strong></span> <span class='ocrx_word' id='word_1_283' title='bbox 614 2488 871 2559; x_wconf 88' lang='lat' dir='ltr'><strong>episc0pi,</strong></span> <span class='ocrx_word' id='word_1_284' title='bbox 894 2492 944 2545; x_wconf 90' lang='lat' dir='ltr'><strong>in</strong></span> <span class='ocrx_word' id='word_1_285' title='bbox 965 2493 1172 2547; x_wconf 86' lang='lat' dir='ltr'><strong>Domini</strong></span> <span class='ocrx_word' id='word_1_286' title='bbox 1197 2496 1682 2563; x_wconf 87' lang='lat' dir='ltr'><strong>circumcisionetn,</strong></span> 
     </span>
    </p>
   </div>
   <div class='ocr_carea' id='block_1_42' title="bbox 163 2579 1686 2658">
    <p class='ocr_par' dir='ltr' id='par_1_42' title="bbox 163 2579 1686 2658">
     <span class='ocr_line' id='line_1_42' title="bbox 163 2579 1686 2658; baseline 0.013 -34"><span class='ocrx_word' id='word_1_287' title='bbox 163 2579 318 2643; x_wconf 83' lang='lat' dir='ltr'><strong>inquo</strong></span> <span class='ocrx_word' id='word_1_288' title='bbox 345 2580 429 2634; x_wconf 87' lang='lat' dir='ltr'><strong>ille</strong></span> <span class='ocrx_word' id='word_1_289' title='bbox 452 2581 532 2635; x_wconf 88' lang='lat' dir='ltr'><strong>sic</strong></span> <span class='ocrx_word' id='word_1_290' title='bbox 556 2583 619 2634; x_wconf 88' lang='lat' dir='ltr'><strong>de</strong></span> <span class='ocrx_word' id='word_1_291' title='bbox 651 2593 838 2637; x_wconf 91' lang='lat' dir='ltr'><strong>sancto</strong></span> <span class='ocrx_word' id='word_1_292' title='bbox 866 2583 1062 2639; x_wconf 84' lang='lat' dir='ltr'><strong>Basilio</strong></span> <span class='ocrx_word' id='word_1_293' title='bbox 1095 2584 1336 2658; x_wconf 87' lang='lat' dir='ltr'><strong>loquitur</strong></span> <span class='ocrx_word' id='word_1_294' title='bbox 1372 2605 1386 2641; x_wconf 88' lang='lat'><strong>:</strong></span> <span class='ocrx_word' id='word_1_295' title='bbox 1416 2607 1434 2639; x_wconf 74' lang='grc' dir='ltr'><strong>ι</strong></span> <span class='ocrx_word' id='word_1_296' title='bbox 1472 2589 1567 2643; x_wconf 82' lang='lat' dir='ltr'><strong>Hic</strong></span> <span class='ocrx_word' id='word_1_297' title='bbox 1587 2593 1686 2644; x_wconf 93' lang='lat' dir='ltr'><strong>cir-</strong></span> 
     </span>
    </p>
   </div>
   <div class='ocr_carea' id='block_1_43' title="bbox 162 2673 1686 2749">
    <p class='ocr_par' dir='ltr' id='par_1_43' title="bbox 162 2673 1686 2749">
     <span class='ocr_line' id='line_1_43' title="bbox 162 2673 1686 2749; baseline 0.01 -27"><span class='ocrx_word' id='word_1_298' title='bbox 162 2673 481 2739; x_wconf 83' lang='lat' dir='ltr'><strong>cumcisione,</strong></span> <span class='ocrx_word' id='word_1_299' title='bbox 516 2688 635 2745; x_wconf 77' lang='lat' dir='ltr'><strong>qua:</strong></span> <span class='ocrx_word' id='word_1_300' title='bbox 663 2675 719 2729; x_wconf 83' lang='lat' dir='ltr'><strong>iit</strong></span> <span class='ocrx_word' id='word_1_301' title='bbox 747 2677 799 2729; x_wconf 87' lang='lat' dir='ltr'><strong>in</strong></span> <span class='ocrx_word' id='word_1_302' title='bbox 826 2677 1013 2746; x_wconf 88' lang='lat' dir='ltr'><strong>spiritu</strong></span> <span class='ocrx_word' id='word_1_303' title='bbox 1038 2688 1091 2732; x_wconf 88' lang='lat' dir='ltr'><strong>et</strong></span> <span class='ocrx_word' id='word_1_304' title='bbox 1120 2679 1301 2733; x_wconf 87' lang='lat' dir='ltr'><strong>divino</strong></span> <span class='ocrx_word' id='word_1_305' title='bbox 1343 2681 1686 2749; x_wconf 79' lang='lat' dir='ltr'><strong>baptismate,</strong></span> 
     </span>
    </p>
   </div>
   <div class='ocr_carea' id='block_1_44' title="bbox 162 2766 1683 2840">
    <p class='ocr_par' dir='ltr' id='par_1_44' title="bbox 162 2766 1683 2840">
     <span class='ocr_line' id='line_1_44' title="bbox 162 2766 1683 2840; baseline 0.009 -25"><span class='ocrx_word' id='word_1_306' title='bbox 162 2777 326 2834; x_wconf 76' lang='lat' dir='ltr'><strong>magno</strong></span> <span class='ocrx_word' id='word_1_307' title='bbox 374 2766 558 2822; x_wconf 88' lang='lat' dir='ltr'><strong>animo</strong></span> <span class='ocrx_word' id='word_1_308' title='bbox 605 2769 888 2835; x_wconf 58' lang='lat' dir='ltr'><strong>praedicata</strong></span> <span class='ocrx_word' id='word_1_309' title='bbox 917 2809 932 2834; x_wconf 94' lang='lat'><strong>,</strong></span> <span class='ocrx_word' id='word_1_310' title='bbox 978 2770 1259 2840; x_wconf 85' lang='lat' dir='ltr'><strong>perspicue</strong></span> <span class='ocrx_word' id='word_1_311' title='bbox 1306 2772 1589 2827; x_wconf 86' lang='lat' dir='ltr'><strong>admodum</strong></span> <span class='ocrx_word' id='word_1_312' title='bbox 1639 2775 1683 2829; x_wconf 92' lang='lat' dir='ltr'><strong>si</strong></span> 
     </span>
    </p>
   </div>
   <div class='ocr_carea' id='block_1_45' title="bbox 161 2858 1687 2926">
    <p class='ocr_par' dir='ltr' id='par_1_45' title="bbox 161 2858 1687 2926">
     <span class='ocr_line' id='line_1_45' title="bbox 161 2858 1687 2926; baseline 0.009 -17"><span class='ocrx_word' id='word_1_313' title='bbox 161 2858 262 2919; x_wconf 83' lang='lat' dir='ltr'><strong>quis</strong></span> <span class='ocrx_word' id='word_1_314' title='bbox 280 2858 406 2915; x_wconf 88' lang='lat' dir='ltr'><strong>alius</strong></span> <span class='ocrx_word' id='word_1_315' title='bbox 438 2858 528 2915; x_wconf 89' lang='lat' dir='ltr'><strong>Dei</strong></span> <span class='ocrx_word' id='word_1_316' title='bbox 559 2860 753 2926; x_wconf 87' lang='lat' dir='ltr'><strong>cultor,</strong></span> <span class='ocrx_word' id='word_1_317' title='bbox 789 2862 1254 2918; x_wconf 88' lang='lat' dir='ltr'><strong>circumcisionem</strong></span> <span class='ocrx_word' id='word_1_318' title='bbox 1288 2863 1342 2918; x_wconf 92' lang='lat' dir='ltr'><strong>in</strong></span> <span class='ocrx_word' id='word_1_319' title='bbox 1375 2879 1536 2921; x_wconf 88' lang='lat' dir='ltr'><strong>carne</strong></span> <span class='ocrx_word' id='word_1_320' title='bbox 1557 2866 1687 2921; x_wconf 86' lang='lat' dir='ltr'><strong>sub-</strong></span> 
     </span>
    </p>
   </div>
   <div class='ocr_carea' id='block_1_46' title="bbox 164 2948 1687 3018">
    <p class='ocr_par' dir='ltr' id='par_1_46' title="bbox 164 2948 1687 3018">
     <span class='ocr_line' id='line_1_46' title="bbox 164 2948 1687 3018; baseline 0.011 -21"><span class='ocrx_word' id='word_1_321' title='bbox 164 2948 322 3001; x_wconf 74' lang='lat' dir='ltr'><strong>movit.</strong></span> <span class='ocrx_word' id='word_1_322' title='bbox 351 2948 557 3004; x_wconf 90' lang='lat' dir='ltr'><strong>Idcirco</strong></span> <span class='ocrx_word' id='word_1_323' title='bbox 592 2952 752 3004; x_wconf 89' lang='lat' dir='ltr'><strong>etiam</strong></span> <span class='ocrx_word' id='word_1_324' title='bbox 797 2950 910 3018; x_wconf 87' lang='lat' dir='ltr'><strong>eius</strong></span> <span class='ocrx_word' id='word_1_325' title='bbox 942 2953 1007 3005; x_wconf 89' lang='lat' dir='ltr'><strong>ad</strong></span> <span class='ocrx_word' id='word_1_326' title='bbox 1051 2952 1215 3009; x_wconf 84' lang='lat' dir='ltr'><strong>Deum</strong></span> <span class='ocrx_word' id='word_1_327' title='bbox 1247 2969 1276 3008; x_wconf 83' lang='lat' dir='ltr'><strong>a</strong></span> <span class='ocrx_word' id='word_1_328' title='bbox 1312 2965 1451 3011; x_wconf 86' lang='lat' dir='ltr'><strong>terra</strong></span> <span class='ocrx_word' id='word_1_329' title='bbox 1483 2966 1534 3011; x_wconf 89' lang='lat' dir='ltr'><strong>et</strong></span> <span class='ocrx_word' id='word_1_330' title='bbox 1564 2973 1687 3013; x_wconf 85' lang='lat' dir='ltr'><strong>cor-</strong></span> 
     </span>
    </p>
   </div>
   <div class='ocr_carea' id='block_1_47' title="bbox 159 3039 1687 3119">
    <p class='ocr_par' dir='ltr' id='par_1_47' title="bbox 159 3039 1687 3119">
     <span class='ocr_line' id='line_1_47' title="bbox 159 3039 1687 3119; baseline 0.01 -32"><span class='ocrx_word' id='word_1_331' title='bbox 159 3048 269 3103; x_wconf 80' lang='lat' dir='ltr'><strong>pore</strong></span> <span class='ocrx_word' id='word_1_332' title='bbox 316 3039 505 3093; x_wconf 87' lang='lat' dir='ltr'><strong>solutio</strong></span> <span class='ocrx_word' id='word_1_333' title='bbox 537 3041 890 3111; x_wconf 84' lang='lat' dir='ltr'><strong>migratioque</strong></span> <span class='ocrx_word' id='word_1_334' title='bbox 913 3083 928 3107; x_wconf 94' lang='lat'><strong>,</strong></span> <span class='ocrx_word' id='word_1_335' title='bbox 964 3060 1070 3097; x_wconf 91' lang='lat' dir='ltr'><strong>non</strong></span> <span class='ocrx_word' id='word_1_336' title='bbox 1100 3044 1195 3098; x_wconf 89' lang='lat' dir='ltr'><strong>abs</strong></span> <span class='ocrx_word' id='word_1_337' title='bbox 1226 3060 1280 3098; x_wconf 92' lang='lat' dir='ltr'><strong>re</strong></span> <span class='ocrx_word' id='word_1_338' title='bbox 1306 3085 1321 3110; x_wconf 96' lang='lat'><strong>,</strong></span> <span class='ocrx_word' id='word_1_339' title='bbox 1381 3062 1554 3116; x_wconf 90' lang='lat' dir='ltr'><strong>neque</strong></span> <span class='ocrx_word' id='word_1_340' title='bbox 1606 3049 1687 3119; x_wconf 92' lang='lat' dir='ltr'><strong>(ut</strong></span> 
     </span>
    </p>
   </div>
   <div class='ocr_carea' id='block_1_48' title="bbox 161 3129 1755 3233">
    <p class='ocr_par' dir='ltr' id='par_1_48' title="bbox 161 3129 1755 3233">
     <span class='ocr_line' id='line_1_48' title="bbox 161 3129 1755 3233; baseline 0.01 -51"><span class='ocrx_word' id='word_1_341' title='bbox 161 3129 260 3197; x_wconf 78' lang='lat' dir='ltr'><strong>quis</strong></span> <span class='ocrx_word' id='word_1_342' title='bbox 290 3141 477 3199; x_wconf 67' lang='lat' dir='ltr'><strong>praeter</strong></span> <span class='ocrx_word' id='word_1_343' title='bbox 506 3134 771 3189; x_wconf 89' lang='lat' dir='ltr'><strong>rationem</strong></span> <span class='ocrx_word' id='word_1_344' title='bbox 803 3134 964 3190; x_wconf 76' lang='lat' dir='ltr'><strong>fuerit</strong></span> <span class='ocrx_word' id='word_1_345' title='bbox 992 3136 1316 3207; x_wconf 86' lang='lat' dir='ltr'><strong>suspicatus)</strong></span> <span class='ocrx_word' id='word_1_346' title='bbox 1346 3154 1373 3192; x_wconf 89' lang='lat' dir='ltr'><strong>a</strong></span> <span class='ocrx_word' id='word_1_347' title='bbox 1409 3154 1560 3205; x_wconf 88' lang='lat' dir='ltr'><strong>casu,</strong></span> <span class='ocrx_word' id='word_1_348' title='bbox 1589 3141 1685 3197; x_wconf 91' lang='lat' dir='ltr'><strong>ho-</strong></span> <span class='ocrx_word' id='word_1_349' title='bbox 1712 3175 1755 3233; x_wconf 68' lang='grc' dir='ltr'><em>ε</em></span> 
     </span>
    </p>
   </div>
   <div class='ocr_carea' id='block_1_49' title="bbox 161 3224 1687 3298">
    <p class='ocr_par' dir='ltr' id='par_1_49' title="bbox 161 3224 1687 3298">
     <span class='ocr_line' id='line_1_49' title="bbox 161 3224 1687 3298; baseline 0.009 -26"><span class='ocrx_word' id='word_1_350' title='bbox 161 3224 317 3279; x_wconf 82' lang='lat' dir='ltr'><strong>dierna</strong></span> <span class='ocrx_word' id='word_1_351' title='bbox 347 3228 429 3281; x_wconf 85' lang='lat' dir='ltr'><strong>die</strong></span> <span class='ocrx_word' id='word_1_352' title='bbox 454 3229 885 3283; x_wconf 88' lang='lat' dir='ltr'><strong>circumclsionis</strong></span> <span class='ocrx_word' id='word_1_353' title='bbox 913 3228 1061 3298; x_wconf 88' lang='lat' dir='ltr'><strong>Jesu,</strong></span> <span class='ocrx_word' id='word_1_354' title='bbox 1096 3232 1266 3286; x_wconf 87' lang='lat' dir='ltr'><strong>media</strong></span> <span class='ocrx_word' id='word_1_355' title='bbox 1298 3232 1496 3286; x_wconf 73' lang='lat' dir='ltr'><strong>divinae</strong></span> <span class='ocrx_word' id='word_1_356' title='bbox 1528 3232 1687 3287; x_wconf 84' lang='lat' dir='ltr'><strong>Chri-</strong></span> 
     </span>
    </p>
   </div>
   <div class='ocr_carea' id='block_1_50' title="bbox 162 3316 1686 3391">
    <p class='ocr_par' dir='ltr' id='par_1_50' title="bbox 162 3316 1686 3391">
     <span class='ocr_line' id='line_1_50' title="bbox 162 3316 1686 3391; baseline 0.007 -23"><span class='ocrx_word' id='word_1_357' title='bbox 162 3316 216 3369; x_wconf 80' lang='lat' dir='ltr'><strong>sti</strong></span> <span class='ocrx_word' id='word_1_358' title='bbox 253 3318 501 3372; x_wconf 91' lang='lat' dir='ltr'><strong>nativitati</strong></span> <span class='ocrx_word' id='word_1_359' title='bbox 537 3320 907 3389; x_wconf 85' lang='lat' dir='ltr'><strong>baptismoque</strong></span> <span class='ocrx_word' id='word_1_360' title='bbox 939 3326 1245 3390; x_wconf 90' lang='lat' dir='ltr'><strong>concurrit;</strong></span> <span class='ocrx_word' id='word_1_361' title='bbox 1287 3326 1379 3379; x_wconf 90' lang='lat' dir='ltr'><strong>sed</strong></span> <span class='ocrx_word' id='word_1_362' title='bbox 1417 3326 1562 3380; x_wconf 86' lang='lat' dir='ltr'><strong>velut</strong></span> <span class='ocrx_word' id='word_1_363' title='bbox 1594 3326 1686 3391; x_wconf 86' lang='lat' dir='ltr'><strong>qui</strong></span> 
     </span>
    </p>
   </div>
   <div class='ocr_carea' id='block_1_51' title="bbox 166 3404 1687 3485">
    <p class='ocr_par' dir='ltr' id='par_1_51' title="bbox 166 3404 1687 3485">
     <span class='ocr_line' id='line_1_51' title="bbox 166 3404 1687 3485; baseline 0.011 -32"><span class='ocrx_word' id='word_1_364' title='bbox 166 3404 479 3461; x_wconf 56' lang='lat' dir='ltr'><strong>beatissimus</strong></span> <span class='ocrx_word' id='word_1_365' title='bbox 518 3408 624 3469; x_wconf 79' lang='lat' dir='ltr'><strong>vir,</strong></span> <span class='ocrx_word' id='word_1_366' title='bbox 665 3409 715 3461; x_wconf 93' lang='lat' dir='ltr'><strong>in</strong></span> <span class='ocrx_word' id='word_1_367' title='bbox 743 3409 937 3463; x_wconf 84' lang='lat' dir='ltr'><strong>Christi</strong></span> <span class='ocrx_word' id='word_1_368' title='bbox 977 3413 1280 3467; x_wconf 87' lang='lat' dir='ltr'><strong>nativitatis</strong></span> <span class='ocrx_word' id='word_1_369' title='bbox 1327 3415 1687 3485; x_wconf 78' lang='lat' dir='ltr'><strong>baptismique</strong></span> 
     </span>
    </p>
   </div>
   <div class='ocr_carea' id='block_1_52' title="bbox 164 3498 1687 3573">
    <p class='ocr_par' dir='ltr' id='par_1_52' title="bbox 164 3498 1687 3573">
     <span class='ocr_line' id='line_1_52' title="bbox 164 3498 1687 3573; baseline 0.01 -26"><span class='ocrx_word' id='word_1_370' title='bbox 164 3498 538 3554; x_wconf 78' lang='lat' dir='ltr'><strong>renuntiatioue</strong></span> <span class='ocrx_word' id='word_1_371' title='bbox 572 3510 625 3553; x_wconf 88' lang='lat' dir='ltr'><strong>et</strong></span> <span class='ocrx_word' id='word_1_372' title='bbox 656 3502 1005 3568; x_wconf 81' lang='lat' dir='ltr'><strong>exaltalione,</strong></span> <span class='ocrx_word' id='word_1_373' title='bbox 1041 3504 1687 3573; x_wconf 80' lang='lat' dir='ltr'><strong>spiritualemicircumci-</strong></span> 
     </span>
    </p>
   </div>
   <div class='ocr_carea' id='block_1_53' title="bbox 164 3588 1682 3665">
    <p class='ocr_par' dir='ltr' id='par_1_53' title="bbox 164 3588 1682 3665">
     <span class='ocr_line' id='line_1_53' title="bbox 164 3588 1682 3665; baseline 0.011 -28"><span class='ocrx_word' id='word_1_374' title='bbox 164 3588 339 3643; x_wconf 80' lang='lat' dir='ltr'><strong>sionem</strong></span> <span class='ocrx_word' id='word_1_375' title='bbox 395 3591 749 3655; x_wconf 75' lang='lat' dir='ltr'><strong>exaltaverit,</strong></span> <span class='ocrx_word' id='word_1_376' title='bbox 783 3608 932 3649; x_wconf 88' lang='lat' dir='ltr'><strong>sacra</strong></span> <span class='ocrx_word' id='word_1_377' title='bbox 967 3597 1240 3652; x_wconf 73' lang='lat' dir='ltr'><strong>memoria:</strong></span> <span class='ocrx_word' id='word_1_378' title='bbox 1268 3597 1385 3664; x_wconf 84' lang='lat' dir='ltr'><strong>ejus</strong></span> <span class='ocrx_word' id='word_1_379' title='bbox 1414 3599 1524 3665; x_wconf 91' lang='lat' dir='ltr'><strong>die,</strong></span> <span class='ocrx_word' id='word_1_380' title='bbox 1579 3616 1682 3654; x_wconf 91' lang='lat' dir='ltr'><strong>una</strong></span> 
     </span>
    </p>
   </div>
   <div class='ocr_carea' id='block_1_54' title="bbox 166 3680 1681 3749">
    <p class='ocr_par' dir='ltr' id='par_1_54' title="bbox 166 3680 1681 3749">
     <span class='ocr_line' id='line_1_54' title="bbox 166 3680 1681 3749; baseline 0.009 -18"><span class='ocrx_word' id='word_1_381' title='bbox 166 3690 210 3732; x_wconf 84' lang='lat' dir='ltr'><strong>et</strong></span> <span class='ocrx_word' id='word_1_382' title='bbox 238 3680 336 3748; x_wconf 86' lang='lat' dir='ltr'><strong>ipse</strong></span> <span class='ocrx_word' id='word_1_383' title='bbox 375 3685 665 3738; x_wconf 89' lang='lat' dir='ltr'><strong>resolutius</strong></span> <span class='ocrx_word' id='word_1_384' title='bbox 689 3725 705 3749; x_wconf 94' lang='lat'><strong>,</strong></span> <span class='ocrx_word' id='word_1_385' title='bbox 734 3686 800 3739; x_wconf 91' lang='lat' dir='ltr'><strong>ad</strong></span> <span class='ocrx_word' id='word_1_386' title='bbox 850 3686 1125 3741; x_wconf 83' lang='lat' dir='ltr'><strong>Christum</strong></span> <span class='ocrx_word' id='word_1_387' title='bbox 1173 3690 1397 3743; x_wconf 81' lang='lat' dir='ltr'><strong>exaltari</strong></span> <span class='ocrx_word' id='word_1_388' title='bbox 1432 3693 1627 3746; x_wconf 91' lang='lat' dir='ltr'><strong>meruit</strong></span> <span class='ocrx_word' id='word_1_389' title='bbox 1666 3710 1681 3745; x_wconf 86' lang='lat'><strong>:</strong></span> 
     </span>
    </p>
   </div>
   <div class='ocr_carea' id='block_1_55' title="bbox 162 3771 1681 3847">
    <p class='ocr_par' dir='ltr' id='par_1_55' title="bbox 162 3771 1681 3847">
     <span class='ocr_line' id='line_1_55' title="bbox 162 3771 1681 3847; baseline 0.011 -29"><span class='ocrx_word' id='word_1_390' title='bbox 162 3771 511 3844; x_wconf 85' lang='lat' dir='ltr'><strong>decretumque</strong></span> <span class='ocrx_word' id='word_1_391' title='bbox 536 3776 634 3829; x_wconf 81' lang='lat' dir='ltr'><strong>fuit</strong></span> <span class='ocrx_word' id='word_1_392' title='bbox 659 3786 717 3831; x_wconf 91' lang='lat' dir='ltr'><strong>ut</strong></span> <span class='ocrx_word' id='word_1_393' title='bbox 745 3792 840 3845; x_wconf 89' lang='lat' dir='ltr'><strong>per</strong></span> <span class='ocrx_word' id='word_1_394' title='bbox 863 3777 915 3831; x_wconf 91' lang='lat' dir='ltr'><strong>id</strong></span> <span class='ocrx_word' id='word_1_395' title='bbox 942 3787 1151 3847; x_wconf 82' lang='lat' dir='ltr'><strong>tempus</strong></span> <span class='ocrx_word' id='word_1_396' title='bbox 1181 3794 1357 3832; x_wconf 88' lang='lat' dir='ltr'><strong>annua</strong></span> <span class='ocrx_word' id='word_1_397' title='bbox 1412 3780 1525 3847; x_wconf 76' lang='lat' dir='ltr'><strong>ejus</strong></span> <span class='ocrx_word' id='word_1_398' title='bbox 1572 3795 1681 3834; x_wconf 89' lang='lat' dir='ltr'><strong>me-</strong></span> 
     </span>
    </p>
   </div>
   <div class='ocr_carea' id='block_1_56' title="bbox 164 3864 1686 3935">
    <p class='ocr_par' dir='ltr' id='par_1_56' title="bbox 164 3864 1686 3935">
     <span class='ocr_line' id='line_1_56' title="bbox 164 3864 1686 3935; baseline 0.007 -24"><span class='ocrx_word' id='word_1_399' title='bbox 164 3864 305 3917; x_wconf 79' lang='lat' dir='ltr'><strong>moria</strong></span> <span class='ocrx_word' id='word_1_400' title='bbox 337 3865 727 3935; x_wconf 87' lang='lat' dir='ltr'><strong>celebritasque</strong></span> <span class='ocrx_word' id='word_1_401' title='bbox 748 3866 1073 3921; x_wconf 88' lang='lat' dir='ltr'><strong>recolcrctur</strong></span> <span class='ocrx_word' id='word_1_402' title='bbox 1100 3884 1112 3921; x_wconf 89' lang='lat'>:</span> <span class='ocrx_word' id='word_1_403' title='bbox 1143 3867 1344 3921; x_wconf 89' lang='lat' dir='ltr'><strong>idcirco</strong></span> <span class='ocrx_word' id='word_1_404' title='bbox 1366 3869 1686 3932; x_wconf 84' lang='lat' dir='ltr'><strong>universalis</strong></span> 
     </span>
    </p>
   </div>
   <div class='ocr_carea' id='block_1_57' title="bbox 161 3959 1687 4026">
    <p class='ocr_par' dir='ltr' id='par_1_57' title="bbox 161 3959 1687 4026">
     <span class='ocr_line' id='line_1_57' title="bbox 161 3959 1687 4026; baseline 0.006 -19"><span class='ocrx_word' id='word_1_405' title='bbox 161 3970 237 4025; x_wconf 87' lang='lat' dir='ltr'><strong>per</strong></span> <span class='ocrx_word' id='word_1_406' title='bbox 255 3972 425 4012; x_wconf 88' lang='lat' dir='ltr'><strong>omnes</strong></span> <span class='ocrx_word' id='word_1_407' title='bbox 448 3959 602 4013; x_wconf 89' lang='lat' dir='ltr'><strong>orbis</strong></span> <span class='ocrx_word' id='word_1_408' title='bbox 632 3968 811 4026; x_wconf 82' lang='lat' dir='ltr'><strong>partes</strong></span> <span class='ocrx_word' id='word_1_409' title='bbox 850 3969 1159 4013; x_wconf 88' lang='lat' dir='ltr'><strong>sanctorum</strong></span> <span class='ocrx_word' id='word_1_410' title='bbox 1191 3960 1559 4015; x_wconf 87' lang='lat' dir='ltr'><strong>universorum</strong></span> <span class='ocrx_word' id='word_1_411' title='bbox 1588 3961 1687 4016; x_wconf 85' lang='lat' dir='ltr'><strong>Ec-</strong></span> 
     </span>
    </p>
   </div>
   <div class='ocr_carea' id='block_1_58' title="bbox 164 4044 1687 4121">
    <p class='ocr_par' dir='ltr' id='par_1_58' title="bbox 164 4044 1687 4121">
     <span class='ocr_line' id='line_1_58' title="bbox 164 4044 1687 4121; baseline 0.009 -26"><span class='ocrx_word' id='word_1_412' title='bbox 164 4044 323 4111; x_wconf 78' lang='lat' dir='ltr'><strong>clesia,</strong></span> <span class='ocrx_word' id='word_1_413' title='bbox 360 4049 764 4103; x_wconf 65' lang='lat' dir='ltr'><strong>sanctissimam</strong></span> <span class='ocrx_word' id='word_1_414' title='bbox 789 4048 905 4118; x_wconf 85' lang='lat' dir='ltr'><strong>ejus</strong></span> <span class='ocrx_word' id='word_1_415' title='bbox 934 4065 1253 4117; x_wconf 88' lang='lat' dir='ltr'><strong>sacramque</strong></span> <span class='ocrx_word' id='word_1_416' title='bbox 1280 4052 1366 4105; x_wconf 91' lang='lat' dir='ltr'><strong>die</strong></span> <span class='ocrx_word' id='word_1_417' title='bbox 1398 4053 1495 4107; x_wconf 92' lang='lat' dir='ltr'><strong>hac</strong></span> <span class='ocrx_word' id='word_1_418' title='bbox 1524 4068 1687 4121; x_wconf 90' lang='lat' dir='ltr'><strong>agens</strong></span> 
     </span>
    </p>
   </div>
   <div class='ocr_carea' id='block_1_59' title="bbox 166 4136 1684 4209">
    <p class='ocr_par' dir='ltr' id='par_1_59' title="bbox 166 4136 1684 4209">
     <span class='ocr_line' id='line_1_59' title="bbox 166 4136 1684 4209; baseline 0.003 -18"><span class='ocrx_word' id='word_1_419' title='bbox 166 4136 552 4209; x_wconf 69' lang='lat' dir='ltr'><strong>gloriﬁcansque</strong></span> <span class='ocrx_word' id='word_1_420' title='bbox 580 4140 915 4203; x_wconf 88' lang='lat' dir='ltr'><strong>memoriam,</strong></span> <span class='ocrx_word' id='word_1_421' title='bbox 939 4140 1261 4206; x_wconf 83' lang='lat' dir='ltr'><strong>gratissimis</strong></span> <span class='ocrx_word' id='word_1_422' title='bbox 1286 4141 1392 4194; x_wconf 88' lang='lat' dir='ltr'><strong>Deo</strong></span> <span class='ocrx_word' id='word_1_423' title='bbox 1415 4141 1684 4207; x_wconf 86' lang='lat' dir='ltr'><strong>laudibus,</strong></span> 
     </span>
    </p>
   </div>
   <div class='ocr_carea' id='block_1_60' title="bbox 160 4228 1683 4303">
    <p class='ocr_par' dir='ltr' id='par_1_60' title="bbox 160 4228 1683 4303">
     <span class='ocr_line' id='line_1_60' title="bbox 160 4228 1683 4303; baseline 0.009 -26"><span class='ocrx_word' id='word_1_424' title='bbox 160 4242 247 4278; x_wconf 65' lang='lat' dir='ltr'><strong>una</strong></span> <span class='ocrx_word' id='word_1_425' title='bbox 284 4228 547 4284; x_wconf 83' lang='lat' dir='ltr'><strong>Christum</strong></span> <span class='ocrx_word' id='word_1_426' title='bbox 576 4269 591 4295; x_wconf 88' lang='lat'><strong>,</strong></span> <span class='ocrx_word' id='word_1_427' title='bbox 621 4230 711 4299; x_wconf 90' lang='lat' dir='ltr'><strong>qui</strong></span> <span class='ocrx_word' id='word_1_428' title='bbox 758 4231 1023 4298; x_wconf 84' lang='lat' dir='ltr'><strong>gloriosus</strong></span> <span class='ocrx_word' id='word_1_429' title='bbox 1072 4241 1156 4286; x_wconf 91' lang='lat' dir='ltr'><strong>est</strong></span> <span class='ocrx_word' id='word_1_430' title='bbox 1206 4233 1257 4286; x_wconf 93' lang='lat' dir='ltr'><strong>in</strong></span> <span class='ocrx_word' id='word_1_431' title='bbox 1293 4236 1497 4289; x_wconf 89' lang='lat' dir='ltr'><strong>sanctis</strong></span> <span class='ocrx_word' id='word_1_432' title='bbox 1522 4237 1633 4290; x_wconf 84' lang='lat' dir='ltr'><strong>suis</strong></span> <span class='ocrx_word' id='word_1_433' title='bbox 1666 4277 1683 4303; x_wconf 89' lang='lat'><strong>,</strong></span> 
     </span>
    </p>
   </div>
   <div class='ocr_carea' id='block_1_61' title="bbox 161 4320 1051 4391">
    <p class='ocr_par' dir='ltr' id='par_1_61' title="bbox 161 4320 1051 4391">
     <span class='ocr_line' id='line_1_61' title="bbox 161 4320 1051 4391; baseline 0.007 -21"><span class='ocrx_word' id='word_1_434' title='bbox 161 4320 351 4373; x_wconf 76' lang='lat' dir='ltr'><strong>canticis</strong></span> <span class='ocrx_word' id='word_1_435' title='bbox 373 4321 610 4376; x_wconf 80' lang='lat' dir='ltr'><strong>celebrat</strong></span> <span class='ocrx_word' id='word_1_436' title='bbox 640 4332 692 4375; x_wconf 90' lang='lat' dir='ltr'><strong>et</strong></span> <span class='ocrx_word' id='word_1_437' title='bbox 717 4322 997 4391; x_wconf 79' lang='lat' dir='ltr'><strong>gloriﬁcat.</strong></span> <span class='ocrx_word' id='word_1_438' title='bbox 1032 4342 1051 4375; x_wconf 74' lang='grc' dir='ltr'><strong>ι</strong></span> 
     </span>
    </p>
   </div>
   <div class='ocr_carea' id='block_1_62' title="bbox 218 4408 1685 4485">
    <p class='ocr_par' dir='ltr' id='par_1_62' title="bbox 218 4408 1685 4485">
     <span class='ocr_line' id='line_1_62' title="bbox 218 4408 1685 4485; baseline 0.005 -23"><span class='ocrx_word' id='word_1_439' title='bbox 218 4408 264 4465; x_wconf 86' lang='grc'><strong>5.</strong></span> <span class='ocrx_word' id='word_1_440' title='bbox 286 4408 473 4464; x_wconf 72' lang='lat' dir='ltr'><strong>Menses</strong></span> <span class='ocrx_word' id='word_1_441' title='bbox 502 4428 720 4481; x_wconf 89' lang='lat' dir='ltr'><strong>quoque</strong></span> <span class='ocrx_word' id='word_1_442' title='bbox 738 4411 975 4467; x_wconf 84' lang='lat' dir='ltr'><strong>Venetiis</strong></span> <span class='ocrx_word' id='word_1_443' title='bbox 998 4429 1216 4478; x_wconf 78' lang='lat' dir='ltr'><strong>excusa,</strong></span> <span class='ocrx_word' id='word_1_444' title='bbox 1233 4416 1400 4485; x_wconf 89' lang='lat' dir='ltr'><strong>prima</strong></span> <span class='ocrx_word' id='word_1_445' title='bbox 1419 4413 1685 4482; x_wconf 82' lang='lat' dir='ltr'><strong>Januarii,</strong></span> 
     </span>
    </p>
   </div>
   <div class='ocr_carea' id='block_1_63' title="bbox 160 4500 1694 4575">
    <p class='ocr_par' dir='ltr' id='par_1_63' title="bbox 160 4500 1683 4573">
     <span class='ocr_line' id='line_1_63' title="bbox 160 4500 1683 4573; baseline 0.011 -24"><span class='ocrx_word' id='word_1_446' title='bbox 160 4500 321 4569; x_wconf 86' lang='lat' dir='ltr'><strong>utjam</strong></span> <span class='ocrx_word' id='word_1_447' title='bbox 345 4504 523 4558; x_wconf 88' lang='lat' dir='ltr'><strong>dicere</strong></span> <span class='ocrx_word' id='word_1_448' title='bbox 548 4504 688 4573; x_wconf 73' lang='lat' dir='ltr'><strong>ccepi</strong></span> <span class='ocrx_word' id='word_1_449' title='bbox 725 4543 739 4568; x_wconf 95' lang='lat'><strong>,</strong></span> <span class='ocrx_word' id='word_1_450' title='bbox 766 4503 995 4562; x_wconf 76' lang='lat' dir='ltr'><strong>officium</strong></span> <span class='ocrx_word' id='word_1_451' title='bbox 1030 4508 1200 4561; x_wconf 87' lang='lat' dir='ltr'><strong>sancti</strong></span> <span class='ocrx_word' id='word_1_452' title='bbox 1228 4507 1407 4563; x_wconf 88' lang='lat' dir='ltr'><strong>Basilii</strong></span> <span class='ocrx_word' id='word_1_453' title='bbox 1432 4511 1683 4565; x_wconf 86' lang='lat' dir='ltr'><strong>solemni-</strong></span> 
     </span>
    </p>
   </div>
   <div class='ocr_carea' id='block_1_64' title="bbox 1787 4500 3156 4575">
    <p class='ocr_par' dir='ltr' id='par_1_64' title="bbox 1790 4500 3156 4571">
     <span class='ocr_line' id='line_1_64' title="bbox 1790 4500 3156 4571; baseline 0.001 -16"><span class='ocrx_word' id='word_1_454' title='bbox 1790 4500 2270 4571; x_wconf 74' lang='lat' dir='ltr'><strong>htcreticorumque</strong></span> <span class='ocrx_word' id='word_1_455' title='bbox 2334 4516 2427 4555; x_wconf 90' lang='lat' dir='ltr'><strong>ora</strong></span> <span class='ocrx_word' id='word_1_456' title='bbox 2500 4501 2716 4556; x_wconf 90' lang='lat' dir='ltr'><strong>dicendi</strong></span> <span class='ocrx_word' id='word_1_457' title='bbox 2784 4502 2832 4554; x_wconf 82' lang='lat' dir='ltr'><strong>vi</strong></span> <span class='ocrx_word' id='word_1_458' title='bbox 2900 4502 3156 4557; x_wconf 89' lang='lat' dir='ltr'><strong>obturans</strong></span> 
     </span>
    </p>
   </div>
   <div class='ocr_carea' id='block_1_65' title="bbox 161 4592 1684 4658">
    <p class='ocr_par' dir='ltr' id='par_1_65' title="bbox 161 4592 1684 4658">
     <span class='ocr_line' id='line_1_65' title="bbox 161 4592 1684 4658; baseline 0.009 -14"><span class='ocrx_word' id='word_1_459' title='bbox 161 4598 227 4644; x_wconf 78' lang='lat' dir='ltr'><strong>ter</strong></span> <span class='ocrx_word' id='word_1_460' title='bbox 265 4592 664 4656; x_wconf 89' lang='lat' dir='ltr'><strong>celebrandum,</strong></span> <span class='ocrx_word' id='word_1_461' title='bbox 720 4596 877 4649; x_wconf 87' lang='lat' dir='ltr'><strong>simul</strong></span> <span class='ocrx_word' id='word_1_462' title='bbox 922 4612 1040 4651; x_wconf 90' lang='lat' dir='ltr'><strong>cum</strong></span> <span class='ocrx_word' id='word_1_463' title='bbox 1088 4599 1231 4653; x_wconf 80' lang='lat' dir='ltr'><strong>festo</strong></span> <span class='ocrx_word' id='word_1_464' title='bbox 1257 4600 1684 4658; x_wconf 87' lang='lat' dir='ltr'><strong>circumcisionis</strong></span> 
     </span>
    </p>
   </div>
   <div class='ocr_carea' id='block_1_66' title="bbox 162 4685 1680 4760">
    <p class='ocr_par' dir='ltr' id='par_1_66' title="bbox 162 4685 1680 4760">
     <span class='ocr_line' id='line_1_66' title="bbox 162 4685 1680 4760; baseline 0.009 -25"><span class='ocrx_word' id='word_1_465' title='bbox 162 4685 507 4750; x_wconf 65' lang='lat' dir='ltr'><strong>praescribunt,</strong></span> <span class='ocrx_word' id='word_1_466' title='bbox 544 4686 761 4754; x_wconf 83' lang='lat' dir='ltr'><strong>hymnis</strong></span> <span class='ocrx_word' id='word_1_467' title='bbox 782 4687 945 4741; x_wconf 89' lang='lat' dir='ltr'><strong>variis</strong></span> <span class='ocrx_word' id='word_1_468' title='bbox 968 4690 1307 4760; x_wconf 86' lang='lat' dir='ltr'><strong>canticisque</strong></span> <span class='ocrx_word' id='word_1_469' title='bbox 1334 4694 1398 4744; x_wconf 91' lang='lat' dir='ltr'><strong>ad</strong></span> <span class='ocrx_word' id='word_1_470' title='bbox 1422 4690 1680 4747; x_wconf 79' lang='lat' dir='ltr'><strong>honorem</strong></span> 
     </span>
    </p>
   </div>
   <div class='ocr_carea' id='block_1_67' title="bbox 163 4775 1680 4852">
    <p class='ocr_par' dir='ltr' id='par_1_67' title="bbox 163 4775 1680 4852">
     <span class='ocr_line' id='line_1_67' title="bbox 163 4775 1680 4852; baseline 0.011 -30"><span class='ocrx_word' id='word_1_471' title='bbox 163 4775 309 4828; x_wconf 79' lang='lat' dir='ltr'><strong>sancti</strong></span> <span class='ocrx_word' id='word_1_472' title='bbox 361 4777 623 4831; x_wconf 74' lang='lat' dir='ltr'><strong>intextum</strong></span> <span class='ocrx_word' id='word_1_473' title='bbox 658 4817 675 4841; x_wconf 94' lang='lat'><strong>,</strong></span> <span class='ocrx_word' id='word_1_474' title='bbox 726 4780 918 4848; x_wconf 83' lang='lat' dir='ltr'><strong>quibus</strong></span> <span class='ocrx_word' id='word_1_475' title='bbox 943 4782 1237 4837; x_wconf 70' lang='lat' dir='ltr'><strong>orthodoxa</strong></span> <span class='ocrx_word' id='word_1_476' title='bbox 1273 4784 1389 4852; x_wconf 85' lang='lat' dir='ltr'><strong>ejus</strong></span> <span class='ocrx_word' id='word_1_477' title='bbox 1413 4785 1680 4850; x_wconf 87' lang='lat' dir='ltr'><strong>doctrina,</strong></span> 
     </span>
    </p>
   </div>
   <div class='ocr_carea' id='block_1_68' title="bbox 165 4868 1679 4942">
    <p class='ocr_par' dir='ltr' id='par_1_68' title="bbox 165 4868 1679 4942">
     <span class='ocr_line' id='line_1_68' title="bbox 165 4868 1679 4942; baseline 0.013 -29"><span class='ocrx_word' id='word_1_478' title='bbox 165 4868 423 4929; x_wconf 86' lang='lat' dir='ltr'><strong>pastoralis</strong></span> <span class='ocrx_word' id='word_1_479' title='bbox 457 4869 783 4933; x_wconf 90' lang='lat' dir='ltr'><strong>sollicitudo,</strong></span> <span class='ocrx_word' id='word_1_480' title='bbox 813 4883 956 4925; x_wconf 89' lang='lat' dir='ltr'><strong>casta</strong></span> <span class='ocrx_word' id='word_1_481' title='bbox 986 4875 1343 4942; x_wconf 81' lang='lat' dir='ltr'><strong>conversatio,</strong></span> <span class='ocrx_word' id='word_1_482' title='bbox 1389 4875 1679 4933; x_wconf 90' lang='lat' dir='ltr'><strong>miraculo-</strong></span> 
     </span>
    </p>
   </div>
   <div class='ocr_carea' id='block_1_69' title="bbox 162 4957 1676 5035">
    <p class='ocr_par' dir='ltr' id='par_1_69' title="bbox 162 4957 1676 5035">
     <span class='ocr_line' id='line_1_69' title="bbox 162 4957 1676 5035; baseline 0.011 -32"><span class='ocrx_word' id='word_1_483' title='bbox 162 4965 256 5005; x_wconf 87' lang='lat' dir='ltr'><strong>rum</strong></span> <span class='ocrx_word' id='word_1_484' title='bbox 302 4959 466 5026; x_wconf 82' lang='lat' dir='ltr'><strong>gratia</strong></span> <span class='ocrx_word' id='word_1_485' title='bbox 502 4957 723 5013; x_wconf 75' lang='lat' dir='ltr'><strong>ccelitus</strong></span> <span class='ocrx_word' id='word_1_486' title='bbox 753 4974 1034 5024; x_wconf 88' lang='lat' dir='ltr'><strong>concessa,</strong></span> <span class='ocrx_word' id='word_1_487' title='bbox 1067 4962 1371 5019; x_wconf 84' lang='lat' dir='ltr'><strong>laudantur.</strong></span> <span class='ocrx_word' id='word_1_488' title='bbox 1400 4965 1676 5035; x_wconf 73' lang='lat' dir='ltr'><strong>Exemplo,</strong></span> 
     </span>
    </p>
   </div>
   <div class='ocr_carea' id='block_1_70' title="bbox 165 5046 1679 5125">
    <p class='ocr_par' dir='ltr' id='par_1_70' title="bbox 165 5046 1679 5125">
     <span class='ocr_line' id='line_1_70' title="bbox 165 5046 1679 5125; baseline 0.009 -29"><span class='ocrx_word' id='word_1_489' title='bbox 165 5046 353 5113; x_wconf 81' lang='lat' dir='ltr'><strong>reliquis</strong></span> <span class='ocrx_word' id='word_1_490' title='bbox 379 5051 594 5105; x_wconf 85' lang='lat' dir='ltr'><strong>omissis</strong></span> <span class='ocrx_word' id='word_1_491' title='bbox 618 5090 634 5112; x_wconf 89' lang='lat'><strong>,</strong></span> <span class='ocrx_word' id='word_1_492' title='bbox 662 5050 769 5104; x_wconf 88' lang='lat' dir='ltr'><strong>sint</strong></span> <span class='ocrx_word' id='word_1_493' title='bbox 814 5051 963 5106; x_wconf 69' lang='lat' dir='ltr'><strong>haec:</strong></span> <span class='ocrx_word' id='word_1_494' title='bbox 1000 5074 1017 5101; x_wconf 81' lang='grc' dir='ltr'><strong>ι</strong></span> <span class='ocrx_word' id='word_1_495' title='bbox 1058 5052 1253 5108; x_wconf 79' lang='lat' dir='ltr'><strong>Diﬂ&#39;usa</strong></span> <span class='ocrx_word' id='word_1_496' title='bbox 1289 5064 1370 5108; x_wconf 85' lang='lat' dir='ltr'><strong>est</strong></span> <span class='ocrx_word' id='word_1_497' title='bbox 1404 5056 1577 5125; x_wconf 81' lang='lat' dir='ltr'><strong>gratia</strong></span> <span class='ocrx_word' id='word_1_498' title='bbox 1626 5056 1679 5109; x_wconf 90' lang='lat' dir='ltr'><strong>in</strong></span> 
     </span>
    </p>
   </div>
   <div class='ocr_carea' id='block_1_71' title="bbox 166 5132 1681 5215">
    <p class='ocr_par' dir='ltr' id='par_1_71' title="bbox 166 5132 1681 5215">
     <span class='ocr_line' id='line_1_71' title="bbox 166 5132 1681 5215; baseline 0.009 -27"><span class='ocrx_word' id='word_1_499' title='bbox 166 5132 295 5192; x_wconf 80' lang='lat' dir='ltr'><strong>labiis</strong></span> <span class='ocrx_word' id='word_1_500' title='bbox 325 5142 450 5207; x_wconf 88' lang='lat' dir='ltr'><strong>tuis,</strong></span> <span class='ocrx_word' id='word_1_501' title='bbox 481 5152 671 5197; x_wconf 85' lang='lat' dir='ltr'><strong>sancte</strong></span> <span class='ocrx_word' id='word_1_502' title='bbox 706 5141 891 5206; x_wconf 80' lang='lat' dir='ltr'><strong>Pater,</strong></span> <span class='ocrx_word' id='word_1_503' title='bbox 924 5153 977 5197; x_wconf 90' lang='lat' dir='ltr'><strong>et</strong></span> <span class='ocrx_word' id='word_1_504' title='bbox 1006 5143 1179 5199; x_wconf 77' lang='lat' dir='ltr'><strong>factus</strong></span> <span class='ocrx_word' id='word_1_505' title='bbox 1220 5156 1401 5215; x_wconf 87' lang='lat' dir='ltr'><strong>pastor</strong></span> <span class='ocrx_word' id='word_1_506' title='bbox 1426 5147 1681 5202; x_wconf 69' lang='lat' dir='ltr'><strong>Ecclesiae</strong></span> 
     </span>
    </p>
   </div>
   <div class='ocr_carea' id='block_1_72' title="bbox 162 5226 1678 5300">
    <p class='ocr_par' dir='ltr' id='par_1_72' title="bbox 162 5226 1678 5300">
     <span class='ocr_line' id='line_1_72' title="bbox 162 5226 1678 5300; baseline 0.009 -22"><span class='ocrx_word' id='word_1_507' title='bbox 162 5226 610 5295; x_wconf 80' lang='lat' dir='ltr'><strong>Cbristi;docuisti</strong></span> <span class='ocrx_word' id='word_1_508' title='bbox 647 5233 937 5300; x_wconf 75' lang='lat' dir='ltr'><strong>rationales</strong></span> <span class='ocrx_word' id='word_1_509' title='bbox 977 5249 1105 5289; x_wconf 88' lang='lat' dir='ltr'><strong>oves</strong></span> <span class='ocrx_word' id='word_1_510' title='bbox 1155 5235 1373 5289; x_wconf 85' lang='lat' dir='ltr'><strong>credere</strong></span> <span class='ocrx_word' id='word_1_511' title='bbox 1412 5236 1461 5289; x_wconf 92' lang='lat' dir='ltr'><strong>in</strong></span> <span class='ocrx_word' id='word_1_512' title='bbox 1498 5236 1678 5296; x_wconf 87' lang='lat' dir='ltr'><strong>Triui-</strong></span> 
     </span>
    </p>
   </div>
   <div class='ocr_carea' id='block_1_73' title="bbox 163 5323 1682 5389">
    <p class='ocr_par' dir='ltr' id='par_1_73' title="bbox 163 5323 1682 5389">
     <span class='ocr_line' id='line_1_73' title="bbox 163 5323 1682 5389; baseline 0.008 -18"><span class='ocrx_word' id='word_1_513' title='bbox 163 5324 321 5389; x_wconf 79' lang='lat' dir='ltr'><strong>tatcm,</strong></span> <span class='ocrx_word' id='word_1_514' title='bbox 378 5323 891 5381; x_wconf 85' lang='lat' dir='ltr'><strong>consubstantialem</strong></span> <span class='ocrx_word' id='word_1_515' title='bbox 924 5327 977 5381; x_wconf 90' lang='lat' dir='ltr'><strong>in</strong></span> <span class='ocrx_word' id='word_1_516' title='bbox 1012 5341 1115 5380; x_wconf 91' lang='lat' dir='ltr'><strong>una</strong></span> <span class='ocrx_word' id='word_1_517' title='bbox 1153 5328 1371 5381; x_wconf 89' lang='lat' dir='ltr'><strong>deitate.</strong></span> <span class='ocrx_word' id='word_1_518' title='bbox 1405 5326 1682 5383; x_wconf 75' lang='lat' dir='ltr'><strong>Miraculo-</strong></span> 
     </span>
    </p>
   </div>
   <div class='ocr_carea' id='block_1_74' title="bbox 166 5413 1678 5481">
    <p class='ocr_par' dir='ltr' id='par_1_74' title="bbox 166 5413 1678 5481">
     <span class='ocr_line' id='line_1_74' title="bbox 166 5413 1678 5481; baseline 0.007 -20"><span class='ocrx_word' id='word_1_519' title='bbox 166 5424 263 5463; x_wconf 87' lang='lat' dir='ltr'><strong>rntu</strong></span> <span class='ocrx_word' id='word_1_520' title='bbox 292 5415 455 5480; x_wconf 78' lang='lat' dir='ltr'><strong>gratia</strong></span> <span class='ocrx_word' id='word_1_521' title='bbox 506 5413 721 5471; x_wconf 72' lang='lat' dir='ltr'><strong>cmlitus</strong></span> <span class='ocrx_word' id='word_1_522' title='bbox 763 5425 1052 5471; x_wconf 83' lang='lat' dir='ltr'><strong>exornatus</strong></span> <span class='ocrx_word' id='word_1_523' title='bbox 1077 5457 1091 5481; x_wconf 94' lang='lat'><strong>,</strong></span> <span class='ocrx_word' id='word_1_524' title='bbox 1126 5416 1367 5471; x_wconf 78' lang='lat' dir='ltr'><strong>fraudem</strong></span> <span class='ocrx_word' id='word_1_525' title='bbox 1420 5416 1678 5471; x_wconf 89' lang='lat' dir='ltr'><strong>idolorum</strong></span> 
     </span>
    </p>
   </div>
   <div class='ocr_carea' id='block_1_75' title="bbox 168 5503 1680 5579">
    <p class='ocr_par' dir='ltr' id='par_1_75' title="bbox 168 5503 1680 5579">
     <span class='ocr_line' id='line_1_75' title="bbox 168 5503 1680 5579; baseline 0.006 -27"><span class='ocrx_word' id='word_1_526' title='bbox 168 5503 513 5565; x_wconf 73' lang='lat' dir='ltr'><strong>prmdicalione</strong></span> <span class='ocrx_word' id='word_1_527' title='bbox 564 5506 883 5569; x_wconf 82' lang='lat' dir='ltr'><strong>confudisti,</strong></span> <span class='ocrx_word' id='word_1_528' title='bbox 914 5508 1217 5561; x_wconf 89' lang='lat' dir='ltr'><strong>antistitum</strong></span> <span class='ocrx_word' id='word_1_529' title='bbox 1268 5508 1537 5578; x_wconf 86' lang='lat' dir='ltr'><strong>princeps,</strong></span> <span class='ocrx_word' id='word_1_530' title='bbox 1564 5506 1680 5579; x_wconf 76' lang='lat' dir='ltr'><strong>glo-</strong></span> 
     </span>
    </p>
   </div>
   <div class='ocr_carea' id='block_1_76' title="bbox 166 5590 1679 5663">
    <p class='ocr_par' dir='ltr' id='par_1_76' title="bbox 166 5590 1679 5663">
     <span class='ocr_line' id='line_1_76' title="bbox 166 5590 1679 5663; baseline 0.004 -17"><span class='ocrx_word' id='word_1_531' title='bbox 166 5590 535 5663; x_wconf 67' lang='lat' dir='ltr'><strong>riaJulcimen,</strong></span> <span class='ocrx_word' id='word_1_532' title='bbox 567 5598 879 5651; x_wconf 85' lang='lat' dir='ltr'><strong>beatissime</strong></span> <span class='ocrx_word' id='word_1_533' title='bbox 915 5598 1409 5661; x_wconf 78' lang='lat' dir='ltr'><strong>Basili,etPatrum</strong></span> <span class='ocrx_word' id='word_1_534' title='bbox 1444 5600 1679 5655; x_wconf 85' lang='lat' dir='ltr'><strong>omnium</strong></span> 
     </span>
    </p>
   </div>
   <div class='ocr_carea' id='block_1_77' title="bbox 167 5681 1681 5759">
    <p class='ocr_par' dir='ltr' id='par_1_77' title="bbox 167 5681 1681 5759">
     <span class='ocr_line' id='line_1_77' title="bbox 167 5681 1681 5759; baseline 0.006 -25"><span class='ocrx_word' id='word_1_535' title='bbox 167 5681 388 5741; x_wconf 68' lang='lat' dir='ltr'><strong>doctrina:</strong></span> <span class='ocrx_word' id='word_1_536' title='bbox 415 5688 714 5759; x_wconf 77' lang='lat' dir='ltr'><strong>exemplar.</strong></span> <span class='ocrx_word' id='word_1_537' title='bbox 748 5688 1024 5744; x_wconf 83' lang='lat' dir='ltr'><strong>Fiduciam</strong></span> <span class='ocrx_word' id='word_1_538' title='bbox 1062 5691 1199 5758; x_wconf 87' lang='lat' dir='ltr'><strong>apud</strong></span> <span class='ocrx_word' id='word_1_539' title='bbox 1249 5690 1527 5746; x_wconf 87' lang='lat' dir='ltr'><strong>Christum</strong></span> <span class='ocrx_word' id='word_1_540' title='bbox 1587 5704 1681 5743; x_wconf 87' lang='lat' dir='ltr'><strong>na-</strong></span> 
     </span>
    </p>
   </div>
   <div class='ocr_carea' id='block_1_78' title="bbox 168 5776 1672 5851">
    <p class='ocr_par' dir='ltr' id='par_1_78' title="bbox 168 5776 1672 5851">
     <span class='ocr_line' id='line_1_78' title="bbox 168 5776 1672 5851; baseline 0.003 -20"><span class='ocrx_word' id='word_1_541' title='bbox 168 5777 280 5843; x_wconf 70' lang='grc' dir='ltr'>αιιε,</span> <span class='ocrx_word' id='word_1_542' title='bbox 300 5776 459 5845; x_wconf 81' lang='lat' dir='ltr'><strong>ipsum</strong></span> <span class='ocrx_word' id='word_1_543' title='bbox 490 5780 810 5851; x_wconf 85' lang='lat' dir='ltr'><strong>deprecare,</strong></span> <span class='ocrx_word' id='word_1_544' title='bbox 827 5782 1172 5838; x_wconf 84' lang='lat' dir='ltr'><strong>utsalvcntur</strong></span> <span class='ocrx_word' id='word_1_545' title='bbox 1196 5784 1383 5837; x_wconf 64' lang='lat' dir='ltr'><strong>animae</strong></span> <span class='ocrx_word' id='word_1_546' title='bbox 1417 5792 1631 5839; x_wconf 57' lang='lat' dir='ltr'><strong>nostra.</strong></span> <span class='ocrx_word' id='word_1_547' title='bbox 1656 5804 1672 5835; x_wconf 75' lang='grc' dir='ltr'><strong>ι</strong></span> 
     </span>
    </p>
   </div>
   <div class='ocr_carea' id='block_1_79' title="bbox 1791 1944 3352 2017">
    <p class='ocr_par' dir='ltr' id='par_1_79' title="bbox 1791 1944 3352 2017">
     <span class='ocr_line' id='line_1_79' title="bbox 1791 1944 3352 2017; baseline 0.003 -22"><span class='ocrx_word' id='word_1_548' title='bbox 1791 1944 1865 2012; x_wconf 79' lang='grc' dir='ltr'><strong>μὴ</strong></span> <span class='ocrx_word' id='word_1_549' title='bbox 1906 1945 2288 2015; x_wconf 79' lang='grc' dir='ltr'>αἰσχυνόμενον</span> <span class='ocrx_word' id='word_1_550' title='bbox 2326 1944 2487 1997; x_wconf 82' lang='grc' dir='ltr'>αὑτὸν</span> <span class='ocrx_word' id='word_1_551' title='bbox 2522 1945 2744 1999; x_wconf 75' lang='grc' dir='ltr'>ἔϐλεπεν</span> <span class='ocrx_word' id='word_1_552' title='bbox 2764 1964 2777 1977; x_wconf 72' lang='grc' dir='ltr'><strong>ο</strong></span> <span class='ocrx_word' id='word_1_553' title='bbox 2806 1948 2953 2017; x_wconf 84' lang='grc' dir='ltr'>ὅμως</span> <span class='ocrx_word' id='word_1_554' title='bbox 2998 1948 3046 2000; x_wconf 84' lang='lat' dir='ltr'><strong>el</strong></span> <span class='ocrx_word' id='word_1_555' title='bbox 3075 1945 3173 2017; x_wconf 83' lang='grc' dir='ltr'>τὴν</span> <span class='ocrx_word' id='word_1_556' title='bbox 3202 1947 3352 2017; x_wconf 76' lang='grc' dir='ltr'><strong>αἶρε⁶</strong></span> 
     </span>
    </p>
   </div>
   <div class='ocr_carea' id='block_1_80' title="bbox 1789 2032 3355 2110">
    <p class='ocr_par' dir='ltr' id='par_1_80' title="bbox 1789 2032 3355 2110">
     <span class='ocr_line' id='line_1_80' title="bbox 1789 2032 3355 2110; baseline 0.003 -25"><span class='ocrx_word' id='word_1_557' title='bbox 1789 2051 1872 2086; x_wconf 90' lang='grc' dir='ltr'><strong>σιν</strong></span> <span class='ocrx_word' id='word_1_558' title='bbox 1909 2032 2123 2097; x_wconf 83' lang='grc' dir='ltr'>τελείως</span> <span class='ocrx_word' id='word_1_559' title='bbox 2153 2038 2252 2090; x_wconf 77' lang='grc' dir='ltr'><strong>οὐκ</strong></span> <span class='ocrx_word' id='word_1_560' title='bbox 2304 2038 2595 2107; x_wconf 73' lang='grc' dir='ltr'>ἠρνήσατο,</span> <span class='ocrx_word' id='word_1_561' title='bbox 2632 2037 2765 2099; x_wconf 81' lang='grc' dir='ltr'>τέως</span> <span class='ocrx_word' id='word_1_562' title='bbox 2819 2039 2911 2091; x_wconf 71' lang='grc' dir='ltr'><strong>καὶ</strong></span> <span class='ocrx_word' id='word_1_563' title='bbox 2945 2042 3011 2109; x_wconf 80' lang='grc' dir='ltr'>τῇ</span> <span class='ocrx_word' id='word_1_564' title='bbox 3056 2036 3355 2110; x_wconf 65' lang='grc' dir='ltr'>Ἐκκλησία</span> 
     </span>
    </p>
   </div>
   <div class='ocr_carea' id='block_1_81' title="bbox 1788 2126 3349 2201">
    <p class='ocr_par' dir='ltr' id='par_1_81' title="bbox 1788 2126 3349 2201">
     <span class='ocr_line' id='line_1_81' title="bbox 1788 2126 3349 2201; baseline 0.005 -23"><span class='ocrx_word' id='word_1_565' title='bbox 1788 2126 2080 2198; x_wconf 81' lang='grc' dir='ltr'>προσῆλθε,</span> <span class='ocrx_word' id='word_1_566' title='bbox 2119 2126 2550 2201; x_wconf 72' lang='grc' dir='ltr'>λειτουργοῦντος</span> <span class='ocrx_word' id='word_1_567' title='bbox 2599 2130 2689 2183; x_wconf 76' lang='grc' dir='ltr'><strong>τοῦ</strong></span> <span class='ocrx_word' id='word_1_568' title='bbox 2750 2130 2981 2200; x_wconf 80' lang='grc' dir='ltr'>μεγάλου</span> <span class='ocrx_word' id='word_1_569' title='bbox 3034 2130 3349 2195; x_wconf 73' lang='grc' dir='ltr'>Βασιλείαν,</span> 
     </span>
    </p>
   </div>
   <div class='ocr_carea' id='block_1_82' title="bbox 1787 2218 3353 2294">
    <p class='ocr_par' dir='ltr' id='par_1_82' title="bbox 1787 2218 3353 2294">
     <span class='ocr_line' id='line_1_82' title="bbox 1787 2218 3353 2294; baseline 0.004 -25"><span class='ocrx_word' id='word_1_570' title='bbox 1787 2219 1879 2270; x_wconf 78' lang='grc' dir='ltr'><strong>καὶ</strong></span> <span class='ocrx_word' id='word_1_571' title='bbox 1905 2218 2051 2290; x_wconf 83' lang='grc' dir='ltr'>δῶρα</span> <span class='ocrx_word' id='word_1_572' title='bbox 2090 2220 2452 2291; x_wconf 78' lang='grc' dir='ltr'>προσέφερεν·</span> <span class='ocrx_word' id='word_1_573' title='bbox 2484 2220 2551 2294; x_wconf 80' lang='grc' dir='ltr'>ἦν</span> <span class='ocrx_word' id='word_1_574' title='bbox 2586 2224 2641 2276; x_wconf 84' lang='grc' dir='ltr'><strong>δὲ</strong></span> <span class='ocrx_word' id='word_1_575' title='bbox 2666 2224 2693 2275; x_wconf 87' lang='grc' dir='ltr'><strong>ό</strong></span> <span class='ocrx_word' id='word_1_576' title='bbox 2739 2223 2911 2294; x_wconf 74' lang='grc' dir='ltr'>μέγας</span> <span class='ocrx_word' id='word_1_577' title='bbox 2944 2222 3217 2286; x_wconf 75' lang='grc' dir='ltr'>Βασίλειο;</span> <span class='ocrx_word' id='word_1_578' title='bbox 3238 2222 3353 2284; x_wconf 75' lang='grc' dir='ltr'>υίὸς</span> 
     </span>
    </p>
   </div>
   <div class='ocr_carea' id='block_1_83' title="bbox 1788 2309 3352 2387">
    <p class='ocr_par' dir='ltr' id='par_1_83' title="bbox 1788 2309 3352 2387">
     <span class='ocr_line' id='line_1_83' title="bbox 1788 2309 3352 2387; baseline 0.004 -27"><span class='ocrx_word' id='word_1_579' title='bbox 1788 2309 2067 2363; x_wconf 86' lang='grc' dir='ltr'>Βασιλεὶου</span> <span class='ocrx_word' id='word_1_580' title='bbox 2112 2312 2205 2363; x_wconf 78' lang='grc' dir='ltr'>τοῦ</span> <span class='ocrx_word' id='word_1_581' title='bbox 2242 2311 2348 2364; x_wconf 84' lang='grc' dir='ltr'>ἀπὸ</span> <span class='ocrx_word' id='word_1_582' title='bbox 2380 2312 2476 2364; x_wconf 86' lang='grc' dir='ltr'>τοῦ</span> <span class='ocrx_word' id='word_1_583' title='bbox 2526 2316 2746 2387; x_wconf 69' lang='grc' dir='ltr'>Πόντου,</span> <span class='ocrx_word' id='word_1_584' title='bbox 2793 2316 2882 2371; x_wconf 75' lang='grc' dir='ltr'><strong>καὶ</strong></span> <span class='ocrx_word' id='word_1_585' title='bbox 2926 2313 3221 2385; x_wconf 83' lang='grc' dir='ltr'>Ἐμμελίας</span> <span class='ocrx_word' id='word_1_586' title='bbox 3255 2313 3352 2383; x_wconf 79' lang='grc' dir='ltr'>τῆς</span> 
     </span>
    </p>
   </div>
   <div class='ocr_carea' id='block_1_84' title="bbox 1785 2402 3351 2479">
    <p class='ocr_par' dir='ltr' id='par_1_84' title="bbox 1785 2402 3351 2479">
     <span class='ocr_line' id='line_1_84' title="bbox 1785 2402 3351 2479; baseline 0.003 -24"><span class='ocrx_word' id='word_1_587' title='bbox 1785 2402 1892 2455; x_wconf 77' lang='grc' dir='ltr'><strong>ἀπὸ</strong></span> <span class='ocrx_word' id='word_1_588' title='bbox 1924 2403 2022 2473; x_wconf 79' lang='grc' dir='ltr'>τῆς</span> <span class='ocrx_word' id='word_1_589' title='bbox 2050 2405 2463 2469; x_wconf 78' lang='grc' dir='ltr'>Καππαδοκίας,</span> <span class='ocrx_word' id='word_1_590' title='bbox 2513 2406 2657 2471; x_wconf 76' lang='grc' dir='ltr'>ὅστις</span> <span class='ocrx_word' id='word_1_591' title='bbox 2692 2411 2747 2459; x_wconf 82' lang='grc' dir='ltr'>ὲν</span> <span class='ocrx_word' id='word_1_592' title='bbox 2797 2408 2955 2479; x_wconf 74' lang='grc' dir='ltr'>σοφίᾳ</span> <span class='ocrx_word' id='word_1_593' title='bbox 3004 2408 3095 2461; x_wconf 75' lang='grc' dir='ltr'><strong>καὶ</strong></span> <span class='ocrx_word' id='word_1_594' title='bbox 3154 2404 3351 2475; x_wconf 82' lang='grc' dir='ltr'>γνώσει</span> 
     </span>
    </p>
   </div>
   <div class='ocr_carea' id='block_1_85' title="bbox 1786 2494 3351 2569">
    <p class='ocr_par' dir='ltr' id='par_1_85' title="bbox 1786 2494 3351 2569">
     <span class='ocr_line' id='line_1_85' title="bbox 1786 2494 3351 2569; baseline 0.001 -22"><span class='ocrx_word' id='word_1_595' title='bbox 1786 2497 1993 2558; x_wconf 79' lang='grc' dir='ltr'>πάντας</span> <span class='ocrx_word' id='word_1_596' title='bbox 2048 2494 2140 2546; x_wconf 75' lang='grc' dir='ltr'><strong>καὶ</strong></span> <span class='ocrx_word' id='word_1_597' title='bbox 2173 2496 2296 2559; x_wconf 80' lang='grc' dir='ltr'>τοὺς</span> <span class='ocrx_word' id='word_1_598' title='bbox 2336 2495 2598 2560; x_wconf 73' lang='grc' dir='ltr'>παλαιοὺς</span> <span class='ocrx_word' id='word_1_599' title='bbox 2629 2496 2867 2567; x_wconf 78' lang='grc' dir='ltr'>ἐνίκησε,</span> <span class='ocrx_word' id='word_1_600' title='bbox 2896 2496 3272 2569; x_wconf 77' lang='grc' dir='ltr'>κατεξαίρετον</span> <span class='ocrx_word' id='word_1_601' title='bbox 3292 2494 3351 2549; x_wconf 79' lang='grc' dir='ltr'><strong>δὲ</strong></span> 
     </span>
    </p>
   </div>
   <div class='ocr_carea' id='block_1_86' title="bbox 1784 2584 3350 2659">
    <p class='ocr_par' dir='ltr' id='par_1_86' title="bbox 1784 2584 3350 2659">
     <span class='ocr_line' id='line_1_86' title="bbox 1784 2584 3350 2659; baseline 0.001 -20"><span class='ocrx_word' id='word_1_602' title='bbox 1784 2585 2033 2639; x_wconf 79' lang='grc' dir='ltr'>τοσοῦτον</span> <span class='ocrx_word' id='word_1_603' title='bbox 2055 2586 2267 2653; x_wconf 73' lang='grc' dir='ltr'>ἐγένετο</span> <span class='ocrx_word' id='word_1_604' title='bbox 2291 2584 2539 2657; x_wconf 75' lang='grc' dir='ltr'>εὐλαϐὴς,</span> <span class='ocrx_word' id='word_1_605' title='bbox 2563 2588 2637 2654; x_wconf 85' lang='grc' dir='ltr'>ὼς</span> <span class='ocrx_word' id='word_1_606' title='bbox 2667 2589 2760 2641; x_wconf 69' lang='grc' dir='ltr'>καὶ</span> <span class='ocrx_word' id='word_1_607' title='bbox 2784 2588 3070 2659; x_wconf 76' lang='grc' dir='ltr'>ἀρχιερεὺς</span> <span class='ocrx_word' id='word_1_608' title='bbox 3098 2588 3350 2655; x_wconf 74' lang='grc' dir='ltr'>γενέσθαι</span> 
     </span>
    </p>
   </div>
   <div class='ocr_carea' id='block_1_87' title="bbox 1785 2677 3354 2752">
    <p class='ocr_par' dir='ltr' id='par_1_87' title="bbox 1785 2677 3354 2752">
     <span class='ocr_line' id='line_1_87' title="bbox 1785 2677 3354 2752; baseline 0 -21"><span class='ocrx_word' id='word_1_609' title='bbox 1785 2678 1875 2731; x_wconf 77' lang='grc' dir='ltr'>τοῦ</span> <span class='ocrx_word' id='word_1_610' title='bbox 1917 2678 2101 2749; x_wconf 83' lang='grc' dir='ltr'>θρόνου</span> <span class='ocrx_word' id='word_1_611' title='bbox 2149 2681 2506 2752; x_wconf 84' lang='grc' dir='ltr'>Καισαρείας,</span> <span class='ocrx_word' id='word_1_612' title='bbox 2538 2679 2671 2732; x_wconf 79' lang='grc' dir='ltr'>ὅπου</span> <span class='ocrx_word' id='word_1_613' title='bbox 2713 2681 2804 2734; x_wconf 73' lang='grc' dir='ltr'>καὶ</span> <span class='ocrx_word' id='word_1_614' title='bbox 2859 2678 3085 2742; x_wconf 78' lang='grc' dir='ltr'>πολλοὺς</span> <span class='ocrx_word' id='word_1_615' title='bbox 3139 2677 3354 2746; x_wconf 80' lang='grc' dir='ltr'>ἀγῶνας</span> 
     </span>
    </p>
   </div>
   <div class='ocr_carea' id='block_1_88' title="bbox 1787 2770 3350 2845">
    <p class='ocr_par' dir='ltr' id='par_1_88' title="bbox 1787 2770 3350 2845">
     <span class='ocr_line' id='line_1_88' title="bbox 1787 2770 3350 2845; baseline 0 -22"><span class='ocrx_word' id='word_1_616' title='bbox 1787 2770 1923 2841; x_wconf 84' lang='grc' dir='ltr'>ὑπὲρ</span> <span class='ocrx_word' id='word_1_617' title='bbox 1954 2774 2051 2841; x_wconf 82' lang='grc' dir='ltr'><strong>τῆς</strong></span> <span class='ocrx_word' id='word_1_618' title='bbox 2078 2773 2354 2843; x_wconf 77' lang='grc' dir='ltr'>ὀρθοδόξου</span> <span class='ocrx_word' id='word_1_619' title='bbox 2381 2775 2616 2839; x_wconf 81' lang='grc' dir='ltr'>πίστεως</span> <span class='ocrx_word' id='word_1_620' title='bbox 2647 2773 2961 2845; x_wconf 81' lang='grc' dir='ltr'>ὑπομείνας,</span> <span class='ocrx_word' id='word_1_621' title='bbox 2997 2774 3089 2827; x_wconf 77' lang='grc' dir='ltr'><strong>καὶ</strong></span> <span class='ocrx_word' id='word_1_622' title='bbox 3116 2771 3350 2843; x_wconf 79' lang='grc' dir='ltr'>βασιλεῖς</span> 
     </span>
    </p>
   </div>
   <div class='ocr_carea' id='block_1_89' title="bbox 1787 2862 3350 2935">
    <p class='ocr_par' dir='ltr' id='par_1_89' title="bbox 1787 2862 3350 2935">
     <span class='ocr_line' id='line_1_89' title="bbox 1787 2862 3350 2935; baseline 0 -20"><span class='ocrx_word' id='word_1_623' title='bbox 1787 2863 1879 2915; x_wconf 80' lang='grc' dir='ltr'><strong>καὶ</strong></span> <span class='ocrx_word' id='word_1_624' title='bbox 1920 2865 2193 2935; x_wconf 77' lang='grc' dir='ltr'>ὑπάρχους</span> <span class='ocrx_word' id='word_1_625' title='bbox 2239 2866 2631 2931; x_wconf 72' lang='grc' dir='ltr'>καταπλείξας,</span> <span class='ocrx_word' id='word_1_626' title='bbox 2668 2867 2762 2917; x_wconf 67' lang='grc' dir='ltr'><strong>καὶ</strong></span> <span class='ocrx_word' id='word_1_627' title='bbox 2802 2866 2907 2918; x_wconf 82' lang='grc' dir='ltr'><strong>τῶν</strong></span> <span class='ocrx_word' id='word_1_628' title='bbox 2953 2865 3241 2933; x_wconf 81' lang='grc' dir='ltr'>αἱρετικῶν</span> <span class='ocrx_word' id='word_1_629' title='bbox 3280 2862 3350 2916; x_wconf 78' lang='grc' dir='ltr'>τὰ</span> 
     </span>
    </p>
   </div>
   <div class='ocr_carea' id='block_1_90' title="bbox 1788 2954 3351 3029">
    <p class='ocr_par' dir='ltr' id='par_1_90' title="bbox 1788 2954 3351 3029">
     <span class='ocr_line' id='line_1_90' title="bbox 1788 2954 3351 3029; baseline 0 -20"><span class='ocrx_word' id='word_1_630' title='bbox 1788 2957 2031 3027; x_wconf 74' lang='grc' dir='ltr'>στόματα</span> <span class='ocrx_word' id='word_1_631' title='bbox 2083 2956 2291 3029; x_wconf 80' lang='grc' dir='ltr'>φράξας</span> <span class='ocrx_word' id='word_1_632' title='bbox 2343 2959 2456 3021; x_wconf 83' lang='grc' dir='ltr'>τοῖς</span> <span class='ocrx_word' id='word_1_633' title='bbox 2490 2958 2699 3025; x_wconf 75' lang='grc' dir='ltr'>λόγοις,</span> <span class='ocrx_word' id='word_1_634' title='bbox 2747 2959 2835 3013; x_wconf 78' lang='grc' dir='ltr'><strong>καὶ</strong></span> <span class='ocrx_word' id='word_1_635' title='bbox 2896 2954 3075 3025; x_wconf 76' lang='grc' dir='ltr'>βιϐλία</span> <span class='ocrx_word' id='word_1_636' title='bbox 3126 2956 3351 3009; x_wconf 81' lang='grc' dir='ltr'>πλεῖστα</span> 
     </span>
    </p>
   </div>
   <div class='ocr_carea' id='block_1_91' title="bbox 1788 3047 3348 3122">
    <p class='ocr_par' dir='ltr' id='par_1_91' title="bbox 1788 3047 3348 3122">
     <span class='ocr_line' id='line_1_91' title="bbox 1788 3047 3348 3122; baseline 0 -23"><span class='ocrx_word' id='word_1_637' title='bbox 1788 3047 2257 3122; x_wconf 70' lang='grc' dir='ltr'>συγγραψάμενος,</span> <span class='ocrx_word' id='word_1_638' title='bbox 2297 3047 2389 3101; x_wconf 81' lang='grc' dir='ltr'><strong>καὶ</strong></span> <span class='ocrx_word' id='word_1_639' title='bbox 2445 3047 2612 3118; x_wconf 81' lang='grc' dir='ltr'>μυρία</span> <span class='ocrx_word' id='word_1_640' title='bbox 2650 3047 2899 3117; x_wconf 82' lang='grc' dir='ltr'>θαύματα</span> <span class='ocrx_word' id='word_1_641' title='bbox 2956 3047 3348 3118; x_wconf 79' lang='grc' dir='ltr'>ἐργασάμενος,</span> 
     </span>
    </p>
   </div>
   <div class='ocr_carea' id='block_1_92' title="bbox 1786 3136 3351 3209">
    <p class='ocr_par' dir='ltr' id='par_1_92' title="bbox 1786 3136 3351 3209">
     <span class='ocr_line' id='line_1_92' title="bbox 1786 3136 3351 3209; baseline 0.001 -22"><span class='ocrx_word' id='word_1_642' title='bbox 1786 3137 1842 3189; x_wconf 80' lang='grc' dir='ltr'>ὲν</span> <span class='ocrx_word' id='word_1_643' title='bbox 1882 3139 2065 3207; x_wconf 76' lang='grc' dir='ltr'>εἰρήνῃ</span> <span class='ocrx_word' id='word_1_644' title='bbox 2088 3137 2224 3206; x_wconf 85' lang='grc' dir='ltr'>πρὸς</span> <span class='ocrx_word' id='word_1_645' title='bbox 2245 3138 2445 3209; x_wconf 81' lang='grc' dir='ltr'>Κύριον</span> <span class='ocrx_word' id='word_1_646' title='bbox 2473 3137 2822 3208; x_wconf 79' lang='grc' dir='ltr'>ὲξεδήμησεν.</span> <span class='ocrx_word' id='word_1_647' title='bbox 2870 3155 2888 3188; x_wconf 82' lang='lat' dir='ltr'><strong>t</strong></span> <span class='ocrx_word' id='word_1_648' title='bbox 2926 3136 3161 3192; x_wconf 85' lang='lat' dir='ltr'><strong>Sanctus</strong></span> <span class='ocrx_word' id='word_1_649' title='bbox 3191 3136 3351 3191; x_wconf 85' lang='lat' dir='ltr'><strong>Pater</strong></span> 
     </span>
    </p>
   </div>
   <div class='ocr_carea' id='block_1_93' title="bbox 1791 3225 3346 3295">
    <p class='ocr_par' dir='ltr' id='par_1_93' title="bbox 1791 3225 3346 3295">
     <span class='ocr_line' id='line_1_93' title="bbox 1791 3225 3346 3295; baseline 0.002 -17"><span class='ocrx_word' id='word_1_650' title='bbox 1791 3237 1976 3279; x_wconf 85' lang='lat' dir='ltr'><strong>uoster</strong></span> <span class='ocrx_word' id='word_1_651' title='bbox 2001 3225 2228 3279; x_wconf 77' lang='lat' dir='ltr'><strong>Basilius</strong></span> <span class='ocrx_word' id='word_1_652' title='bbox 2256 3226 2434 3279; x_wconf 86' lang='lat' dir='ltr'><strong>ﬂoruit</strong></span> <span class='ocrx_word' id='word_1_653' title='bbox 2454 3227 2553 3283; x_wconf 86' lang='lat' dir='ltr'><strong>sub</strong></span> <span class='ocrx_word' id='word_1_654' title='bbox 2592 3227 2829 3282; x_wconf 75' lang='lat' dir='ltr'><strong>Valentis</strong></span> <span class='ocrx_word' id='word_1_655' title='bbox 2858 3226 3107 3295; x_wconf 87' lang='lat' dir='ltr'><strong>imperio.</strong></span> <span class='ocrx_word' id='word_1_656' title='bbox 3149 3225 3346 3281; x_wconf 83' lang='lat' dir='ltr'><strong>Valen-</strong></span> 
     </span>
    </p>
   </div>
   <div class='ocr_carea' id='block_1_94' title="bbox 1792 3316 3347 3383">
    <p class='ocr_par' dir='ltr' id='par_1_94' title="bbox 1792 3316 3347 3383">
     <span class='ocr_line' id='line_1_94' title="bbox 1792 3316 3347 3383; baseline 0.001 -13"><span class='ocrx_word' id='word_1_657' title='bbox 1792 3327 1895 3370; x_wconf 86' lang='lat' dir='ltr'><strong>tem</strong></span> <span class='ocrx_word' id='word_1_658' title='bbox 1924 3332 2070 3381; x_wconf 84' lang='lat' dir='ltr'><strong>vero,</strong></span> <span class='ocrx_word' id='word_1_659' title='bbox 2108 3317 2306 3371; x_wconf 81' lang='lat' dir='ltr'><strong>Ariana</strong></span> <span class='ocrx_word' id='word_1_660' title='bbox 2340 3318 2528 3372; x_wconf 75' lang='lat' dir='ltr'><strong>hmresi</strong></span> <span class='ocrx_word' id='word_1_661' title='bbox 2578 3318 2860 3383; x_wconf 82' lang='lat' dir='ltr'><strong>infectum,</strong></span> <span class='ocrx_word' id='word_1_662' title='bbox 2912 3316 3133 3372; x_wconf 75' lang='lat' dir='ltr'><strong>liberius</strong></span> <span class='ocrx_word' id='word_1_663' title='bbox 3159 3317 3347 3372; x_wconf 85' lang='lat' dir='ltr'><strong>admo-</strong></span> 
     </span>
    </p>
   </div>
   <div class='ocr_carea' id='block_1_95' title="bbox 1791 3409 3351 3479">
    <p class='ocr_par' dir='ltr' id='par_1_95' title="bbox 1791 3409 3351 3479">
     <span class='ocr_line' id='line_1_95' title="bbox 1791 3409 3351 3479; baseline 0.001 -15"><span class='ocrx_word' id='word_1_664' title='bbox 1791 3410 1966 3465; x_wconf 88' lang='lat' dir='ltr'><strong>nendo</strong></span> <span class='ocrx_word' id='word_1_665' title='bbox 1994 3410 2290 3479; x_wconf 79' lang='lat' dir='ltr'><strong>redarguit,</strong></span> <span class='ocrx_word' id='word_1_666' title='bbox 2322 3410 2708 3479; x_wconf 87' lang='lat' dir='ltr'><strong>persuasitque</strong></span> <span class='ocrx_word' id='word_1_667' title='bbox 2744 3411 3128 3478; x_wconf 87' lang='lat' dir='ltr'><strong>propemodum</strong></span> <span class='ocrx_word' id='word_1_668' title='bbox 3176 3409 3351 3465; x_wconf 66' lang='lat' dir='ltr'><strong>bare-</strong></span> 
     </span>
    </p>
   </div>
   <div class='ocr_carea' id='block_1_96' title="bbox 1787 3498 3346 3567">
    <p class='ocr_par' dir='ltr' id='par_1_96' title="bbox 1787 3498 3346 3567">
     <span class='ocr_line' id='line_1_96' title="bbox 1787 3498 3346 3567; baseline -0.001 -14"><span class='ocrx_word' id='word_1_669' title='bbox 1787 3501 1886 3553; x_wconf 90' lang='lat' dir='ltr'><strong>sim</strong></span> <span class='ocrx_word' id='word_1_670' title='bbox 1922 3498 2190 3567; x_wconf 73' lang='lat' dir='ltr'><strong>abiurare,</strong></span> <span class='ocrx_word' id='word_1_671' title='bbox 2223 3501 2269 3553; x_wconf 89' lang='lat' dir='ltr'><strong>si</strong></span> <span class='ocrx_word' id='word_1_672' title='bbox 2308 3514 2412 3553; x_wconf 88' lang='lat' dir='ltr'><strong>non</strong></span> <span class='ocrx_word' id='word_1_673' title='bbox 2448 3499 2546 3551; x_wconf 87' lang='lat' dir='ltr'><strong>sibi</strong></span> <span class='ocrx_word' id='word_1_674' title='bbox 2589 3499 2639 3551; x_wconf 90' lang='lat' dir='ltr'><strong>id</strong></span> <span class='ocrx_word' id='word_1_675' title='bbox 2686 3498 2941 3554; x_wconf 87' lang='lat' dir='ltr'><strong>dedecori</strong></span> <span class='ocrx_word' id='word_1_676' title='bbox 2988 3500 3228 3555; x_wconf 70' lang='lat' dir='ltr'><strong>futurum</strong></span> <span class='ocrx_word' id='word_1_677' title='bbox 3274 3501 3346 3553; x_wconf 92' lang='lat' dir='ltr'><strong>ti-</strong></span> 
     </span>
    </p>
   </div>
   <div class='ocr_carea' id='block_1_97' title="bbox 1787 3588 3348 3661">
    <p class='ocr_par' dir='ltr' id='par_1_97' title="bbox 1787 3588 3348 3661">
     <span class='ocr_line' id='line_1_97' title="bbox 1787 3588 3348 3661; baseline -0.001 -16"><span class='ocrx_word' id='word_1_678' title='bbox 1787 3590 2014 3645; x_wconf 87' lang='lat' dir='ltr'><strong>muisset</strong></span> <span class='ocrx_word' id='word_1_679' title='bbox 2046 3608 2060 3644; x_wconf 87' lang='lat'><strong>:</strong></span> <span class='ocrx_word' id='word_1_680' title='bbox 2090 3589 2337 3657; x_wconf 85' lang='lat' dir='ltr'><strong>quamvis</strong></span> <span class='ocrx_word' id='word_1_681' title='bbox 2364 3590 2507 3643; x_wconf 91' lang='lat' dir='ltr'><strong>enim</strong></span> <span class='ocrx_word' id='word_1_682' title='bbox 2552 3589 2796 3645; x_wconf 62' lang='lat' dir='ltr'><strong>haeresim</strong></span> <span class='ocrx_word' id='word_1_683' title='bbox 2846 3590 3001 3659; x_wconf 89' lang='lat' dir='ltr'><strong>plene</strong></span> <span class='ocrx_word' id='word_1_684' title='bbox 3041 3605 3145 3645; x_wconf 92' lang='lat' dir='ltr'><strong>non</strong></span> <span class='ocrx_word' id='word_1_685' title='bbox 3189 3588 3348 3661; x_wconf 71' lang='lat' dir='ltr'><strong>abiu-</strong></span> 
     </span>
    </p>
   </div>
   <div class='ocr_carea' id='block_1_98' title="bbox 1790 3681 3349 3750">
    <p class='ocr_par' dir='ltr' id='par_1_98' title="bbox 1790 3681 3349 3750">
     <span class='ocr_line' id='line_1_98' title="bbox 1790 3681 3349 3750; baseline -0.001 -15"><span class='ocrx_word' id='word_1_686' title='bbox 1790 3683 2034 3745; x_wconf 75' lang='lat' dir='ltr'><strong>raverit,</strong></span> <span class='ocrx_word' id='word_1_687' title='bbox 2090 3682 2379 3736; x_wconf 81' lang='lat' dir='ltr'><strong>accedebat</strong></span> <span class='ocrx_word' id='word_1_688' title='bbox 2444 3691 2619 3733; x_wconf 90' lang='lat' dir='ltr'><strong>tamen</strong></span> <span class='ocrx_word' id='word_1_689' title='bbox 2677 3682 2741 3733; x_wconf 88' lang='lat' dir='ltr'><strong>ad</strong></span> <span class='ocrx_word' id='word_1_690' title='bbox 2788 3681 3072 3737; x_wconf 81' lang='lat' dir='ltr'><strong>ecclesiam</strong></span> <span class='ocrx_word' id='word_1_691' title='bbox 3105 3721 3119 3744; x_wconf 94' lang='lat'><strong>,</strong></span> <span class='ocrx_word' id='word_1_692' title='bbox 3156 3698 3349 3750; x_wconf 82' lang='lat' dir='ltr'><strong>magno</strong></span> 
     </span>
    </p>
   </div>
   <div class='ocr_carea' id='block_1_99' title="bbox 1789 3772 3349 3837">
    <p class='ocr_par' dir='ltr' id='par_1_99' title="bbox 1789 3772 3349 3837">
     <span class='ocr_line' id='line_1_99' title="bbox 1789 3772 3349 3837; baseline 0.003 -12"><span class='ocrx_word' id='word_1_693' title='bbox 1789 3772 1987 3827; x_wconf 81' lang='lat' dir='ltr'><strong>Basilio</strong></span> <span class='ocrx_word' id='word_1_694' title='bbox 2018 3788 2129 3828; x_wconf 92' lang='lat' dir='ltr'><strong>rem</strong></span> <span class='ocrx_word' id='word_1_695' title='bbox 2175 3774 2405 3827; x_wconf 82' lang='lat' dir='ltr'><strong>divinam</strong></span> <span class='ocrx_word' id='word_1_696' title='bbox 2465 3772 2733 3837; x_wconf 77' lang='lat' dir='ltr'><strong>faciente,</strong></span> <span class='ocrx_word' id='word_1_697' title='bbox 2774 3785 2828 3829; x_wconf 89' lang='lat' dir='ltr'><strong>et</strong></span> <span class='ocrx_word' id='word_1_698' title='bbox 2880 3775 3017 3829; x_wconf 89' lang='lat' dir='ltr'><strong>dona</strong></span> <span class='ocrx_word' id='word_1_699' title='bbox 3067 3774 3349 3830; x_wconf 68' lang='lat' dir='ltr'><strong>offerebat.</strong></span> 
     </span>
    </p>
   </div>
   <div class='ocr_carea' id='block_1_100' title="bbox 1788 3863 3347 3936">
    <p class='ocr_par' dir='ltr' id='par_1_100' title="bbox 1788 3863 3347 3936">
     <span class='ocr_line' id='line_1_100' title="bbox 1788 3863 3347 3936; baseline -0.001 -16"><span class='ocrx_word' id='word_1_700' title='bbox 1788 3866 1915 3920; x_wconf 86' lang='lat' dir='ltr'><strong>Erat</strong></span> <span class='ocrx_word' id='word_1_701' title='bbox 1950 3880 2077 3919; x_wconf 83' lang='lat' dir='ltr'><strong>vero</strong></span> <span class='ocrx_word' id='word_1_702' title='bbox 2101 3880 2325 3936; x_wconf 82' lang='lat' dir='ltr'><strong>magnus</strong></span> <span class='ocrx_word' id='word_1_703' title='bbox 2364 3864 2595 3919; x_wconf 86' lang='lat' dir='ltr'><strong>Basilius</strong></span> <span class='ocrx_word' id='word_1_704' title='bbox 2632 3863 2774 3919; x_wconf 77' lang='lat' dir='ltr'><strong>{llius</strong></span> <span class='ocrx_word' id='word_1_705' title='bbox 2819 3864 3004 3921; x_wconf 66' lang='lat' dir='ltr'><strong>Basilii</strong></span> <span class='ocrx_word' id='word_1_706' title='bbox 3033 3865 3268 3928; x_wconf 87' lang='lat' dir='ltr'><strong>Pontici,</strong></span> <span class='ocrx_word' id='word_1_707' title='bbox 3294 3874 3347 3921; x_wconf 87' lang='lat' dir='ltr'><strong>et</strong></span> 
     </span>
    </p>
   </div>
   <div class='ocr_carea' id='block_1_101' title="bbox 1789 3955 3346 4026">
    <p class='ocr_par' dir='ltr' id='par_1_101' title="bbox 1789 3955 3346 4026">
     <span class='ocr_line' id='line_1_101' title="bbox 1789 3955 3346 4026; baseline -0.001 -14"><span class='ocrx_word' id='word_1_708' title='bbox 1789 3955 2064 4012; x_wconf 70' lang='lat' dir='ltr'><strong>Entmelite</strong></span> <span class='ocrx_word' id='word_1_709' title='bbox 2102 3957 2457 4025; x_wconf 88' lang='lat' dir='ltr'><strong>Cappadocis.</strong></span> <span class='ocrx_word' id='word_1_710' title='bbox 2498 3956 2592 4011; x_wconf 70' lang='lat' dir='ltr'><strong>Vir</strong></span> <span class='ocrx_word' id='word_1_711' title='bbox 2634 3958 2737 4011; x_wconf 89' lang='lat' dir='ltr'><strong>iste</strong></span> <span class='ocrx_word' id='word_1_712' title='bbox 2772 3957 3045 4026; x_wconf 77' lang='lat' dir='ltr'><strong>egregius,</strong></span> <span class='ocrx_word' id='word_1_713' title='bbox 3084 3957 3346 4024; x_wconf 86' lang='lat' dir='ltr'><strong>sapientia</strong></span> 
     </span>
    </p>
   </div>
   <div class='ocr_carea' id='block_1_102' title="bbox 1786 4046 3344 4117">
    <p class='ocr_par' dir='ltr' id='par_1_102' title="bbox 1786 4046 3344 4117">
     <span class='ocr_line' id='line_1_102' title="bbox 1786 4046 3344 4117; baseline 0.001 -16"><span class='ocrx_word' id='word_1_714' title='bbox 1786 4057 1839 4101; x_wconf 89' lang='lat' dir='ltr'><strong>et</strong></span> <span class='ocrx_word' id='word_1_715' title='bbox 1875 4047 2115 4101; x_wconf 89' lang='lat' dir='ltr'><strong>doctrina</strong></span> <span class='ocrx_word' id='word_1_716' title='bbox 2165 4060 2374 4100; x_wconf 76' lang='lat' dir='ltr'><strong>eoa-.vos</strong></span> <span class='ocrx_word' id='word_1_717' title='bbox 2424 4061 2575 4114; x_wconf 74' lang='lat' dir='ltr'><strong>mque</strong></span> <span class='ocrx_word' id='word_1_718' title='bbox 2627 4061 2690 4099; x_wconf 89' lang='lat' dir='ltr'><strong>ac</strong></span> <span class='ocrx_word' id='word_1_719' title='bbox 2759 4046 3010 4116; x_wconf 85' lang='lat' dir='ltr'><strong>antiquos</strong></span> <span class='ocrx_word' id='word_1_720' title='bbox 3050 4048 3344 4117; x_wconf 78' lang='lat' dir='ltr'><strong>superavit.</strong></span> 
     </span>
    </p>
   </div>
   <div class='ocr_carea' id='block_1_103' title="bbox 1788 4138 3350 4208">
    <p class='ocr_par' dir='ltr' id='par_1_103' title="bbox 1788 4138 3350 4208">
     <span class='ocr_line' id='line_1_103' title="bbox 1788 4138 3350 4208; baseline 0.001 -16"><span class='ocrx_word' id='word_1_721' title='bbox 1788 4138 2013 4193; x_wconf 83' lang='lat' dir='ltr'><strong>Pietatis</strong></span> <span class='ocrx_word' id='word_1_722' title='bbox 2046 4152 2173 4192; x_wconf 75' lang='lat' dir='ltr'><strong>vero</strong></span> <span class='ocrx_word' id='word_1_723' title='bbox 2202 4146 2321 4193; x_wconf 92' lang='lat' dir='ltr'><strong>erat</strong></span> <span class='ocrx_word' id='word_1_724' title='bbox 2348 4148 2455 4191; x_wconf 92' lang='lat' dir='ltr'><strong>tam</strong></span> <span class='ocrx_word' id='word_1_725' title='bbox 2482 4138 2697 4192; x_wconf 70' lang='lat' dir='ltr'><strong>eximite</strong></span> <span class='ocrx_word' id='word_1_726' title='bbox 2722 4180 2737 4205; x_wconf 93' lang='lat'><strong>,</strong></span> <span class='ocrx_word' id='word_1_727' title='bbox 2768 4148 2828 4193; x_wconf 90' lang='lat' dir='ltr'><strong>ut</strong></span> <span class='ocrx_word' id='word_1_728' title='bbox 2858 4140 2910 4193; x_wconf 90' lang='lat' dir='ltr'><strong>in</strong></span> <span class='ocrx_word' id='word_1_729' title='bbox 2946 4140 3194 4195; x_wconf 89' lang='lat' dir='ltr'><strong>thronum</strong></span> <span class='ocrx_word' id='word_1_730' title='bbox 3238 4140 3350 4208; x_wconf 82' lang='lat' dir='ltr'><strong>epi-</strong></span> 
     </span>
    </p>
   </div>
   <div class='ocr_carea' id='block_1_104' title="bbox 1794 4230 3340 4299">
    <p class='ocr_par' dir='ltr' id='par_1_104' title="bbox 1794 4230 3340 4299">
     <span class='ocr_line' id='line_1_104' title="bbox 1794 4230 3340 4299; baseline 0.001 -15"><span class='ocrx_word' id='word_1_731' title='bbox 1794 4231 2065 4299; x_wconf 88' lang='lat' dir='ltr'><strong>scopalem</strong></span> <span class='ocrx_word' id='word_1_732' title='bbox 2102 4230 2360 4284; x_wconf 66' lang='lat' dir='ltr'><strong>Ca&#39;sareze</strong></span> <span class='ocrx_word' id='word_1_733' title='bbox 2386 4239 2607 4283; x_wconf 77' lang='lat' dir='ltr'><strong>erectus</strong></span> <span class='ocrx_word' id='word_1_734' title='bbox 2630 4230 2729 4296; x_wconf 87' lang='lat' dir='ltr'><strong>sit,</strong></span> <span class='ocrx_word' id='word_1_735' title='bbox 2766 4230 2852 4285; x_wconf 91' lang='lat' dir='ltr'><strong>ubi</strong></span> <span class='ocrx_word' id='word_1_736' title='bbox 2886 4241 2941 4286; x_wconf 89' lang='lat' dir='ltr'><strong>et</strong></span> <span class='ocrx_word' id='word_1_737' title='bbox 2966 4232 3129 4285; x_wconf 89' lang='lat' dir='ltr'><strong>multa</strong></span> <span class='ocrx_word' id='word_1_738' title='bbox 3166 4241 3340 4286; x_wconf 86' lang='lat' dir='ltr'><strong>certa-</strong></span> 
     </span>
    </p>
   </div>
   <div class='ocr_carea' id='block_1_105' title="bbox 1788 4320 3343 4392">
    <p class='ocr_par' dir='ltr' id='par_1_105' title="bbox 1788 4320 3343 4392">
     <span class='ocr_line' id='line_1_105' title="bbox 1788 4320 3343 4392; baseline 0 -15"><span class='ocrx_word' id='word_1_739' title='bbox 1788 4320 1930 4377; x_wconf 86' lang='lat' dir='ltr'><strong>mina</strong></span> <span class='ocrx_word' id='word_1_740' title='bbox 1964 4336 2058 4389; x_wconf 93' lang='lat' dir='ltr'><strong>pro</strong></span> <span class='ocrx_word' id='word_1_741' title='bbox 2086 4321 2385 4375; x_wconf 78' lang='lat' dir='ltr'><strong>orthodoxa</strong></span> <span class='ocrx_word' id='word_1_742' title='bbox 2430 4320 2533 4375; x_wconf 83' lang='lat' dir='ltr'><strong>ﬁde</strong></span> <span class='ocrx_word' id='word_1_743' title='bbox 2563 4322 2849 4387; x_wconf 86' lang='lat' dir='ltr'><strong>sustinuit;</strong></span> <span class='ocrx_word' id='word_1_744' title='bbox 2886 4334 3160 4392; x_wconf 89' lang='lat' dir='ltr'><strong>stuporem</strong></span> <span class='ocrx_word' id='word_1_745' title='bbox 3186 4322 3343 4377; x_wconf 85' lang='lat' dir='ltr'><strong>simui</strong></span> 
     </span>
    </p>
   </div>
   <div class='ocr_carea' id='block_1_106' title="bbox 1785 4412 3342 4484">
    <p class='ocr_par' dir='ltr' id='par_1_106' title="bbox 1785 4412 3342 4484">
     <span class='ocr_line' id='line_1_106' title="bbox 1785 4412 3342 4484; baseline 0 -16"><span class='ocrx_word' id='word_1_746' title='bbox 1785 4423 1840 4468; x_wconf 88' lang='lat' dir='ltr'><strong>et</strong></span> <span class='ocrx_word' id='word_1_747' title='bbox 1872 4425 2127 4468; x_wconf 90' lang='lat' dir='ltr'><strong>terrorem</strong></span> <span class='ocrx_word' id='word_1_748' title='bbox 2181 4412 2589 4483; x_wconf 88' lang='lat' dir='ltr'><strong>imperatoribus</strong></span> <span class='ocrx_word' id='word_1_749' title='bbox 2638 4424 2692 4469; x_wconf 90' lang='lat' dir='ltr'><strong>et</strong></span> <span class='ocrx_word' id='word_1_750' title='bbox 2740 4414 3011 4484; x_wconf 75' lang='lat' dir='ltr'><strong>praefectis</strong></span> <span class='ocrx_word' id='word_1_751' title='bbox 3053 4414 3342 4481; x_wconf 87' lang='lat' dir='ltr'><strong>incutiens,</strong></span> 
     </span>
    </p>
   </div>
   <div class='ocr_carea' id='block_1_107' title="bbox 3212 4517 3343 4558">
    <p class='ocr_par' dir='ltr' id='par_1_107' title="bbox 3212 4517 3343 4558">
     <span class='ocr_line' id='line_1_107' title="bbox 3212 4517 3343 4558; baseline -0.015 0"><span class='ocrx_word' id='word_1_752' title='bbox 3212 4517 3343 4558; x_wconf 68' lang='lat'><strong>:80</strong></span> 
     </span>
    </p>
   </div>
   <div class='ocr_carea' id='block_1_108' title="bbox 1786 4593 3341 4664">
    <p class='ocr_par' dir='ltr' id='par_1_108' title="bbox 1786 4593 3341 4664">
     <span class='ocr_line' id='line_1_108' title="bbox 1786 4593 3341 4664; baseline 0 -16"><span class='ocrx_word' id='word_1_753' title='bbox 1786 4594 2000 4648; x_wconf 88' lang='lat' dir='ltr'><strong>tandem</strong></span> <span class='ocrx_word' id='word_1_754' title='bbox 2029 4632 2046 4658; x_wconf 94' lang='lat'><strong>,</strong></span> <span class='ocrx_word' id='word_1_755' title='bbox 2081 4608 2199 4647; x_wconf 91' lang='lat' dir='ltr'><strong>cum</strong></span> <span class='ocrx_word' id='word_1_756' title='bbox 2234 4594 2431 4647; x_wconf 91' lang='lat' dir='ltr'><strong>multos</strong></span> <span class='ocrx_word' id='word_1_757' title='bbox 2476 4593 2643 4645; x_wconf 84' lang='lat' dir='ltr'><strong>libros</strong></span> <span class='ocrx_word' id='word_1_758' title='bbox 2692 4594 3033 4663; x_wconf 85' lang='lat' dir='ltr'><strong>scripsisset,</strong></span> <span class='ocrx_word' id='word_1_759' title='bbox 3086 4605 3141 4648; x_wconf 92' lang='lat' dir='ltr'><strong>et</strong></span> <span class='ocrx_word' id='word_1_760' title='bbox 3173 4594 3341 4664; x_wconf 81' lang='lat' dir='ltr'><strong>pluri-</strong></span> 
     </span>
    </p>
   </div>
   <div class='ocr_carea' id='block_1_109' title="bbox 1790 4683 3344 4755">
    <p class='ocr_par' dir='ltr' id='par_1_109' title="bbox 1790 4683 3344 4755">
     <span class='ocr_line' id='line_1_109' title="bbox 1790 4683 3344 4755; baseline 0 -15"><span class='ocrx_word' id='word_1_761' title='bbox 1790 4702 1875 4740; x_wconf 91' lang='lat' dir='ltr'><strong>ma</strong></span> <span class='ocrx_word' id='word_1_762' title='bbox 1913 4694 2177 4755; x_wconf 87' lang='lat' dir='ltr'><strong>patrassct</strong></span> <span class='ocrx_word' id='word_1_763' title='bbox 2216 4683 2475 4739; x_wconf 89' lang='lat' dir='ltr'><strong>miracula</strong></span> <span class='ocrx_word' id='word_1_764' title='bbox 2509 4722 2525 4747; x_wconf 93' lang='lat'><strong>,</strong></span> <span class='ocrx_word' id='word_1_765' title='bbox 2554 4683 2605 4735; x_wconf 94' lang='lat' dir='ltr'><strong>in</strong></span> <span class='ocrx_word' id='word_1_766' title='bbox 2634 4698 2764 4752; x_wconf 81' lang='lat' dir='ltr'><strong>pace</strong></span> <span class='ocrx_word' id='word_1_767' title='bbox 2792 4684 3039 4754; x_wconf 81' lang='lat' dir='ltr'><strong>migravit</strong></span> <span class='ocrx_word' id='word_1_768' title='bbox 3070 4684 3136 4738; x_wconf 90' lang='lat' dir='ltr'><strong>ad</strong></span> <span class='ocrx_word' id='word_1_769' title='bbox 3166 4685 3344 4740; x_wconf 82' lang='lat' dir='ltr'><strong>Domi-</strong></span> 
     </span>
    </p>
   </div>
   <div class='ocr_carea' id='block_1_110' title="bbox 1785 4791 1931 4829">
    <p class='ocr_par' dir='ltr' id='par_1_110' title="bbox 1785 4791 1931 4829">
     <span class='ocr_line' id='line_1_110' title="bbox 1785 4791 1931 4829; baseline 0 0"><span class='ocrx_word' id='word_1_770' title='bbox 1785 4791 1931 4829; x_wconf 89' lang='lat' dir='ltr'><strong>num.</strong></span> 
     </span>
    </p>
   </div>
   <div class='ocr_carea' id='block_1_111' title="bbox 1856 4864 3341 4935">
    <p class='ocr_par' dir='ltr' id='par_1_111' title="bbox 1856 4864 3341 4935">
     <span class='ocr_line' id='line_1_111' title="bbox 1856 4864 3341 4935; baseline 0.003 -16"><span class='ocrx_word' id='word_1_771' title='bbox 1856 4868 1905 4922; x_wconf 88' lang='grc'><strong>7.</strong></span> <span class='ocrx_word' id='word_1_772' title='bbox 1957 4866 2138 4935; x_wconf 88' lang='lat' dir='ltr'><strong>Neque</strong></span> <span class='ocrx_word' id='word_1_773' title='bbox 2165 4864 2335 4920; x_wconf 90' lang='lat' dir='ltr'><strong>solum</strong></span> <span class='ocrx_word' id='word_1_774' title='bbox 2372 4864 2422 4918; x_wconf 92' lang='lat' dir='ltr'><strong>in</strong></span> <span class='ocrx_word' id='word_1_775' title='bbox 2463 4866 2631 4919; x_wconf 87' lang='lat' dir='ltr'><strong>sacris</strong></span> <span class='ocrx_word' id='word_1_776' title='bbox 2669 4865 2981 4921; x_wconf 68' lang='lat' dir='ltr'><strong>Graecorum</strong></span> <span class='ocrx_word' id='word_1_777' title='bbox 3018 4866 3175 4922; x_wconf 77' lang='lat' dir='ltr'><strong>fastis</strong></span> <span class='ocrx_word' id='word_1_778' title='bbox 3236 4868 3341 4923; x_wconf 85' lang='lat' dir='ltr'><strong>hac</strong></span> 
     </span>
    </p>
   </div>
   <div class='ocr_carea' id='block_1_112' title="bbox 1784 4953 3339 5024">
    <p class='ocr_par' dir='ltr' id='par_1_112' title="bbox 1784 4953 3339 5024">
     <span class='ocr_line' id='line_1_112' title="bbox 1784 4953 3339 5024; baseline 0.002 -15"><span class='ocrx_word' id='word_1_779' title='bbox 1784 4957 1869 5013; x_wconf 90' lang='lat' dir='ltr'><strong>die</strong></span> <span class='ocrx_word' id='word_1_780' title='bbox 1894 4957 2162 5024; x_wconf 90' lang='lat' dir='ltr'><strong>ascriptus</strong></span> <span class='ocrx_word' id='word_1_781' title='bbox 2191 4964 2275 5007; x_wconf 90' lang='lat' dir='ltr'><strong>est</strong></span> <span class='ocrx_word' id='word_1_782' title='bbox 2332 4962 2548 5009; x_wconf 87' lang='lat' dir='ltr'><strong>sanctus</strong></span> <span class='ocrx_word' id='word_1_783' title='bbox 2586 4953 2850 5019; x_wconf 69' lang='lat' dir='ltr'><strong>Basilius;</strong></span> <span class='ocrx_word' id='word_1_784' title='bbox 2886 4956 2976 5009; x_wconf 86' lang='lat' dir='ltr'><strong>sed</strong></span> <span class='ocrx_word' id='word_1_785' title='bbox 3032 4966 3179 5009; x_wconf 88' lang='lat' dir='ltr'><strong>tanta</strong></span> <span class='ocrx_word' id='word_1_786' title='bbox 3212 4955 3339 5012; x_wconf 81' lang='lat' dir='ltr'><strong>festi</strong></span> 
     </span>
    </p>
   </div>
   <div class='ocr_carea' id='block_1_113' title="bbox 1787 5044 3339 5116">
    <p class='ocr_par' dir='ltr' id='par_1_113' title="bbox 1787 5044 3339 5116">
     <span class='ocr_line' id='line_1_113' title="bbox 1787 5044 3339 5116; baseline 0 -15"><span class='ocrx_word' id='word_1_787' title='bbox 1787 5047 2127 5110; x_wconf 87' lang='lat' dir='ltr'><strong>solemnitas,</strong></span> <span class='ocrx_word' id='word_1_788' title='bbox 2158 5060 2276 5116; x_wconf 68' lang='lat' dir='ltr'><strong>quae</strong></span> <span class='ocrx_word' id='word_1_789' title='bbox 2308 5060 2404 5114; x_wconf 88' lang='lat' dir='ltr'><strong>per</strong></span> <span class='ocrx_word' id='word_1_790' title='bbox 2432 5044 2709 5100; x_wconf 81' lang='lat' dir='ltr'><strong>Orientem</strong></span> <span class='ocrx_word' id='word_1_791' title='bbox 2763 5048 2933 5115; x_wconf 90' lang='lat' dir='ltr'><strong>prima</strong></span> <span class='ocrx_word' id='word_1_792' title='bbox 2978 5046 3220 5103; x_wconf 77' lang='lat' dir='ltr'><strong>Januarii</strong></span> <span class='ocrx_word' id='word_1_793' title='bbox 3274 5049 3339 5101; x_wconf 84' lang='lat' dir='ltr'><strong>ad</strong></span> 
     </span>
    </p>
   </div>
   <div class='ocr_carea' id='block_1_114' title="bbox 1782 5138 3343 5210">
    <p class='ocr_par' dir='ltr' id='par_1_114' title="bbox 1782 5138 3343 5210">
     <span class='ocr_line' id='line_1_114' title="bbox 1782 5138 3343 5210; baseline 0 -16"><span class='ocrx_word' id='word_1_794' title='bbox 1782 5141 1898 5209; x_wconf 82' lang='lat' dir='ltr'><strong>ejus</strong></span> <span class='ocrx_word' id='word_1_795' title='bbox 1926 5139 2327 5194; x_wconf 84' lang='lat' dir='ltr'><strong>venerationem</strong></span> <span class='ocrx_word' id='word_1_796' title='bbox 2376 5138 2624 5193; x_wconf 91' lang='lat' dir='ltr'><strong>instituta</strong></span> <span class='ocrx_word' id='word_1_797' title='bbox 2657 5147 2777 5203; x_wconf 86' lang='lat' dir='ltr'><strong>est,</strong></span> <span class='ocrx_word' id='word_1_798' title='bbox 2810 5142 3152 5194; x_wconf 87' lang='lat' dir='ltr'><strong>occasionem</strong></span> <span class='ocrx_word' id='word_1_799' title='bbox 3205 5157 3343 5210; x_wconf 70' lang='lat' dir='ltr'><strong>pra:-</strong></span> 
     </span>
    </p>
   </div>
   <div class='ocr_carea' id='block_1_115' title="bbox 1783 5229 3341 5301">
    <p class='ocr_par' dir='ltr' id='par_1_115' title="bbox 1783 5229 3341 5301">
     <span class='ocr_line' id='line_1_115' title="bbox 1783 5229 3341 5301; baseline 0 -16"><span class='ocrx_word' id='word_1_800' title='bbox 1783 5233 1899 5286; x_wconf 88' lang='lat' dir='ltr'><strong>buit</strong></span> <span class='ocrx_word' id='word_1_801' title='bbox 1948 5230 2343 5299; x_wconf 86' lang='lat' dir='ltr'><strong>antiquioribus</strong></span> <span class='ocrx_word' id='word_1_802' title='bbox 2380 5229 2771 5301; x_wconf 75' lang='lat' dir='ltr'><strong>Martyrologiis</strong></span> <span class='ocrx_word' id='word_1_803' title='bbox 2808 5230 3043 5295; x_wconf 87' lang='lat' dir='ltr'><strong>Latinis,</strong></span> <span class='ocrx_word' id='word_1_804' title='bbox 3082 5232 3198 5297; x_wconf 85' lang='lat' dir='ltr'><strong>cjns</strong></span> <span class='ocrx_word' id='word_1_805' title='bbox 3232 5247 3341 5285; x_wconf 85' lang='lat' dir='ltr'><strong>me-</strong></span> 
     </span>
    </p>
   </div>
   <div class='ocr_carea' id='block_1_116' title="bbox 1785 5320 3335 5392">
    <p class='ocr_par' dir='ltr' id='par_1_116' title="bbox 1785 5320 3335 5392">
     <span class='ocr_line' id='line_1_116' title="bbox 1785 5320 3335 5392; baseline 0 -15"><span class='ocrx_word' id='word_1_806' title='bbox 1785 5324 2013 5377; x_wconf 87' lang='lat' dir='ltr'><strong>moriam</strong></span> <span class='ocrx_word' id='word_1_807' title='bbox 2042 5321 2232 5377; x_wconf 88' lang='lat' dir='ltr'><strong>saltem</strong></span> <span class='ocrx_word' id='word_1_808' title='bbox 2252 5321 2481 5392; x_wconf 85' lang='lat' dir='ltr'><strong>aliquam</strong></span> <span class='ocrx_word' id='word_1_809' title='bbox 2510 5321 2698 5376; x_wconf 88' lang='lat' dir='ltr'><strong>eadem</strong></span> <span class='ocrx_word' id='word_1_810' title='bbox 2728 5336 2945 5391; x_wconf 88' lang='lat' dir='ltr'><strong>quoque</strong></span> <span class='ocrx_word' id='word_1_811' title='bbox 2972 5320 3058 5375; x_wconf 89' lang='lat' dir='ltr'><strong>die</strong></span> <span class='ocrx_word' id='word_1_812' title='bbox 3090 5322 3335 5377; x_wconf 78' lang='lat' dir='ltr'><strong>faciendi.</strong></span> 
     </span>
    </p>
   </div>
   <div class='ocr_carea' id='block_1_117' title="bbox 1785 5411 3339 5483">
    <p class='ocr_par' dir='ltr' id='par_1_117' title="bbox 1785 5411 3339 5483">
     <span class='ocr_line' id='line_1_117' title="bbox 1785 5411 3339 5483; baseline 0 -13"><span class='ocrx_word' id='word_1_813' title='bbox 1785 5417 1933 5471; x_wconf 88' lang='lat' dir='ltr'><strong>Inter</strong></span> <span class='ocrx_word' id='word_1_814' title='bbox 1965 5428 2059 5468; x_wconf 87' lang='lat' dir='ltr'><strong>eos</strong></span> <span class='ocrx_word' id='word_1_815' title='bbox 2083 5411 2223 5466; x_wconf 84' lang='lat' dir='ltr'><strong>Beda</strong></span> <span class='ocrx_word' id='word_1_816' title='bbox 2258 5412 2630 5483; x_wconf 87' lang='lat' dir='ltr'><strong>supposititius</strong></span> <span class='ocrx_word' id='word_1_817' title='bbox 2674 5413 2871 5476; x_wconf 88' lang='lat' dir='ltr'><strong>habet,</strong></span> <span class='ocrx_word' id='word_1_818' title='bbox 2922 5413 3095 5467; x_wconf 88' lang='lat' dir='ltr'><strong>sancti</strong></span> <span class='ocrx_word' id='word_1_819' title='bbox 3154 5412 3339 5470; x_wconf 83' lang='lat' dir='ltr'><strong>Basilii</strong></span> 
     </span>
    </p>
   </div>
   <div class='ocr_carea' id='block_1_118' title="bbox 1785 5502 3339 5574">
    <p class='ocr_par' dir='ltr' id='par_1_118' title="bbox 1785 5502 3339 5574">
     <span class='ocr_line' id='line_1_118' title="bbox 1785 5502 3339 5574; baseline -0.001 -14"><span class='ocrx_word' id='word_1_820' title='bbox 1785 5504 2051 5574; x_wconf 83' lang='lat' dir='ltr'><strong>episcopi.</strong></span> <span class='ocrx_word' id='word_1_821' title='bbox 2100 5502 2376 5559; x_wconf 87' lang='lat' dir='ltr'><strong>Usuardus</strong></span> <span class='ocrx_word' id='word_1_822' title='bbox 2410 5503 2745 5558; x_wconf 85' lang='lat' dir='ltr'><strong>Coloniensis</strong></span> <span class='ocrx_word' id='word_1_823' title='bbox 2774 5543 2787 5566; x_wconf 86' lang='lat'><strong>,</strong></span> <span class='ocrx_word' id='word_1_824' title='bbox 2827 5504 2879 5557; x_wconf 92' lang='lat' dir='ltr'><strong>in</strong></span> <span class='ocrx_word' id='word_1_825' title='bbox 2922 5502 3163 5558; x_wconf 60' lang='lat' dir='ltr'><strong>Casarea</strong></span> <span class='ocrx_word' id='word_1_826' title='bbox 3203 5504 3339 5573; x_wconf 77' lang='lat' dir='ltr'><strong>Cap-</strong></span> 
     </span>
    </p>
   </div>
   <div class='ocr_carea' id='block_1_119' title="bbox 1784 5594 3338 5667">
    <p class='ocr_par' dir='ltr' id='par_1_119' title="bbox 1784 5594 3338 5667">
     <span class='ocr_line' id='line_1_119' title="bbox 1784 5594 3338 5667; baseline 0.002 -18"><span class='ocrx_word' id='word_1_827' title='bbox 1784 5596 2019 5667; x_wconf 64' lang='lat' dir='ltr'><strong>padociae</strong></span> <span class='ocrx_word' id='word_1_828' title='bbox 2080 5595 2340 5665; x_wconf 88' lang='lat' dir='ltr'><strong>depositio</strong></span> <span class='ocrx_word' id='word_1_829' title='bbox 2395 5597 2563 5650; x_wconf 88' lang='lat' dir='ltr'><strong>sancti</strong></span> <span class='ocrx_word' id='word_1_830' title='bbox 2610 5594 2811 5649; x_wconf 73' lang='lat' dir='ltr'><strong>Basilii.</strong></span> <span class='ocrx_word' id='word_1_831' title='bbox 2864 5595 3221 5665; x_wconf 79' lang='lat' dir='ltr'><strong>Maurolycus,</strong></span> <span class='ocrx_word' id='word_1_832' title='bbox 3284 5598 3338 5653; x_wconf 89' lang='lat' dir='ltr'><strong>in</strong></span> 
     </span>
    </p>
   </div>
   <div class='ocr_carea' id='block_1_120' title="bbox 1783 5686 3338 5758">
    <p class='ocr_par' dir='ltr' id='par_1_120' title="bbox 1783 5686 3338 5758">
     <span class='ocr_line' id='line_1_120' title="bbox 1783 5686 3338 5758; baseline -0.001 -15"><span class='ocrx_word' id='word_1_833' title='bbox 1783 5689 2024 5744; x_wconf 64' lang='lat' dir='ltr'><strong>Caesarea</strong></span> <span class='ocrx_word' id='word_1_834' title='bbox 2063 5688 2415 5758; x_wconf 76' lang='lat' dir='ltr'><strong>Cappadocia:</strong></span> <span class='ocrx_word' id='word_1_835' title='bbox 2467 5688 2730 5757; x_wconf 87' lang='lat' dir='ltr'><strong>depositio</strong></span> <span class='ocrx_word' id='word_1_836' title='bbox 2772 5687 2941 5743; x_wconf 90' lang='lat' dir='ltr'><strong>sancti</strong></span> <span class='ocrx_word' id='word_1_837' title='bbox 3004 5686 3184 5741; x_wconf 76' lang='lat' dir='ltr'><strong>Basilii</strong></span> <span class='ocrx_word' id='word_1_838' title='bbox 3224 5692 3338 5755; x_wconf 88' lang='lat' dir='ltr'><strong>epi-</strong></span> 
     </span>
    </p>
   </div>
   <div class='ocr_carea' id='block_1_121' title="bbox 1788 5778 3336 5851">
    <p class='ocr_par' dir='ltr' id='par_1_121' title="bbox 1788 5778 3336 5851">
     <span class='ocr_line' id='line_1_121' title="bbox 1788 5778 3336 5851; baseline -0.003 -12"><span class='ocrx_word' id='word_1_839' title='bbox 1788 5781 1955 5851; x_wconf 66' lang='lat' dir='ltr'><strong>Smpi,</strong></span> <span class='ocrx_word' id='word_1_840' title='bbox 1986 5778 2137 5850; x_wconf 83' lang='lat' dir='ltr'><strong>cujus</strong></span> <span class='ocrx_word' id='word_1_841' title='bbox 2161 5780 2451 5837; x_wconf 81' lang='lat' dir='ltr'><strong>celebritas</strong></span> <span class='ocrx_word' id='word_1_842' title='bbox 2470 5780 2678 5836; x_wconf 73' lang='lat' dir='ltr'><strong>decimo</strong></span> <span class='ocrx_word' id='word_1_843' title='bbox 2705 5790 2893 5837; x_wconf 86' lang='lat' dir='ltr'><strong>octavo</strong></span> <span class='ocrx_word' id='word_1_844' title='bbox 2920 5780 3185 5837; x_wconf 70' lang='lat' dir='ltr'><strong>Kalendas</strong></span> <span class='ocrx_word' id='word_1_845' title='bbox 3211 5779 3336 5835; x_wconf 84' lang='lat' dir='ltr'><strong>Julii</strong></span> 
     </span>
    </p>
   </div>
  </div>
