4086 6318
677 377 987 419 εειιιινιη

2029 366 2559 422 ΡΚΟιΕΟΟΜΕῢΑη

676 478 1011 546 Ροιίδθίηιωη
1040 475 1316 531 recolitur.
1348 474 1464 542 liis,
1498 474 1730 545 elogium
1765 486 1827 533 et
1849 493 2046 535 annum
2074 494 2223 533 mor-
2264 500 2310 554 Α
2337 480 2441 535 alia
2495 480 2645 537 utilia
2690 481 3052 554 conscripsit;
3106 491 3160 538 et
3187 527 3201 548 ,
3243 503 3405 555 super
3433 486 3601 542 multa
3635 489 3892 550 mirabilia

678 570 747 623 tis
768 582 1047 636 perperam
1078 568 1437 637 designatum,
1462 570 1665 622 addens
1690 567 1991 625 Florarium
2011 588 2024 619 :
2047 592 2064 623 ‹
2099 570 2225 637 Qui.

677 658 849 723 inquit
875 666 1162 727 ,tempore
1196 655 1437 714 Valentis
1471 659 1816 727 imperaturis
1863 662 2107 716 doctrina
2153 670 2225 715 -et

679 749 943 815 sapientia
969 749 1217 820 insignis,
1249 748 1609 819 omnibusque
1631 751 1920 806 virtutibus
1958 752 2231 817 fundatus,

675 841 997 895 mirabiliter
1025 842 1244 898 ell'ulsit.
1264 841 1567 899 Obiitcirca
1606 860 1804 899 annum
1835 843 2042 898 Domini
2062 844 2186 901 385.
2213 862 2235 897 s

676 928 979 997 Notkerus,
1033 948 1063 988 a
1096 932 1321 1003 reliquis
1364 934 1616 990 omnibus
1660 932 2079 989 diversissimum
2128 936 2240 989 elo-

675 1023 821 1093 gium
860 1031 1086 1089 texens,
1119 1024 1185 1079 ad
1234 1023 1480 1079 eumdem
1513 1027 1535 1079 l
1572 1024 1811 1080 Januarii
1853 1042 1868 1079 :
1906 1043 1924 1075 ι
1972 1025 2025 1078 In
2058 1023 2239 1080 Casa-

674 1125 794 1177 rea,
826 1112 1035 1183 inquit,
1065 1114 1349 1185 metropoli
1389 1115 1738 1184 Cappadociae
1766 1152 1781 1177 ,
1820 1113 2082 1185 depositio
2117 1131 2237 1169 san-

675 1204 748 1259 cti
783 1205 968 1261 Basilii
998 1208 1267 1280 episcopi,
1307 1209 1398 1279 qui
1429 1208 1690 1277 Regulam
1732 1206 1967 1262 fratrum
1997 1216 2053 1262 et
2076 1208 2238 1261 multa

2337 587 2457 642 qua:
2509 574 2675 638 fecit,
2720 576 3132 647 chirographum
3181 582 3374 647 perditi
3422 581 3700 644 hominis,
3764 591 3895 651 quod

2339 662 2550 719 diabolo
2604 662 2748 730 fecit,
2808 668 3013 723 orando
3071 666 3309 736 recipere
3362 672 3590 739 nteruit;
3642 682 3714 724 ex
3765 672 3893 726 diem

2341 758 2532 811 mortis
2576 770 2685 812 suae
2733 767 2952 826 propter
2996 759 3398 815 conversionem
3428 761 3627 835 Ioseph
3682 762 3886 819 Hebrzei

2344 846 2580 914 distulit,
2634 856 2690 904 et
2724 853 3175 921 conscriptionem
3208 852 3483 921 cujusdam
3518 856 3741 911 nefandi
3790 868 3896 907 sce-

2336 938 2465 995 leris
2485 942 2646 996 etiam
2678 941 2963 999 defunctus
2991 946 3240 1001 abolevit.
3268 964 3287 996 ι
3325 945 3428 1001 Sed
3454 948 3644 1004 haeccx
3682 948 3897 1019 pseudo-

2339 1027 2719 1097 Amphilochio
2755 1042 2989 1102 sumpta,
3012 1052 3170 1108 quam
3195 1038 3440 1107 exiguam
3470 1036 3631 1093 ﬁdem
3658 1053 3899 1095 merean-

2335 1131 2443 1187 tur,
2474 1123 2613 1178 infra
2644 1126 2858 1195 patebit.
2930 1167 2944 1181 .
3026 1170 3038 1182 .
3121 1170 3135 1184 .
3214 1171 3229 1185 .
3306 1171 3321 1184 .
3405 1172 3417 1184 .
3502 1168 3515 1181 .
3600 1166 3617 1183 .
3695 1170 3710 1185 .
3794 1168 3809 1183 .
3880 1167 3895 1182 .

914 1711 1003 1772 De
1040 1708 1329 1791 reliquiis
1364 1712 1429 1773 S'.
1476 1710 1708 1773 Basilii
1746 1712 1993 1791 Brugas
2040 1710 2457 1774 Flandrorum
2484 1710 2806 1775 translatis
2846 1722 2899 1772 et
2934 1729 3124 1791 usque
3160 1712 3340 1775 hodie
3382 1713 3670 1775 servati};

778 1968 991 2025 Nemini
1066 1985 1172 2025 non
1240 1965 1507 2029 videbitur
1563 1975 1919 2030 admiratione
1971 1973 2308 2043 dignum,B

670 2060 815 2130 quod
837 2060 902 2115 de
933 2068 1043 2115 tam
1070 2060 1301 2119 celebris
1353 2066 1524 2119 sancti
1580 2066 1824 2135 reliquiis
1848 2066 1938 2120 vix
1971 2065 2078 2122 ulla
2110 2066 2238 2122 reli-

671 2164 760 2207 rta
795 2153 1056 2209 memoria
1084 2154 1192 2223 sit,
1230 2155 1374 2209 nulla
1409 2157 1619 2223 uspiam
1680 2154 1821 2212 facta
1851 2160 2098 2229 corporis
2131 2158 2238 2214 ele-

672 2245 844 2310 vatio,
887 2244 1239 2300 translatiove
1274 2243 1501 2315 legatur,
1528 2248 1680 2317 cujus
1725 2260 2129 2304 monumentum
2154 2249 2249 2305 vel-

672 2335 897 2391 historia
931 2337 997 2391 ad
1024 2347 1268 2406 posteros
1291 2339 1589 2394 transierit.
1613 2338 1768 2395 Tanti
1793 2351 1972 2395 tamen
2000 2342 2235 2397 thesauri

669 2434 855 2499 caput,
907 2427 1190 2484 brachium
1241 2439 1298 2485 et
1336 2441 1541 2487 costam
1600 2431 1785 2486 Romae
1827 2433 2010 2486 haberi
2041 2433 2238 2486 asserit

674 2516 1012 2578 Panciroiius
1054 2519 1108 2577 in
1170 2520 1519 2592 reliquiarum
1554 2519 1714 2576 Urbis
1744 2520 2004 2579 lndiculo.
2032 2532 2234 2589 partem

674 2627 808 2669 vero
835 2629 942 2669 non
968 2615 1215 2685 exiguam
1242 2630 1270 2668 a
1298 2617 1603 2685 quingentis
1634 2614 1911 2669 minimum
1947 2617 2104 2671 annis
2125 2630 2238 2685 pos-

672 2702 815 2756 sidet
857 2703 1208 2758 celeberrima
1249 2703 1609 2759 Flandrorum
1657 2706 1845 2760 civitas
1878 2705 2069 2775 Brugae
2094 2749 2109 2772 ,
2147 2707 2234 2760 ubi

668 2792 833 2847 etiam
857 2803 1035 2848 exstat
1070 2794 1365 2865 antiquitus
1383 2796 1632 2861 ecclesia,
1667 2797 1767 2853 sub
1794 2798 2032 2866 ejusdem
2059 2801 2232 2855 sancti

674 2883 895 2942 nomine
930 2888 1127 2942 dicata.
1150 2885 1430 2943 Fundator
1457 2888 1555 2943 fuit
1575 2889 1947 2947 Theudoricus
1976 2893 2235 2957 Alsatius,

671 2967 1031 3027 Flandrorum
1090 2989 1153 3029 ac
1206 2975 1695 3033 Viromanduorum
1749 2995 1930 3035 comes
1990 2983 2057 3037 ab
2099 2998 2238 3037 anno

677 3061 813 3116 “28
843 3065 909 3115 ad
950 3064 1087 3119 1169
1128 3080 1143 3118 :
1179 3068 1244 3121 de
1274 3083 1376 3132 qua
1423 3067 1739 3125 fundatione
1790 3071 1980 3141 Brngis
2031 3077 2239 3138 accepi-

672 3168 793 3208 mus
816 3151 1051 3225 Philippi
1089 3154 1181 3210 ﬁlil
1210 3157 1442 3226 diploma
1468 3200 1483 3221 ,
1525 3162 1705 3214 datum
1728 3154 1875 3215 'anno
1905 3163 2075 3228 H87;
2103 3174 2155 3218 et
2206 3180 2234 3217 a

673 3244 913 3301 Roberto
979 3245 1043 3302 111
1098 3247 1365 3304 Flandria:
1421 3250 1621 3306 comite
1673 3262 2036 3321 renovatum,
2091 3270 2235 3309 anno

673 3334 834 3402 1321,
864 3338 965 3393 hoc
996 3350 1184 3396 tenore
1215 3359 1229 3397 :

770 3446 791 3479 ι
828 3426 1147 3496 Universis,
1200 3440 1311 3486 tam
1368 3436 1719 3502 praesentibus
1778 3450 1937 3505 quam
2004 3436 2239 3504 futuris,

674 3529 967 3583 umentes
1036 3520 1241 3577 litteras
1304 3524 1679 3593 inspectoris,
1736 3528 1999 3583 Rohertus
2061 3546 2242 3586 comes

675 3608 944 3667 Flaudriae
967 3616 1218 3682 salutem,
1251 3626 1306 3671 et
1338 3616 1413 3670 rei
1457 3626 1623 3686 gestae
1668 3634 1893 3674 noscere
1934 3622 2238 3677 veritatem.

674 3702 755 3756 Ad
786 3715 1105 3771 perpetuam
1143 3707 1219 3762 rei
1270 3711 1585 3765 memoriam
1612 3750 1627 3777 ,
1656 3720 1837 3766 notum
1869 3711 2097 3767 facimus
2118 3714 2241 3767 uni-

674 3794 891 3848 versis:
931 3792 1002 3850 Ut
1051 3796 1300 3854 instituta
1336 3800 1644 3869 salubriter,
1682 3805 1880 3859 nostris
1935 3816 1989 3859 et
2038 3804 2242 3877 praede-

677 3897 959 3939 cessorum
992 3897 1299 3942 nostrorum
1358 3895 1723 3961 temporibus,
1754 3896 2006 3964 prudenti
2037 3906 2089 3953 et
2115 3914 2245 3969 pro-

674 3977 793 4031 viso
842 3987 1162 4049 mutumque
1207 3982 1435 4037 consilio
1472 3984 1791 4038 conﬁrmata
1818 4002 1913 4055 per
1942 3988 2242 4055 przedeces-

675 4084 828 4126 sores
866 4082 1105 4140 nostros,
1133 4083 1279 4128 certa
1309 4075 1537 4145 quadam
1572 4078 1759 4131 notitia
1792 4089 2155 4149 propagentur
2188 4082 2240 4135 in

678 4170 957 4234 posteros;
1004 4178 1072 4219 ne
1119 4178 1373 4233 processu
1408 4169 1666 4235 temporis
1692 4184 1720 4221 a
1757 4180 2095 4237 posterorum
2127 4186 2244 4223 me-

680 4254 849 4309 moria
880 4293 896 4320 ,
954 4270 1050 4326 per
1084 4254 1319 4326 ineptam
1353 4258 1640 4314 oblivionis
1677 4260 1960 4329 caliginem
1989 4301 2005 4325 ,
2052 4276 2245 4315 evane-

679 4355 870 4410 scant,
904 4346 1200 4402 litterarum
1248 4347 1419 4403 solent
1450 4350 1659 4405 indiciis
1707 4352 1935 4422 publicis
1966 4353 2237 4407 reternari.

678 4432 789 4491 Nos
818 4436 981 4507 igitur
1003 4437 1346 4495 attendentes
1366 4480 1381 4504 ,
1410 4444 1833 4511 praedecessores
1871 4453 2108 4508 nostros,
2144 4458 2240 4514 pro

678 4543 898 4584 suarum
933 4544 999 4585 ac
1030 4532 1485 4599 praedecessorum
1514 4544 1567 4588 et
1590 4549 1963 4589 successorum
2019 4552 2237 4590 suorum

2410 1993 2428 2026 s
2469 1974 2539 2030 Ut
2584 1974 2635 2029 in
2674 1972 3000 2041 temporibus
3056 1973 3258 2027 nostris
3302 1974 3544 2028 instituta
3613 1970 3900 2028 salubriter

2336 2076 2390 2122 et
2419 2068 2662 2137 prudenti
2684 2065 2904 2123 consilio
2928 2061 3261 2130 conﬁrmata,
3321 2074 3465 2119 certa
3492 2067 3729 2135 quadam
3760 2066 3893 2119 noti-

2340 2158 2409 2213 tia
2461 2169 2813 2231 pr0pagentur
2844 2155 2897 2211 in
2928 2166 3187 2228 posteros,
3230 2170 3296 2209 ne
3360 2169 3612 2223 processu
3646 2156 3900 2222 temporis

2337 2266 2367 2305 a
2400 2263 2732 2319 posterorum
2766 2250 3021 2305 memoria
3060 2264 3153 2319 per
3183 2250 3415 2317 ineptam
3450 2244 3740 2301 oblivioois
3764 2245 3889 2297 cali-

2337 2344 2511 2411 ginem
2546 2351 2885 2401 evanescant,
2924 2342 3217 2394 litterarum
3265 2338 3436 2394 solent
3488 2336 3705 2391 indiciis
3747 2346 3902 2388 mter-

2338 2435 2475 2486 nnri.
2496 2432 2829 2501 Quapropter
2868 2445 2966 2498 ego
2994 2429 3290 2498 Philippus,
3318 2430 3406 2485 Dei
3430 2427 3598 2499 gratia
3630 2426 3897 2481 Flandriae

2336 2538 2536 2589 comes,
2570 2533 2675 2575 tam
2706 2520 2935 2591 posteris
2968 2535 3128 2590 quam
3149 2520 3521 2590 prmsenlibus,
3553 2527 3739 2571 notum
3775 2531 3896 2570 esse

2337 2613 2500 2679 volo,
2560 2611 2700 2683 quod
2757 2620 2910 2680 pater
2963 2625 3114 2665 meus
3171 2611 3340 2680 dignae
3396 2609 3668 2664 memoriae
3721 2622 3901 2663 comes

2338 2703 2730 2763 Theodoricus.
2762 2714 2821 2758 et
2854 2711 3027 2755 mater
3065 2716 3183 2755 mea
3218 2703 3320 2771 pi:e
3371 2701 3765 2757 recordationis
3814 2716 3903 2755 co-

2337 2793 2542 2848 mitissa
2577 2792 2765 2847 Sibilla
2793 2833 2808 2857 ,
2846 2791 3027 2846 divina
3082 2793 3435 2860 inspiratione
3477 2792 3760 2858 commoti,
3807 2805 3902 2860 pro

2339 2890 2633 2943 animarum
2675 2902 2891 2943 suarum
2942 2897 2998 2943 et
3026 2902 3243 2941 suorum
3282 2887 3737 2956 praedecessorum
3772 2899 3901 2937 nec-

2338 3000 2443 3037 non
2473 2992 2527 3036 et
2557 2996 2928 3036 successorum
2984 2980 3158 3035 salute
3180 3020 3195 3045 ,
3225 2977 3415 3049 Brngis
3442 2980 3492 3031 in
3523 2977 3783 3039 Castello,
3841 2978 3894 3029 in

2338 3076 2540 3129 honore
2580 3072 2671 3127 Dei
2698 3080 2751 3126 ct
2798 3072 2966 3125 beata:
2995 3069 3230 3138 Virginis
3252 3068 3459 3133 Mariae,
3486 3076 3539 3123 et
3568 3068 3742 3122 sancti
3795 3067 3833 3118 fl
3852 3088 3895 3117 ι-

2336 3164 2440 3219 silii
2477 3162 2733 3231 episcopi,
2780 3159 3059 3213 ecclesiam
3096 3174 3159 3212 ex
3213 3158 3427 3227 proprio
3476 3165 3693 3224 sumptu
3742 3157 3904 3209 aditi-

2335 3253 2446 3309 cari
2484 3252 2744 3316 fecerunt,
2770 3261 2823 3305 et
2859 3250 2924 3304 ad
2954 3248 3149 3304 ibidem
3180 3250 3285 3305 Deo
3314 3248 3651 3303 serviendum
3686 3249 3742 3303 in
3777 3264 3903 3318 pio-

2345 3346 2460 3418 pria
2490 3359 2745 3417 persona,
2770 3358 2865 3413 per
2898 3351 3130 3412 quatuor
3157 3340 3482 3412 capellanos,
3509 3341 3774 3396 canonice
3798 3352 3905 3393 sta-

2348 3445 2568 3492 tuerunt
2593 3434 2817 3507 singulis
2848 3435 3031 3489 decem
3064 3432 3231 3488 libras
3262 3433 3313 3486 in
3348 3430 3484 3488 festo
3514 3434 3690 3486 sancti
3730 3430 3907 3485 Marti-

2351 3530 2402 3582 ni
2433 3544 2497 3581 ex
2530 3527 2708 3581 oﬂicio
2738 3525 3007 3589 Lambini,
3033 3524 3260 3594 singulis
3288 3539 3428 3577 xxvn
3468 3522 3674 3576 solidos
3714 3537 3782 3574 ex
3816 3522 3909 3573 mi-

2343 3618 2569 3671 nisterio
2609 3616 3000 3670 Lamberti.....
3044 3632 3064 3666 ι
3108 3612 3367 3681 Sequitur
3409 3610 3745 3679 singulorum
3778 3612 3909 3662 redi-

2348 3716 2499 3762 tuum
2554 3715 2808 3761 accurata
2846 3704 3217 3769 enumeratio;
3262 3716 3366 3772 qua
3412 3702 3589 3756 studio
3617 3701 3906 3755 brevitatis

2347 3799 2732 3873 praetermissa,
2760 3797 2837 3851 sic
2864 3796 3210 3851 continuatur
3236 3793 3464 3865 diploma
3492 3812 3505 3849 :

2420 3912 2438 3945 ι
2471 3892 2542 3949 Ut
2568 3902 2745 3945 autem
2764 3890 2878 3944 haec
2908 3889 3087 3943 omnia
3115 3901 3231 3958 quae
3262 3897 3445 3956 postea
3475 3898 3907 3954 supervenerunt

2353 3985 2436 4039 vel
2466 3984 2637 4037 adhuc
2662 3989 3095 4050 supercrescent,
3119 3988 3232 4033 rata
3256 3986 3312 4031 et
3343 3975 3650 4031 inconvulsa
3688 3991 3905 4045 perma-

2346 4084 2533 4136 neant,
2567 4073 2864 4126 litterarum
2890 4069 3148 4125 custodize
3182 4067 3584 4130 commiserunt,
3602 4075 3655 4120 et
3681 4066 3905 4135 privile-

2344 4165 2414 4234 gii
2450 4164 2529 4219 sui
2564 4162 2855 4216 munimine
2884 4163 3231 4214 firmaverunt
3258 4176 3272 4212 :
3302 4159 3440 4225 quod
3474 4156 3633 4227 longo
3665 4165 3908 4225 tempore

2341 4264 2460 4325 post
2491 4267 2678 4307 eorum
2721 4252 3017 4314 decessum,
3045 4265 3111 4303 ex
3142 4250 3413 4303 communi
3463 4247 3721 4302 incendio
3782 4247 3909 4300 Bru-

2342 4347 2516 4418 gensi,
2548 4359 2644 4415 per
2666 4344 2928 4397 incuriam
2982 4340 3229 4410 deperiit.
3272 4339 3350 4394 Ne
3380 4349 3560 4393 autem
3600 4340 3704 4392 hoc
3735 4338 3904 4392 infor-

2351 4439 2521 4505 tunio,
2558 4436 2701 4507 quod
2736 4436 2869 4488 bene
2895 4433 3133 4487 fecerant
3174 4446 3357 4484 eorum
3391 4430 3657 4482 amitteret
3686 4429 3917 4495 posteri—

2351 4540 2469 4595 tas,
2499 4526 2757 4597 quidquid
2792 4525 2844 4578 in
2884 4538 2950 4578 eo
2978 4523 3195 4592 dignum
3242 4520 3501 4575 memoria
3531 4517 3906 4588 conscriptum

680 4622 985 4677 animarum
1010 4623 1209 4689 salute,
1246 4623 1438 4694 Brugis
1461 4626 1512 4679 in
1534 4624 1731 4696 Burgo,
1760 4626 1809 4679 in
1835 4628 2093 4681 honorem
2123 4626 2238 4695 Dei,
2274 4648 2316 4703 ι)
2347 4621 2546 4685 fuerat.
2582 4618 2802 4674 rescribi
2850 4626 2907 4671 οι
2943 4613 3253 4669 conﬁrmati
3296 4612 3432 4703 [θεῖε
3464 4611 3792 4703 ευὺεςτξριῑε
3816 4626 3911 4666 εο-

679 4716 853 4770 beatte
878 4712 1117 4787 Virginis
1144 4714 1326 4771 Μαι-ξω
1351 4760 1366 4784 ,
1399 4729 1452 4770 et
1484 4718 1654 4772 sancti
1713 4717 1894 4772 Basilii
1944 4718 2183 4787 episcopi
2218 4757 2233 4781 ,

678 4806 1055 4877 ecclesiamcx
1085 4811 1296 4880 proprio
1327 4819 1539 4879 sumptu
1563 4808 1904 4874 aediﬁcatam,
1936 4811 2001 4865 ad
2031 4810 2225 4864 ibidem

681 4896 794 4953 Deo
815 4911 909 4967 per
932 4907 1165 4968 quatuor
1194 4898 1501 4966 capellanos
1528 4897 1661 4952 inibi
1697 4899 1971 4954 institutos
2008 4897 2060 4951 in
2097 4912 2225 4965 pro-

682 4988 796 5060 pria
846 5002 1075 5057 persona
1106 4990 1538 5055 deserviendum,
1575 4990 1855 5057 fundasse,
1896 4999 1951 5045 et
1974 4986 2234 5044 canonice

683 5079 938 5136 statuisse
979 5096 1115 5151 :pro
1160 5082 1357 5150 quibus
1404 5083 1604 5137 reditus
1655 5091 1709 5137 et
1766 5082 1868 5135 alia
1909 5081 2225 5136 ordinarunt

685 5172 900 5242 provisa
922 5210 937 5236 ,
974 5180 1127 5241 prout
1157 5173 1209 5226 in
1236 5172 1433 5228 litteris
1476 5172 1857 5241 infrascriptis,
1885 5171 2061 5242 sigillo
2100 5186 2237 5240 quo.

691 5268 811 5322 1am
864 5267 1016 5321 bona:
1071 5264 1339 5321 memoria:
1370 5264 1569 5319 domini
1604 5264 1830 5335 Philippi
1859 5305 1874 5330 ,
1904 5264 2030 5319 olim
2072 5262 2229 5318 Flau-

686 5356 829 5415 ἀπίω
865 5356 1103 5422 comitis,
1144 5355 1552 5427 praadecessoris
1585 5356 1751 5410 nostri
1784 5354 2054 5426 sigillatis,
2089 5366 2247 5422 appa-

716 5448 841 5503 ebat
863 5448 1035 5517 prima
1068 5447 1202 5501 facie
1223 5486 1238 5512 ,
1277 5448 1388 5502 haec
1420 5457 1472 5500 et
1508 5445 1610 5501 alia
1654 5446 1793 5499 inter
1823 5454 2015 5499 caetera
2042 5442 2249 5513 plenius

696 5539 1061 5597 :ontinentur.
1095 5539 1240 5607 Quas
1272 5540 1481 5594 litteras
1507 5554 1608 5594 nos
1639 5539 1870 5594 vidimus
1892 5578 1906 5602 ,
1945 5548 1997 5592 et
2020 5536 2250 5607 diligen-

697 5640 779 5683 ter
810 5628 1028 5701 inspici,
1056 5644 1118 5684 ac
1152 5628 1495 5684 collationem
1536 5630 1603 5683 de
1644 5630 1710 5685 iis
1741 5630 1854 5685 fieri
1885 5626 2109 5684 fecimus
2162 5642 2250 5683 so-

697 5723 863 5780 lerter
887 5741 902 5779 :
923 5737 1150 5794 quarum
1184 5732 1336 5778 tenor
1364 5723 1483 5777 talis
1503 5731 1583 5777 est
1605 5740 1619 5777 :

2347 4727 2464 4767 rum
2502 4711 2593 4783 qui
2630 4707 2994 4765 interfuerunt
3021 4705 3357 4769 nominibus,
3386 4702 3630 4764 Gerardi,
3658 4700 3911 4772 Brugen-

2344 4805 2418 4861 sis
2446 4801 2741 4875 praepositi,
2769 4798 3037 4855 Flandria:
3072 4795 3410 4861 cancellarii;
3440 4792 3701 4863 Hugonis,
3753 4794 3910 4849 deca-

2344 4898 2396 4951 ni
2450 4896 2508 4950 S.
2545 4892 2863 4957 Donatiani;
2914 4888 3180 4955 Joannis,
3238 4885 3526 4956 Brugensis
3580 4884 3909 4951 castellani;

2342 4984 2572 5040 Gilberti
2626 4983 2693 5037 de
2742 4982 2891 5035 Aria.
2919 4979 3109 5033 Actum
3149 4980 3201 5031 in
3234 4976 3421 5040 Maleo,
3462 4988 3607 5030 anno
3633 4973 3905 5029 incarnati

2342 5078 2502 5133 \‘erbi
2538 5091 2845 5131 ucuxxvn.

2422 5187 2440 5219 ι
2480 5168 2713 5233 Quarum
2743 5166 3041 5220 litterarum
3080 5162 3323 5219 effectum
3354 5175 3453 5216 nos
3478 5158 3774 5225 Robertus,
3812 5173 3911 5213 co.

2344 5274 2457 5313 mes
2484 5256 2750 5313 Flaudrize
2785 5255 3145 5324 supradictus,
3184 5268 3281 5324 pro
3310 5251 3465 5307 nobis
3492 5260 3547 5306 et
3572 5250 3914 5305 successori-

2340 5343 2439 5397 bus
2467 5341 3018 5409 uostris,auctoritate
3050 5351 3232 5395 nostra
3260 5338 3562 5409 principali,
3582 5349 3910 5410 perpetuum

2340 5438 2581 5507 vigorem
2631 5444 2686 5487 et
2742 5432 2951 5488 roboris
2985 5434 3295 5487 llrmitatem
3348 5430 3594 5486 volumus
3628 5430 3908 5485 obtinere.

2341 5529 2400 5584 In
2428 5528 2580 5598 cujus
2614 5526 2690 5581 rei
2724 5523 3091 5580 testimonium
3120 5522 3349 5594 sigillum
3391 5530 3634 5576 nostrum
3668 5538 3913 5592 praesen-

2345 5620 2487 5675 tibus
2518 5626 2602 5673 est
2627 5629 2949 5686 appensum.
3002 5612 3193 5668 Datum
3246 5611 3510 5678 Curtracl,
3546 5614 3915 5679 praesentibus

2349 5710 2605 5781 magistro
2633 5706 2848 5764 Nicolao
2886 5708 2953 5763 de
2977 5706 3134 5765 Petra
3161 5746 3175 5773 ,
3221 5704 3460 5761 ecclesia:
3488 5702 3674 5760 Beata
3725 5702 3912 5761 Maria
