4066 6314
876 391 1233 449 EXCERPTA
1276 389 1361 444 EX
1403 386 1602 444 ACTiS
1640 386 1701 443 S.
1740 382 1987 441 BASILII
2022 378 2542 437 BOLLANDIANIS.

3061 390 3335 434 εοιυιιι

146 522 391 596 Brugensis
434 520 760 591 praeposito;
801 516 939 587 Mag.
993 514 1225 571 Henrico
1255 513 1439 578 Bram,
1489 514 1665 584 legum
1694 520 1741 576 Α
1767 508 2053 576 eidemque
2085 500 2405 574 parochiali,
2431 510 2643 555 caetera:
2662 513 2727 553 es
2757 497 2904 562 Asia,
2944 494 3141 562 Gallia,
3165 495 3340 563 ltaiia,

146 618 425 685 professore,
465 612 733 666 canonico
760 608 1126 673 'i‘ornacensi;
1155 606 1293 676 Mag.
1329 605 1663 667 Christiano,

1766 599 2063 670 Belgioque
2107 594 2349 651 collectae
2376 633 2390 657 ,
2421 605 2653 663 quarum
2689 592 2740 645 in
2785 589 3077 660 diplomate
3106 588 3339 660 Philippi

144 684 344 763 ecclesia:
370 702 774 760 ilariebecensis
799 700 1117 771 praeposito;
1151 700 1368 754 domino
1392 696 1663 753 Christia-
1758 690 1985 748 comitis
2012 687 2243 743 habetur
2268 684 2479 741 notitia.

148 816 233 864 no,
257 802 387 854 dicto
432 798 653 859 Matam,
686 796 890 849 decano
921 795 1079 848 dictze
1109 790 1525 847 Harlebecensis
1573 802 1668 844 ec-

144 895 322 957 clesiae;
353 893 573 947 Simone
596 892 793 945 Vastun
816 932 830 954 ,
859 887 1124 943 Flandrize
1151 894 1459 953 receptore;
1487 891 1541 937 et
1562 881 1668 935 Ro-

145 986 283 1056 gerio,
314 984 519 1037 Tomun
553 1025 569 1050 ,
609 980 918 1037 consiliario
942 988 997 1033 et
1034 978 1303 1033 serviente
1335 984 1551 1039 nostro;
1581 973 1668 1027 die

143 1075 379 1139 Mercurii,
428 1084 548 1142 post
574 1073 769 1127 festum
803 1070 943 1125 beati
971 1067 1119 1123 Petri
1150 1070 1217 1122 ad
1248 1065 1491 1132 Vincula,
1524 1078 1668 1118 anno

144 1167 322 1223 Domini
350 1165 627 1220 millesimo
649 1162 1026 1217 trecentesimo
1056 1159 1313 1230 vigesimo
1336 1158 1531 1227 primo.
1560 1175 1578 1209 ι
1602 1153 1669 1211 Et

141 1260 273 1316 bulize
297 1257 628 1328 appendebat
680 1253 901 1309 comitis
925 1251 1156 1323 sigillum
1189 1250 1243 1305 in
1275 1264 1399 1305 cera
1438 1249 1580 1313 alba,
1614 1256 1669 1301 et

140 1352 229 1421 iam
256 1351 356 1405 iere
386 1348 539 1402 ﬂava.
580 1346 809 1401 Inferius
832 1346 1089 1415 scriptum
1121 1351 1276 1397 erat:
1311 1360 1331 1393 ι
1359 1341 1524 1396 Facta
1556 1339 1669 1394 col-

146 1447 311 1499 latione
336 1443 508 1511 hujus,
538 1456 660 1494 cum
687 1440 826 1494 bulla
864 1447 1140 1493 reservata
1192 1439 1243 1489 in
1280 1436 1481 1491 sacello
1510 1433 1665 1490 Sacri

145 1534 329 1587 iiruoris
360 1530 584 1600 Brugis;
625 1529 799 1584 inveni
833 1542 935 1599 ego
986 1526 1369 1597 inirascriptus
1393 1523 1666 1590 notarius,

146 1628 302 1698 Brugis
329 1638 539 1694 quoque
567 1621 829 1685 residens,
862 1620 1071 1688 copiam
1098 1619 1239 1674 hanc
1269 1632 1390 1673 cum
1427 1616 1514 1671 illa
1540 1631 1669 1670 con-

146 1722 367 1775 cordare:
399 1717 537 1787 quod
558 1724 803 1771 attestor.
823 1732 843 1767 ι
864 1712 931 1768 Et
951 1714 1218 1785 signatum
1240 1721 1377 1776 erat,
1402 1729 1421 1763 ι
1452 1709 1666 1781 Spetael

143 1814 350 1869 notarius
386 1812 541 1867 1671.
574 1829 595 1866 ι

201 1908 323 1962 Inter
361 1905 778 1977 Crucesignates
822 1902 1109 1975 principes,
1162 1901 1251 1973 qui
1317 1913 1415 1971 pro
1443 1911 1668 1968 recupe»

144 1998 280 2054 randa
308 1998 469 2055 Terra
527 2007 715 2054 sancta
769 2010 863 2066 per
898 1994 1165 2051 Minorem
1210 1993 1396 2049 Asiam
1432 1991 1669 2046 victores

143 2093 471 2156 transierunt,
522 2099 578 2145 et
632 2096 945 2159 recuperata
981 2087 1141 2143 caesis
1186 2084 1435 2143 barbaris
1466 2083 1668 2151 Nicaea,

142 2182 344 2240 iconium
377 2182 428 2237 in
460 2181 756 2253 Lycaonia,
782 2190 941 2251 atque
970 2178 1276 2235 Caesaream
1302 2179 1356 2233 in
1381 2176 1670 2248 Cappado-

146 2280 209 2331 ria
226 2277 558 2332 obtinuerunt
599 2288 741 2329 anno
765 2288 973 2335 lxcvu.
1008 2272 1109 2328 iuit
1146 2271 1420 2328 Robertus
1445 2266 1509 2331 II,
1538 2266 1668 2324 Hie-

148 2368 520 2438 rosolymitanus
576 2366 701 2421 inde
748 2366 957 2429 dictus,
993 2365 1260 2421 Fiandrire
1303 2378 1506 2420 comes.
1535 2361 1669 2417 Huic

149 2462 262 2513 inter
300 2457 528 2525 praedam
565 2457 739 2528 potuit
764 2457 1023 2529 obtigisse
1074 2454 1139 2511 8.
1190 2454 1375 2510 Basilii
1425 2466 1665 2523 corpus,

146 2547 257 2620 quod
289 2548 370 2603 ille
399 2548 451 2604 in
491 2548 805 2603 Flandriam
842 2547 1069 2614 miserit,
1118 2545 1202 2602 vel
1255 2560 1323 2601 ex
1354 2544 1511 2616 Syria
1544 2549 1668 2615 post

148 2641 377 2697 biennium
409 2655 661 2698 reversus
685 2639 955 2708 attulerit;
985 2639 1233 2711 quamvis
1263 2639 1379 2711 ejus
1412 2638 1488 2695 rei
1522 2637 1665 2693 nulla

146 2742 289 2788 exstet
326 2733 600 2789 memoria.
624 2730 846 2787 Roberti
898 2732 1040 2788 illius
1065 2747 1129 2788 es
1165 2748 1353 2788 sorore
1396 2729 1668 2787 Gertrude

146 2825 521 2881 etTheodorico
574 2824 790 2880 Alsatize
841 2824 1170 2895 Lantgravio
1220 2837 1382 2893 nupta
1415 2862 1430 2887 ,
1490 2837 1662 2893 nepos

149 2916 227 2969 iuit
251 2916 624 2982 Theodoricus,
658 2924 1013 2985 cognomento
1041 2914 1299 2978 Alsatius,
1325 2924 1445 2982 post
1473 2910 1667 2969 S..Ca-

150 3007 223 3060 mli
253 3008 370 3061 Dani
418 3023 605 3063 necem
642 3006 966 3059 vindicatam
997 3015 1054 3059 et
1081 3003 1385 3059 abdicatum
1434 3001 1667 3059 Cuiiiei-

149 3116 262 3153 mum
287 3098 661 3159 Normaunum,
692 3106 1002 3167 assumptus
1052 3095 1106 3151 in
1156 3096 1471 3151 comitatum
1499 3092 1664 3150 Fian-

149 3191 275 3279 «irim.
310 3188 399 3242 iiic
437 3187 881 3255 pranominatam
937 3187 1113 3242 sancti
1156 3185 1341 3242 Basilii
1382 3185 1665 3240 ecclesiam
1694 3220 1737 3279 ο

148 3276 348 3328 lundavit
394 3276 705 3347 dotavitque
736 3317 752 3344 ,
810 3278 1063 3348 princeps
1097 3277 1218 3347 pius
1246 3314 1262 3340 ,
1294 3284 1349 3329 et
1384 3284 1577 3345 quater
1609 3273 1662 3328 in

145 3382 318 3423 sacram
349 3370 591 3424 militiam
616 3368 924 3440 profectus;
954 3370 1097 3423 unde
1125 3366 1298 3438 prima
1330 3366 1447 3421 vice
1477 3378 1663 3420 rever-

148 3470 238 3515 tens
260 3476 386 3517 anno
412 3462 634 3517 circiter
675 3458 830 3522 H59.
864 3461 1077 3515 videtur
1106 3459 1396 3514 adduxisse
1443 3469 1665 3512 uxorem

149 3554 386 3621 Sibillam,
436 3551 907 3625 Hierosolymitani
971 3551 1115 3623 regis
1168 3547 1417 3605 Fuiconis
1466 3547 1665 3615 tiliam,

147 3660 242 3700 cum
282 3660 377 3715 qua
429 3645 743 3714 praedictam
788 3643 980 3699 deinde
1023 3642 1310 3698 aediﬁcavit
1344 3640 1655 3706 ecclesiam,

147 3746 397 3804 sanctoque
424 3733 624 3791 Basilio
650 3734 877 3801 dicavit;
929 3733 1112 3806 utique
1138 3731 1224 3789 vel
1273 3732 1343 3791 ob
1390 3741 1661 3789 recentem

147 3826 345 3895 aliquam
378 3843 503 3901 erga
534 3827 787 3884 eumdem
819 3826 1203 3901 obiigationem
1225 3867 1241 3893 ,
1273 3825 1355 3883 vel
1392 3839 1554 3883 causa
1591 3824 1669 3882 ie-

161 3918 240 3973 icis
260 3934 316 3974 es
338 3917 495 3992 Syria
524 3920 754 3985 reditus,
796 3919 903 3976 nisi
932 3920 1142 3991 opinari
1172 3920 1295 3991 quis
1319 3918 1517 3986 mallet,
1543 3933 1669 3975 san-

146 4009 200 4063 cti
231 4010 370 4067 istius
415 4026 537 4068 ossa
576 4022 702 4066 tune
737 4012 969 4082 primum
1020 4011 1180 4065 allata
1236 4011 1291 4066 in
1349 4010 1666 4066 Flandriam

147 4102 279 4158 fuisse
305 4105 366 4161 ab
395 4104 648 4176 ipsomet.
680 4104 748 4160 Ut
782 4111 840 4159 ut
867 4112 971 4170 est,
998 4100 1145 4159 idem,
1170 4116 1349 4159 cornea
1376 4104 1665 4158 secundam

149 4194 188 4247 in
212 4194 457 4253 Orientem
496 4195 897 4269 expeditionem
923 4194 1160 4265 suscepit
1183 4208 1274 4247 an.
1303 4190 1477 4255 ii“;
1517 4191 1668 4246 inde-

146 4300 227 4355 que
247 4305 323 4345 an.
355 4292 491 4347 1150
542 4305 795 4346 reversus
824 4288 1029 4359 Brugas
1050 4329 1065 4355 ,
1097 4287 1249 4356 juxta
1280 4284 1554 4359 lieyerum
1609 4284 1666 4339 in

150 4380 405 4438 Annalibus
437 4383 727 4445 Flandrite,
749 4391 805 4436 et
828 4381 1055 4448 septimo
1084 4380 1207 4434 ldus
1235 4378 1455 4448 Aprilis,
1491 4378 1669 4435 incre-

148 4472 267 4526 diliili
292 4474 475 4543 gaudio
532 4489 598 4529 ac
645 4471 1000 4545 gratulatione
1034 4488 1063 4527 a
1093 4470 1342 4527 Fiandris
1370 4482 1652 4541 exceptura,

151 4564 389 4620 sacerrimi
444 4566 659 4623 cruoris
714 4564 919 4622 Christi
973 4566 1275 4635 portionem
1307 4602 1324 4629 ,
1382 4563 1436 4618 in
1488 4563 1665 4633 phiala
1702 4573 1744 4628 υ

148 4656 420 4724 crystallina
475 4659 840 4729 deportatam,
871 4669 969 4723 per
1025 4654 1281 4711 Leonium
1312 4654 1516 4709 Abhaui
1548 4652 1675 4708 Ber-

152 4746 355 4812 tiuicum,
386 4748 669 4804 collocavit
704 4749 754 4803 in
783 4748 896 4803 aede
936 4745 1118 4801 Sancti
1158 4745 1373 4810 Basilii,
1402 4747 1469 4800 ad
1507 4760 1671 4818 quam

152 4851 245 4892 cum
276 4838 452 4911 ingens
485 4840 725 4910 undique
759 4852 1057 4895 concursus
1090 4838 1367 4908 multaque
1411 4839 1672 4893 miracula

152 4926 326 4997 ilerent,
356 4943 515 5003 atque
548 4930 622 4986 ita
646 4931 844 5000 prioris
871 4928 1085 4997 patroni
1127 4928 1305 4985 cultus
1353 4941 1417 4983 ac
1446 4942 1673 4985 venera-

154 5021 210 5073 tio
227 5023 613 5088 obscuraretur,
650 5022 819 5075 vismn
858 5021 1021 5077 fuerit
1052 5019 1174 5074 huic
1205 5021 1553 5087 renovanda,
1579 5035 1673 5076 or-

154 5109 404 5180 nanda‘que
433 5112 637 5181 pariter
664 5109 963 5179 collegiatm
1000 5116 1055 5163 et
1106 5107 1379 5177 primaria:
1424 5107 1671 5161 ecclesiae

154 5195 525 5266 conductorum,
555 5199 602 5252 si
640 5198 692 5252 in
733 5197 869 5251 hanc
902 5193 1325 5251 transferrentur
1354 5196 1527 5252 sancti
1557 5194 1667 5249 Ba-

155 5283 233 5338 silii
253 5301 389 5344 sacra
415 5304 569 5354 ossa;
603 5290 706 5345 nisi
744 5289 795 5343 id
820 5288 1070 5347 malimus
1098 5286 1301 5342 factum
1332 5287 1543 5358 opinari
1572 5303 1671 5359 per

156 5390 584 5443 praemetuoratum
612 5380 773 5453 Burgi
796 5381 1086 5451 Burgensis
1124 5379 1453 5448 incendium,
1508 5381 1671 5453 longo

157 5477 359 5538 tempore
401 5482 524 5545 post
573 5486 854 5528 excessum
888 5470 1255 5536 fundatorum,
1302 5471 1378 5525 uti
1428 5473 1670 5544 loquitur

157 5556 381 5619 Robertus
420 5565 523 5634 ill;
579 5562 795 5634 quando
848 5564 1167 5619 restauratis
1198 5561 1443 5619 ecclesiis
1478 5566 1668 5622 amba-

159 5651 251 5717 bus,
274 5654 520 5725 placuerit
566 5660 647 5715 sic
681 5655 917 5713 dividere
948 5655 1202 5726 reliquias
1226 5695 1242 5724 ,
1271 5671 1301 5711 a
1328 5654 1670 5713 Theodorico

158 5743 258 5801 olim
283 5748 539 5821 depositas
570 5751 636 5805 ad
664 5748 725 5805 8.
756 5747 964 5816 Basilii,
1000 5756 1059 5801 ut
1084 5745 1243 5818 hujus
1280 5747 1545 5814 ecclesiae,
1578 5759 1666 5805 ut-

156 5847 257 5902 Ροιθ
293 5839 535 5899 Palatina
560 5881 579 5910 ,
632 5839 895 5897 manserit
926 5852 1081 5896 sacer
1112 5851 1308 5907 cruor;
1366 5838 1661 5911 collegiate

1841 778 2081 851 Diploma
2114 778 2215 831 hoc
2246 776 2507 831 habemus
2535 779 2937 841 transnmptum
2963 770 3063 825 sub
3089 769 3192 825 lide
3241 784 3342 840 pu-

1768 870 1909 923 blica
1933 867 2143 923 Claudii
2172 866 2409 936 Agretti,
2440 862 2797 933 protonouarii
2827 860 3134 930 apostolici.
3161 857 3342 914 ﬂabe-

1769 976 1891 1015 mus
1927 960 2090 1013 etiam
2117 956 2262 1012 aliud
2310 955 2728 1010 instrumentum
2779 951 3150 1006 translationis
3203 948 3341 1005 aite-

1767 1057 1901 1119 rius,
1946 1052 2102 1109 i‘actae
2155 1065 2299 1107 anno
2349 1047 2523 1113 H65;
2576 1062 2643 1104 ac
2676 1046 2909 1116 denique
2962 1042 3338 1101 translationis

1768 1147 1960 1208 tertiae,
1998 1144 2101 1199 hoc
2139 1142 2256 1212 ipso
2289 1157 2395 1211 quo
2422 1138 2781 1209 imprimimus
2820 1151 2962 1191 anno
3005 1135 3145 1192 1697
3189 1134 3345 1192 cele-

1764 1236 1969 1302 bratae;
1999 1234 2214 1307 quando
2246 1234 2298 1288 in
2324 1232 2527 1287 veteris
2566 1244 2745 1300 capsa:
2793 1230 3071 1298 apertione
3096 1227 3211 1283 sola
3252 1227 3343 1281 in-

1768 1340 1923 1381 vvuta
1954 1337 2208 1380 narratur
2241 1323 2470 1391 reliquia
2496 1322 2669 1377 sancti
2712 1320 2918 1384 Basilii,
2949 1335 3055 1375 una
3080 1334 3202 1375 cum
3236 1318 3333 1373 lit-

1769 1421 1903 1475 teris
1934 1421 1985 1472 in
2014 1431 2343 1489 pergameno
2372 1431 2495 1470 cum
2537 1427 2734 1485 magno
2758 1411 2938 1481 rigillo
2974 1412 3161 1478 rubro,
3184 1409 3343 1467 exhi-

1763 1513 1929 1568 bente
1983 1509 2211 1580 eiiigiem
2245 1516 2576 1577 equestrem,
2628 1515 2684 1560 et
2718 1504 2909 1560 sericis
2944 1503 3184 1574 antiquis
3208 1502 3343 1575 liga-

1770 1603 1965 1657 mentis
1992 1601 2290 1671 adjunctis,
2308 1598 2462 1668 cujus
2493 1596 2721 1662 lectura,
2742 1603 2850 1650 tam
2875 1595 2927 1649 in
2958 1594 3137 1664 sigillo
3177 1608 3340 1665 quam

1770 1694 1822 1745 in
1874 1701 2199 1761 pergameno
2228 1724 2244 1751 ,
2277 1700 2386 1740 non
2414 1684 2589 1753 potuit
2636 1682 2751 1737 ﬂeri
2776 1720 2793 1745 ,
2828 1692 3050 1751 propter
3115 1679 3342 1735 nimiam

1772 1789 2113 1834 vetustatem.
2143 1776 2285 1830 Cum
2313 1788 2507 1843 magno
2533 1771 2777 1842 profecto
2819 1770 3156 1842 posteritatis
3181 1767 3345 1825 detri-

1697 1871 1741 1928 B
1771 1880 1976 1937 mento,
2001 1884 2071 1926 ex
2119 1867 2213 1924 tali
2240 1866 2469 1932 lectura,
2506 1865 2553 1921 si
2582 1864 2697 1920 iieri
2725 1878 2788 1919 ea
2816 1862 3106 1932 potuisset,
3139 1860 3342 1918 verosi-

1771 1963 1973 2019 militer
2003 1959 2357 2017 intellectura
2386 1971 2579 2013 nomen
2616 1969 2680 2010 ac
2710 1964 2921 2024 tempus
2962 1952 3120 2022 primi
3156 1960 3340 2008 trans-

1770 2055 1959 2111 iatoris
2004 2068 2068 2110 ac
2120 2050 2421 2109 donatoris.
2450 2049 2720 2106 Oliverius
2744 2047 2996 2114 Vredius,
3031 2047 3177 2101 inter
3204 2045 3344 2100 Bru-

1772 2163 1966 2223 genses
2002 2144 2168 2217 hujus
2207 2141 2389 2202 saeculi
2422 2141 2667 2197 eruditos
2690 2139 3114 2209 jurisconsuitos
3158 2137 3341 2192 nomi-

1774 2240 2133 2306 notissimus,
2189 2250 2334 2293 anno
2406 2232 2547 2290 1659
2605 2232 2779 2289 edidit
2843 2230 3020 2302 sigilla
3080 2229 3339 2287 comitum

1769 2332 2037 2389 Flandriae
2064 2370 2080 2395 ,
2121 2328 2318 2400 insigni
2363 2322 2769 2383 Commentario
2795 2321 3083 2377 illustrata.
3119 2320 3338 2377 Primus

1771 2424 1843 2480 ibi
1867 2421 2136 2492 equestris
2160 2418 2403 2476 occurrit
2435 2416 2746 2479 Balduinus,
2764 2409 3051 2468 insulanus
3081 2424 3111 2465 a
3138 2411 3341 2483 patria,

1768 2516 1899 2577 Pius
1934 2529 2061 2571 vero
2086 2527 2116 2569 a
2146 2511 2328 2568 divino
2361 2509 2508 2565 cultu
2534 2506 2735 2570 dictus,
2773 2512 2912 2561 teste
2937 2502 3173 2576 Meyero,
3194 2501 3339 2556 etab

1770 2622 1916 2661 anno
1946 2603 2085 2660 1054
2109 2601 2177 2657 ad
2204 2598 2339 2655 i057
2376 2597 2579 2669 potitus
2601 2594 2885 2651 comitatu.
2904 2592 3039 2649 Cum
3075 2591 3182 2648 isto
3202 2590 3346 2647 aliis-

1768 2712 1875 2769 que
1904 2692 2257 2765 sequentibus
2298 2689 2547 2747 coni'erre
2580 2686 2623 2741 si
2655 2683 2823 2741 libeat
2855 2691 3012 2737 vetus
3046 2681 3212 2746 istud.
3238 2693 3342 2738 cu-

1762 2788 1852 2860 ius
1874 2788 2068 2845 littera
2096 2791 2452 2848 evanuerunt,
2472 2778 2739 2851 sigillum;
2765 2776 3016 2834 fortassis
3040 2788 3106 2830 es
3135 2772 3337 2843 majori

1769 2880 2038 2937 minorive
2071 2877 2306 2935 ruditate
2333 2873 2457 2947 equi
2503 2870 2809 2941 equitisque
2838 2908 2855 2935 ,
2899 2867 3041 2925 haud
3072 2867 3341 2925 inverosi-

1768 2973 1912 3028 milis
1935 2968 2259 3026 formabitur
2286 2966 2599 3036 conjectura
2634 2961 2701 3017 de
2734 2959 2903 3030 ipsius
2941 2958 3122 3031 sigilli,
3162 2967 3217 3015 et
3261 2973 3342 3014 ro-

1770 3078 1890 3120 rum
1924 3062 2049 3117 hinc
2075 3056 2427 3131 pendentium
2458 3062 2615 3109 tetate
2642 3069 2655 3107 :
2691 3066 2790 3125 ego
2815 3061 3028 3107 transeo
3050 3050 3119 3106 ad
3146 3048 3345 3108 instru-

1771 3166 2006 3213 mentum
2041 3151 2167 3209 anni
2201 3147 2358 3206 1187.
2382 3145 2533 3213 cujus
2558 3145 2646 3200 hic
2664 3154 2747 3199 est
2779 3152 2937 3199 tenor
2963 3160 2977 3197 :

1849 3263 1867 3297 ι
1892 3243 1949 3299 lu
1985 3242 2203 3297 nomine
2238 3238 2449 3302 Patris,
2492 3243 2548 3291 et
2600 3232 2763 3299 Filii,
2802 3242 2858 3288 et
2886 3232 3124 3305 Spiritus
3144 3231 3338 3289 sancti.

1769 3338 1963 3393 Amen.
2018 3334 2175 3387 Anno
2222 3330 2289 3385 ab
2338 3328 2715 3384 incarnatione
2781 3324 2993 3380 Domini
3054 3324 3343 3381 millesimo

1771 3426 2069 3483 centesimo
2114 3417 2485 3487 octnagesimo
2515 3427 2695 3483 sexto,
2727 3430 2819 3470 vui
2856 3412 3124 3471 Kalendas
3168 3411 3338 3480 Junii,

1773 3520 1827 3576 in
1848 3517 2075 3575 ecclesia
2105 3512 2253 3571 Beati
2287 3508 2573 3567 Donatiani
2602 3506 2821 3579 Brugis,
2844 3517 3029 3578 aperta
3059 3514 3187 3563 sunt
3213 3515 3341 3564 octo

1773 3611 1998 3676 scrinia,
2031 3608 2083 3664 in
2113 3606 2313 3678 quibus
2341 3604 2573 3659 inventae
2598 3608 2725 3658 sunt
2746 3597 2989 3669 reliqui»
3020 3605 3336 3654 sanctorum

1772 3698 2206 3771 quamplurima,
2239 3708 2338 3767 per
2376 3706 2595 3749 manum
2639 3688 2868 3771 Philippi
2896 3684 3248 3744 Fiandrensis
3279 3696 3340 3744 et

1777 3766 2519 3849 \‘ieromaudensiscomitis.
2571 3779 2669 3837 ﬁlii
2701 3766 3024 3835 Theoderici
3082 3776 3335 3843 comitis.

1771 3888 2035 3954 prasente
2057 3874 2334 3933 Florentio
2378 3870 2673 3929 iioltandize
2725 3868 2945 3937 comite,
2974 3879 3033 3927 et
3089 3865 3333 3926 Gerardo

1773 3987 1971 4034 nostra:
2000 3971 2245 4031 ecclesia
2265 3966 2592 4043 praeposito;
2621 3965 2750 4020 item
2783 3959 3049 4026 Gerardo,
3079 3958 3335 4016 insulano

1772 4069 2094 4144 praeposito;
2130 4074 2184 4123 et
2211 4065 2421 4121 caeteris
2467 4056 2838 4116 coniratribus
2867 4054 3070 4112 nostris
3109 4052 3337 4127 aliisque

1771 4142 2200 4231 quampluribus.
2255 4150 2314 4207 in
2364 4164 2472 4206 uno
2517 4149 2700 4211 itaque
2738 4145 2977 4211 scrinio,
3012 4142 3158 4215 quod
3207 4158 3338 4201 san-

1772 4250 1846 4304 cti
1902 4244 2087 4302 Basilii
2156 4240 2374 4307 dicitur,
2430 4237 2665 4296 inventa:
2714 4242 2841 4293 sunt
2894 4233 3179 4306 reiiquia,
3217 4248 3339 4303 qua:

1773 4338 2090 4405 subscripta:
2109 4341 2256 4399 sunt,
2284 4332 2464 4388 veraci
2500 4328 2810 4387 testimonio
2836 4326 3141 4383 litterarum
3164 4325 3339 4397 inpo-

1772 4431 2099 4588 :iLlfelirntim
2120 4516 2179 4573 8.
2205 4514 2385 4572 Basilii
2411 4529 2426 4578 ;
2459 4511 2667 4577 scilicet
2688 4524 2836 4566 ossa.

1775 4611 1840 4667 it.
1874 4608 1931 4666 S.
1963 4608 2188 4671 Nicolai,
2215 4620 2279 4661 os
2306 4605 2373 4659 de
2402 4612 2579 4674 capite
2602 4600 2740 4672 ejus.

1774 4703 1845 4763 Β.
1872 4702 1927 4758 8.
1955 4701 2202 4757 Andree.
2719 4694 2785 4750 ii.
2819 4694 2876 4749 8.
2911 4693 3149 4766 Georgii.

1775 4797 1841 4851 R.
1868 4796 1926 4850 S.
1954 4788 2203 4848 Firmini.
2714 4785 2777 4840 ιι.
2811 4786 2869 4841 8.
2906 4784 3142 4841 Martini.

1774 4890 1849 4944 De
1876 4886 2042 4943 linteo
2073 4884 2307 4951 Domini,
2343 4881 2483 4937 unde
2502 4879 2668 4951 pedes
2698 4876 3066 4950 apostolorum
3091 4877 3145 4931 in
3177 4889 3335 4936 cana

1845 4978 2019 5035 tersit.

1777 5092 1849 5149 De
1871 5101 2061 5163 petra,
2093 5087 2184 5144 ubi
2216 5085 2466 5144 Christus
2516 5083 2621 5141 fuit
2648 5125 2664 5150 ,
2706 5081 2921 5153 quando
2954 5080 3221 5155 jejuuavit
3274 5098 3339 5139 ss.

1845 5185 2052 5240 diebus.

1774 5278 1841 5334 Β.
1880 5276 1937 5333 8.
1967 5274 2328 5348 Radegundis.

1776 5394 1850 5446 De
1881 5392 1937 5447 S.
1964 5389 2190 5453 Silvine,
2211 5397 2362 5444 costa
2397 5401 2522 5449 una,
2550 5386 2703 5449 dens,
2733 5394 2787 5440 et
2812 5384 3013 5456 digitus
3032 5395 3193 5441 unus.

1773 5484 1841 5538 Β.
1875 5488 1932 5538 8.
1961 5479 2265 5539 Sebastiani
2323 5480 2391 5536 de
2427 5488 2573 5535 costa
2596 5480 2737 5549 ejus.

1774 5574 1831 5631 S.
1867 5574 2031 5637 Petri,
2715 5567 2771 5625 8.
2800 5567 3001 5625 Maria.

1774 5668 1833 5722 S.
1874 5663 2116 5729 Joannis,
2707 5660 2765 5717 8.
2797 5658 3039 5717 Vedasti.

1776 5757 1849 5814 De
1883 5757 1941 5812 S.
1972 5755 2255 5828 Folquino,
2281 5766 2429 5813 costa
2459 5771 2588 5819 una.
2624 5766 2675 5811 et
2700 5756 2903 5825 digitus
2938 5766 3097 5810 unus.

1775 5845 1843 5902 Β.
1867 5847 1923 5902 S.
1947 5845 2113 5918 Petri,
2141 5847 2193 5905 8.
2238 5846 2482 5916 Joannis,
2515 5848 2572 5904 S.
2606 5847 2841 5905 Vedasti.
