4066 6314
681 389 814 434 σοις

682 491 749 544 ﬂ.
785 491 843 544 8.
872 490 1101 545 Cosme.

681 580 758 635 De
786 591 937 634 veste
969 580 1359 635 Innocentium.

680 671 758 726 De
777 670 839 725 S.
877 672 1176 726 Theodoro.

680 761 757 814 De
779 762 940 815 barba
976 760 1031 813 S.
1062 761 1313 814 Amaudi.

679 850 747 905 ﬂ.
781 851 836 908 8.
872 851 1038 913 Pauli,
1066 852 1124 905 8.
1159 851 1412 923 Remigii,
1446 851 1503 905 S.
1534 850 1699 906 Petri.

680 943 756 996 De
780 951 957 997 monte
987 943 1269 1019 Calvariae.
1626 946 1699 999 De
1742 958 1977 1012 praesepe
2014 943 2241 997 Duttiitti.

676 1034 754 1088 De
775 1034 997 1090 brachio
1020 1036 1079 1092 8.
1110 1034 1361 1107 Odulphi.
1626 1040 1693 1093 ll.
1720 1038 1968 1107 Symonis
1989 1047 2041 1090 et
2071 1038 2241 1091 Jtldtu.

668 1112 740 1179 ’8.
766 1125 1141 1183 Bartholomtei
1167 1129 1414 1197 apostoli.

678 1212 740 1269 8.
780 1216 1003 1285 Agnetis
1032 1218 1276 1285 virginis.
1620 1218 1675 1272 S.
1709 1218 1882 1285 Eligii.

675 1304 754 1359 De
778 1307 1026 1361 oolumna
1049 1346 1063 1370 ,
1095 1308 1185 1361 ubi
1221 1306 1321 1361 fuit
1357 1308 1612 1364 Dominus
1644 1310 1962 1377 ﬂagellatur».

679 1401 757 1456 De
792 1403 1017 1468 concha,
1047 1400 1190 1457 unde
1216 1400 1347 1455 lavit
1376 1404 1541 1472 pedes
1574 1401 1961 1467 apostolorum.

676 1494 746 1549 Β.
781 1494 839 1549 8.
872 1494 1076 1569 Mariae,
1107 1495 1165 1547 S.
1196 1492 1362 1559 Petri,
1397 1494 1457 1549 S.
1486 1494 1658 1547 Pauli.

677 1588 747 1643 Κ.
783 1587 840 1644 8.
867 1588 1138 1657 Gregorii,
1164 1587 1224 1642 8.
1259 1586 1539 1647 Germani,
1582 1587 1643 1641 8.
1670 1586 1959 1655 Simplicii.

674 1683 736 1737 S.
770 1680 1020 1737 Andreae.
1623 1679 1680 1733 8.
1718 1680 1975 1734 Retttacli.

674 1772 741 1826 R.
774 1770 835 1827 8.
864 1768 1013 1826 Jonas
1036 1770 1327 1839 Prophetas.

672 1864 741 1919 Β.
771 1864 829 1920 8.
858 1864 1087 1921 Ceciliae
1124 1862 1347 1930 digitus.

669 1960 749 2013 De
774 1959 919 2028 ligno
955 1955 1191 2011 Domini.

672 2048 741 2105 Β.
783 2048 842 2104 8.
871 2046 1097 2102 Bertini.

670 2140 733 2194 8.
774 2138 1153 2194 Scholasticte.

672 2231 750 2289 De
768 2231 889 2289 oleo
912 2232 1054 2300 quod
1086 2229 1359 2285 benedixit
1382 2229 1443 2285 8.
1480 2228 1829 2285 Benedictus.

672 2324 749 2379 De
776 2333 949 2392 petra,
979 2338 1140 2392 super
1172 2337 1279 2392 qua
1306 2321 1573 2379 Dominus
1602 2325 1775 2379 stetit.

670 2420 741 2474 ll.
775 2418 834 2474 8.
863 2417 1034 2479 Pauli,
1061 2417 1118 2474 S.
1153 2415 1363 2489 Cyriaci
1394 2430 1719 2489 martyrum.

670 2510 733 2564 8.
762 2508 1030 2579 Hippolyti
1059 2518 1217 2563 mart.
1620 2506 1677 2561 8.
1706 2508 2005 2578 Gengulphi
2035 2520 2212 2565 mart..

671 2602 733 2655 S.
766 2600 1038 2656 Pancratii
1071 2608 1231 2654 mart.
1620 2600 1678 2655 8.
1715 2600 1931 2657 Sabinae
1961 2604 2099 2673 Virg.

1622 487 1679 541 8.
1709 488 2007 558 Peregrini.

1619 669 1694 726 De
1730 674 1873 742 ligno
1900 671 2131 725 Domini.

1620 1860 1678 1917 S.
1710 1862 1939 1917 Berthze.

1618 2046 1677 2101 8.
1710 2045 2029 2103 Audomarl.

1617 2134 1678 2191 8.
1705 2136 1891 2194 Felicii
1932 2154 2100 2209 papae.

672 2694 733 2750 S.
759 2692 1016 2764 Odulpbi.
1623 2695 1682 2750 8.
1716 2694 1996 2764 Gerulphi.

673 2786 731 2842 8.
764 2787 1000 2843 Maximi.
1619 2785 1679 2839 8.
1716 2785 1983 2850 Quintini.

672 2880 734 2935 S.
763 2881 1021 2935 Machuti.
1618 2876 1679 2934 8.
1702 2875 1992 2948 ldebergte.

671 2973 731 3029 8.
769 2972 1003 3027 Martini.
1625 2968 1683 3022 8.
1707 2967 1975 3041 GregOrii.

673 3066 751 3122 De
780 3079 1019 3137 prascpe
1048 3062 1280 3118 Domini.

678 3158 752 3212 De
786 3157 934 3225 virga
971 3154 1171 3209 Aaron.

673 3247 740 3299 lt.
780 3245 837 3300 8.
862 3244 1047 3300 Jacobi
1082 3241 1334 3314 apostoli.

674 3338 732 3391 S.
770 3335 1062 3391 Marcellini
1101 3343 1156 3389 et
1180 3335 1238 3387 8.
1276 3333 1602 3397 Geminiani,

674 3430 749 3482 De
772 3427 983 3498 capillis
1008 3426 1067 3481 S.
1102 3425 1506 3494 Christophori.

674 3521 753 3575 De
787 3519 999 3587 capillis
1020 3518 1387 3588 apostolorum
1424 3515 1573 3571 Petri
1609 3527 1662 3573 et
1691 3516 1865 3571 Pauli.

678 3613 782 3670 SS.
814 3612 1047 3667 Mattbia
1072 3620 1126 3665 et
1155 3609 1403 3664 Andreae.

678 3708 739 3762 8.
765 3705 990 3763 Joannis
1022 3702 1383 3776 evangelista.

679 3799 969 3854 Bracbiutn
996 3796 1058 3852 8.
1091 3797 1390 3852 Severiani.

766 3890 895 3945 Hec
943 3902 1122 3943 autem
1167 3887 1447 3959 Philippus
1501 3887 1679 3959 sigillo
1718 3904 1817 3944 suo
1870 3888 2069 3944 muniri
2110 3905 2247 3959 pra:-

675 3980 840 4050 cepit.

746 4071 793 4124 Δ
823 4082 974 4141 tergo
1011 4069 1329 4135 inscriptum
1375 4077 1493 4121 erat
1524 4068 1715 4121 eodem
1742 4069 2062 4124 charactere
2096 4072 2250 4126 Ruu-

678 4176 819 4228 oom
839 4180 855 4218 :
875 4173 927 4217 et
955 4162 1193 4216 additum
1214 4158 1502 4215 recentiori
1529 4172 1711 4218 manu,
1740 4156 2016 4213 Vistrna:
2039 4161 2192 4215 1186.
2224 4182 2242 4213 ι

679 4253 822 4320 Quid
868 4264 1046 4307 autem
1090 4259 1296 4320 septem
1346 4247 1469 4302 aliis
1499 4248 1719 4303 scriniis
1765 4250 2130 4316 contineatur,
2166 4252 2246 4303 vel

681 4346 811 4413 quid
841 4345 907 4400 iis
939 4354 1126 4423 postea
1162 4343 1363 4397 factum
1390 4341 1483 4407 sit,
1533 4339 1901 4412 Brugensibus
1922 4343 2245 4397 examinan-

681 4438 809 4491 dum
835 4435 1098 4505 relinquo.

1619 3701 1685 3756 R.
1712 3700 1771 3757 8.
1801 3701 2122 3756 Felicitatis.

2044 372 2410 431 PROLECOM
2420 372 2570 428 ENA.

2276 496 2323 550 Α
2353 489 2532 541 Patris
2565 498 2616 543 et
2648 488 2846 542 domini
2876 489 3064 555 nostri,
3088 486 3287 541 domini
3310 487 3385 541 Pii
3414 487 3591 543 divina
3622 481 3925 538 Providene

2351 580 2421 631 tia
2478 594 2626 647 papae
2680 577 2720 632 ll
2784 594 2924 632 anno
2959 583 3165 649 quinto,
3204 578 3255 631 in
3304 579 3403 630 hac
3446 579 3676 635 ecclesia
3726 574 3917 629 Sancti

2352 666 2632 723 Donatiani
2693 668 3024 737 Brugensis,
3076 670 3352 725 scalfaudo
3405 670 3539 725 bene
3578 677 3924 739 carpentato,

2349 770 2473 812 ante
2497 760 2721 825 doxale;
2755 770 2811 814 et
2844 774 3207 817 sacrosanctae
3239 759 3478 829 reliquiae
3508 760 3743 816 inferius
3770 758 3911 812 desio

2347 860 2545 917 gnatae.
2584 868 2755 919 nuper
2803 865 2867 903 ex
2894 851 3123 920 quadam
3162 861 3368 908 vetusta
3402 865 3583 919 capsa,
3616 855 3672 906 in
3699 869 3807 919 qua
3831 850 3922 903 diu

2346 940 2414 993 ab
2449 948 2626 1003 antea,
2666 942 2914 995 videlicet
2948 943 3013 994 de
3044 958 3183 996 anno
3216 943 3423 998 Domini
3479 942 3643 1003 H86,
3680 959 3775 997 νιιι
3799 940 3919 996 KaL

2345 1031 2533 1096 Junii,
2579 1033 2830 1105 Philippo
2878 1032 3144 1087 Flandria:
3171 1045 3225 1086 et
3262 1034 3653 1090 Veromandua:
3695 1037 3920 1097 comite,

2346 1124 2676 1181 Theoderici
2735 1126 2947 1181 comitis
3007 1125 3269 1180 Flantlria:
3328 1128 3434 1183 tilio
3477 1138 3603 1182 tunc
3659 1137 3924 1192 regnante

2346 1228 2659 1273 reverenter
2703 1220 3027 1275 exstiterant
3056 1219 3330 1271 collocatm
3361 1260 3377 1282 ,
3412 1236 3439 1274 a
3486 1234 3613 1273 casu
3642 1217 3921 1283 disrupta,

2346 1322 2602 1365 extractae
2639 1312 2857 1367 fuerunt
2905 1327 2999 1381 per
3032 1311 3387 1365 reverendum
3437 1315 3490 1367 in
3520 1314 3749 1369 Christo
3811 1307 3921 1361 Pa-

2348 1413 2525 1466 trem,
2586 1402 2651 1458 l).
2699 1406 3046 1460 Guiliclmnm
3086 1402 3346 1465 Vasoris,
3405 1418 3575 1459 sacra:
3625 1401 3919 1471 theologia

2346 1495 2725 1565 professorem,
2763 1499 2829 1552 de
2866 1499 3057 1551 ordine
3089 1494 3511 1549 Prtetiicaturum
3541 1534 3557 1558 ,
3594 1499 3919 1564 episcopum

2346 1590 2741 1657 Sareptanum;
2781 1589 2845 1641 ad
2881 1589 2985 1642 hoc
3013 1604 3042 1643 a
3075 1586 3372 1643 reverenda
3408 1587 3459 1639 in
3490 1584 3715 1641 Christo
3754 1587 3922 1642 Patre

2344 1690 2398 1734 et
2424 1679 2678 1744 Domino,
2710 1681 2769 1733 υ.
2816 1678 3105 1735 Gnilielmu
3144 1680 3395 1751 episcopo
3427 1677 3765 1732 Tornacensi
3812 1678 3917 1734 loci

2345 1772 2672 1835 dimcesano,
2705 1771 2939 1840 speciale
2966 1774 3272 1826 mandatum
3317 1770 3574 1833 habente,
3607 1769 3917 1836 translatae,

2274 1850 2318 1906 Β
2347 1876 2399 1919 et
2430 1865 2481 1917 in
2509 1878 2647 1919 novo
2680 1864 2901 1927 feretro,
2935 1862 2992 1916 8.
3019 1862 3198 1919 Basilii
3243 1866 3537 1929 attitulato,
3574 1865 3625 1918 in
3653 1861 3921 1918 illustris-

2346 1961 2605 2012 simorum
2633 1958 2932 2027 principum
2967 1957 3333 2024 dominorum,
3381 1957 3612 2027 Philippi
3667 1957 3923 2029 Burgun-

2344 2050 2464 2114 ἀίω,
2498 2048 2879 2119 Lotharingim,
2914 2049 3240 2114 Brabantiaz,
3277 2062 3329 2103 et
3369 2049 3697 2119 Limburgiae
3722 2051 3933 2113 ducis;

2344 2156 2407 2194 ac
2438 2138 2729 2205 Flandriaz,
2756 2141 3016 2205 Artliesii,
3049 2139 3385 2208 Burgunditc,
3420 2140 3671 2205 Palatini,
3701 2141 3925 2197 Hanno—

2343 2233 2463 2297 υἱέε,
2506 2231 2821 2298 llollandiae,
2856 2246 2911 2288 et
2932 2218 3219 2296 Zelaudiae,
3269 2248 3333 2286 at:
3367 2232 3621 2288 Namnrci
3670 2236 3922 2303 comitis,

2343 2322 2605 2396 Sacrique
2658 2322 2873 2395 Imperii
2926 2324 3289 2391 marchionis;
3338 2325 3647 2395 dominique
3680 2325 3921 2397 Frigize,

2343 2416 2649 2472 Salinarum
2676 2429 2730 2473 et
2758 2418 3055 2473 Mechlinia:
3088 2436 3101 2471 :
3128 2416 3308 2473 Caroli
3360 2416 3577 2472 comitis
3607 2418 3907 2484 Carolesii,

2343 2524 2409 2563 ac
2457 2510 2523 2564 de
2579 2510 2882 2565 Castrolino
2923 2520 2979 2564 et
3029 2511 3095 2563 de
3130 2509 3396 2563 Betltunia
3456 2509 3702 2575 domini;
3744 2510 3921 2581 ipsius

2343 2596 2545 2649 domini
2581 2595 2812 2665 Philippi
2867 2596 2960 2649 lilii
3013 2595 3236 2663 legitimi
3266 2606 3320 2651 et
3362 2595 3637 2655 bteredis:
3676 2614 3782 2655 nec
3812 2614 3919 2653 non

2340 2684 2562 2739 Joannis
2607 2686 2760 2740 ducis
2818 2685 3128 2752 Clevensis;
3168 2690 3556 2760 reverendique
3595 2692 3647 2745 in
3694 2689 3920 2746 Christo

2340 2773 2517 2831 Patris
2573 2776 2768 2831 domini
2817 2774 2997 2832 Caroli
3047 2778 3113 2832 de
3157 2777 3427 2837 Bnrbonio
3455 2823 3469 2845 .
3503 2782 3912 2851 archiepiscOpi

2343 2864 2737 2937 Lugdunensis,
2773 2868 3023 2936 primatis
3053 2867 3333 2937 Francia;
3379 2873 3637 2928 Ludovici
3690 2872 3916 2926 comitis

2344 2955 2402 3010 8.
2441 2957 2626 3021 Pauli,
2681 2958 3016 3030 illustrisque
3058 2963 3291 3020 domina
3315 2965 3537 3032 Agnetis
3565 2962 3918 3032 Burgundiz,

2354 3047 2584 3104 ducissa:
2612 3050 2915 3119 Borboniaa,
2961 3066 3023 3107 ac
3055 3053 3285 3125 Adolphi
3316 3053 3592 3112 Clevensis
3615 3055 3827 3109 domini
3852 3055 3925 3111 de

2345 3138 2658 3210 Ravestain,
2678 3144 2805 3199 dicti
2832 3145 2893 3199 ι).
2926 3145 3076 3199 ducis
3109 3146 3382 3201 Clevensis
3411 3144 3629 3209 fratris;
3664 3160 3735 3199 e
3754 3148 3923 3200 etiam

2271 3210 2313 3267 ο
2348 3236 2769 3288 reverendorum
2807 3236 3307 3305 venerabiliumque
3344 3238 3395 3290 in
3448 3235 3664 3291 Christo
3694 3236 3923 3291 Patrum

2345 3322 2686 3375 dominorum
2717 3321 2935 3377 Thoma:
2962 3325 3308 3389 Assanensis,
3337 3325 3388 3380 in
3424 3326 3668 3395 partibus
3710 3326 3923 3393 Anglia:

2345 3414 2605 3483 episcopi,
2630 3412 2696 3467 de
2728 3413 2918 3468 ordme
2950 3413 3408 3483 Prmdicatorum;
3439 3417 3645 3473 Nicolai
3698 3418 3925 3472 abbatis

2347 3506 2413 3560 de
2459 3503 2757 3570 Eeckhout,
2812 3505 3132 3574 Brugensis;
3170 3521 3224 3564 et
3274 3510 3499 3563 Roberti
3536 3508 3922 3570 Watiniensis,

2351 3597 2558 3652 ordinis
2595 3595 2654 3652 S.
2680 3597 3003 3670 Augustini;
3063 3616 3268 3655 necnon
3305 3599 3505 3656 Nieasii
3536 3604 3602 3656 de
3634 3596 3834 3666 Puteo,
3857 3602 3929 3657 de

2354 3686 2662 3753 Bethunia;
2691 3686 2916 3743 Joannis
2942 3692 3007 3743 de
3048 3690 3302 3760 Vassaya,
3344 3690 3725 3759 Sonegiensis;
3758 3689 3932 3747 Joan‘

2349 3779 2437 3832 nis
2476 3778 2747 3834 Vittcentii
2778 3820 2793 3843 ,
2825 3780 3189 3844 Casleteusis;
3224 3792 3279 3836 et
3328 3781 3507 3837 Caroli
3556 3784 3622 3837 de
3669 3784 3923 3853 Campis,

2346 3871 2715 3928 Thoraltensis
2754 3875 3100 3928 ecclesiarum
3138 3876 3541 3942 collegiatarum
3603 3879 3929 3947 praeposito-

2349 3983 2504 4032 rum;
2532 3983 2595 4021 ac
2620 3966 2845 4022 Rolandi
2881 3970 3166 4039 scriptoris
3205 3973 3417 4037 decani,
3446 3982 3501 4025 et
3527 3973 3767 4027 onmium
3806 3974 3927 4030 fere

2349 4060 2690 4113 dominorum
2718 4098 2734 4125 ,
2774 4060 2930 4129 hujus
2967 4060 3206 4116 ecclesia:
3234 4059 3417 4117 Sancti
3456 4062 3734 4118 Donatiani
3791 4076 3928 4120 tune

2352 4153 2741 4205 canonicorutn
2770 4152 3106 4222 aliorumque
3126 4154 3371 4208 vivorum
3398 4155 3924 4220 ecclesiasticarum.

2348 4248 2403 4293 et
2427 4244 2602 4310 μορυιί
2640 4245 3003 4300 multitudinis
3032 4250 3340 4315 praesentia,
3381 4258 3692 4304 reverenter
3730 4257 3787 4304 et
3830 4251 3929 4304 de-

2347 4342 2471 4385 vote
2494 4336 2783 4387 recondita:
2811 4345 2866 4389 et
2902 4336 3143 4391 reclusas.
3192 4356 3212 4389 ι

2418 4422 2629 4477 Exhinc
2659 4427 2906 4494 sequitur
2937 4428 3127 4481 eadem
3166 4432 3500 4485 enumeratio
3541 4432 3924 4500 reliquiarum,

752 4527 829 4582 De
876 4527 982 4581 alia
1010 4527 1358 4596 reliquiarum
1408 4530 1582 4584 sancti
1612 4526 1797 4583 Basilii
1827 4526 2161 4591 visitatione,
2192 4537 2247 4581 et
2276 4557 2323 4612 Β
2351 4515 2492 4569 nulla
2538 4515 2720 4612 addita
2762 4517 3133 4612 a-ulndcmpla-
3184 4520 3263 4574 Αο
3306 4521 3537 4589 Primum
3571 4525 3928 4579 "omimnuﬂ

681 4618 1020 4689 depositione
1057 4620 1110 4674 in
1163 4622 1495 4673 ornatiorem
1531 4633 1748 4689 capsam
1772 4662 1788 4686 ,
1845 4629 2075 4674 testatur
2102 4620 2244 4688 regi-

683 4722 853 4768 strum
919 4711 1175 4765 Actorum
1246 4712 1622 4781 capitularium
1701 4713 1937 4781 praefata:
2004 4710 2251 4767 ecclesia:

686 4803 871 4860 Sancti
901 4802 1186 4859 Donatiani
1220 4803 1511 4875 Brugensis
1533 4846 1549 4871 ,
1583 4816 1830 4861 notatum
1874 4804 1917 4862 ιε’
1974 4804 2100 4859 folio
2123 4801 2250 4867 246,

2348 4622 2469 4662 ossa
2500 4607 2733 4675 plurima
2774 4606 2832 4662 8.
2860 4607 3043 4664 Basilii
3075 4628 3089 4664 :
3118 4611 3314 4681 quibus
3350 4623 3535 4682 postea
3564 4612 3701 4667 nihil
3724 4613 3924 4670 deces-

2349 4702 2506 4767 sisse,
2530 4700 2634 4753 alio
2653 4698 2793 4753 forte
2818 4701 3159 4767 translatum,
3198 4718 3304 4758 non
3335 4706 3507 4759 ausim
3548 4719 3875 4761 asseverare
3909 4726 3922 4759 :

2350 4808 2474 4849 cum
2535 4792 2589 4847 in
2643 4792 2827 4847 ultima
2884 4795 3235 4851 translatione
3269 4813 3373 4852 non
3427 4798 3717 4853 admodum
3748 4802 3925 4854 multa

686 4909 809 4964 pag.
855 4907 1009 4949 νει-εει
1060 4893 1118 4948 5|
1168 4910 1180 4945 ε
1224 4895 1379 4964 cuius
1427 4898 1530 4952 hoc
1582 4908 1663 4951 εει
1697 4906 2008 4952 eumeum,
2037 4916 2051 4951 ε
2080 4916 2099 4948 ε
2157 4895 2254 4949 me
2351 4895 2473 4936 ossa
2510 4892 2717 4951 reperta
2741 4882 2882 4949 sint;
2909 4884 3039 4939 nihil
3070 4896 3247 4941 autem
3266 4897 3581 4941 caeterarum
3612 4888 3699 4941 hic
3728 4903 3929 4944 rursus

688 5000 827 5040 amt
860 4987 1060 5041 mensis
1082 4987 1307 5054 Aprilis,
1338 5004 1478 5044 anno
1504 4988 1645 5043 1465
1680 4990 2013 5060 supradicto,
2034 4989 2253 5044 conclnu

686 5092 809 5132 sum
843 5077 945 5133 fuit
975 5095 1069 5149 per
1119 5079 1369 5133 dominos
1396 5083 1732 5151 capitulum,
1788 5093 2055 5151 quatenus
2089 5083 2256 5137 domi-

2354 4975 2750 5029 nominatarnm
2806 4977 3185 5046 reliquiarum;
3227 4979 3690 5049 specilicationetn
3732 4990 3925 5036 autem

2356 5070 2545 5122 barum
2604 5071 2847 5142 sequitur
2893 5071 3296 5126 nomenclatura
3342 5075 3772 5139 canonicornm,
3825 5088 3915 5143 (ιιι

688 5184 792 5225 nus
843 5170 1214 5241 snﬂ‘raganeus
1255 5170 1321 5224 ιι.
1362 5171 1421 5225 D.
1454 5173 1692 5243 episcopi
1742 5172 2000 5238 Tornaci,
2034 5183 2247 5241 accepta

2355 5160 2693 5217 translationi
2732 5162 2859 5218 huic
2881 5164 3187 5230 adfuerunt,
3228 5166 3517 5224 videlicet:

692 5258 908 5315 licentia
967 5261 1035 5315 ab
1088 5263 1273 5316 eodem
1330 5262 1548 5315 domino
1594 5267 1885 5330 episeopo,
1941 5263 2250 5327 transferat,

692 5367 852 5423 quam
874 5352 1075 5407 rectius
1100 5353 1311 5416 melius,
1348 5367 1531 5407 sacras
1568 5355 1825 5422 reliquias
1854 5355 2023 5409 sancti
2049 5354 2253 5418 Basilii,

691 5454 749 5499 et
785 5442 918 5497 alias
938 5442 990 5497 in
1021 5444 1189 5497 veteri
1228 5459 1389 5513 capsa
1422 5446 1747 5500 easistentes
1776 5486 1792 5508 ,
1820 5456 1874 5499 et
1904 5462 1999 5501 eas
2035 5455 2256 5515 reponat

692 5534 747 5590 in
770 5548 910 5589 novo
939 5534 1159 5599 feretro,
1175 5551 1239 5590 ex
1262 5527 1394 5590 auio
1414 5545 1469 5589 et
1493 5549 1718 5606 argento
1744 5536 1813 5591 ob
1835 5540 1936 5592 hoc
1967 5538 2253 5593 fabricato.

692 5627 825 5694 Qua
848 5627 1063 5697 quidem
1099 5628 1375 5685 translatio
1430 5629 1571 5683 facta
1606 5629 1705 5683 fuit
1741 5644 1883 5683 anno
1909 5631 1977 5684 ab
1998 5632 2254 5685 incarna-

692 5722 838 5773 tione
895 5718 1106 5775 Domini
1138 5721 1295 5788 1465,
1339 5723 1634 5777 indictione
1678 5738 1754 5785 at,
1786 5725 1987 5778 mensis
2016 5722 2142 5776 Maii
2172 5725 2259 5781 die

697 5824 823 5865 vero
852 5812 1170 5879 penultinta,
1208 5812 1552 5883 pontificatus
1592 5816 1919 5873 sanctissimi
1952 5818 2005 5871 iit
2032 5814 2255 5872 Christo

2962 5255 3280 5329 Presbyteri.

2425 5354 2660 5405 Joannes
2690 5349 3001 5420 Mynhoere,

2426 5443 2609 5498 Victor
2643 5445 2707 5498 de
2737 5445 3150 5515 Swavenaerde,

2425 5534 2655 5591 Jacohus
2675 5538 2843 5604 Maes,

2427 5627 2673 5699 Egidius
2710 5631 3052 5702 Beversluys,

2432 5720 2711 5791 Philippus
2736 5722 2937 5794 Syron,

2432 5812 2719 5870 Balduinus
2757 5813 2940 5887 Spoel,
