4066 6314
864 360 1234 422 EXCERPTA
1273 366 1362 421 EX
1403 366 1604 424 ACTIS
1643 367 1699 424 S.
1741 362 1984 420 BASlLﬂ
2023 363 2539 421 BOLLANDIANIS.

1692 493 1732 547 Α
1762 490 2000 557 Augusto
2024 486 2342 555 imperante,
2366 499 2421 542 et
2454 494 2711 557 regnante
2735 485 2928 542 Carolo
2952 484 3192 541 secundo
3231 483 3327 538 lli-

189 485 511 542 Burcltardus
546 484 838 552 liederltin,

188 579 422 635 Nicolaus
455 580 793 634 Brudimout.

712 670 1054 726 Subdiucom‘.

186 764 405 819 lacnhus
428 762 492 815 de
515 762 753 832 Campis,

192 856 438 908 llicardus
466 854 532 908 de
560 853 799 924 Capella,

188 946 439 999 Henricus
466 947 528 1001 de
556 947 731 1013 Miret,

184 1038 410 1093 Joannes
442 1038 716 1095 Damiens.

746 1130 1009 1201 Acolytfti.

194 1222 402 1278 Carolus
439 1224 657 1285 Soillot,

191 1314 407 1369 Joannes
433 1315 498 1367 de
520 1313 750 1385 Feraye,

196 1410 250 1461 Et
273 1406 501 1461 Jacobus
543 1410 606 1461 de
630 1409 966 1476 Purgatorio.

571 1503 778 1556 Notarii
808 1520 924 1557 vero
955 1503 1188 1571 fuerunt,

195 1589 412 1647 Joannes
438 1593 702 1661 Flatuing,

195 1681 411 1739 lacubus
440 1683 687 1737 Juvenis.

197 1770 361 1827 Tertia
418 1771 699 1825 translatio
750 1772 1095 1841 reliquiarum
1149 1776 1323 1832 sancti
1357 1775 1543 1831 Β.ιείΙῆ
1612 1777 1665 1833 in

3164 382 3318 423 οειει

1769 579 2078 647 spaniarum
2124 592 2249 646 rege
2274 617 2289 639 ,
2322 576 2587 634 Flandrize
2640 580 2842 635 comite
2867 619 2883 641 ,
2942 578 3330 633 accesserimus

1764 671 2129 737 supradictam
2189 667 2473 722 ecclesiam
2552 666 2955 731 cathedralem,
3024 668 3331 732 ibidemQue

1767 758 2161 828 pentillcalibus
2185 757 2375 821 induti,
2409 771 2531 809 cum
2563 757 2818 814 ministris
2844 765 2899 813 et
2932 756 3152 820 lumine,
3199 770 3330 825 pra:-

1768 860 1923 905 sente
1952 850 2098 905 clero
2128 865 2191 903 ac
2224 847 2717 903 honorabilioribus
2744 852 2875 906 viris
2902 847 3043 905 infra
3076 850 3327 901 nomina-

1768 945 1857 1008 tis,
1882 950 1936 996 et
1962 942 2228 1011 frequenti
2270 941 2487 1011 populo,
2526 950 2652 994 ante
2680 954 2951 996 summum
2984 940 3155 995 altare
3178 938 3329 992 chori

1766 1036 2003 1101 ejusdem
2057 1032 2321 1098 ecclesiae,
2370 1033 2657 1087 decantato
2702 1030 2852 1100 prius
2893 1034 3130 1101 hymno,
3203 1026 3330 1082 Veni

1768 1138 1966 1179 creator
1997 1123 2219 1194 Spiritus
2244 1164 2260 1186 ,
2302 1138 2423 1178 cum
2445 1121 2669 1177 collecta
2718 1120 2957 1187 ejusdem
2984 1158 3001 1183 ,
3048 1133 3331 1192 postquam

1771 1230 1879 1267 rev.
1910 1217 2047 1267 adm.
2082 1213 2332 1268 dominus
2360 1214 2617 1274 decanus,
2654 1207 2762 1262 alta
2796 1224 2923 1263 voce
2945 1249 2961 1276 ,
2992 1212 3206 1263 nomine
3228 1225 3329 1264 suo

1768 1318 1820 1360 et
1852 1306 2069 1375 capituli
2098 1304 2427 1374 exposuerit,
2460 1320 2521 1359 ac
2560 1319 2657 1358 nos
2702 1301 2899 1355 iterum
2958 1302 3233 1373 rogaverit
3275 1314 3331 1355 ut

1769 1396 2110 1463 dignarentur
2139 1396 2391 1464 reliquias
2415 1395 2697 1463 praedictas
2732 1394 2905 1447 sancti
2948 1392 3126 1447 Basilii
3158 1402 3334 1446 trans-

1770 1488 1908 1540 ferre
1942 1488 2006 1539 de
2058 1487 2276 1555 antiquo
2328 1488 2383 1541 in
2441 1500 2634 1539 novum
2680 1488 2971 1550 feretrum;
3014 1484 3332 1555 jusserimus

1770 1582 1836 1632 ad
1863 1594 1959 1632 nos
1990 1575 2170 1631 all'erri
2200 1577 2477 1646 antiquam
2513 1590 2731 1644 capsam
2759 1591 2850 1630 seu
2880 1578 3133 1631 feretrum
3158 1575 3298 1629 dicta
3318 1605 3333 1611 -

1768 1686 1885 1724 rum
1933 1670 2280 1738 reliquiarum
2323 1670 2491 1723 sancti
2528 1667 2748 1733 Basilii,
2778 1678 2903 1722 ante
2936 1681 3178 1722 nostrum
3232 1665 3327 1721 ad-

1770 1775 1985 1819 ventum
2028 1766 2079 1818 in
2127 1777 2313 1817 mensa
2364 1776 2393 1814 α
2446 1762 2614 1817 latere
2650 1761 2916 1832 evangelii
2973 1763 3330 1828 expositum:

144 1878 306 1915 novam
332 1864 522 1916 iterum
549 1877 785 1932 elapsam,
810 1879 1035 1935 eamque
1064 1880 1400 1939 argenteam,
1444 1880 1665 1941 ρει-δρία
1701 1837 1741 1891 Β
1771 1855 1913 1922 ῳιοιι
1940 1854 2135 1920 praevia
2166 1852 2408 1922 diligenti
2452 1852 2758 1907 visitatione
2807 1852 3108 1922 reperimus
3156 1852 3335 1907 debite

143 1962 207 2004 est
230 1953 318 2006 hac
341 1962 526 2007 nostra
552 1963 726 2019 astate,
752 1968 894 2012 anno
915 1958 1119 2014 scilicet
1137 1958 1270 2011 1687
1300 1976 1313 2025 ;
1350 1961 1667 2016 celebritate

143 2057 293 2099 autem
337 2046 553 2115 majori,
590 2047 636 2102 si
684 2048 998 2120 dignitatem
1026 2064 1378 2120 personarum
1405 2053 1667 2123 excipias,

144 2152 237 2205 qua:
290 2138 559 2207 prioribus
629 2141 1013 2198 interfuerunt.
1068 2141 1281 2196 Etenim
1339 2147 1673 2200 caeremoniae

143 2245 298 2285 omnes
328 2234 582 2288 adhibitae
633 2244 799 2298 sunt,
833 2248 953 2303 qua:
1007 2233 1399 2291 solemnitatem
1446 2236 1675 2289 reddere

143 2334 357 2386 poterant
385 2326 774 2396 augustiorem,
802 2326 1224 2397 exquisitissima
1256 2328 1463 2384 musica
1496 2329 1669 2383 inter-

144 2414 342 2470 cincnte.
382 2415 695 2471 Orationem
720 2416 963 2473 Latinam
997 2420 1183 2475 habuit
1213 2422 1277 2477 ll.
1302 2423 1369 2477 A.
1396 2424 1457 2477 D.
1484 2422 1675 2479 Petrus

145 2504 281 2569 llaes,
341 2510 581 2577 ejusdem
636 2511 965 2566 cathedralis
1022 2512 1265 2567 ecclesiae
1337 2516 1670 2579 canonicus;

144 2598 397 2667 Belgicam,
467 2602 537 2656 ad
576 2600 872 2657 confertam
918 2604 1099 2672 populi
1147 2604 1492 2671 concionem,
1536 2606 1674 2660 dixit

144 2688 432 2748 P.1acobus
468 2693 626 2761 Meis,
681 2696 953 2751 societatis
1000 2695 1125 2751 Jesu
1177 2694 1558 2751 celeberrimus
1592 2698 1674 2751 sui

146 2786 368 2853 temporis
414 2796 625 2840 orator.
673 2784 904 2858 Reliqua
956 2788 1049 2843 tibi
1077 2789 1223 2845 dabit
1274 2791 1445 2861 ipsum
1475 2831 1490 2855 ,
1530 2792 1672 2862 quod

145 2888 189 2924 ea
216 2890 364 2943 super
419 2892 477 2931 re
517 2876 825 2932 confectum
854 2890 957 2943 est,
1006 2880 1277 2947 publicum
1326 2882 1672 2938 illustrissimi

145 2962 310 3018 domini
358 2965 637 3034 episcopi,
694 2965 947 3035 reliquias
1004 2967 1412 3033 transferentis,
1473 2972 1673 3026 instru-

144 3065 367 3109 mentum.

136 3196 426 3242 ηιυηειιτυε
480 3203 801 3243 ουιιιῑωιυε
828 3231 842 3249 ,

201 3270 377 3311 Glu'l'lA
402 3274 691 3313 EPlSCOPUa‘
728 3274 1011 3313 BBUGENSIS
1031 3300 1045 3321 ,
1073 3276 1375 3316 PEBPETUUS
1397 3277 1461 3315 AC
1487 3278 1670 3316 ιιιειιε-

195 3339 427 3381 ωτλκιοε
488 3344 765 3381 Ριλκοιιιιε
820 3344 1244 3394 ςλκεειιλιιυε,
1316 3346 1487 3385 REGIS
1557 3347 1667 3386 SUE

198 3411 466 3451 ΙᾹΙΕδτΔΤΙ
500 3417 531 3450 Δ
557 3412 801 3452 δοκειιιο
847 3414 1071 3464 STATUS,
1098 3412 1205 3454 CIC.

206 3527 225 3558 ι
250 3506 519 3565 Universls
558 3521 614 3564 et
640 3511 865 3579 singulis
896 3521 1185 3581 praesentes
1217 3512 1423 3568 litteras
1456 3515 1671 3581 visuris,

142 3612 217 3651 seu
246 3601 337 3670 legi
376 3604 683 3667 audituris,
711 3604 935 3658 salutem
969 3606 1019 3658 in
1058 3604 1301 3661 Domino.
1340 3606 1673 3662 Promotioni

139 3692 292 3747 cultus
348 3706 666 3751 sanctorum
732 3697 973 3753 studiose
1028 3715 1241 3769 semper
1304 3701 1674 3767 intendimus,

143 3786 345 3839 scientes
385 3788 553 3839 Deum
596 3787 1018 3854 omnipotentem
1050 3789 1107 3841 in
1139 3789 1341 3841 sanctis
1368 3790 1478 3843 suis
1507 3789 1677 3841 hono-

144 3888 314 3942 ratum,
340 3889 656 3934 sanctorum
698 3879 933 3933 cultores
954 3878 1020 3932 ad
1048 3888 1357 3935 sanctorum
1387 3880 1440 3933 in
1472 3889 1676 3935 aeterna

146 3966 441 4025 beatitudine
481 3970 801 4025 societatem
838 3971 1143 4042 disponere,
1166 3981 1223 4026 et
1255 3971 1526 4027 ellicacius
1549 3988 1673 4041 per-

144 4058 326 4117 ducere.
369 4061 506 4116 Cum
556 4062 741 4131 itaque
765 4077 955 4132 nuper,
986 4078 1052 4119 ex
1079 4065 1279 4134 pietate
1309 4075 1363 4119 et
1418 4067 1671 4120 munifica

144 4150 430 4209 liberalitate
460 4156 748 4211 reverendi
772 4158 918 4210 adm.
951 4156 1151 4210 domini
1182 4157 1405 4226 Eugenii
1428 4158 1493 4212 de
1517 4155 1672 4229 Vicq,

146 4246 305 4300 decani
334 4249 579 4305 ecclesia:
623 4250 953 4306 cathedralis
1010 4247 1193 4303 Sancti
1242 4250 1554 4317 Donatiani,
1583 4252 1679 4305 ab-

144 4338 291 4394 soluto
338 4355 500 4409 epere
562 4342 687 4397 novi
748 4340 934 4397 feretri
989 4354 1265 4396 sacrarum
1319 4342 1673 4412 reliquiarum

142 4430 283 4485 sancti
328 4430 511 4487 Basilii
568 4432 743 4503 Magni
774 4474 788 4498 ,
816 4434 1073 4489 Caesareae
1104 4434 1155 4488 in
1187 4433 1527 4504 Cappadocia
1580 4450 1675 4489 ar-

906 3203 991 3242 DEI
1039 3206 1105 3243 ετ
1145 3206 1482 3247 Αροετοιιεε
1523 3185 1740 3247 ssntsG

1772 1945 2070 1999 occlusum.
2108 1947 2413 2016 Apertoque
2439 1946 2506 1999 de
2532 1946 2784 1999 mandato
2809 1956 2995 2001 nostro
3024 1946 3167 2001 dicto
3196 1948 3336 1998 ant;-

1774 2050 1880 2105 quo
1907 2038 2126 2102 feretro,
2157 2048 2369 2107 reperta
2394 2040 2496 2093 fuit
2521 2039 2572 2093 in
2591 2053 2656 2094 eo
2678 2037 2900 2108 parvula
2920 2038 3109 2092 cistula
3134 2038 3336 2109 lignea,

1774 2132 1937 2184 rubro
1963 2130 2199 2199 depicta,
2233 2129 2461 2184 vinculis
2487 2130 2678 2185 ferreis
2701 2132 2839 2186 bene
2864 2129 3080 2183 occlusa
3106 2148 3121 2197 ;
3155 2131 3205 2183 in
3228 2145 3333 2201 qua

1776 2220 2070 2285 reperimus
2111 2220 2213 2272 tria
2244 2233 2388 2284 ossa,
2420 2232 2611 2287 nempe
2643 2232 2890 2289 magnam
2925 2229 3133 2290 partem
3159 2220 3328 2289 spinae

1776 2309 1942 2369 dorsi,
1973 2310 2058 2363 cui
2082 2308 2234 2363 allisa
2263 2321 2345 2364 est
2381 2308 2636 2363 schedula
2690 2324 3038 2378 pergamena,
3072 2312 3124 2364 in
3154 2310 3337 2364 verbis

1775 2400 2075 2463 continens,
2108 2399 2382 2462 Rationis;
2420 2416 2606 2455 sucu
2639 2399 2839 2455 BASILII
2882 2414 3283 2456 AICUIEPIECOPI
3316 2416 3333 2466 ;

1774 2503 1827 2549 et
1849 2496 1953 2550 duo
1982 2494 2111 2559 alia,
2144 2494 2305 2549 simul
2336 2494 2571 2549 involuta
2594 2493 2937 2564 gossypio,et
2960 2495 3189 2549 obducta
3215 2494 3337 2548 albo

1774 2586 1948 2639 serico
1978 2586 2336 2649 Damasceno,
2366 2600 2487 2640 cum
2520 2585 2718 2640 litteris
2741 2584 2795 2639 in
2830 2598 3181 2655 pergameno,
3206 2601 3331 2641 cum

1780 2687 1973 2742 magno
2012 2674 2189 2743 sigillo
2214 2674 2399 2739 rubro,
2422 2675 2712 2727 exhibentc
2740 2673 2967 2741 clligiem
2999 2682 3336 2742 equestrem,

1775 2776 1828 2821 et
1858 2764 2049 2821 sericis
2094 2766 2330 2836 antiquis
2382 2764 2691 2836 ligamentis
2718 2762 3021 2831 adiunctis:
3057 2766 3213 2833 cujus
3245 2766 3323 2826 le-

1775 2869 1950 2926 ctura,
1974 2867 2084 2913 tam
2106 2858 2157 2912 in
2185 2857 2363 2929 sigillo
2390 2872 2553 2927 quam
2584 2858 2635 2912 in
2656 2874 3001 2930 pergameno,
3031 2873 3133 2925 non
3163 2860 3341 2928 potuit

1776 2950 1911 3015 ﬁeri,
1958 2959 2176 3021 propter
2205 2950 2423 3005 nimiam
2470 2960 2812 3005 vetustatem.
2877 2951 3133 3020 Dictaque
3183 2964 3336 3013 ossa.

1776 3044 2115 3113 discnOperta
2138 3054 2195 3098 et
2226 3042 2438 3113 integre
2467 3042 2966 3105 inventa,omnihus
2987 3041 3341 3110 praesentibus

1778 3136 2075 3188 veneranda
2104 3134 2452 3203 exposuimus
2477 3142 2534 3187 et
2555 3132 2895 3187 exhibuimus
2928 3148 2943 3184 :
2971 3145 3033 3185 ac
3059 3129 3343 3200 pradicas

1780 3224 2035 3294 reliquias
2061 3264 2076 3289 ,
2124 3226 2178 3279 in
2225 3223 2491 3294 corporali
2543 3223 2650 3278 alio
2680 3225 2878 3278 mundo
2916 3222 3074 3278 simul
3095 3222 3340 3289 junctas,

1778 3316 2027 3369 decenter
2048 3316 2295 3371 manibus
2316 3319 2515 3373 nostris
2557 3317 2903 3382 iuvolvimus,
2938 3328 2994 3372 et
3019 3316 3071 3371 in
3100 3330 3337 3386 praesen-

1781 3406 1853 3459 tia
1880 3418 2061 3463 nostra
2087 3409 2139 3462 in
2161 3410 2348 3465 eodem
2379 3410 2647 3479 corporali
2677 3411 2864 3465 censui
2894 3409 3208 3464 curavimus
3232 3408 3338 3465 illis

1777 3522 2011 3588 byssinis
2042 3536 2056 3575 :
2085 3525 2150 3577 ad
2180 3537 2317 3593 quas
2341 3519 2563 3577 eosdem
2612 3523 2939 3578 reverendos
2963 3522 3250 3578 admodum
3274 3537 3338 3579 ac

1777 3616 2112 3671 venerabiles
2160 3616 2408 3669 dominos
2455 3614 2523 3669 de
2570 3615 2717 3669 clero
2770 3614 3009 3684 ejusdem
3050 3615 3337 3682 ecclesia,

1778 3705 2017 3773 aliosque
2068 3704 2422 3758 notabiliores
2450 3714 2766 3773 praesentes,
2798 3713 2903 3758 tam
2942 3703 3340 3760 ecclesiasticos

1778 3811 1938 3865 quam
1969 3794 2276 3860 saeculares,
2308 3797 2374 3848 ad
2404 3795 2644 3851 osculum
2678 3806 2803 3850 ante
2839 3809 3108 3850 summum
3168 3784 3339 3846 altare

1779 3886 2015 3956 pnedicti
2053 3887 2202 3942 chori
2230 3901 2325 3957 per
2350 3888 2591 3942 ordinem
2616 3887 2953 3940 admisimus.
2984 3882 3335 3939 Postmodum

1777 3992 1962 4033 omnes
1986 3979 2198 4034 easdem
2235 3979 2491 4049 reliquias
2522 4016 2539 4041 ,
2589 3977 2735 4031 dicto
2772 3975 3037 4046 corporali
3079 3974 3337 4037 inclusas,

1778 4070 1831 4123 in
1868 4084 2009 4125 novo
2043 4070 2220 4125 serico
2245 4070 2479 4125 eteruleo
2509 4068 2609 4123 [llis
2642 4068 2833 4123 sericis
2871 4066 3109 4135 ejusdem
3140 4064 3340 4120 coloris

1779 4161 2121 4216 involvimus.
2179 4160 2420 4229 Denique
2456 4158 2595 4213 idem
2639 4160 2980 4215 involucrum
3022 4156 3338 4212 inclusimus

1776 4269 1927 4309 nova:
1952 4254 2176 4314 cistulae,
2210 4256 2277 4305 ali
2300 4262 2449 4307 extra
2489 4251 2690 4306 alfabre
2728 4252 2976 4321 depicta,
3006 4260 3061 4303 et
3088 4262 3339 4317 superna:

1779 4346 2050 4414 inscriptas
2102 4344 2263 4399 rubro
2315 4346 2535 4399 colore:
2570 4343 2849 4406 [lacteum
2894 4356 3082 4397 nuc-rt
3131 4340 3333 4395 Buts't

1778 4438 1974 4501 MAGNI,
2000 4452 2320 4493 τειλκςιλτιε
2347 4452 2445 4491 xm
2495 4436 2637 4492 Juau
2677 4436 2846 4497 1687;
2881 4444 2935 4489 et
2965 4433 3032 4487 ab
3062 4434 3201 4487 intra
3249 4447 3338 4487 co-

138 4520 433 4595 cbiepisc0pi
473 4534 531 4580 et
589 4526 943 4592 confessoris,
997 4527 1280 4597 singularis
1335 4527 1569 4595 patroni,
1639 4544 1667 4579 a
1706 4523 1749 4577 D
1778 4540 1977 4600 operta:
2010 4530 2186 4585 satino
2215 4529 2447 4584 caeruleo
2478 4530 2661 4597 (quam
2688 4526 3050 4596 praeviejuxta
3079 4524 3334 4593 praescri-

142 4615 292 4670 tuultis
334 4628 476 4674 retro
516 4619 731 4673 saeculis
781 4620 833 4673 in
864 4621 1048 4673 eadem
1100 4620 1325 4673 ecclesia
1376 4619 1672 4672 catliedrali

140 4717 550 4777 asservatarum,
610 4721 665 4764 et
728 4716 827 4781 piae
880 4712 1213 4765 venerationi
1273 4711 1670 4776 exhibitarum;

138 4797 257 4850 adm.
288 4803 565 4858 reverendi
620 4812 673 4857 et
728 4804 1059 4857 venerabiles
1105 4802 1346 4867 domini,
1384 4802 1675 4871 prazdictus

142 4890 343 4947 decanus
376 4906 428 4949 et
465 4894 763 4963 capitulum
795 4896 1031 4964 ejusdem
1059 4894 1326 4958 ecclesiae,
1359 4894 1674 4948 desideran-

143 4992 207 5036 tes
241 5000 326 5055 pro
370 5002 530 5056 posse
576 4988 833 5041 mandare
887 4990 1217 5043 exsecutioni
1268 4988 1671 5043 translationem

144 5076 487 5141 praedictarum
532 5087 849 5132 sanctarum
912 5078 1306 5143 reliquiarum,
1344 5095 1409 5134 ex
1441 5081 1667 5149 antiquo

145 5162 187 5214 iu
207 5169 514 5223 antedictum
547 5182 748 5223 novum
775 5167 1036 5223 feretrum
1055 5209 1072 5233 ,
1100 5185 1197 5224 nos
1224 5170 1398 5225 debita
1424 5187 1543 5225 cum
1588 5172 1673 5225 in-

144 5259 306 5311 stantia
350 5260 728 5329 requisierint,
767 5260 819 5314 id
850 5259 963 5315 fieri
999 5275 1120 5313 cum
1164 5261 1597 5318 solemnitatibus
1620 5273 1675 5317 et

146 5352 447 5407 ceremoniis
470 5351 797 5422 opportunis
819 5351 885 5404 ad
920 5351 1019 5404 hoc
1050 5351 1339 5419 requisitis.

204 5457 220 5488 ι
257 5440 380 5497 Hinc
430 5444 687 5511 estquod
741 5456 836 5495 nos
872 5455 933 5495 ea
970 5442 1037 5495 de
1062 5455 1260 5503 causa,
1290 5455 1431 5494 anno
1463 5440 1673 5495 Domini

148 5528 397 5588 millesimo
422 5533 827 5604 sexcentesimo
869 5542 1033 5601 atque
1062 5532 1393 5601 octogesimo
1418 5533 1670 5603 septimo,

146 5624 315 5678 mensis
336 5624 475 5678 Junii
514 5626 605 5679 die
650 5640 743 5678 xm
777 5664 791 5687 ,
845 5625 1015 5693 pridie
1054 5623 1177 5678 festi
1228 5623 1466 5694 ejusdem
1498 5625 1672 5679 sancti

146 5710 314 5780 Basilii,
343 5720 566 5772 sedente
608 5717 662 5769 iu
691 5717 943 5771 cathedra
972 5715 1143 5772 sancti
1172 5714 1317 5770 Petri
1367 5713 1549 5770 Romae
1581 5715 1671 5769 ln-

143 5810 356 5863 uocentio
392 5824 535 5865 naua
583 5809 701 5865 eius
756 5808 988 5864 nominis
1040 5806 1361 5873 undecimo,
1398 5804 1669 5872 Leopoldo

1782 4631 1928 4689 ptum
1988 4619 2321 4674 Pontilicalis
2373 4618 2621 4681 Romani,
2646 4634 2766 4671 cum
2797 4617 3053 4687 praedicto
3084 4628 3221 4669 novo
3255 4613 3338 4668 fe-

1780 4726 1925 4770 retro
1958 4713 2146 4783 majori
2178 4722 2456 4783 argenteo,
2489 4708 2879 4779 benediximus)
2900 4722 3004 4761 una
3048 4721 3173 4762 cum
3196 4719 3333 4776 pras-

1778 4809 2018 4863 sentibus
2074 4808 2275 4863 nostris
2330 4803 2543 4865 litteris,
2585 4802 2845 4871 praedicto
2899 4808 3209 4868 pervetusto
3253 4798 3333 4853 illi

1775 4912 2099 4970 pergameno
2123 4897 2414 4959 translixis,
2452 4896 2591 4950 inter
2624 4898 2762 4947 duas
2798 4890 3051 4946 culcitras
3072 4906 3134 4945 ex
3158 4890 3337 4945 satine

1776 4992 2004 5045 caruleo
2038 4990 2105 5043 ab
2146 4999 2371 5058 utraque
2399 5000 2554 5056 parte
2582 4986 2775 5052 factas,
2826 5001 2890 5040 ac
2925 4986 3076 5055 copia
3101 4999 3195 5054 per
3236 5001 3335 5040 nos

1776 5081 2141 5136 authenticata
2172 5090 2224 5133 et
2258 5079 2493 5149 sigillata
2540 5076 2817 5146 cujusdam
2849 5077 3147 5131 testimonii
3201 5078 3331 5130 anni

1777 5172 2045 5227 millesimi
2073 5170 2348 5224 ceutesimi
2369 5168 2682 5237 octogesimi
2715 5166 2854 5221 sexti
2878 5180 2975 5221 vm
2998 5164 3116 5221 Kal.
3152 5165 3331 5233 Junii;

1776 5278 1880 5332 qua
1914 5269 2082 5331 patet,
2114 5275 2209 5330 per
2240 5260 2544 5328 Philippum
2566 5299 2583 5323 ,
2618 5257 2785 5311 ﬁlium
2817 5255 3139 5313 Theodorici
3164 5260 3339 5313 contio

1778 5364 1886 5409 tem
1930 5352 2217 5416 Flandriae,
2274 5352 2325 5405 iu
2359 5350 2641 5420 praesentia
2670 5349 2925 5404 Florentii
2950 5348 3168 5402 comitis
3202 5346 3332 5401 Hol-

1776 5442 1989 5507 landize,
2026 5441 2251 5497 Gerardi
2299 5440 2569 5510 praepositi
2630 5437 2811 5494 Sancti
2867 5438 3170 5502 Donatiani,
3205 5438 3330 5493 item

1775 5533 2000 5589 Gerardi
2028 5532 2293 5603 praepositi
2328 5530 2579 5595 insulani,
2603 5540 2660 5585 et
2684 5528 2871 5599 reliqui
2921 5528 3054 5583 cleri
3088 5527 3332 5583 ecclesia:

1778 5624 1962 5680 Sancti
1997 5623 2301 5689 Donatiani,
2328 5622 2611 5692 praedictas
2660 5621 2914 5689 reliquias
2944 5620 3114 5673 sancti
3140 5617 3329 5677 Basilii

1776 5716 1952 5787 Magni
1979 5756 1993 5782 ,
2040 5717 2285 5785 aliasque
2317 5716 2624 5785 complures
2658 5714 2825 5769 fuisse
2864 5714 3108 5767 visitatas
3135 5713 3333 5768 debitis

1777 5808 2112 5865 caremoniis
2141 5848 2156 5873 ,
2208 5819 2261 5864 et
2291 5808 2465 5875 sigillo
2522 5807 2762 5876 ejusdem
2801 5802 3016 5862 comitis
3058 5802 3332 5862 Πειλάτω
