4086 6318
690 368 866 412 ιοπιι

2057 346 2596 408 PROLEGOHENA.

694 474 972 545 adjuncto,
1004 470 1251 542 apposito
1308 470 1596 527 antedictaz
1633 485 1784 528 nove
1829 472 2037 527 cistula:
2083 472 2263 545 sigillo
2293 490 2336 545 Α
2364 468 2750 540 iiooglrstrate,
2790 467 2994 523 comite
3029 468 3094 521 de
3124 465 3476 537 liene-bourg,
3511 480 3539 519 s
3568 466 3812 522 consilio
3843 470 3933 525 mi-

694 574 903 629 uostro,
935 564 1004 619 ab
1035 573 1265 633 utroque
1292 561 1470 620 latere
1496 562 1551 617 in
1584 576 1707 618 cera
1741 564 1928 619 rubra.

771 674 792 711 s
830 656 962 713 Acta
998 652 1225 712 fuerunt
1254 655 1367 711 bac
1393 654 1446 710 in
1474 654 1647 711 choro
1667 655 1986 727 expediet:
2020 655 2264 712 ecclesia

694 749 1018 807 catbedralis
1047 748 1230 805 Sancti
1269 747 1561 804 Donatiani
1583 748 1771 820 Brugis
1794 786 1810 811 ,
1836 763 2004 812 anno,
2051 762 2261 812 mense,

694 851 750 899 et
778 842 889 907 die,
914 841 1110 911 quibus
1130 856 1320 911 supra,
1347 840 1703 910 praeeuntibus
1736 840 1791 894 in
1818 840 2009 895 eadem
2038 839 2263 895 solemni

693 933 1048 990 translatione
1078 930 1367 989 admodum
1397 933 1709 989 reverendis
1762 942 1821 988 et
1862 934 2265 991 venerabilibus

690 1024 949 1091 dominis,
970 1024 1224 1080 videlicet
1251 1022 1420 1079 nobili
1458 1023 1681 1080 domino
1714 1024 1958 1096 Eugenio
1991 1026 2057 1080 de
2096 1025 2254 1096 Vicq,

693 1117 745 1173 J.
802 1116 866 1175 li.
902 1117 965 1174 L.
1004 1116 1272 1187 praedicta
1325 1115 1570 1174 ecclesia:
1626 1119 1862 1184 «uno;
1923 1116 1989 1173 0.
2042 1116 2256 1175 Joanne

694 1208 916 1267 Pinckel
945 1248 962 1277 ,
1017 1207 1076 1265 8.
1121 1208 1186 1265 Τ.
1220 1207 1286 1264 L.
1336 1207 1760 1275 arcbidiacono;
1817 1209 1883 1265 0.
1935 1208 2139 1265 Jacobo
2198 1211 2265 1266 de

688 1302 859 1367 Crits,
912 1311 1171 1365 cantore;
1205 1300 1269 1355 0.
1289 1298 1502 1357 Joanne
1548 1301 1617 1357 de
1656 1301 1856 1374 Blissy,
1893 1300 1953 1358 S.
1980 1301 2043 1357 Τ.
2081 1302 2144 1357 Ι..
2176 1318 2267 1357 ar-

694 1394 1143 1466 rhipresbytero;
1196 1391 1258 1449 0.
1297 1391 1510 1449 Joanne
1558 1390 1857 1450 Francisco
1907 1397 1975 1451 de
2032 1395 2267 1451 Baillcn-

692 1494 873 1548 court.
902 1483 952 1541 J.
992 1484 1055 1539 V.
1089 1483 1151 1539 L.
1189 1483 1359 1541 nobili
1392 1484 1456 1539 0.
1479 1483 1690 1540 Joanne
1714 1501 1815 1540 van
1851 1486 2079 1551 Volden,
2114 1486 2162 1542 J.
2194 1484 2261 1540 V.

698 1576 763 1632 L.
804 1577 864 1632 D.
891 1575 1186 1633 l-‘rancisco
1208 1591 1313 1631 van
1343 1573 1519 1632 Torre
1538 1615 1554 1640 ,
1584 1576 1648 1630 D.
1682 1576 1905 1633 Claudio
1928 1579 2133 1648 Agretti
2164 1619 2180 1643 ,
2210 1578 2260 1631 J.

695 1668 763 1724 ν.
795 1668 857 1724 D.
883 1670 1047 1725 nobili
1078 1667 1141 1723 D.
1178 1666 1418 1725 Roberto
1440 1667 1750 1725 Alexandro
1812 1670 1878 1724 de
1933 1670 2165 1743 Hayuin,
2209 1671 2261 1727 J.

699 1759 765 1816 U.
795 1760 857 1816 0.
885 1760 1114 1815 Alberto
1142 1758 1453 1832 Claysntan,
1485 1759 1534 1815 J.
1573 1759 1637 1817 υ.
1666 1760 1727 1815 1..
1764 1762 1927 1817 nobili
1972 1763 2033 1817 0.
2067 1764 2265 1819 Carolo

2368 564 2513 621 litari
2569 577 2685 617 sua:
2738 560 3041 631 maiestatis
3088 568 3145 615 et
3196 561 3684 631 snperinternleute
3736 562 3941 618 militiae

2364 653 2657 727 provincia
2687 651 2998 715 Flaudria;
3024 652 3275 707 nobili-D.
3307 652 3654 708 Ferdiuando
3685 655 3939 723 Augusti-

2367 746 2525 803 node
2566 745 2718 815 Vicq.
2767 748 3029 813 toparcba
3063 745 3130 798 de
3158 742 3443 797 Heulevelt
3474 755 3528 798 et
3574 745 3935 810 Desmarreis,

2366 837 2606 892 civitatis
2654 836 2948 907 Brugensis
3003 836 3275 890 sculteto:
3310 834 3475 887 nobili
3516 834 3581 889 0.
3639 833 3940 891 Francisco

2366 930 2513 986 bans
2544 970 2559 995 ,
2592 927 2876 1000 Toparcha
2927 930 2993 984 de
3045 925 3497 982 ﬂeetkerckbove
3522 966 3537 992 ,
3570 928 3933 998 Brugensium

2365 1023 2791 1095 burgimagistro
2816 1021 3102 1090 primario;
3152 1019 3316 1076 nobili
3343 1021 3404 1075 0.
3420 1020 3653 1075 Claudio
3670 1022 3737 1075 de
3758 1019 3856 1075 Col
3872 1030 3935 1081 te,

2366 1115 2720 1184 Brugensium
2758 1112 3177 1183 burgimagistro
3203 1111 3554 1173 secundario;
3584 1111 3753 1164 nobili
3786 1110 3939 1165 Chri-

2365 1209 2626 1277 stopboro
2656 1221 2760 1260 van
2796 1206 3023 1271 Volden,
3055 1205 3234 1275 primo
3279 1203 3639 1274 Brugensium
3688 1201 3940 1271 graphia-

2368 1299 2483 1365 rio;
2521 1300 2686 1354 nobili
2743 1298 3041 1354 Philiberto
3102 1314 3203 1351 van
3256 1296 3497 1361 Volden,
3558 1296 3826 1363 toparcba
3878 1302 3939 1351 de

2362 1393 2649 1465 Creugert.
2687 1393 3205 1449 Franconntensium
3233 1392 3461 1447 consule
3507 1392 3807 1459 primario;
3841 1406 3936 1445 no-

2367 1486 2462 1541 bili
2490 1488 2550 1540 D.
2579 1485 2804 1541 Nicolao
2827 1483 3063 1540 d‘Heere
3081 1524 3098 1549 ,
3126 1484 3648 1540 Franconatcnsium
3674 1486 3938 1548 consule:

2364 1578 2772 1635 consultissimo
2803 1578 3021 1633 domino
3048 1577 3248 1633 Jacobo
3287 1580 3352 1633 de
3383 1578 3737 1647 Stcenberge,
3768 1575 3940 1630 Fran-

2364 1672 2745 1727 conatensium
2795 1670 3104 1743 graphiaria
3149 1670 3445 1741 primario;
3507 1659 3940 1740 generosissi’uio

2368 1764 2487 1819 viro
2519 1765 2583 1821 D.
2612 1764 2903 1819 Ambrosio
2930 1763 2996 1818 de
3038 1761 3368 1831 Pmcipiano
3411 1764 3608 1819 comite
3638 1763 3710 1819 de
3770 1764 3935 1834 δον.

697 1851 900 1917 Triesl,
925 1850 976 1906 J.
1000 1848 1065 1907 U.
1101 1850 1161 1906 L.
1199 1850 1259 1905 0.
1296 1851 1530 1907 Henrico
1552 1850 1845 1918 lortel,D.
1872 1852 2080 1908 Joanne
2108 1855 2263 1925 Bapt.
2295 1859 2339 1915 ll
2370 1859 2531 1927 regiae
2580 1872 2691 1912 suae
2736 1856 3009 1927 maiestati
3048 1870 3077 1910 a
3111 1855 3355 1911 consiliis
3396 1858 3601 1911 bellicis
3641 1866 3698 1912 et
3727 1857 3940 1911 militia:

696 1939 935 2007 Besmte,
962 1939 1012 1997 J.
1054 1939 1117 1997 υ.
1145 1941 1205 1997 ι..
1240 1941 1301 1997 0.
1341 1942 1565 1997 Nicolao
1596 1941 1854 2012 Rosignnl
1876 1983 1891 2005 .
1923 1943 1986 1997 0.
2020 1943 2266 2013 Gaspare

691 2033 894 2091 Celson
924 2072 941 2100 ,
987 2035 1048 2090 0.
1079 2032 1372 2088 Theodoro
1400 2032 1619 2097 Benoit,
1656 2033 1820 2088 nobili
1858 2035 1918 2089 0.
1956 2036 2267 2090 Alexandro

691 2140 798 2179 van
838 2122 1063 2187 Voldeu,
1097 2119 1148 2177 J.
1175 2120 1237 2177 V.
1267 2121 1327 2177 Ι..
1358 2120 1419 2175 Ι),
1449 2121 1646 2178 Carolo
1681 2122 1872 2177 Alexio
1923 2125 1989 2178 de
2028 2123 2267 2179 Baillen-

692 2225 873 2281 court,
908 2212 956 2270 J.
996 2214 1057 2269 V.
1091 2213 1240 2279 ι..,ι›.
1265 2212 1475 2270 Joanne
1508 2213 1667 2284 Bapt.
1715 2216 1924 2270 vanden
1962 2214 2260 2287 Bogaerde,

697 2309 758 2365 D.
787 2307 1058 2365 Ludovico
1088 2307 1352 2374 Collaert,
1410 2308 1470 2363 0.
1500 2308 1659 2365 Petro
1692 2308 1858 2376 Iaca,
1882 2308 1932 2366 J.
1973 2309 2037 2366 V.
2064 2310 2129 2366 ι..
2164 2327 2260 2367 uo-

692 2399 788 2457 bili
817 2398 881 2456 D.
903 2398 1195 2457 Guilielmo
1216 2398 1454 2471 Josepho
1489 2400 1752 2457 Alverado
1778 2417 1813 2474 y
1840 2402 2258 2467 Braccamoute,

693 2491 859 2548 nobili
891 2492 954 2549 D.
985 2490 1189 2548 Jacobo
1224 2490 1519 2547 Francisco
1543 2493 1612 2547 de
1637 2493 1879 2557 Aranda,
1906 2492 1957 2547 J.
1990 2490 2055 2547 V.
2092 2492 2153 2547 L.
2199 2494 2259 2548 0.

691 2582 857 2639 Petro
884 2581 1165 2650 Stalpacrt
1194 2598 1209 2647 ς
1240 2581 1520 2637 canonicis
1539 2620 1554 2646 ,
1586 2581 1920 2653 presbyteris
1949 2597 2012 2637 ac
2054 2584 2263 2653 reliquo

692 2674 939 2742 ejusdem
1001 2674 1159 2729 chori
1202 2672 1451 2739 clerico;
1498 2687 1705 2729 necnon
1754 2674 1897 2728 adut.
1954 2677 2264 2732 revereudis

696 2764 1182 2837 ct,veuerabilibus
1213 2763 1467 2831 dominis,
1503 2764 1611 2821 00.
1669 2764 1887 2822 Placido
1913 2764 2259 2833 Ockerbout,

691 2864 749 2911 et
777 2852 1009 2911 lartino
1042 2853 1209 2922 Colle,
1244 2852 1303 2911 8.
1333 2855 1570 2911 Andrei:
1611 2863 1670 2911 et
1712 2854 2040 2913 Dunensium
2074 2871 2261 2928 respe-

691 2945 838 3003 ctiv'e
874 2945 1198 3012 abbatibus;
1248 2946 1306 3001 0.
1367 2944 1577 3004 Judoco
1608 2946 1784 3004 lianst
1808 2945 1859 3004 J.
1896 2946 1961 3003 V.
1990 2944 2055 3003 Ι...
2084 2957 2139 3003 et
2161 2948 2261 3005 de-

691 3050 833 3092 cano
886 3035 1135 3093 ecclesia
1188 3036 1524 3093 catbedralis
1576 3037 1638 3094 8.
1698 3036 1931 3096 Bavonis
1967 3038 2258 3106 Gandavi;

2368 1948 2654 2018 praefecto;
2703 1949 3127 2021 generosissimo
3152 1947 3272 2001 viro
3304 1948 3366 2001 0.
3397 1947 3621 2001 Alberto
3661 1950 3730 2003 de
3761 1948 3940 2003 Mero-

2365 2040 2435 2096 de
2460 2080 2475 2105 ,
2504 2042 2704 2097 comite
2742 2042 2810 2098 de
2849 2042 3063 2098 Wattou
3096 2049 3154 2094 et
3189 2038 3366 2094 Thian
3391 2079 3407 2103 ,
3444 2039 3663 2093 tribuno
3707 2037 3940 2109 legionis

2366 2135 2633 2204 pedestris
2655 2134 2892 2206 praesidii
2927 2132 3246 2203 Brugeusis,
3268 2131 3431 2187 nobili
3455 2130 3660 2187 Jacobo
3682 2131 3750 2187 de
3766 2130 3939 2187 Cruo-

2364 2220 2627 2287 nentlale,
2662 2223 2777 2277 vice
2832 2221 3031 2276 comite
3072 2222 3137 2275 de
3172 2220 3443 2291 Vlieriuge
3468 2260 3487 2288 ,
3550 2220 3815 2290 toparcba
3876 2223 3940 2273 de

2364 2312 2695 2377 Breethant;
2752 2315 2920 2370 nobili
2970 2313 3033 2371 Ι).
3088 2313 3339 2384 Philippo
3370 2315 3594 2368 Alberto
3647 2314 3717 2367 de
3757 2312 3937 2381 Vicq.

2366 2406 2570 2459 liarone
2600 2406 2667 2460 de
2696 2405 2973 2477 Cumtiglt,
3006 2407 3266 2477 toparcha
3299 2405 3369 2460 de
3396 2403 3773 2474 Visscunacq;
3833 2420 3936 2459 no-

2366 2494 2457 2547 bili
2484 2496 2544 2547 0.
2587 2494 2798 2550 Joanne
2840 2495 3067 2558 Carillo,
3102 2495 3363 2566 toparcba
3394 2496 3461 2550 de
3488 2496 3939 2566 Cauwerbourg;

2366 2583 2533 2637 nobili
2570 2584 2629 2638 0.
2666 2584 2858 2640 Carole
2907 2584 3110 2650 Gillon,
3164 2587 3420 2655 toparclta
3463 2589 3530 2641 de
3581 2585 3937 2658 Snellegetu;

2363 2687 2421 2731 et
2466 2674 2522 2729 in
2557 2677 2845 2746 praesentia
2883 2677 3239 2747 plurimorum
3296 2680 3715 2735 reverctitlorum
3768 2690 3939 2752 atque

2365 2766 2763 2823 honorabiliqu
2816 2770 3098 2839 utriusque
3133 2770 3343 2826 ordinis
3372 2771 3636 2826 virorum.
3697 2768 3753 2825 in
3804 2786 3942 2841 quo-

2363 2872 2483 2914 rum
2535 2862 2778 2917 omnium
2819 2862 2978 2919 iidem
3032 2878 3098 2919 ac
3155 2864 3522 2921 testimonium
3571 2863 3671 2920 bas
3724 2862 3942 2920 litteras

2362 2951 2577 3021 propria
2622 2967 2783 3007 manu
2830 2955 3199 3024 signavimus,
3251 2971 3457 3012 necnon
3506 2954 3702 3027 majori
3737 2964 3929 3011 nostro

2363 3043 2537 3112 sigillo
2566 3083 2582 3106 ,
2610 3056 2665 3098 et
2698 3046 2980 3100 secretarii
3017 3048 3189 3103 nostri
3224 3051 3507 3120 signatura
3532 3087 3552 3115 ,
3606 3047 3941 3104 communiri

694 3128 1007 3185 reverendis
1056 3127 1302 3198 patribus
1360 3126 1557 3183 Carolo
1618 3127 1901 3184 Claesman
1963 3138 2018 3185 et
2061 3128 2261 3185 Jacobo
2299 3195 2326 3200 _
2359 3131 2641 3200 iussimus.

689 3218 850 3286 linis.
885 3218 1221 3291 presbyteris
1252 3219 1547 3277 Societatis
1571 3218 1721 3277 Jesu.

759 3308 1126 3369 Pmseutibus
1180 3311 1346 3367 etiam
1403 3321 1498 3368 aut
1546 3311 1794 3400 invitatis
1854 3312 2261 3384 pranobilibus,

692 3401 973 3472 generosis
1010 3417 1072 3457 ae
1100 3402 1508 3461 bonorabilibus
1557 3405 1690 3460 viris
1716 3405 1826 3461 DD.
1856 3405 2257 3462 excellentissi-

692 3506 783 3546 tuu
822 3490 1044 3548 domino
1094 3493 1358 3563 i'rocOpio
1384 3495 1450 3551 de
1484 3492 1693 3564 leeiu,
1731 3509 1799 3554 ex
1833 3496 2127 3553 comitibus
2186 3498 2252 3555 de

2990 3224 3053 3281 il.
3086 3228 3152 3283 ο.
3183 3244 3462 3289 snscorus
3495 3247 3813 3290 nussum.
3844 3250 3864 3285 ι

2371 3310 2514 3368 lnl'ra
2545 3353 2563 3380 ,
2621 3314 2687 3370 de
2740 3320 2990 3370 mandato
3031 3318 3371 3376 illustrissimi
3422 3340 3485 3379 ac
3518 3324 3941 3381 reureadisst'ns'

2850 3386 2960 3444 Diti
2987 3390 3211 3458 episcopi
3230 3393 3459 3460 praefati.

2509 3496 2877 3556 Brouckmans
2900 3509 3158 3558 secretar.
3192 3498 3348 3558 1687.

1289 3832 1439 3921 DE
1513 3830 1792 3923 VITA
1861 3832 1957 3923 S.
2033 3834 2468 3924 BASILII
2544 3833 3333 3963 APOCRYPHA,

1147 4026 1222 4089 Et
1261 4034 1480 4093 sancto
1536 4026 1975 4111 Amphilochia
2035 4030 2340 4113 episcopo
2396 4031 2711 4096 Iconiensi
2760 4047 3095 4115 perperam
3153 4031 3477 4114 imputata.

760 4340 1226 4431 Quemadmodum
1296 4359 1457 4401 nemo
1512 4346 1719 4402 curavit
1773 4345 1948 4403 sancti
2002 4345 2252 4416 Gregorii
2286 4352 2486 4420 bputa
2544 4353 2601 4409 8.
2649 4353 2941 4412 Nolkernm
2989 4356 3043 4411 in
3097 4372 3193 4411 suo
3254 4356 3679 4431 Martyrologio,
3720 4372 3779 4418 ut
3824 4366 3939 4421 disi

687 4431 1017 4489 Nasianscni
1045 4430 1224 4489 Vitam
1257 4435 1517 4500 scribere.
1553 4446 1665 4491 turn
1703 4452 1825 4493 cum
1860 4439 2036 4495 adhuc
2066 4454 2254 4498 recens

684 4533 832 4580 esset
850 4533 1093 4580 actorum
1128 4522 1246 4595 eius
1266 4528 1556 4591 memoris;
1598 4527 1693 4583 sed
1719 4529 1927 4599 primus
1958 4529 2254 4603 Gregorius

686 4614 909 4683 cuidam
954 4614 1241 4687 presbyter
1268 4614 1469 4671 saeculo
1496 4616 1714 4674 circiter
1737 4634 1775 4677 ι
1800 4620 1852 4676 id
1884 4636 2021 4692 opus
2048 4610 2257 4679 assunt-

687 4703 815 4776 ναι,
852 4711 963 4759 tam
1013 4704 1326 4773 infeliciter,
1359 4714 1419 4763 ut
1467 4708 1589 4781 eius
1639 4710 1864 4783 scriptio
1915 4713 2134 4787 indigna
2182 4715 2258 4773 sit

687 4795 802 4851 visa
827 4809 948 4866 qua
976 4797 1117 4869 apud
1171 4812 1272 4855 nos
1303 4800 1679 4867 recuderetur,
1712 4804 1792 4859 sic
1826 4819 2002 4877 neque
2031 4820 2255 4867 sanctus

686 4883 919 4944 Basilius
972 4887 1292 4958 scriptorem
1353 4891 1530 4948 aetatis
1570 4893 1889 4965 propinqua:
1941 4906 1996 4953 et
2047 4898 2254 4956 idonea

686 4977 928 5037 scientia
959 4979 1195 5050 reperit;
1234 4982 1440 5039 sarculo
1468 4993 1648 5042 autem
1680 4999 1779 5040 vm
1827 4986 1915 5043 vel
1946 5004 2025 5057 is,
2052 4992 2254 5062 prodiit

686 5068 903 5141 aliquis,
932 5070 1153 5128 veiﬂcti
1189 5076 1423 5133 nominis
1456 5075 1893 5148 Amphilochius.
1943 5095 2107 5139 ausus
2153 5085 2255 5139 ali-

685 5161 815 5231 quid
844 5171 953 5219 tam
976 5164 1140 5236 digno
1164 5178 1485 5235 argumento
1512 5181 1703 5239 parum
1742 5171 2127 5229 conveniens':
2162 5174 2250 5229 cui

686 5262 867 5309 tamen
889 5257 1182 5327 postremis
1208 5256 1296 5313 bis
1334 5260 1549 5318 suculis
1576 5274 1830 5332 magnam
1870 5264 2249 5321 auctoritatem

680 5343 915 5400 contulit
972 5346 1034 5402 8.
1090 5347 1501 5421 Amphilochius
1530 5394 1546 5419 ,
1609 5349 1909 5410 lcouiensls
1962 5353 2251 5425 episcopus

684 5433 897 5505 ipsique
923 5445 1114 5495 sancto
1140 5437 1621 5509 familiarissimus,
1647 5440 1860 5501 facilius
1886 5446 2125 5502 creditus
2152 5447 2249 5501 ila-

685 5524 796 5581 silii
818 5525 988 5583 vitam
1015 5531 1320 5602 scripsisse,
1348 5534 1474 5603 quis
1504 5534 1665 5607 hujus
1680 5539 1983 5591 encomium
2006 5535 2247 5607 aliquod,

680 5618 828 5690 quod
849 5632 1011 5690 supra
1051 5624 1207 5681 nobis
1238 5622 1454 5697 Prologi
1485 5627 1606 5684 loco
1652 5627 1753 5683 iuit
1780 5665 1797 5693 ,
1833 5629 2122 5698 reliquisse
2154 5645 2250 5701 po-

681 5712 842 5768 steris
866 5711 1166 5780 sciebatur;
1189 5719 1337 5772 omni
1362 5718 1502 5774 baud
1527 5718 1689 5776 dubie
1712 5718 1816 5774 [ide
1842 5720 2245 5792 dignissimum.

682 5802 901 5875 Decepit
945 5818 1008 5860 ea
1049 5820 1134 5865 res
1166 5808 1451 5882 plerosque
1483 5812 1751 5883 sequioris
1780 5812 1879 5869 :evi
1929 5814 2243 5886 scriptores,

2359 4442 2567 4499 Comm.
2622 4462 2704 4517 pr.
2740 4465 2793 4502 u.
2835 4449 2897 4512 7;
2956 4449 3298 4519 Sigcbertunt
3346 4451 3801 4510 Gcmblacenscm
3828 4497 3843 4523 ,
3884 4459 3939 4512 in

2359 4534 2613 4607 Catalogo
2640 4540 2927 4595 illustrium
2958 4543 3310 4610 scriptorum;
3348 4543 3567 4601 Petrum
3606 4550 3934 4620 episcopum

2357 4627 2690 4700 Equilinum,
2734 4631 2787 4685 in
2816 4630 3071 4701 Catelogo
3102 4644 3429 4703 sanctorum,
3454 4635 3547 4691 lib.
3581 4653 3643 4703 ll,
3679 4655 3803 4710 cap.
3829 4639 3936 4701 28;

2357 4715 2700 4775 Vincentium
2742 4717 3222 4786 Bellovacencem,
3269 4722 3324 4779 in
3384 4723 3606 4793 Speculo
3646 4730 3936 4792 historico,

2356 4809 2450 4868 lib.
2479 4826 2588 4877 xrv,
2613 4827 2734 4882 cap.
2759 4812 2846 4874 78,
2878 4812 2949 4869 79
2980 4824 3036 4868 et
3064 4814 3166 4879 80;
3198 4814 3254 4870 S.
3298 4818 3653 4885 Antoninum,
3678 4830 3843 4890 parte
3870 4839 3935 4885 Il.

2356 4904 2440 4959 tit.
2478 4905 2531 4969 9,
2562 4904 2743 4976 cap.5,
2780 4904 2901 4979 ‘8;
2938 4905 3151 4962 Sixtum
3184 4908 3608 4974 Senensem.lib.
3641 4928 3693 4967 tv
3720 4910 3935 4971 Biblio-

2356 4996 2518 5053 theca
2572 5008 2768 5054 sancta
2795 5038 2811 5065 ,
2842 5012 3031 5054 omnes
3063 5014 3091 5053 a
3122 4999 3407 5059 Rosvt'eido
3440 5004 3637 5059 citatos
3672 5007 3739 5057 ad
3776 5004 3938 5064 Vitas

2356 5086 2574 5144 Patrum
2633 5105 2753 5162 pag.
2795 5089 2931 5159 ibi;
2976 5092 3229 5150 omnibus
3258 5104 3437 5150 autem
3472 5096 3681 5167 prmivit
3721 5097 3931 5163 Ursus.

2354 5179 2413 5233 8.
2451 5179 2519 5237 li.
2554 5179 2615 5234 Ε.
2648 5181 3029 5247 subdiaconus,
3060 5182 3199 5238 Vita:
3235 5184 3382 5241 illius
3426 5186 3694 5256 interpres
3722 5201 3936 5246 seculo

2351 5286 2427 5337 ts,
2460 5283 2514 5326 ut
2545 5286 2669 5327 mox
2700 5272 2932 5329 dicetur.

2420 5362 2476 5417 Ω.
2505 5361 2626 5416 Istis
2652 5371 2831 5419 tamen
2860 5364 3114 5421 omnibus
3137 5366 3349 5421 cautior
3379 5365 3667 5433 Baronius,
3702 5371 3794 5427 em
3818 5391 3927 5428 rre-

2351 5462 2538 5513 seente
2568 5453 2825 5521 paulatim
2851 5455 3072 5513 critices
3103 5458 3400 5528 majoribus
3422 5459 3680 5530 neglecta
3706 5468 3927 5529 sin-lin,

2351 5545 2405 5602 in
2445 5543 2598 5600 Natis
2627 5545 2694 5601 ad
2726 5545 3026 5602 Romanum
3072 5546 3512 5623 Martyrologium
3543 5593 3558 5618 ,
3592 5570 3629 5610 ll
3669 5552 3931 5613 Januarii

2350 5652 2427 5692 att
2463 5655 2476 5691 :
2518 5655 2538 5688 ι
2598 5636 2788 5695 Exstat
2842 5640 3205 5710 Ampltilocltii
3261 5648 3477 5700 nomine
3530 5649 3734 5717 scripta
3799 5648 3926 5704 Vita

2349 5724 2555 5791 Basilii,
2585 5741 2706 5797 qua
2730 5739 2928 5793 tamen,
2960 5742 3023 5784 ex
3064 5730 3473 5800 prudentiorum
3504 5737 3753 5789 omnium
3793 5753 3930 5791 sen-

2351 5820 2515 5875 tentia
2544 5857 2559 5886 ,
2592 5818 2814 5879 alterius
2842 5821 3141 5895 cuiuspiam
3190 5823 3371 5896 potius
3420 5842 3583 5898 quam
3634 5829 3932 5901 Amphilo-
