4066 6314
524 361 886 419 EXCERPTA
924 363 1011 417 EX
1054 364 1253 419 ACTIS
1294 364 1351 421 S.
1394 361 1638 417 BASlLll
1675 357 2445 415 BOLLANDIANlS.——VITA
2478 354 2911 414 APOCRYPHA.

145 484 250 554 elui,
274 482 484 556 aqualis
517 479 737 548 Basilio,
762 489 1159 551 computatur;
1188 495 1309 536 cum
1343 480 1522 549 aliqua
1548 479 1657 536 illic
1686 481 1731 539 Α

148 580 431 639 habeantur,
465 587 585 643 quae
616 572 691 627 illi
718 572 897 630 minus
934 574 1223 630 convenire
1249 574 1520 628 videntur.
1551 594 1570 627 ι
1604 573 1669 629 Et

146 675 187 730 in
216 667 488 729 Annalibus
521 668 588 722 ad
628 682 714 721 an.
754 668 878 733 378,
920 686 939 720 ι
969 682 1089 735 quae
1120 666 1481 737 Amphilocltii
1530 666 1667 722 falso

146 766 327 820 mmine
355 759 528 814 fertur
565 758 686 815 Vita
725 759 937 824 Basilii,
968 758 1110 814 haud
1146 760 1307 830 digna
1342 759 1476 814 satis
1496 758 1667 814 habe-

146 869 215 911 tur
249 867 357 921 qua
402 853 733 908 eruditorum
778 850 995 906 auribus
1048 852 1353 921 ingeratur;
1402 852 1501 906 nisi
1535 856 1666 909 adeo

146 950 230 1002 sint
248 946 589 1016 perspicaces,
621 956 681 999 ut
715 946 767 999 in
792 944 861 999 iis
890 960 1009 1015 qua:
1033 945 1144 1001 sint
1164 958 1292 997 vera
1327 958 1356 997 a
1383 944 1536 1001 falsis
1552 947 1661 1001 dis-

144 1038 327 1107 quirere
353 1053 412 1093 ac
437 1050 723 1092 secernere
768 1036 1001 1093 valeant.
1060 1036 1353 1104 Complura
1385 1037 1532 1092 enim
1586 1038 1659 1093 ibi

144 1142 247 1183 vera
281 1144 392 1185 esse
413 1169 429 1193 ,
486 1126 697 1181 inficias
730 1143 891 1184 nemo
920 1129 1120 1192 iverit;
1160 1138 1307 1186 utea
1337 1131 1657 1199 praesertim,

144 1235 242 1290 quae
261 1223 322 1277 ab
347 1218 606 1274 ambobus
632 1220 930 1290 Gregoriis,
963 1220 1307 1280 Nazianzeno
1339 1234 1501 1292 atque
1522 1223 1661 1293 Nys-

145 1327 269 1376 seno,
315 1324 514 1364 necnon
542 1327 606 1366 ex
640 1311 871 1380 Ephrem
916 1328 1036 1371 esse
1091 1330 1386 1373 noscuntur
1419 1326 1662 1384 accepta,

144 1405 211 1460 vel
256 1405 318 1457 ab
374 1401 618 1458 Helladio
668 1412 942 1461 mutuatus
971 1416 1054 1463 est
1086 1419 1296 1463 auctor.
1332 1426 1351 1460 ι
1388 1406 1661 1462 Hactenus

144 1494 373 1549 Baronius
404 1512 417 1548 :
452 1496 565 1561 cui,
598 1506 655 1551 ut
677 1502 960 1565 assentior,
987 1513 1110 1553 vera
1128 1513 1249 1553 esse
1299 1515 1419 1568 qua:
1446 1514 1474 1553 a
1508 1514 1665 1567 pseu-

145 1586 573 1658 do-Amphilochio
594 1605 659 1645 ex
692 1590 1004 1645 auctoribus
1025 1588 1231 1644 idoneis
1249 1591 1507 1645 translata
1535 1602 1663 1645 sunt

146 1679 187 1731 in
214 1677 369 1735 Vitam
399 1680 554 1736 istam
574 1722 589 1746 ,
629 1682 702 1736 ita
736 1680 819 1736 vel
873 1679 996 1733 inde
1024 1690 1209 1748 patere
1241 1681 1517 1746 existimo,
1546 1683 1662 1738 haec

146 1772 465 1843 Amphilochii
490 1788 597 1827 non
621 1786 773 1837 esse;
808 1788 930 1827 cum
959 1785 1138 1829 autem
1171 1773 1427 1840 aliorum,
1459 1792 1577 1841 qua:
1611 1776 1661 1831 in

148 1865 217 1917 illa
240 1874 534 1929 narrantur,
568 1862 776 1920 falsitas
804 1866 974 1936 relegi
1018 1866 1174 1923 facile
1227 1870 1433 1937 possit,
1469 1884 1663 1925 conse-

146 1966 287 2019 quens
308 1952 404 2006 erit
432 1951 567 2007 nihil
600 1954 655 2008 in
678 1969 739 2008 ea
757 1967 875 2010 esse
906 1954 1284 2025 Amphilochii.
1304 1956 1458 2011 Unde
1477 1957 1667 2011 merito

148 2042 461 2101 Bellarmiuus
503 2046 580 2102 De
611 2049 791 2118 script.
826 2048 1009 2103 eccles.
1044 2048 1098 2101 in
1140 2046 1507 2112 Amphilochio
1540 2050 1618 2104 ait
1648 2067 1663 2104 :

152 2154 168 2189 t
198 2137 389 2205 Exstat,
418 2141 633 2209 quidem
655 2179 670 2205 ,
700 2142 801 2195 sub
853 2139 1068 2195 nomine
1101 2139 1485 2208 Amphilochii,
1534 2139 1663 2196 Vita

147 2226 193 2285 S.
219 2229 385 2285 Basilii
412 2230 618 2299 Magni,
660 2235 753 2287 sed
784 2234 924 2287 haud
958 2234 1121 2287 dubie
1157 2234 1288 2287 falsa
1316 2236 1395 2286 vel
1420 2237 1667 2303 supposi-

150 2323 259 2378 titia.
290 2345 307 2377 ι
353 2324 611 2380 Rationes
661 2326 857 2381 deinde
901 2326 1144 2395 profert,
1186 2328 1373 2395 quales
1424 2344 1521 2382 nos
1567 2344 1665 2382 suo

147 2430 351 2486 quasque
376 2417 492 2473 loco
524 2419 913 2487 expendemus.

199 2510 243 2564 3.
264 2508 351 2564 llis
372 2509 621 2565 omnibus
659 2512 937 2581 perpensis
971 2513 1153 2567 mirari
1188 2514 1319 2567 tnihi
1359 2514 1663 2569 liceatcum

148 2600 391 2658 Godefrido
415 2600 733 2658 Hermantio
760 2643 774 2665 ,
801 2606 901 2657 hoc
950 2603 1115 2656 etiam
1168 2604 1362 2658 Saecqu
1389 2606 1662 2659 inventum

150 2707 242 2748 esse
266 2694 429 2747 virum
471 2694 770 2756 eruditum,
794 2695 885 2761 qui
918 2694 1080 2747 vellet
1114 2711 1210 2761 pro
1239 2694 1357 2748 Vita
1392 2696 1495 2749 ista
1536 2698 1664 2748 Am-

150 2782 379 2848 philochio
428 2782 750 2837 vindicanda
798 2783 1097 2854 apologiam
1142 2784 1414 2851 scribere;
1468 2800 1663 2850 nempe

152 2873 200 2925 ll.
234 2873 287 2929 P.
334 2872 687 2929 Franciscum
748 2874 1152 2931 Comhefisium.
1208 2874 1305 2931 llic
1360 2886 1537 2931 tamen
1592 2878 1663 2932 ita

151 2963 489 3019 defendendam
525 2964 671 3017 illam
699 2964 946 3033 suscipit,
978 2974 1038 3019 ut
1063 2965 1260 3020 fabulis
1281 2966 1659 3038 interpolatam

151 3056 371 3118 Fateatur;
404 3057 455 3110 in
495 3070 606 3127 quo
640 3053 822 3111 forsan
878 3058 1051 3129 reipsa
1080 3074 1185 3115 non
1208 3061 1456 3116 dissentit
1496 3076 1526 3116 a
1558 3063 1662 3117 Ba-

151 3147 289 3201 ronio.
323 3147 524 3202 Etenim
554 3162 677 3201 cunt
706 3148 979 3203 retulisset
1002 3161 1273 3214 auctores,
1305 3152 1446 3208 inter
1474 3169 1533 3208 se
1560 3155 1661 3209 hac
1691 3177 1733 3234 ρ

151 3236 187 3285 in
210 3250 348 3291 causa
385 3239 803 3305 dissentientes,
858 3255 995 3307 quos
1021 3251 1075 3295 et
1120 3254 1216 3294 nos
1238 3256 1399 3307 supra
1456 3244 1653 3299 retuli-

152 3338 270 3388 mus,
316 3326 389 3380 sic
414 3327 761 3395 prosequitur
792 3342 807 3379 :
846 3346 864 3377 ι
904 3327 1013 3397 Ego
1038 3367 1053 3387 ,
1105 3338 1162 3381 ttt
1192 3331 1383 3400 paucis
1430 3332 1605 3386 dicam
1634 3375 1650 3400 ,

148 3414 360 3478 arbitror,
381 3418 619 3485 potuisse
643 3417 796 3471 viros
829 3417 1304 3486 eminentissimos,
1348 3424 1537 3493 majori
1570 3438 1660 3479 re-

150 3508 344 3561 verentia
399 3508 600 3565 habere
649 3510 1051 3582 πραγματείαν,
1086 3524 1163 3568 tot
1190 3513 1303 3583 jam
1339 3516 1554 3572 saeculis
1606 3526 1662 3573 ct

150 3599 255 3664 apud
294 3602 625 3658 doctissimos
662 3603 1030 3673 obtinentem;
1074 3621 1190 3674 nec,
1237 3608 1361 3677 quia
1414 3610 1655 3679 quaedam

150 3688 208 3741 εει
236 3689 278 3743 in
301 3694 460 3757 re,vel
490 3695 544 3748 in
569 3694 727 3750 modo
746 3704 797 3751 et
824 3696 1244 3754 circumstantiis
1270 3699 1611 3755 ofl‘endehant
1635 3741 1651 3764 ,

150 3786 278 3833 uitam
313 3784 590 3851 repudiare
644 3795 699 3840 et
739 3787 946 3841 auctori
999 3789 1320 3857 impingere,
1357 3806 1527 3859 eoque
1560 3806 1653 3846 ac-

149 3882 298 3928 cusare
333 3874 443 3929 falsi
475 3917 490 3939 ,
529 3874 770 3946 falsoque
798 3878 1059 3948 assumpti
1102 3881 1234 3936 tanti
1266 3882 1520 3947 nominis,
1550 3897 1657 3953 quo

150 3959 237 4028 ipse
281 3966 545 4022 mendacia
604 3969 897 4025 coloraret.
929 3969 1095 4027 Forte
1144 3972 1286 4028 enim
1337 3989 1439 4028 non
1480 3989 1655 4043 pauca

147 4050 316 4109 Μειιαί
373 4062 649 4127 potuerint
707 4080 721 4117 :
783 4062 1028 4133 quaedam
1089 4063 1301 4119 ostendi
1349 4065 1532 4121 vitiata
1589 4065 1656 4121 ab

147 4143 417 4212 antiquariis
437 4188 454 4213 ,
492 4160 549 4205 et
583 4160 693 4205 tum
721 4151 1031 4220 conjectura
1060 4194 1073 4217 ,
1125 4162 1236 4209 tum
1264 4169 1331 4210 ex
1363 4157 1467 4212 fide
1499 4156 1657 4211 codi-

147 4248 238 4287 cunt
272 4239 491 4308 restitui;
548 4251 607 4295 ut
633 4242 718 4297 vix
758 4244 914 4312 pauci
940 4245 1072 4299 navi
1111 4251 1457 4310 restaverint,
1498 4248 1545 4304 si
1577 4257 1657 4303 ta-

149 4341 277 4393 men,
310 4332 467 4397 tueri;
501 4332 697 4402 quibus
730 4342 838 4388 tam
881 4336 1084 4404 grande
1139 4351 1337 4407 corpus
1363 4377 1379 4402 ,
1433 4348 1651 4408 tamque

146 4422 323 4487 grandis
349 4423 440 4479 aevi
467 4466 481 4491 ,
514 4434 592 4479 tot
626 4426 891 4495 pracipue
945 4428 1125 4481 tritum
1182 4430 1449 4493 manibus,
1476 4446 1660 4497 quan-

148 4513 283 4580 doque
332 4517 486 4572 etiam
544 4516 997 4586 impolitioribus,
1050 4520 1194 4589 haud
1252 4520 1408 4575 facile
1462 4535 1657 4575 carue-
1688 4525 1733 4581 D

148 4599 213 4655 rit.
261 4603 365 4661 Vita
432 4617 515 4664 est
575 4608 753 4665 Patris
817 4611 1202 4665 monachorum
1262 4614 1313 4667 in
1377 4610 1601 4669 Oriente
1635 4654 1652 4681 ,

146 4703 271 4755 quam
317 4695 729 4753 innumerabiles
790 4710 1024 4764 δείξειε.
1082 4702 1271 4770 majori
1323 4708 1646 4773 quandoque

147 4783 307 4850 pietate
345 4801 498 4857 quam
531 4790 755 4845 scientia
807 4792 1230 4859 exscripserint;
1282 4793 1368 4847 cui
1420 4795 1647 4864 proinde

146 4888 265 4929 suum
299 4878 486 4948 aliquid
512 4881 832 4950 ascripsisse
859 4885 1101 4952 possint;
1148 4894 1205 4938 ut
1231 4898 1336 4939 non
1371 4899 1433 4938 ea
1462 4885 1644 4941 forsan

146 4971 333 5035 puritate
356 4974 419 5027 ad
447 4989 546 5028 nos
574 4974 780 5028 venerit
806 5014 822 5038 ,
850 4989 969 5043 quas
1014 4974 1115 5029 fuit
1143 4977 1211 5030 ab
1257 4977 1635 5045 Amphilochia

144 5061 271 5124 edita.
296 5063 396 5120 sive
432 5064 672 5134 pbrasim
721 5074 1046 5131 spectemus,
1074 5066 1188 5120 sive
1230 5066 1401 5139 ipsam
1462 5084 1643 5125 rerum

148 5154 480 5223 narrationem;
512 5170 635 5227 quae
685 5156 860 5209 minus
900 5156 1173 5219 continua,
1210 5157 1499 5228 multisque
1520 5159 1644 5215 dis-

146 5252 258 5298 creta
276 5247 448 5313 titulis,
497 5263 605 5303 non
668 5247 740 5301 ita
778 5247 1173 5302 cohaerentibus
1201 5287 1218 5312 ,
1254 5249 1359 5304 nisi
1402 5253 1641 5321 castiga-

147 5342 185 5389 ta
218 5352 357 5395 manu
408 5341 754 5409 calamoque,
805 5341 1041 5396 ascititia
1093 5341 1273 5410 aliqua
1316 5352 1371 5397 et
1411 5343 1641 5417 πληρώ-

148 5444 277 5495 ματι,
297 5448 391 5488 non
418 5435 701 5503 respuerit.
736 5433 892 5488 Plura
927 5450 1057 5489 sane
1091 5447 1146 5489 et
1166 5435 1421 5506 pleraque
1446 5451 1640 5507 aequus

148 5518 293 5588 lector,
316 5535 656 5596 assuetnsque
692 5526 1135 5595 Amphilochiano
1162 5527 1323 5596 stylo,
1356 5543 1461 5583 non
1500 5529 1638 5583 indi-

147 5626 221 5674 ana
242 5614 595 5686 Amphilochia
643 5618 1089 5687 deprehenderit;
1140 5621 1191 5674 in
1238 5621 1426 5691 primis
1484 5637 1641 5676 usum

147 5700 259 5757 illum
284 5704 557 5778 Scriptura:
591 5707 825 5772 facilem,
880 5711 965 5779 pia
1005 5709 1303 5782 devotaque
1330 5712 1639 5779 allusione;

148 5805 224 5861 qua
264 5813 416 5867 neque.
446 5800 722 5853 historiam
776 5809 962 5852 texens
997 5838 1013 5861 ,
1069 5800 1371 5869 stylumque
1413 5801 1639 5856 omnino

448 5897 721 5958 Ριτκοι..
764 5895 877 5956 Gtt.
926 5896 1158 5957 XXIX.

3128 371 3327 418 ωιεεη

1760 478 1981 549 planum
2038 487 2095 532 et
2139 479 2437 550 simplicem
2484 476 2763 546 alfectans,
2794 475 3069 534 abstinere
3131 481 3328 548 potuit.

1769 569 1929 627 Plura
1977 569 2205 625 subinde
2258 568 2578 641 explicando
2617 570 2877 635 litteram,
2917 568 3113 624 nullius
3147 580 3328 625 tamen

1767 659 2099 728 prmjudieio.
2152 677 2172 710 ι
2228 658 2319 715 Ha:
2364 657 2675 716 Combells'ti
2725 665 2960 716 rationes
2990 662 3328 730 postmodum

1767 753 2135 819 expendenda:
2166 756 2327 806 erunt
2356 770 2367 805 :
2398 751 2638 816 interim,
2670 764 2793 804 cum
2819 751 3050 807 fateatur
3065 751 3200 807 Acta
3228 752 3329 806 ista

1767 843 2160 914 qualiacunque
2192 860 2221 897 a
2250 844 2545 908 monachis,
2564 860 2658 914 per
2681 856 2907 913 quorum
2934 861 3124 901 manus
3143 853 3328 900 trans-

1770 938 1967 999 ierunt,
2002 935 2211 990 fabellis
2244 934 2561 1002 interpolata
2588 950 2738 1002 esse;
2774 948 2878 1004 qua
2909 934 2963 987 in
2995 952 3074 1001 re,
3114 950 3324 1008 quaeso.

1767 1030 2016 1085 dissentit
2041 1045 2071 1083 a
2095 1027 2367 1083 Baronio?
2393 1027 2484 1097 qui
2509 1039 2705 1091 monet,
2737 1029 2791 1082 in
2824 1026 3013 1081 iisdem
3036 1029 3187 1084 Actis
3202 1046 3331 1085 vera

1767 1136 1796 1175 a
1826 1121 1975 1175 falsis
2001 1120 2236 1175 discerni
2268 1121 2484 1174 debere.
2518 1118 2635 1172 Erit
2666 1120 2846 1189 itaque
2892 1133 3071 1189 operm
3099 1121 3329 1188 pretium

1766 1228 1957 1269 rursus
1982 1212 2409 1284 qualemcunque
2438 1208 2895 1281 Amphilochium,
2923 1211 3162 1280 seposito
3185 1216 3334 1266 omni

1766 1305 2102 1377 praeiudicio,
2147 1307 2504 1366 examinare;
2535 1312 2595 1358 ut
2627 1308 2859 1373 qmesita
2886 1320 3008 1359 cum
3043 1303 3191 1359 omni
3215 1303 3331 1358 sin-

1767 1401 1989 1455 ceritate
2013 1398 2210 1453 veritas
2231 1397 2458 1454 inveniri
2482 1396 2648 1465 possit

1834 1492 1887 1543 4.
1926 1492 2097 1547 Ursus
2114 1490 2171 1545 S.
2204 1490 2276 1544 R.
2300 1492 2362 1544 Ε.
2383 1488 2771 1552 subdiaconus.
2798 1486 2888 1557 qui
2912 1485 3152 1543 Graecam
3170 1488 3333 1542 istaut

1767 1583 1954 1637 Basilii
2025 1581 2193 1635 Vitam
2254 1582 2457 1650 primus
2512 1581 2804 1637 Latinitate
2837 1584 3067 1637 donasse
3127 1580 3332 1642 scitur,

1766 1676 1899 1731 vixit
1941 1673 2274 1744 temporibus
2325 1675 2600 1727 Anastasii
2665 1670 3089 1728 Bibliothecarii.
3147 1671 3334 1726 Exstat

1764 1771 1930 1833 enim,
1962 1781 2098 1825 teste
2145 1768 2474 1838 Rosweydo,
2502 1764 2691 1820 Romae
2729 1766 2783 1820 in
2813 1764 3143 1820 bibliotheca
3174 1763 3337 1820 Valli-

1696 1834 1739 1887 Β
1767 1863 1972 1916 cellana
2029 1865 2197 1917 codex
2262 1834 2366 1917 ms,
2420 1859 2509 1928 qni
2547 1857 2793 1913 continet
2839 1858 3017 1912 Vitam
3049 1856 3194 1911 illam
3237 1873 3335 1928 per

1774 1952 1964 2009 Ursum
1994 1969 2009 2018 ;
2043 1968 2109 2005 ex
2143 1968 2315 2022 eoque
2343 1949 2621 2019 exemplar
2636 1948 3130 2014 suum,autsaltem
3152 1950 3331 2019 priora

1766 2054 1893 2101 octo
1946 2046 2121 2113 capita
2154 2083 2168 2106 ,
2216 2060 2335 2097 cum
2367 2042 2685 2114 prmfatione
2722 2041 3055 2111 Bosweydus
3101 2041 3328 2111 accepit.

1764 2140 2018 2196 Continet
2068 2146 2324 2204 praeterea
2373 2138 2627 2205 praefatus
2669 2136 2838 2190 codex
2878 2134 3137 2189 miracula
3170 2150 3327 2207 quae-

1765 2232 1886 2286 dam
1930 2231 2102 2285 sancti
2144 2227 2353 2292 Basilii,
2382 2242 2500 2294 qum
2534 2230 2827 2281 creduntur
2850 2225 2917 2281 ab
2941 2224 3186 2281 llelladio
3208 2226 3309 2295 cpi.

1766 2334 1928 2389 δεομο
1977 2318 2304 2374 Οιηδπεθιιεί
2347 2315 2652 2385 conscripta
2681 2355 2696 2378 ,
2730 2316 2783 2370 in
2838 2315 3092 2370 Latinum
3118 2316 3326 2386 p‘ariter

1767 2425 1923 2465 versa
1958 2414 2025 2463 ab
2070 2409 2357 2465 Anastasio
2391 2406 2849 2473 Bibliothecario;
2907 2405 3173 2477 Imjnsqne
3229 2406 3334 2462 ibi-

1765 2502 1887 2556 dem
1920 2500 2112 2570 legitur
2144 2499 2393 2553 Prmfatio
2422 2500 2486 2552 ad
2520 2498 2715 2553 Ursum
2739 2511 2901 2566 supra
2932 2508 3327 2551 memoratum:

1768 2594 1901 2650 vixit
1917 2604 2095 2648 autem
2122 2592 2441 2647 Anastasius
2463 2590 2909 2646 Bibliothecarius
2927 2590 3028 2645 sub
3045 2589 3268 2644 Nicolao
3286 2590 3330 2655 l,

1765 2689 1855 2758 qui
1902 2688 2042 2742 sedit
2098 2686 2166 2739 ab
2214 2700 2353 2740 anno
2396 2682 2503 2738 858
2552 2684 2619 2737 ad
2664 2698 2864 2737 annum
2916 2682 3040 2737 867.
3083 2682 3185 2738 Vix
3232 2681 3334 2740 Ur-

1766 2794 1859 2833 sus
1918 2779 2090 2832 Vitam
2136 2776 2644 2846 Amphilochianam
2694 2772 3144 2833 clncubraverat,
3205 2790 3328 2829 cum

1767 2867 1928 2929 illico,
1958 2877 2016 2921 ut
2048 2868 2307 2921 credibile
2333 2876 2436 2932 est,
2474 2882 2503 2920 a
2536 2867 2782 2936 pluribus
2807 2905 2822 2932 ,
2871 2868 3175 2937 praesertim
3210 2880 3329 2921 mo—

1767 2958 1959 3014 nachis
1985 2999 1999 3022 ,
2036 2958 2302 3023 requisita
2355 2967 2439 3012 est
2488 2958 2867 3026 descriptaqne
2902 2977 2915 3012 :
2944 2972 2973 3010 a
3004 2957 3329 3024 quibusdam

1764 3061 1927 3106 etiam
1955 3052 2007 3102 in
2048 3049 2429 3120 compendium
2466 3049 2719 3114 redacta,
2755 3049 2823 3103 ab
2861 3049 2983 3102 aliis
3005 3050 3070 3102 ad
3097 3050 3330 3103 formam

1766 3145 2057 3199 lectionum
2089 3145 2139 3197 in
2177 3142 2403 3197 ei-elesia
2434 3140 2839 3199 recitandarnm
2866 3148 3075 3209 aptata;
3107 3141 3346 3194 nonnul-.

1766 3237 1831 3290 lis
1864 3235 2106 3295 mutatis.
2137 3233 2354 3295 additis,
2386 3233 2625 3291 omissis,
2653 3230 2831 3294 qualia
2862 3230 3125 3285 habemus
3153 3245 3329 3285 exent-

1764 3326 1933 3397 plarla
1960 3341 2027 3379 ex
2057 3323 2383 3378 bibliotheca
2411 3320 2759 3376 Vallicellana
2788 3320 2915 3383 duo,
2945 3335 3012 3376 ex
3040 3319 3326 3376 Casinensi

1765 3432 1951 3483 unum,
1977 3416 2157 3472 omnia
2180 3416 2379 3485 scripta
2404 3413 2717 3469 charactere
2742 3411 3173 3483 Longobardico.
3206 3412 3325 3468 Val-

1763 3511 2067 3568 licellannm
2121 3517 2413 3577 utrumque
2461 3505 2690 3576 Prologo
2720 3517 2911 3569 caret,
2963 3520 3086 3560 eum
3138 3516 3323 3561 tamen

1762 3619 1919 3673 quem
1966 3601 2087 3657 Ursi
2133 3598 2562 3667 interpretationi
2608 3614 2637 3650 a
2686 3611 2744 3651 se
2779 3596 2957 3661 editas,
2992 3596 3325 3670 Rosweydus

1762 3693 2027 3764 praefixit,
2070 3693 2183 3761 ipse
2228 3689 2437 3761 accepit
2477 3704 2543 3743 ex
2573 3688 2760 3744 eadem
2796 3688 3117 3745 bibliotheca
3155 3689 3320 3746 Valli-

1761 3784 1965 3839 cellana
1998 3783 2125 3837 :sed
2155 3791 2211 3835 et
2234 3790 2523 3849 utrumque
2550 3794 2650 3835 ms.
2697 3779 2749 3833 in
2794 3779 2978 3835 multis
3008 3788 3093 3835 est
3114 3781 3183 3836 ab
3205 3785 3323 3837 ed3-

1761 3877 1909 3933 tione
1934 3874 2323 3945 ltosweydiana
2356 3874 2649 3929 diversum.
2676 3872 2866 3927 Exstat
2908 3873 3073 3939 igitur
3126 3881 3182 3928 et
3214 3883 3323 3931 ter-

1761 3969 1891 4023 tium
1916 3968 1969 4023 in
1999 3970 2186 4024 eadem
2218 3967 2538 4022 bibliotheca
2564 3965 2808 4021 Ursinum
2830 3965 3097 4021 versionis
3125 3981 3323 4021 exem-

1760 4062 1897 4129 plar,
1945 4060 2087 4131 quod
2117 4058 2450 4127 Bosweydus
2504 4072 2574 4111 ex
2604 4070 2777 4125 eoque
2805 4054 2996 4112 Surius
3031 4058 3170 4129 typis
3202 4059 3320 4115 vul-

1760 4164 1971 4222 garunt,
2001 4151 2179 4205 addita
2211 4149 2527 4217 interpretis
2558 4146 2879 4202 Prmfatione

1828 4242 1881 4298 5.
1948 4241 2241 4296 Casineuse
2296 4238 2569 4307 exemplar
2634 4237 2916 4307 Prologum
2984 4240 3146 4295 habet
3194 4240 3319 4297 Ursi

1760 4329 2096 4395 subdiaconi,
2138 4329 2358 4384 omnino
2390 4327 2555 4381 alium
2601 4329 2667 4383 ab
2691 4342 2776 4393 eo,
2803 4344 2961 4397 quem
2988 4330 3320 4401 [tosweydus

1760 4421 1947 4487 edidit,
1980 4421 2200 4491 dignum
2225 4420 2317 4475 hic
2344 4419 2493 4485 dari;
2521 4435 2586 4474 eo
2611 4422 2755 4489 quod
2802 4420 3055 4475 videatur
3085 4422 3316 4491 genuina

1763 4511 1883 4568 Ursi
1907 4512 2128 4583 scriptio
2156 4526 2296 4576 esse.
2332 4527 2439 4581 pra:
2476 4511 2965 4581 Rosweydiana,et
2990 4514 3133 4581 quod
3166 4530 3319 4569 men-

1760 4610 1959 4661 tionem
1992 4606 2154 4661 faciat
2177 4606 2314 4674 ejus,
2342 4606 2497 4675 cujus
2526 4612 2713 4674 rogatu
2758 4605 2929 4673 ipsam
2968 4605 3147 4659 Vitam
3171 4606 3319 4661 dedit

1761 4696 2060 4762 Latinitati,
2095 4698 2300 4753 scilicet
2321 4696 2570 4768 Gregorn
2610 4695 2653 4750 ll
2682 4696 2835 4751 ducis
2865 4695 3214 4765 Neapolitani,
3249 4700 3319 4753 de

1757 4802 1886 4858 quo,
1918 4790 2061 4858 apud
2106 4787 2387 4858 Ugbellum
2419 4798 2457 4844 t.
2486 4784 2584 4850 Vl,
2607 4800 2658 4839 e.
2689 4785 2809 4851 “5,
2841 4786 3060 4841 Bonitus
3089 4787 3313 4841 subdia-

1756 4892 1924 4932 conus
1959 4878 2056 4940 ait,
2087 4878 2228 4947 quod
2252 4875 2354 4929 fuit
2383 4894 2402 4927 ι
2449 4889 2612 4945 nepos
2636 4884 2693 4930 et
2720 4875 2915 4944 proles,
2948 4874 3116 4931 frater
3141 4886 3197 4931 et
3229 4891 3318 4945 pa-

1754 4979 1836 5025 ter
1861 4966 2380 5037 Parthenopensium
2406 4966 2621 5020 ducum.
2655 4984 2673 5016 ι
2714 4964 2761 5021 ls
2791 4966 2970 5035 itaque
3000 4968 3078 5021 sic
3100 4967 3262 5023 habet
3295 4988 3310 5025 :

1759 5082 1777 5114 ι
1812 5060 2003 5131 Incipit
2030 5060 2294 5129 Prologus
2330 5056 2385 5112 in
2413 5056 2588 5112 Vitam
2619 5058 2792 5112 sancti
2821 5056 3009 5111 Basilii
3044 5060 3311 5129 archiepi-

1751 5151 1900 5223 scopi
1939 5161 1995 5204 et
2025 5148 2372 5204 confessoris.
2400 5145 2691 5218 Postquam
2735 5145 2954 5201 Lucifer
2997 5147 3081 5202 ille
3110 5164 3312 5217 procax

1751 5248 1815 5301 de
1843 5243 2046 5300 cmlesti
2077 5242 2245 5314 gloria
2283 5242 2560 5297 demersus
2585 5248 2706 5301 est,
2753 5248 2809 5292 et
2838 5240 3049 5295 invidize
3078 5240 3313 5296 stimulis

1751 5335 2032 5398 incitatus,
2063 5334 2129 5386 de
2156 5331 2388 5401 paradisi
2414 5330 2673 5385 amoenits
2694 5339 2745 5383 te
2771 5369 2786 5393 ,
2822 5345 2916 5399 per
2953 5331 3311 5389 smvissimum

1750 5442 2014 5497 anguem,
2070 5423 2459 5495 protoplastum
2515 5421 2755 5490 expulit;
2795 5421 2963 5475 veluti
2998 5426 3311 5482 stomachus

1749 5521 2009 5590 languens
2039 5517 2229 5572 vitales
2258 5514 2473 5569 fastidit
2514 5513 2697 5582 dapes,
2725 5512 2798 5567 ita
2828 5527 2990 5567 omne
3014 5528 3182 5582 genus
3207 5513 3309 5568 hu-

1749 5626 1965 5674 manum
1988 5608 2204 5664 caeleste
2231 5617 2390 5675 atque
2426 5603 2790 5659 intellectuale
2818 5604 3127 5659 convivium
3167 5607 3314 5675 igno-

1748 5706 1919 5761 rabat.
1953 5704 2056 5759 Sed
2078 5703 2198 5774 pius
2223 5700 2311 5754 ille
2338 5706 2486 5753 sator
2522 5707 2682 5767 atque
2708 5698 3013 5767 redemptor
3060 5699 3310 5753 humana:

1748 5799 1975 5855 miseria:
2015 5794 2291 5853 condoluit
2319 5795 2405 5863 pio
2451 5790 2641 5847 all‘ectu
2666 5831 2680 5856 ,
2713 5798 2766 5844 et
2808 5792 2872 5844 de
2902 5793 3055 5844 costis
3080 5805 3171 5853 per
3196 5791 3309 5842 vir-
