4086 6318
712 361 898 401 εςιίῖιν

2073 337 2605 394 ΡΠΟΙᾸΞΟΟΜΕΝΛ.

711 467 867 533 ginea
890 460 1094 514 viscera
1126 456 1178 512 in
1205 455 1501 512 convallem
1532 456 1689 526 hujus
1725 455 1904 510 mundi
1955 455 2268 510 descendit:
2310 455 2352 510 A
2384 456 2561 523 amplo
2594 456 2790 509 famine
2824 466 3147 525 praepotens,
3185 464 3275 509 aut
3300 465 3405 510 tam
3442 456 3662 527 profusa
3695 456 3930 518 facundus

710 574 773 613 ac
828 559 1119 611 humanum
1171 568 1359 623 genus,
1413 552 1554 622 quod
1602 553 1728 608 olim
1780 551 2119 606 :emulatoris
2155 548 2275 603 dolo

712 655 993 719 deceptum
1043 648 1238 710 fuerat,
1274 655 1541 701 coaeterno
1579 644 1690 699 Deo
1726 643 1871 698 Patri
1926 643 2279 698 reconciliare

712 743 970 810 cupiens,
1002 738 1528 809 ineontemplahilem
1570 738 1747 807 ignem
1802 735 1977 792 sancti
2036 734 2274 806 Spiritus

712 831 1138 889 misericorditer
1186 830 1432 885 accendit
1483 846 1497 882 :
1560 830 1627 885 de
1672 841 1779 897 quo
1838 826 2095 881 nimirum
2153 827 2277 892 igne

708 926 963 995 primitus
990 925 1144 980 valde
1198 922 1513 993 conﬂagrati
1577 929 1703 979 sunt
1748 920 1921 977 sancti
1971 921 2272 988 prophetae,

707 1028 826 1089 post
860 1018 981 1074 illos
1038 1018 1213 1074 sancti
1262 1016 1489 1086 apostoli
1520 1055 1534 1079 ,
1579 1023 1870 1085 martyres,
1900 1012 2274 1075 confessores,

706 1111 966 1181 virgines,
984 1118 1039 1164 et
1059 1123 1245 1165 omnes
1265 1107 1546 1177 utriusque
1568 1122 1728 1161 sexus
1756 1104 1961 1169 sancti,
1992 1106 2081 1174 qui
2108 1120 2275 1172 usque

708 1203 773 1254 ad
823 1212 1022 1255 metam
1054 1200 1254 1264 carnis,
1287 1214 1384 1270 pro
1408 1200 1522 1267 ejus
1554 1197 1860 1253 dilectionis
1888 1200 2083 1253 ardore
2106 1237 2120 1261 ,
2152 1198 2272 1266 ipso

705 1293 865 1356 duce,
898 1292 1127 1345 viriliter
1153 1291 1518 1346 dimicarunt:
1556 1290 1621 1344 de
1643 1290 1838 1359 quibus
1880 1290 2133 1345 nimirum
2166 1304 2268 1359 ag-

704 1385 940 1439 minibus
979 1385 1179 1440 sanctis
1212 1383 1442 1439 Basilius
1480 1384 1691 1437 exstitit
1720 1395 1979 1445 sanctus,
2033 1382 2123 1451 qui
2154 1381 2270 1436 sine

702 1476 966 1533 effusione
1017 1475 1294 1544 sanguinis
1344 1485 1550 1546 martyr
1571 1473 1796 1531 effectus
1832 1485 1933 1530 est.
1969 1473 2136 1541 Cujus
2183 1475 2269 1528 vi-

705 1575 815 1621 tam
865 1577 918 1623 et
957 1567 1215 1635 praeclara
1251 1568 1509 1622 miracula
1538 1605 1553 1631 ,
1589 1567 1738 1635 cogis
1773 1583 1856 1622 me
1887 1566 2117 1630 Ursum,
2148 1582 2267 1619 om-

702 1661 851 1714 nium
872 1660 1305 1714 Christianorum
1331 1659 1579 1715 ultimum
1634 1662 1985 1729 infimumque
2017 1662 2269 1715 sacerdo-

701 1761 833 1816 tem,
868 1766 901 1804 o
927 1750 1151 1823 Gregori
1175 1752 1498 1816 clarissime,
1530 1754 1671 1808 filius
1696 1764 1858 1823 atque
1884 1768 2067 1821 nepos,
2096 1751 2268 1806 frater

697 1853 1032 1916 patruusque
1063 1846 1255 1900 ducum
1296 1864 1309 1898 :
1341 1860 1438 1900 nec
1468 1860 1572 1901 non
1623 1856 1676 1902 et
1707 1847 1807 1902 loci
1843 1856 2088 1901 servator
2121 1844 2263 1901 Nea-

698 1937 902 2007 poleos,
935 1952 1040 2007 quo
1073 1938 1138 1991 de
1168 1938 1349 1994 Attica
1375 1939 1428 1993 in
1472 1939 1722 1995 Latinam
1756 1940 1989 2008 linguam
2026 1938 2265 1993 transfe-

700 2043 816 2081 ram
842 2069 857 2093 ,
886 2038 939 2082 et
966 2029 1019 2083 in
1050 2030 1255 2099 gremio
1282 2042 1479 2086 sancte
1504 2032 1691 2085 matris
1736 2030 1990 2085 Ecclesim
2016 2032 2159 2086 fideli
2188 2032 2265 2085 fa-

701 2125 846 2176 mine
871 2123 1207 2193 consignem.

772 2215 825 2267 6.
866 2232 883 2264 t
922 2214 1029 2270 Nos
1068 2232 1196 2270 vero
1231 2217 1712 2271 animadvertimus
1744 2226 1981 2272 nostram
2008 2218 2258 2272 inertiam

695 2315 750 2361 et
778 2306 943 2361 multo
965 2308 1134 2378 magis
1163 2320 1505 2377 peccatorum
1540 2312 1773 2380 pondere
1809 2312 2121 2373 tituhamus,
2184 2324 2250 2363 ne

697 2399 797 2453 sub
849 2409 998 2455 tanto
1048 2416 1213 2456 onere
1242 2404 1684 2469 succumbamus;
1721 2414 1775 2457 et
1822 2415 1928 2458 tam
1961 2414 2154 2459 sancto
2212 2410 2266 2457 et

703 2490 1006 2546 admirabili
1042 2492 1157 2547 viro
1186 2494 1353 2562 magis
1380 2494 1660 2547 ridiculum
1690 2510 1851 2563 quam
1883 2494 2100 2549 laudem
2137 2510 2261 2565 pro-

702 2596 984 2650 ponamus.
1022 2584 1124 2639 Sed
1168 2594 1243 2650 tu,
1277 2585 1603 2650 clarissime,
1638 2602 1759 2641 cum
1816 2602 1914 2641 nos
1962 2589 2260 2644 renitentes

700 2673 1038 2743 multumque
1098 2685 1459 2745 repugnantes
1493 2678 1760 2745 conspicis
1785 2719 1800 2743 ,
1855 2680 1935 2733 ais
1961 2722 1976 2744 ,
2005 2682 2128 2751 quia
2156 2681 2263 2734 Do-

697 2765 879 2821 minus
910 2768 976 2821 ab
1009 2767 1168 2821 initio
1206 2782 1311 2822 non
1343 2783 1464 2823 cum
1502 2768 1855 2839 philosophis,
1889 2786 1987 2824 nec
2020 2770 2262 2825 rhetori-

695 2856 797 2910 bus
823 2858 1169 2927 tragicisque,
1208 2874 1306 2912 nec
1338 2874 1457 2913 cum
1487 2862 1727 2932 physicis
1761 2862 2110 2930 locutionem,
2169 2863 2263 2918 sed

696 2963 817 3001 cum
852 2948 1099 3004 ruricolis
1132 2965 1194 3002 ac
1223 2952 1588 3018 piscatoribus
1643 2965 1697 3009 et
1748 2957 1930 3011 idiotis
1959 2958 2259 3012 orationem

696 3038 924 3097 habuit:
972 3048 1028 3093 et
1054 3039 1222 3093 multo
1263 3041 1433 3110 magis
1464 3042 1755 3110 puritatem
1786 3044 2005 3113 spiritus
2036 3061 2261 3117 prospe-

696 3140 808 3184 ctat
834 3170 849 3193 ,
901 3145 1065 3201 quam
1098 3130 1508 3188 dialecticorum
1541 3134 1926 3203 rhetorumque
1958 3137 2257 3193 tendiculas

695 3237 760 3276 ac
794 3223 1073 3293 phalerata
1109 3236 1433 3281 commenta.
1468 3226 1575 3283 Nos
1598 3243 1725 3285 vero
1751 3229 1841 3284 ubi
1862 3240 2099 3285 vestrum
2124 3230 2258 3287 atie-

700 3326 876 3370 ctum‘
916 3318 1378 3373 consideravimus
1405 3361 1419 3383 ,
1484 3322 1699 3376 tandem
1726 3361 1743 3388 ,
1784 3325 1955 3392 magis
2009 3324 2059 3378 vi
2100 3339 2262 3395 quam

694 3418 884 3476 sponte
906 3408 1166 3475 inclinati,
1188 3412 1526 3477 perreximus
1557 3414 1625 3467 ad
1653 3415 1926 3469 dominum
1958 3415 2259 3485 Nicolaum,

700 3500 983 3570 praesulem
1046 3503 1430 3573 peritissimum
1458 3504 1768 3561 Grzecorum
1826 3516 1987 3577 atque
2023 3510 2259 3577 philoso-

710 3594 878 3661 phum
908 3632 924 3657 ,
974 3604 1029 3649 et
1099 3598 1389 3652 secundum
1438 3606 1675 3652 vestrum
1736 3610 1916 3654 votum
1968 3601 2031 3653 de
2076 3600 2261 3655 Graeca

698 3686 756 3738 in
794 3686 1041 3741 Latinam
1098 3688 1333 3758 linguam
1375 3690 1629 3759 fideliter,
1684 3692 1824 3761 quod
1880 3690 2256 3761 injunxeratis,

699 3777 1091 3832 transtulimus.
1146 3779 1440 3837 Humiliter
1474 3798 1603 3853 ergo
1654 3785 1865 3839 veniam
1905 3800 1934 3839 a
1967 3784 2259 3840 lectoribus

695 3867 1035 3935 postulamus
1054 3909 1069 3934 ,
1112 3879 1171 3923 ut
1198 3872 1458 3941 quidquid
1484 3874 1721 3944 ineptum
1764 3877 2071 3930 invenerint
2099 3893 2258 3948 saga-

691 3960 811 4015 cius
840 3960 1143 4029 corrigant,
1168 3971 1221 4015 et
1248 3962 1527 4032 ignoscant
1553 3967 1700 4018 aetati
1734 3968 1926 4035 puerili
1978 3967 2251 4037 fragilita-

693 4051 843 4119 tique
868 4053 1138 4122 humane,
1166 4064 1219 4109 et
1248 4056 1416 4126 magis
1441 4056 1784 4122 obedientiae,
1819 4073 1980 4127 quam
2013 4063 2253 4116 audacias

694 4143 1013 4199 temeritatis
1045 4145 1339 4200 ascribant.
1381 4146 1628 4201 Attamen
1669 4149 1713 4202 si
1733 4148 1853 4216 quis
1872 4149 2086 4217 garrula
2122 4166 2251 4205 voce

692 4232 747 4285 in
783 4232 1159 4291 clamationem
1196 4238 1527 4308 proruperit,
1565 4239 1762 4294 indicet
1794 4242 1945 4310 prius
1978 4241 2092 4308 ipse
2150 4257 2249 4295 no-

688 4324 775 4379 bis
801 4366 815 4388 ,
840 4326 960 4395 quis
992 4343 1248 4399 unquam,
1273 4329 1370 4384 fuit
1424 4333 1559 4387 tanti
1592 4333 1788 4404 ingenii
1835 4377 1848 4400 ,
1887 4342 1940 4388 et
1969 4334 2088 4389 ouis
2138 4344 2244 4389 tam

2386 546 2730 615 loquacitate,
2768 557 2825 601 ut
2855 564 3159 604 sermonem
3190 548 3395 603 valeret
3427 551 3655 606 reddere
3712 560 3929 609 sermoni

2385 639 2546 709 (sicut
2581 658 2700 706 nos,
2734 657 2840 695 non
2876 653 3088 711 sponte,
3112 642 3205 695 sed
3233 642 3385 697 inviti
3429 643 3701 713 fecimus),
3746 654 3800 697 et
3842 660 3931 701 non

2381 748 2568 788 omnes
2598 736 2740 791 vires
2769 737 3136 805 grammatica:
3176 734 3311 788 artis
3351 733 3644 793 suffocaret
3680 756 3694 792 :
3738 739 3934 805 quando

2381 836 2436 880 ct
2464 828 2563 896 ipsi
2602 830 2693 898 qni
2729 838 2882 900 gesta
2921 840 3231 885 sanctorum
3262 828 3737 898 conscripSerunt,
3778 833 3931 901 magis

2380 933 2573 975 sensus
2598 938 2759 992 quam
2796 922 2956 977 verba
2988 925 3288 993 scripsere,
3324 921 3481 976 sicuti
3514 926 3753 993 majores
3781 928 3931 981 nostri

2382 1011 2645 1069 referunt.
2677 1014 2887 1070 Interea
2922 1015 3118 1071 obnixe
3139 1029 3469 1086 quzesumus,
3505 1022 3563 1068 ut
3590 1015 3753 1073 ﬁdem
3790 1017 3932 1073 dictis

2380 1106 2701 1174 adhibeatis,
2737 1124 2831 1178 per
2862 1109 3041 1162 omnia
3076 1112 3381 1175 credentes,
3409 1107 3537 1178 quia
3568 1111 3838 1166 veraciter
3867 1122 3933 1164 ta-

2379 1201 2482 1256 lem
2523 1202 2670 1258 illam
2714 1204 3111 1268 transtulimus,
3144 1205 3357 1274 qualem
3384 1203 3532 1259 illam
3572 1203 3832 1271 scriptam
3875 1204 3931 1258 ab

2377 1296 2755 1363 A-mphilochio
2784 1296 3011 1365 praesule
3036 1295 3325 1362 lconiensi,
3356 1296 3447 1365 qui
3478 1306 3687 1363 magna?
3711 1296 3930 1349 auctori-

2379 1390 2501 1442 tatis
2534 1399 2637 1455 est,
2670 1392 2720 1446 in
2747 1389 3060 1445 Graecorum
3089 1389 3412 1443 commentis
3454 1387 3782 1441 invenimus.
3813 1388 3928 1442 Cre-

2377 1483 2503 1536 dere
2526 1496 2653 1537 vero
2678 1499 2743 1538 ne
2776 1482 3058 1540 dubitetis.
3082 1480 3205 1548 quia
3234 1479 3286 1533 in
3321 1480 3410 1533 illa
3434 1477 3723 1533 invenietis
3754 1479 3930 1533 anima:

2374 1573 2679 1639 ferculum,
2732 1583 2785 1628 et
2830 1573 3039 1642 galeam
3099 1572 3486 1645 clypeumque,
3544 1583 3706 1639 quem
3763 1583 3929 1623 vestro

2374 1668 2513 1723 hosti
2547 1668 2859 1738 opponatis,
2918 1676 2971 1719 et
3023 1666 3111 1721 illo
3137 1665 3384 1728 devicto,
3425 1677 3699 1716 summum
3744 1659 3927 1728 Regem

2376 1760 2513 1815 facie
2538 1765 2603 1816 ad
2629 1764 2817 1817 faciem
2841 1761 3101 1827 videatis;
3127 1758 3414 1828 adiuvante
3437 1757 3626 1826 utique
3657 1756 3796 1824 ipso,
3815 1753 3923 1809 cui:

2372 1942 2593 1996 Artibus
2624 1944 2677 1997 in
2708 1940 2924 1995 summis
2960 1957 3065 1993 una
3087 1949 3160 1993 est
3199 1956 3315 1991 cum
3362 1938 3519 1991 Patre
3544 1945 3798 2005 potestas;

2370 2012 2483 2065 Par
2510 2014 2772 2083 splendor,
2813 2012 3101 2063 communis
3123 2025 3286 2083 opem,
3311 2009 3502 2083 sociale
3526 2024 3796 2070 cacumen,

2370 2079 2578 2151 JEquns
2616 2084 2799 2145 honor,
2838 2083 2997 2133 virtus
3034 2081 3237 2133 eadem.
3279 2079 3388 2151 sine
3430 2087 3661 2151 tempore
3700 2092 3925 2144 regnum,

2370 2147 2583 2223 Semper
2620 2152 2951 2220 principium,
2990 2160 3252 2218 sceptrum
3283 2149 3429 2223 jnge,
3478 2147 3652 2223 gloria
3701 2162 3925 2223 consors,

2369 2214 2841 2293 Majestas'similis,
2871 2239 2961 2293 per
2984 2214 3157 2275 omnia
3178 2214 3369 2276 stmulo
3400 2214 3924 2272 sweulorum.Amen.

2440 2406 2489 2459 7.
2520 2406 2793 2461 Hactenus
2831 2406 3003 2461 Ursus
3032 2404 3395 2458 suhdiaconus
3425 2416 3439 2457 :
3481 2399 3636 2469 cujus
3664 2397 3921 2468 interpre-

2370 2497 2623 2550 tationem
2681 2510 2869 2563 parum
2908 2502 3153 2548 exactam
3209 2508 3332 2548 esse
3391 2492 3636 2560 queritur
3664 2490 3927 2545 Combeli-

2368 2588 2499 2649 sius,
2544 2585 2728 2639 nescio
2756 2600 2823 2637 an
2857 2584 3116 2638 dicendus
3173 2585 3288 2652 ipse
3326 2590 3549 2637 exactus
3597 2583 3792 2651 magis.
3821 2579 3927 2636 Oli-

2366 2677 2593 2731 scuriori
2625 2684 2773 2730 certe
2803 2682 2859 2729 ut
2887 2674 3175 2743 plurimum
3210 2674 3396 2741 phrasi
3436 2673 3610 2727 utitur
3652 2690 3667 2727 :
3705 2680 3926 2727 contes-

2364 2778 2477 2823 tum
2508 2778 2685 2822 tamen
2724 2766 3039 2837 ampliorem
3077 2764 3323 2837 praefert;
3350 2765 3473 2835 quia
3516 2766 3661 2819 hunc
3691 2765 3775 2820 vel
3798 2766 3927 2817 inte-

2366 2877 2518 2933 grum
2558 2861 2754 2918 Ursum
2788 2876 2896 2916 non
2927 2860 3134 2925 habuit,
3160 2858 3245 2915 vel
3270 2860 3512 2929 qualdam
3550 2858 3733 2911 minus
3766 2854 3929 2909 credi-

2367 2954 2493 3010 bilia
2551 2966 2741 3025 sponte
2800 2953 3166 3025 praetermisit.
3225 2950 3427 3006 Novam
3480 2963 3581 3017 ego
3628 2948 3926 3000 versionem

2367 3048 2571 3113 darem,
2603 3048 2647 3102 si
2680 3062 2799 3101 eam
2836 3054 3023 3099 auctor
3051 3053 3369 3100 mereretur.
3399 3041 3570 3105 Nunc,
3604 3054 3728 3092 cum
3756 3045 3929 3091 osten-

2366 3138 2495 3193 dere
2527 3137 2685 3191 velim
2706 3178 2722 3203 ,
2752 3151 2872 3191 esse
2905 3136 3079 3189 Vitam
3133 3134 3358 3187 omnino
3408 3130 3779 3200 apocrypham
3805 3169 3820 3191 ,
3878 3139 3929 3181 et

2364 3227 2746 3284 Combeﬁsium
2803 3243 2921 3283 eam
3004 3241 3270 3283 excusare
3322 3225 3591 3281 volentem
3643 3224 3925 3287 refutare;

2366 3336 2576 3392 aequum
2627 3332 2713 3377 est
2767 3331 2827 3377 ut
2878 3336 3075 3377 novam
3127 3321 3295 3391 ipsius
3338 3319 3646 3375 versionem
3694 3332 3927 3387 sequar.

2368 3416 2572 3470 omisso
2598 3425 2773 3468 tamen
2812 3425 2957 3471 textu
2991 3413 3223 3469 Graeco:
3258 3413 3370 3483 qui,
3417 3413 3541 3467 dum
3579 3412 3720 3479 apud
3761 3412 3927 3479 ipsum

2368 3507 2716 3559 columnatim
2761 3507 3058 3576 impressus
3106 3506 3208 3574 legi
3241 3513 3416 3574 potest
3449 3543 3465 3567 ,
3515 3504 3716 3573 exiguo
3758 3501 3927 3555 fructu

2368 3607 2589 3664 augeret
2620 3596 2813 3649 molem
2839 3597 3039 3665 operis.
3075 3594 3130 3649 Si
3158 3609 3366 3663 quaeras
3389 3608 3486 3647 cur
3517 3593 3792 3661 scriptura
3827 3600 3927 3645 tam

2362 3688 2660 3759 apocrypha
2680 3701 2785 3741 non
2818 3696 3197 3741 contemnatur
3227 3701 3290 3741 ac
3311 3684 3764 3754 praetermittatur
3793 3694 3925 3750 tota,

2363 3780 2505 3835 sicut
2522 3778 2879 3849 praetermissa
2897 3785 2981 3833 est
3005 3777 3125 3833 Vita
3148 3776 3495 3843 Nazianzeni,
3522 3776 3588 3831 de
3610 3792 3716 3847 qua
3741 3776 3929 3848 praefa.

2365 3880 2451 3927 tus
2472 3886 2612 3937 sum,
2631 3885 2846 3925 causam
2863 3870 3261 3943 esseintelligas
3277 3869 3507 3941 plurium
3528 3885 3713 3925 rerum
3738 3885 3929 3925 narra-

2366 3961 2537 4015 tiones
2562 3999 2577 4027 ,
2610 3960 2810 4029 passim
2843 3974 2909 4013 ex
2938 3960 3042 4015 hac
3090 3961 3209 4015 Vita
3256 3960 3559 4030 descriptas
3591 3962 3661 4016 ab
3694 3964 3929 4018 auctori-

2363 4052 2633 4121 bus,quas
2665 4053 2961 4107 examinari
2991 4053 3319 4118 distinctius,
3344 4054 3681 4123 solidiusque
3703 4054 3929 4110 refutari

2360 4153 2489 4213 puto
2529 4144 2606 4197 rei
2640 4145 2917 4199 litterariae
2966 4144 3237 4198 interesse
3271 4163 3283 4196 :
3312 4157 3641 4214 quaprOpter
3698 4148 3929 4201 adnota-

2360 4235 2531 4288 tiones
2556 4234 2719 4288 etiam
2750 4244 2804 4288 et
2856 4249 3099 4289 censura:
3149 4233 3471 4303 prolixiores
3499 4245 3661 4289 erunt
3689 4276 3705 4302 ,
3766 4252 3925 4305 quam

2360 4328 2494 4382 alias
2521 4338 2817 4383 mereretur
2852 4328 2996 4384 ﬁctio
3019 4337 3126 4382 tam
3154 4327 3459 4397 palpabilis.

829 4571 3916 4596 Μ

1754 4735 2036 4824 VlTA
2106 4737 2818 4830 APOCRYPHA

1372 4921 1663 4992 lnterprcte
1697 4924 1759 4978 Β.
1794 4924 1853 4979 Ρ.
1886 4926 2178 4982 Francisco
2202 4927 2524 4986 Combefisio
2552 4931 2757 4987 ordinis
2785 4931 3231 4991 Prmdicatorum.

1282 5232 1661 5291 PROLOGUS.

756 5324 1087 5387 Charissimi,
1123 5340 1227 5377 non
1258 5324 1357 5378 fuit
1386 5329 1666 5391 absonum,
1706 5338 1759 5382 ut
1786 5331 1970 5385 devoti
2024 5330 2117 5385 filii
2154 5348 2244 5387 su-

683 5435 777 5485 per
806 5427 1029 5487 paterno
1068 5418 1211 5471 obitu
1244 5421 1730 5485 eontristarentur;
1789 5436 1955 5491 utque
1982 5424 2163 5494 justas
2193 5428 2240 5480 ei

681 5511 947 5581 lacrymas
978 5510 1328 5579 indulgerent,
1365 5514 1505 5581 quod
1530 5526 1715 5570 omnes
1744 5514 1822 5568 (ll
1860 5518 2126 5573 hactenus
2154 5519 2242 5575 of-

753 5716 822 5785 (I)
854 5713 1119 5780 Quandin,
1149 5729 1346 5782 qnmso,
1382 5717 1591 5769 duravit
1625 5718 1707 5771 hic
1738 5717 1958 5770 luctus?
2003 5721 2054 5773 Si
2115 5719 2226 5772 Vita

676 5784 786 5839 luec
823 5788 885 5839 ab
916 5785 1288 5853 Amphilochio
1317 5789 1512 5856 scripta
1559 5798 1638 5842 est
1668 5829 1680 5855 ,
1716 5802 1988 5857 Oportcret
2041 5793 2227 5847 saltem

2286 5250 2329 5304 D
2360 5244 2540 5300 ficiose
2592 5249 2824 5316 egimus.
2857 5250 3144 5306 Enimvero
3184 5264 3467 5324 postquam
3523 5258 3703 5318 luctus
3738 5268 3927 5337 caligi-

2358 5351 2501 5400 nem,
2530 5339 2667 5393 sicut
2694 5344 2951 5410 scriptmn
2982 5354 3087 5411 est,
3137 5349 3497 5407 excussimus.
3521 5361 3578 5406 et
3608 5355 3675 5408 ad
3717 5369 3928 5424 gratam

2357 5427 2827 5495 supplicationem,
2886 5434 3257 5491 universorum
3324 5438 3575 5506 Domino,
3625 5458 3759 5500 vero
3816 5447 3927 5504 Deo

2357 5528 2541 5573 nostro
2574 5520 2791 5576 Christo
2824 5526 3233 5594 rependeudam,
3267 5532 3489 5599 paribus
3542 5534 3742 5591 studiis
3766 5542 3922 5595 exci~

2356 5734 2451 5803 per
2484 5721 2766 5803 triennium
2799 5724 3019 5780 durasse
3034 5744 3055 5803 _;
3092 5729 3288 5803 scripta
3320 5730 3515 5797 quippe
3550 5743 3633 5785 est
3676 5747 3800 5803 post
3847 5737 3901 5790 fit

2354 5792 2570 5846 uebrem
2603 5796 2896 5849 orationem
2920 5838 2933 5862 ,
2966 5797 3113 5865 cujus
3139 5792 3273 5853 infra
3300 5792 3489 5855 auctor
3532 5792 3812 5874 tucm'tmt,
3848 5818 3901 5863 di
