4066 6314
529 399 889 455 EXCERPTA
930 396 1019 451 EX
1065 392 1264 451 ACTIS
1316 396 1371 449 S.
1414 393 1650 447 llASlLll
1691 388 2441 444 BOLLANDIAMS.——VITA
2484 388 2910 446 APOCRYPIIA.

3163 406 3224 445 CC
3234 404 3331 446 XCV

136 520 213 575 tati
240 533 450 584 sumus;
482 533 659 589 opera:
687 520 916 585 pretium
954 517 1223 577 duximus,
1260 524 1368 567 tum
1404 514 1663 564 illustrem
1698 516 1741 571 Α
1772 506 2092 577 expugnavit
2120 523 2134 570 ;
2168 507 2257 575 qui
2306 505 2735 559 Christianorum
2782 521 2971 560 sanam
3012 504 3165 560 fidem
3193 507 3333 561 dilu-

137 612 298 670 vitam,
322 618 430 661 tum
456 624 581 662 vera
609 624 906 679 magnaque
934 609 1165 675 pastoris
1196 606 1359 659 nostri
1392 615 1446 655 ct
1481 604 1666 653 docto-

139 700 201 752 ris
216 697 387 751 Basilii
418 698 673 751 miracula
708 697 724 766 (
760 707 818 749 ut
850 711 916 750 ne
940 697 1145 748 diutino
1173 704 1343 746 tractu
1396 693 1658 759 temporis

140 786 396 855 profundae
425 786 679 840 oblivioni
719 785 853 839 tradi
887 802 947 839 ea
978 785 1270 853 contingat)
1305 784 1506 851 scripto
1542 797 1669 835 cou-

138 880 344 949 signare.
372 878 503 931 Cum
537 877 678 930 enim
704 886 812 931 tres
847 876 1203 930 sacratissimi
1232 874 1507 941 divinique
1534 874 1665 934 viri,

138 968 404 1037 Gregorius
442 966 543 1035 (2),
580 967 792 1035 inquam
817 1008 831 1029 ,
874 966 1140 1033 theologia
1180 966 1363 1018 clarus
1387 982 1400 1028 ;
1428 964 1669 1031 alterque

139 1058 316 1125 etipse
369 1056 688 1125 Gregorius,
743 1059 890 1111 urbis
941 1055 1285 1123 Nyssmorum
1350 1057 1668 1109 decantatus

136 1151 389 1217 episcopus
416 1149 533 1219 ('5);
566 1165 663 1205 nec
697 1166 801 1205 non
863 1151 1027 1205 eremi
1077 1150 1362 1217 praefectus
1421 1150 1666 1203 beatissi-

137 1256 237 1295 mus
260 1240 485 1309 Ephrem
509 1280 523 1303 ,
548 1242 762 1311 aliique,
793 1240 912 1295 aliis
942 1241 1165 1307 aliisque
1194 1242 1515 1311 epitaphicis
1553 1258 1668 1294 ser-

138 1331 357 1385 monibus
388 1334 523 1386 tanti
549 1335 647 1387 viri
682 1336 997 1387 memoriam
1037 1334 1460 1395 illustraverint;
1490 1334 1663 1387 visunt

138 1430 203 1474 cst
228 1432 276 1476 et
309 1424 457 1489 mihi,
490 1433 740 1491 tanquam
770 1424 1035 1489 abortivo,
1062 1436 1119 1479 ut
1147 1441 1268 1481 cum
1294 1423 1551 1490 Apostolo
1592 1425 1667 1477 lo-

136 1512 355 1581 quar(a),
389 1515 475 1565 ubi
506 1529 617 1581 pra:
652 1514 897 1570 manibus
922 1518 1271 1585 accepissem,
1304 1530 1422 1582 qua:
1454 1516 1667 1585 utrique

137 1600 197 1653 illi
264 1605 429 1671 magni
498 1608 598 1657 viri
677 1609 984 1663 narratione
1058 1610 1271 1662 fuerant
1348 1612 1664 1677 prosecuti,

139 1695 354 1762 supplere
410 1710 530 1763 quae.
580 1699 844 1752 deessent.
898 1701 1141 1755 Debitum
1204 1704 1663 1770 repra‘sentando,

138 1802 216 1853 pro
240 1789 406 1840 devoti
446 1788 541 1842 ﬁlii
572 1792 808 1857 ratione;
836 1804 889 1848 et
917 1795 1060 1847 velut
1089 1796 1204 1864 qui,
1232 1803 1288 1847 ut
1315 1796 1663 1856 existimatis,

140 1881 192 1931 ab
216 1880 354 1933 initio
385 1894 707 1949 assectatus,
742 1898 1051 1941 accuratam
1117 1889 1361 1941 notitiam
1395 1888 1469 1957 (4)
1512 1903 1661 1939 acce~
1701 1865 1739 1918 Β

140 1972 302 2038 perim.
330 1972 486 2030 Novit
508 1978 677 2041 enim,
696 1980 840 2033 novit
868 1980 1025 2033 etiam
1059 1982 1226 2033 nubes
1254 1980 1416 2033 solem
1443 1988 1621 2047 tegere
1648 1995 1665 2045 ;

140 2065 369 2135 longaque
398 2072 643 2138 corporis
676 2073 944 2125 successio
970 2072 1065 2140 (ὅ),
1098 2073 1268 2125 bonas
1296 2071 1453 2125 facile
1485 2086 1668 2123 narra-

142 2155 303 2219 tiones,
327 2159 584 2215 oblivioni
622 2163 930 2215 tradiderit.

194 2247 328 2315 Quod
360 2250 526 2319 igitur
552 2266 774 2319 magnus
820 2253 909 2307 ille
960 2255 1269 2325 mundoque
1302 2272 1465 2324 quam
1520 2258 1665 2311 cele—

141 2337 229 2392 bris
253 2338 497 2404 Basilius,
522 2340 674 2396 Pater
707 2353 911 2409 noster,
930 2348 1125 2401 absens
1140 2360 1303 2415 esset,
1333 2349 1665 2418 sapientissi-

141 2444 237 2483 mus
263 2431 341 2485 ille
372 2433 636 2502 pontifex,
670 2436 755 2490 ille
786 2438 1088 2493 caelestium
1129 2442 1388 2495 virtutum
1437 2444 1663 2507 sodalis,

140 2520 284 2574 clarus
312 2538 559 2581 sermone
589 2531 1072 2599 penetrabilisquc,
1110 2534 1363 2599 magister
1390 2534 1666 2599 Ecclesiae,

139 2612 275 2666 solida
304 2627 566 2671 rectorum
590 2620 896 2689 dogmatum
928 2625 1199 2689 columna,
1233 2627 1276 2678 is
1302 2626 1401 2695 (6),
1420 2628 1667 2695 inquam,

138 2702 207 2771 qui
230 2709 493 2776 sapienter
539 2712 815 2766 hominum
868 2730 1044 2770 mores
1074 2718 1324 2781 instituit,
1357 2720 1446 2787 qui
1485 2735 1665 2771 rerum

140 2810 348 2853 naturain
377 2802 717 2858 enucleatius
738 2807 1067 2874 eXplanavit,
1103 2810 1191 2876 qui
1230 2808 1659 2863 infensissimum

138 2889 378 2946 Trinitatis
400 2893 669 2948 lulianum
700 2900 1012 2956 Aoostatant
1057 2900 1167 2951 suis
1228 2899 1483 2965 precibus
1539 2914 1666 2966 pro-

137 2985 321 3046 stravit;
345 2986 433 3054 qui
472 2986 706 3040 Valentis
740 3003 800 3040 os
829 2990 1196 3054 blasphemum
1227 2988 1532 3048 obstruxit;
1569 2988 1660 3055 qui

138 3074 413 3128 Arianorum
434 3094 653 3146 pravam
677 3079 969 3131 doctrinam
996 3081 1347 3148 liaeresimque
1377 3081 1662 3149 perspicue

1773 601 1890 653 cide
1917 600 2197 654 stabilivit.
2237 597 2348 651 Dux
2376 598 2467 649 ille
2497 598 2855 667 princepsque
2894 598 3333 666 sapientissimus

1770 694 1943 762 gentis
1975 700 2193 757 sanctae,
2221 701 2403 759 pastor
2434 690 2783 757 acceptabilis
2814 689 2989 758 populi
3022 730 3036 751 ,
3070 688 3331 744 Ecclesim

1772 786 1949 854 regale
1987 787 2347 839 sacerdotimn
2380 826 2395 845 ,
2454 784 2654 838 Christi
2690 786 2871 838 ovium
2924 786 3106 838 varius
3147 787 3289 841 aries
3316 831 3329 849 ,

1771 876 1962 930 divinae
2006 876 2127 932 ﬁdei
2164 877 2419 945 magister
2463 876 2720 943 inclytus;
2780 878 2989 946 magnis
3019 888 3073 931 et
3102 878 3253 931 vivus
3282 889 3337 930 et

1771 979 1889 1035 post
1922 970 2125 1022 obitum
2175 968 2455 1022 miraculis
2498 968 2714 1032 clarus;
2749 980 2870 1038 post
2900 970 3221 1033 conscitam,
3276 980 3333 1019 ut

1769 1058 1969 1110 dictum
2003 1070 2109 1120 est,
2140 1056 2356 1112 Juliano
2390 1058 2500 1112 Deo
2527 1057 2712 1111 odibili
2734 1097 2749 1121 ,
2774 1058 2891 1127 ejus
2920 1059 3171 1126 precibus
3200 1073 3337 1111 mor-

1773 1156 1911 1213 tem;
1944 1150 2039 1215 illi,
2070 1150 2315 1219 inquam,
2344 1150 2435 1218 qui
2468 1164 2636 1204 cornu
2681 1150 2732 1203 in
2763 1149 2925 1204 altum
2967 1151 3258 1214 extulerat,
3284 1160 3337 1201 ιιι

1771 1240 2030 1295 adversus
2079 1242 2244 1293 Deum
2284 1242 2498 1296 locutus
2549 1241 2723 1295 fuerat
2778 1242 3150 1312 iniquitatem;
3183 1245 3339 1309 cujus

1773 1330 1849 1398 (7)
1881 1346 2011 1383 avus
2045 1329 2258 1395 Valens,
2297 1332 2516 1401 indigne
2537 1348 2831 1403 purpuram
2857 1333 3186 1402 imperialem
3216 1350 3341 1388 sus-

1770 1421 1931 1485 cepit,
1966 1422 2393 1491 Arianorumque
2417 1438 2586 1491 pravo
2640 1423 2879 1493 dogmati
2914 1435 3171 1493 patronus
3202 1424 3333 1485 fuit,

1773 1513 1837 1565 ad
1864 1512 2124 1567 illustrem
2161 1524 2401 1568 nostram
2423 1512 2819 1569 CIBSM‘CCIISCID
2850 1518 3206 1586 metropolim,
3232 1535 3337 1571 una

1770 1619 1891 1658 cum
1941 1616 2156 1673 pastore
2203 1607 2390 1661 urbem
2442 1608 2799 1662 subversurus
2830 1609 2997 1662 venit.
3030 1608 3099 1663 Ut
3157 1621 3336 1665 autem

1772 1713 1857 1749 res
1878 1708 2025 1763 gesta
2062 1702 2152 1761 sit,
2186 1708 2239 1751 et
2275 1714 2438 1769 quam
2461 1702 2532 1755 ob
2558 1715 2797 1766 causam,
2825 1716 2929 1754 non
2985 1711 3067 1755 est
3096 1718 3337 1770 priesen-

1773 1789 1839 1841 tis
1900 1789 2153 1855 temporis
2204 1806 2446 1846 narrare.
2486 1791 2593 1847 Sed
2643 1794 2708 1848 ad
2760 1794 3090 1863 propositum
3142 1796 3337 1849 redea—

1772 1896 1909 1946 mus,
1943 1881 2057 1950 ejus
2086 1880 2153 1936 ab
2190 1891 2342 1937 utero
2369 1884 2434 1939 ad
2477 1885 2635 1939 ﬁnem
2678 1902 2847 1955 usque
2900 1888 3124 1942 virtutes
3154 1903 3341 1957 prose-

1772 1973 1966 2026 cnturi.

2396 2090 2621 2147 CAPUT
2672 2090 2709 2143 Ι.

1867 2182 2227 2235 Adolescentia
2254 2182 2445 2235 Basilii
2483 2194 2529 2237 et
2562 2186 2738 2237 studia
2774 2184 3007 2240 Athenis.
3042 2184 3241 2238 Eubuli

2247 2254 2535 2320 philosophi
2565 2256 2851 2309 conversio.

1844 2347 2073 2403 Basilius
2119 2345 2262 2401 solus
2298 2346 2348 2398 in
2395 2356 2557 2408 terra,
2590 2344 2779 2412 aequali
2811 2345 3010 2399 claruit
3050 2355 3161 2399 tum
3206 2347 3335 2409 vita,

1770 2454 2075 2496 sermonum
2110 2446 2306 2491 ornatu
2339 2435 2751 2504 eruditioneque
2783 2436 3001 2500 decora,
3067 2447 3177 2489 tum
3226 2450 3337 2490 ser-

1772 2548 1930 2588 mone
1960 2546 2022 2585 ac
2048 2532 2096 2583 vi
2122 2529 2336 2584 dicendi
2361 2571 2375 2592 ,
2408 2530 2761 2595 doctrinaque
2790 2529 2954 2581 vitam
2993 2527 3340 2581 exhilarante

1773 2625 2035 2695 sapientia
2074 2624 2257 2676 divina
2291 2640 2304 2674 :
2333 2622 2426 2691 qui
2463 2619 2683 2675 Christo
2717 2619 2928 2674 dederit
2977 2619 3183 2683 omnia,
3216 2620 3338 2674 ani—

1778 2730 1918 2767 tuam
1938 2752 1952 2776 ,
1988 2728 2184 2782 corpus
2215 2756 2228 2775 ,
2267 2726 2570 2764 sermonem
2600 2752 2613 2774 ,
2652 2724 2843 2763 manus
2870 2726 2884 2773 ;
2914 2722 3137 2781 propter
3197 2714 3339 2782 quod

1773 2805 1933 2855 etiam
1966 2817 2206 2856 errorem
2261 2799 2537 2870 gentilium
2563 2841 2577 2863 ,
2608 2802 2751 2854 velut
2802 2816 3125 2856 aranearum
3180 2804 3336 2867 telas,

1773 2892 2019 2962 disrttpit.
2054 2889 2151 2945 Hic
2185 2901 2387 2958 septem
2435 2906 2700 2944 annorum
2754 2892 2946 2954 factus,
2988 2892 3184 2947 litteris
3236 2896 3336 2948 itii-

1773 2988 2015 3041 buendus
2072 3003 2099 3039 a
2166 2987 2481 3055 parentibus
2525 2985 2751 3038 traditur
2808 2985 2906 3055 (8).
2966 2985 3098 3039 Cum
3150 2996 3331 3041 autem

1772 3079 2137 3149 quinquennio
2171 3093 2388 3147 operam
2420 3080 2676 3133 doctrinae
2729 3080 2973 3148 artisque
3026 3082 3335 3151 praeceptio-

139 3243 250 3309 c_tain
275 3249 299 3284 a
326 3234 666 3309 Nazianzeno
697 3252 710 3289 :
754 3238 895 3291 illam
917 3251 1094 3295 autem
1130 3244 1249 3309 ipso
1277 3260 1379 3296 non
1410 3260 1485 3298 n..
1547 3257 1653 3296 ter-
1685 3249 1727 3304 C
1764 3244 1972 3298 .ochius
2008 3240 2334 3295 Nazianzeni
2381 3239 2445 3293 de
2475 3238 2673 3291 Basilio
2714 3242 2997 3294 scribentis
3018 3281 3034 3302 ,
3069 3243 3223 3296 intttli
3246 3260 3337 3297 su-

140 3302 195 3380 tio
284 3318 448 3380 morte
474 3305 687 3380 “Basilii
736 3326 874 3361 anno
932 3302 1312 3377 prornmtiavit.
1347 3314 1484 3375 Quin
1522 3314 1648 3375 into,

138 3374 170 3422 si
202 3374 257 3424 ab
300 3374 669 3442 Amphilochio
698 3382 893 3446 scripta
930 3374 1041 3435 inec
1089 3382 1205 3435 Vita
1232 3394 1343 3445 cst,
1382 3374 1647 3447 scriptam

139 3455 233 3521 esse
257 3455 455 3521 oportet
513 3458 631 3521 post
670 3452 835 3521 (aliam
884 3467 1033 3502 suam
1058 3454 1379 3511 orationem,
1410 3468 1568 3521 quant
1597 3454 1647 3504 in

275 3510 709 3590 Ciretnncisionis
744 3521 947 3590 Domini
991 3523 1287 3590 eodemque
1315 3510 1483 3575 sancti
1514 3522 1655 3575 Basi-

139 3582 197 3639 lii,
219 3584 272 3662 de
297 3588 486 3662 eodem
531 3589 900 3639 saCl‘allssiIIIO
932 3592 1185 3662 mysterio
1202 3582 1509 3662 eodemque
1535 3609 1659 3646 san-

139 3664 206 3704 clo
233 3656 431 3726 habuit;
475 3658 527 3707 in
579 3672 682 3722 qua
736 3672 853 3709 cum
903 3656 1188 3726 praeclaras
1221 3656 1659 3717 Basilii-virtutes

140 3725 527 3800 perstrinitisset,
561 3725 993 3800 it:t__proseqttitttr
1031 3748 1043 3783 :
1070 3750 1088 3781 ι
1120 3732 1263 3793 Haec,
1289 3736 1528 3800 inquam,
1550 3751 1660 3785 om-

140 3795 205 3841 nia
235 3795 388 3845 sacris
417 3796 582 3845 divini
617 3796 859 3865 Gregorii
893 3803 1231 3854 sermonibus
1268 3795 1477 3856 abunde
1506 3805 1652 3855 arhi-

141 3867 229 3941 tror
272 3867 649 3941 ac_sap_ieuter
681 3870 871 3922 tradita
899 3889 911 3934 ;
946 3888 1511 3941 supervacanemnque
1535 3876 1652 3926 exi-

139 3931 571 4006 stimaviltittgiori
606 3937 655 3990 in
698 3931 1101 4006 prmsentiaritu:
1139 3947 1383 3998 oratione
1422 3931 1655 3997 dissere-

140 4012 205 4083 l'e-_
248 4018 293 4083 ι.
321 4000 455 4069 Cur,
484 4000 708 4083 amabo,
735 4011 776 4061 si
811 4012 981 4064 Vitam
1016 4014 1192 4067 Basnlii
1224 4015 1652 4083 Amphilochius,

140 4071 415 4151 aute_hanc
471 4080 770 4152 orationem
836 4083 1108 4141 habitant,
1166 4071 1475 4152 scripserit;
1531 4071 1652 4137 ctttri

141 4144 423 4215 mentionem
472 4146 818 4215 Gregorianzn
882 4155 1143 4206 orationis
1209 4144 1647 4214 l'aceret.,'ttull0

140 4214 273 4293 verbo
296 4217 510 4293 addidit,
529 4214 830 4293 sequoque
860 4224 923 4275 de
959 4223 1135 4275 Basilii
1159 4226 1309 4279 Actis
1342 4227 1643 4293 scripsisse.

139 4283 252 4365 quod
310 4283 983 4365 maximeconveniens.et
1013 4305 1367 4361 Opportunum
1422 4283 1647 4365 tetttpori

140 4357 433 4432 orationiqtte
467 4359 790 4432 videbatur?
844 4357 1129 4418 Dicendum
1182 4366 1360 4432 itaque
1398 4368 1501 4419 erit
1537 4357 1647 4418 ἐιη-

141 4430 305 4502 ctureiit
333 4439 497 4502 ,upost
536 4430 729 4483 festum
764 4433 1199 4488 Circumcisiouis
1231 4430 1287 4487 et
1337 4439 1652 4502 pronuntia-

1762 3330 1857 3381 pra
1887 3354 1901 3375 ,
1938 3326 2064 3367 ante
2120 3314 2264 3366 hunc
2323 3311 2469 3364 illum
2522 3311 2807 3379 scripsisse
2834 3354 2847 3377 ,
2880 3328 2945 3365 ex
2982 3328 3093 3381 quo
3125 3314 3331 3384 reliqua

1763 3394 2061 3451 sequuntur
2092 3384 2345 3435 absurda.

1836 3450 1912 3523 (3)
1946 3453 2169 3523 Videtur
2193 3452 2377 3523 hic‘de
2417 3450 2521 3523 vita
2576 3450 2759 3505 functo
2789 3452 2929 3519 loqui
2959 3463 3168 3517 auctor,
3204 3470 3329 3509 cum

1767 3520 1944 3578 tamen
1972 3537 2128 3575 verus
2149 3520 2563 3593 Amphilochius
2582 3523 2767 3593 paucis
2791 3524 3062 3577 mensibus
3087 3524 3333 3593 Nysseno

1767 3594 2160 3665 supervixerit;
2221 3592 2361 3665 quod
2420 3591 2464 3644 si
2517 3590 2601 3643 hic
2653 3590 2852 3665 ultimis
2896 3594 3021 3665 vitze
3052 3590 3331 3651 mensibus

1768 3662 2067 3731 scripserit,
2097 3662 2368 3730 oportebit
2395 3675 2516 3714 eum
2568 3663 2972 3729 quatuordecim
3005 3666 3162 3719 annis
3212 3678 3334 3731 post

1767 3737 1951 3791 Basilii
1983 3747 2208 3788 mortem
2247 3734 2554 3801 scripsisse,
2590 3735 2731 3800 quod
2768 3734 2904 3787 male
2940 3736 3177 3789 cohaeret
3204 3751 3328 3791 cum

1769 3807 2099 3876 prmi’ationis
2134 3804 2304 3855 initio.

1835 3879 1911 3946 (ὀὶ
1969 3875 2220 3946 Potuitne
2280 3872 2451 3946 magis
2500 3882 2803 3946 accuratam
2846 3874 3041 3926 habere
3078 3876 3327 3946 notitiam

1764 3942 2428 4017 pseudo-Amphilochius,
2458 3957 2617 4008 quam
2648 3942 3015 4017 Naaianzenus
3050 3954 3147 4017 aut
3189 3944 3330 4017 Nys-

1764 4012 1962 4071 senus?
2002 4014 2251 4066 Potuitne
2283 4012 2656 4067 Nazianzenus
2680 4014 2878 4082 aliquid
2911 4014 3179 4083 gravioris
3216 4012 3330 4070 tito-

1767 4084 2232 4152 tnenti'praaterire
2262 4083 2285 4133 ?

1828 4158 1909 4226 (5)
1936 4156 2184 4210 Potuitne
2216 4153 2368 4226 longa
2397 4162 2842 4226 tempornntcsse
2861 4155 3152 4226 successio,
3187 4155 3331 4211 inter

1755 4223 2015 4282 Basilium
2045 4237 2097 4279 et
2133 4224 2588 4291 Amphilochium,
2627 4225 2713 4287 qui
2748 4228 2908 4275 cmevi
2938 4223 3196 4277 fuerunt?

1830 4300 1904 4368 (6)
1956 4298 2082 4368 Haec
2111 4307 2166 4349 et
2192 4310 2337 4368 Aquit:
2394 4304 2718 4368 sequuntur,
2748 4295 2996 4368 videntur
3032 4310 3223 4363 magna
3260 4310 3322 4347 ex

1758 4363 1913 4439 parte
1955 4384 1985 4421 e
2016 4366 2229 4439 Mettivia
2250 4364 2569 4439 (desumpta,
2604 4363 2687 4439 vel
2710 4365 2958 4439 ltzucintle
2982 4375 3133 4417 aucta
3177 4376 3325 4439 sunt.

1830 4440 1903 4509 (7)
1941 4439 2127 4493 Graece
2153 4431 2827 4509 Οὑᾲληςρ-τοῷτρυρεῐος.
2888 4431 3057 4509 Ursus
3107 4437 3327 4509 subdia-

143 4498 238 4576 tum.
257 4494 421 4576 Basilii
443 4502 771 4576 encoutiunt,
807 4506 881 4576 ad
905 4506 1061 4573 hujus
1094 4507 1266 4560 Vitam
1308 4494 1651 4573 prolixiorem
1686 4496 1729 4549 D
1761 4494 1952 4570 οοῖιιέε,
1988 4509 2194 4576 primus
2229 4494 2611 4576 Aniphilochii
2645 4494 2929 4576 interpres,
2968 4507 3084 4559 haec
3116 4505 3323 4567 omisit,

142 4564 438 4645 i‘i"".c"'.'i-m
480 4564 814 4645 ποθεδίεδέὲ,
872 4564 1097 4643 ideoque
1147 4577 1263 4645 ejus
1308 4564 1641 4645 inentionem

143 4636 455 4711 {IOII'lccissm
490 4644 560 4691 At
618 4656 682 4692 eo
722 4657 847 4695 easu
898 4636 1193 4711 oportebit'
1219 4651 1416 4700 luctum
1459 4644 1648 4699 Basilii

144 4698 378 4779 funebrem
406 4744 422 4765 ,
459 4725 486 4782 ξι
537 4725 645 4774 quo
671 4698 1314 4782 desnmituream-iliumﬁ,
1344 4732 1437 4782 per
1489 4698 1649 4781 quin;

142 4778 387 4855 queamittit
422 4778 708 4855 _du_rasse:
746 4786 885 4849 quod
934 4788 1262 4853 paradoxnm
1302 4778 1407 4841 est.
1464 4778 1527 4838 Et
1558 4787 1651 4853 qui

144 4845 335 4925 potuit‘a.
366 4845 451 4898 tali
509 4850 653 4900 luctu
710 4845 867 4925 verus
896 4845 1300 4922 Amphilochius
1346 4845 1645 4910 orationem

144 4914 369 4992 exordiri,
412 4926 667 4985 tanquam
730 4920 780 4973 in
834 4937 952 4975 eam
994 4914 1159 4992 usque
1206 4928 1343 4980 diem
1386 4929 1644 4989 durante;

144 4988 430 5061 Cllllblllttilo
466 5001 636 5053 ante,
692 4992 743 5042 iit
793 4994 1036 5046 oratione
1077 4988 1155 5049 Ide
1203 4988 1645 5060 Circumcisione,

145 5060 263 5135 quasi
288 5060 451 5111 omnis
483 5062 691 5135 doloris
724 5064 917 5116 oblitus
938 5104 951 5125 ,
982 5064 1092 5117 haec
1127 5068 1245 5119 laeta
1277 5068 1434 5121 verba
1467 5069 1641 5135 palam

147 5133 411 5199 {lserpa‘sset
441 5148 452 5180 :
495 5150 513 5181 (
545 5131 654 5184 Nos
684 5134 895 5187 interim
929 5136 1091 5187 divini
1132 5136 1303 5190 Patris
1336 5131 1647 5190 memoriam

300 5194 629 5275 honoremns
656 5204 879 5258 canticis
904 5245 919 5268 ,
964 5187 1346 5273 divinitusqiiei

150 5256 353 5347 lftlttdihus
387 5272 633 5347 magistri
677 5256 919 5328 virtutes,

152 5327 321 5416 li'im;
355 5356 372 5387 ι
408 5327 761 5416 HiTncjtaque
791 5327 959 5414 patet,
987 5327 1651 5416 asiam;castigati;

148 5394 285 5477 lochio
313 5410 480 5477 inepte
509 5394 762 5467 aﬂictiim.

203 5470 266 5553 (ἲ)
302 5470 529 5553 Exettsat
562 5498 622 5535 se
666 5481 1035 5542 Nazianzenus
1080 5488 1232 5543 initio
1273 5489 1530 5542 orationis
1561 5487 1653 5553 20,

291 5564 306 5592 ι
338 5552 497 5627 multo
522 5554 754 5627 __serius
783 5570 939 5622 quam
976 5569 1181 5625 tempus
1208 5563 1540 5627 postulabat,
1590 5544 1653 5614 ac

150 5619 453 5697 mallittultos
486 5623 642 5685 alios,
670 5626 757 5691 qui
791 5619 876 5679 res
910 5619 1097 5682 Basilii
1128 5619 1378 5694 pri-vatim
1416 5619 1651 5697 publice-

152 5694 229 5756 ειυς
252 5682 475 5743 laudibus
497 5682 778 5755 orna—runt,
815 5715 833 5745 ι
868 5702 931 5751 ad
963 5716 1081 5753 eum
1118 5682 1648 5754 l'attdattdutitacces-

153 5763 265 5805 κτα·
292 5758 411 5821 Ulli"
448 5777 574 5814 vero
610 5768 707 5816 huc
750 5767 862 5819 loco
895 5773 1214 5823 mentionem
1262 5771 1386 5824 facit
1420 5774 1645 5840 Amphi-

210 5870 265 5933 (Α)
297 5872 307 5920 Ι
340 5873 451 5923 Cor.
488 5890 578 5937 av,
616 5877 664 5929 8.

1768 4581 1851 4633 vel
1883 4572 2009 4646 quia
2047 4578 2220 4646 minus
2249 4572 2613 4646 intellexit,vel
2641 4575 2763 4640 quia
2791 4575 3141 4646 manifestum
3164 4590 3329 4643 agnu-

1768 4652 1845 4704 vit
1868 4644 2127 4704 errorem.
2178 4645 2340 4697 Auum
2372 4646 2530 4695 vertit
2565 4644 2938 4697 Combelisius.
2974 4646 3328 4707 \‘erumttsio;

1768 4720 2084 4773 avunculum
2130 4716 2303 4783 potius
2366 4713 2449 4766 vel
2501 4725 2745 4779 patruum
2789 4713 3073 4781 significat.
3131 4716 3331 4769 Deinde

1769 4791 1906 4844 idem
1933 4786 2287 4841 Combelisius
2304 4784 2652 4852 conjectando
2683 4785 2974 4851 interregat
2996 4826 3011 4849 ,
3043 4801 3108 4839 an
3136 4797 3327 4837 natura

1772 4864 1893 4913 talis
1941 4858 2123 4918 fuerit,
2151 4855 2341 4908 saltem
2372 4869 2437 4907 ex
2484 4854 2697 4923 matre?
2725 4852 2792 4903 At
2817 4868 2916 4920 ego
2945 4857 3144 4923 pariter
3174 4858 3329 4907 dubi-

1773 4932 1931 4983 tando
1959 4929 2229 4995 interrogo
2249 4966 2262 4989 ,
2292 4940 2396 4994 qua
2427 4925 2635 4995 ratione
2672 4922 2926 4987 Basilina,
2948 4922 3163 4977 Juliani
3210 4942 3327 4976 ina-

1772 5011 1871 5064 ter,
1900 4998 2003 5050 lilia
2033 5009 2124 5050 aut
2157 4992 2325 5049 soror'
2348 4998 2508 5047 tuerit
2540 4992 2803 5056 Valentis,
2830 5006 2884 5045 ιιι
2916 4996 3000 5046 hic
3029 5008 3191 5047 sensu
3221 4999 3330 5047 sal-

1772 5081 1874 5123 tem
1916 5068 2095 5136 aliquo
2122 5067 2262 5129 Θεῖος
2296 5067 2398 5118 dici
2443 5066 2631 5136 possit.
2667 5064 2771 5116 Sed
2815 5064 3328 5136 cotil'ugit__00tube-

1771 5142 1920 5193 tisius
1946 5132 2247 5192 adsensum
2281 5134 2701 5201 metaphoricum
2726 5172 2740 5195 ,
2772 5136 3026 5201 dicitque,
3052 5132 3325 5187 Valentem

1769 5210 1963 5263 Juliani
1993 5209 2315 5262 avunculum
2349 5217 2441 5256 aut
2474 5220 2633 5256 avum
2662 5206 2871 5264 vocari,
2910 5221 3014 5257 ttott
3046 5204 3166 5271 quia
3202 5222 3326 5257 cum

1772 5279 2046 5334 afﬁnitatis
2083 5291 2171 5329 aut
2198 5276 2676 5342 consanguinitatis
2704 5275 2867 5340 gradu
2891 5317 2905 5335 ,
2947 5277 3035 5327 sed
3065 5276 3185 5341 quia
3214 5292 3325 5326 ma—

1772 5350 1883 5403 litia
1924 5364 1977 5403 et
2009 5354 2059 5403 in
2092 5349 2432 5400 Christianos
2454 5350 2653 5397 saevitia
2678 5346 2969 5409 prmeessit.
3000 5344 3193 5397 Verum
3220 5360 3325 5413 quo

1771 5423 2016 5487 exemplo
2048 5420 2438 5471 monstrabitur
2473 5417 2591 5466 talis
2644 5418 2957 5487 metaphora
2988 5416 3038 5467 iit
3072 5431 3170 5467 ttsu
3224 5433 3324 5467 un-

1772 5486 1935 5558 quam
1965 5492 2159 5543 t'uisse?
2196 5489 2303 5555 Ego
2346 5488 2596 5558 existimo
2651 5486 2914 5537 inscitiam
2968 5489 3327 5553 pseudo-Am-

1773 5554 2025 5629 philochii
2065 5563 2188 5614 hinc
2212 5554 2359 5625 argui
2396 5554 2692 5629 manifeste.

1846 5632 1922 5701 (8)
1989 5632 2320 5701 Quibusnam
2376 5640 2501 5676 Vero
2573 5626 2798 5678 traditus
2854 5636 2949 5701 est
2990 5642 3022 5701 ra
3084 5635 3324 5701 parenti—

1773 5698 1914 5757 buS?
1970 5701 2082 5753 Non
2138 5699 2268 5749 alios
2324 5701 2755 5763 prxeccptot'esiu
2805 5698 3031 5761 pueritia
3056 5709 3109 5748 et
3146 5698 3325 5747 adole-

1774 5772 1977 5827 scentia
2017 5772 2245 5824 Basilius
2275 5769 2459 5820 habuit
2486 5783 2644 5831 quam
2693 5779 2943 5833 parentes
2977 5781 3136 5827 suos;
3177 5778 3232 5817 ut
3258 5782 3323 5816 ex
