4066 6314
704 367 886 410 αριστι

2051 352 2573 409 PROLL‘COMENA.

704 468 866 526 uiuus
899 466 1190 539 posuisset,
1239 482 1338 523 nec
1369 470 1421 522 in
1457 468 1535 523 eis
1568 467 1867 522 molliorem
1896 482 1954 521 se
1986 467 2260 521 exhibuis-
2300 472 2342 527 Α
2374 468 2473 521 hoc
2498 474 2841 529 consecutus,
2868 467 3062 521 mansit
3087 467 3215 533 illic,
3246 482 3364 525 sese
3391 468 3672 525 obiectans
3705 469 3937 524 medita-

704 567 809 624 set,
844 558 1132 630 plurimum
1172 560 1412 614 scientia:
1442 560 1828 630 philosophicae
1884 558 2137 621 fructum,
2174 572 2265 610 na-

706 662 842 708 tura:
860 660 913 707 et
939 652 1134 723 ingenii
1170 651 1445 718 facilitate,
1470 653 1839 721 consequitur.

776 744 987 801 Relicta
1015 746 1177 817 igitur
1208 747 1545 815 postmodum
1575 745 1749 815 patria
1794 744 1931 813 (erat
1958 745 2100 797 enim
2129 742 2269 812 Cap-

704 836 879 906 padox
908 836 1149 907 genere),
1178 835 1495 906 eloquentiae
1524 847 1749 892 matrem
1772 836 2012 890 Athenas
2056 832 2133 903 (9)
2180 848 2269 901 pe-

706 930 799 997 tit;
832 928 1107 999 multaque
1136 944 1256 985 cum
1288 929 1558 995 castitate,
1587 938 1696 981 tum
1726 926 2055 981 continentia
2094 932 2149 980 et
2180 938 2270 977 so-

703 1023 934 1077 brietate
957 1032 1203 1087 ornatus,
1256 1023 1494 1091 profanae
1540 1030 1595 1075 et
1622 1020 1944 1076 Graecanieae
1994 1019 2269 1087 sapientia!

704 1122 1085 1181 praeceptorem
1148 1112 1278 1179 adit,
1339 1112 1603 1168 Eubulnm
1656 1112 1869 1166 nomine
1904 1111 2052 1181 (l0);
2086 1114 2270 1179 sicque

705 1202 943 1272 seipsum
971 1203 1271 1274 disciplinis
1299 1204 1537 1269 tradidit,
1571 1212 1628 1256 ut
1656 1214 1799 1257 esset
1828 1214 1936 1256 tttnt
1967 1212 2265 1273 praecepto-

703 1295 875 1357 ribus,
902 1303 1015 1349 tum
1049 1294 1432 1365 condiscipulis
1455 1296 1822 1352 admirationi.
1851 1297 2095 1351 Fuerunt
2119 1295 2264 1349 enim

702 1383 998 1437 studiorum
1026 1384 1157 1439 socii
1189 1383 1410 1455 Magnus
1465 1384 1780 1455 Gregorius,
1818 1385 1994 1440 factus
2029 1384 2269 1438 Nazian-

702 1492 871 1531 zenus
901 1478 1183 1546 episcopus
1211 1478 1343 1549 (ll),
1371 1479 1460 1548 qui
1498 1488 1551 1534 et
1602 1479 1760 1533 annis
1813 1479 2034 1533 circiter
2068 1477 2272 1530 duode-

703 1570 809 1623 cim
838 1569 1147 1638 apostolica:
1180 1569 1324 1625 sedis
1374 1569 1492 1640 (12)
1525 1569 1885 1640 gubernacula
1919 1568 2121 1633 tenuit;
2175 1566 2271 1622 Ju-

704 1659 880 1713 lianus
913 1673 1155 1729 quoque,
1204 1675 1309 1713 non
1351 1660 1423 1714 ita
1448 1662 1653 1729 pridem
1675 1661 2014 1715 Christianus
2049 1660 2186 1730 (15),
2218 1668 2272 1713 et

702 1747 956 1804 Libanius
986 1748 1121 1818 (14).
1162 1748 1252 1803 Sic
1288 1762 1464 1805 autem
1510 1752 1761 1805 omnibus
1816 1750 2148 1806 admirabilis
2187 1750 2268 1802 vir

2374 561 2518 614 tione
2549 559 2855 613 divinorum
2891 561 3222 631 eloquiornm
3252 600 3269 627 ,
3316 577 3453 631 aqua
3485 570 3540 617 et
3577 561 3826 616 oleribus
3852 562 3940 615 vi-

2371 652 2585 705 ctitans.
2631 654 2788 705 Anno
2823 661 2997 706 autem
3050 653 3258 722 integro
3291 654 3488 707 ibidem
3536 662 3940 717 commoratus,

2372 744 2700 811 verbumque
2717 745 2960 799 veritatis
2986 744 3089 799 fide
3112 744 3479 808 considerans,
3512 744 3944 815 intelligensque

2370 835 2513 904 quod
2546 836 2654 899 illa,
2693 838 2737 891 si
2778 852 2895 891 eam
2923 837 3150 892 velimus
3179 840 3428 905 scrutari,
3464 838 3712 901 fluctuet,
3749 843 3944 907 petivet

2372 944 2429 983 se
2460 928 2654 982 dimitti
2687 928 3111 1001 Hierosolymam
3143 930 3251 982 voti
3310 943 3471 983 causa
3505 972 3521 995 ,
3564 946 3627 984 ac
3658 931 3779 999 ejus
3835 932 3941 986 loci

2372 1019 2738 1087 inspeetttrutn
2787 1018 3063 1073 miracula.
3120 1018 3190 1072 At
3237 1017 3345 1079 ille,
3394 1029 3721 1089 apprecatus
3779 1022 3942 1085 bene,

2371 1108 2570 1164 dimisit
2594 1124 2733 1162 eum.

2440 1198 2676 1255 Rediens
2722 1209 2899 1253 autem
2948 1199 3057 1271 (18)
3110 1202 3196 1255 ubi
3244 1200 3558 1257 Graecorum
3601 1204 3944 1274 philosophia

2372 1292 2547 1347 fuerat
2573 1293 2873 1356 institutus,
2927 1296 3089 1362 coepit
3123 1296 3304 1349 verbis
3340 1295 3558 1351 ﬂectere
3586 1297 3797 1353 multos
3824 1302 3945 1368 phi-

2371 1385 2660 1454 losophos,
2694 1385 3018 1455 Christoque
3062 1387 3459 1443 multitudinem
3517 1391 3788 1460 gentium,
3849 1394 3948 1446 de—

2373 1488 2671 1533 monstrata
2720 1478 2797 1534 eis
2829 1478 3020 1532 salutis
3062 1480 3145 1533 via
3175 1519 3192 1547 ,
3219 1480 3435 1537 offerre.
3466 1481 3733 1549 Qnmsivit
3761 1495 3944 1537 autem

2374 1579 2427 1623 et
2454 1581 2831 1639 praeceptorem
2867 1586 3022 1624 suum
3064 1570 3327 1627 Eubulum
3375 1576 3445 1644 (is
3470 1576 3614 1628 enim
3644 1576 3751 1629 dux
3791 1579 3943 1630 verbi

2374 1671 2427 1716 et
2454 1662 2766 1731 eloquentia:
2796 1677 2996 1733 praases
3045 1663 3207 1732 erat),
3239 1679 3346 1733 quo
3394 1667 3446 1719 in
3480 1666 3731 1721 labormn
3770 1668 3947 1735 ipsius

2374 1756 2883 1817 remunerationem,
2948 1755 3231 1825 inculpatze
3281 1770 3402 1809 eum
3468 1758 3587 1811 fidei
3650 1760 3950 1814 admovere

701 1839 880 1911 posuit
900 1840 955 1892 in
980 1841 1145 1894 corde
1167 1856 1265 1897 suo
1283 1855 1385 1896 non
1405 1856 1619 1897 sumere
1648 1857 1838 1911 panem
1861 1843 2107 1896 etvinum
2134 1842 2266 1912 (15),
2301 1840 2342 1893 Β
2373 1854 2636 1910 tentaret;
2668 1847 2741 1900 sic
2767 1849 2941 1916 plane,
2964 1859 3022 1901 ut
3049 1863 3114 1902 eo
3153 1858 3354 1903 rectam
3385 1849 3449 1900 ad
3471 1848 3627 1902 [idem
3656 1861 3948 1915 currente,

700 1932 872 1984 donec
922 1930 1209 1985 assistente
1257 1946 1491 2001 superna
1550 1930 1914 1996 Providentia,
1940 1931 2135 1986 divinae
2185 1946 2266 1985 sa-

698 2018 916 2089 pientia:
949 2034 1144 2073 arcana
1185 2029 1517 2089 penetraret.
1575 2019 1951 2077 Commoratus
1997 2031 2175 2075 autem
2210 2023 2262 2075 in

696 2111 996 2182 disciplinis
1018 2113 1178 2165 annis
1207 2111 1514 2179 quindecim
1544 2152 1560 2179 ,
1584 2126 1705 2167 eum
1738 2112 2109 2168 Graecanicam
2140 2128 2261 2167 om—

698 2220 821 2258 nem
848 2204 1165 2275 sapientiam
1189 2204 1257 2259 ad
1284 2202 1445 2259 finem
1477 2205 2262 2270 decurrisset,astronomiam-

697 2310 804 2365 que
832 2304 888 2351 et
934 2297 1312 2364 geometriam,
1350 2311 1413 2351 ac
1440 2296 1646 2366 Optima
1676 2311 1905 2366 quasque
1934 2295 2259 2365 collegisset,

699 2406 766 2445 ae
790 2405 892 2446 nec
920 2390 985 2445 iis
1012 2400 1188 2445 tamen
1214 2389 1322 2444 ullo
1350 2389 1509 2445 modo
1529 2389 1768 2445 omnium
1805 2388 2120 2445 Creatorem
2149 2390 2265 2459 (16)

696 2483 943 2538 invenire
991 2492 1207 2552 posset;
1243 2481 1477 2551 quadam
1538 2492 1697 2538 nocte
1746 2482 1992 2552 vigilanti
2055 2483 2268 2537 divinus

696 2575 948 2643 splendor
987 2575 1147 2640 infit,
1192 2583 1251 2629 ut
1308 2576 1566 2646 cujusque
1616 2576 1891 2647 religionis
1941 2577 2265 2644 scripturam

695 2676 1040 2738 percurreret
1078 2668 1215 2739 (17).
1277 2666 1518 2738 Surgens
1574 2682 1706 2738 ergo
1756 2668 2032 2737 profectus
2078 2677 2162 2721 est
2211 2667 2265 2721 iu

692 2757 984 2831 Egyptum
1007 2799 1026 2828 ,
1061 2768 1118 2815 et
1164 2761 1426 2815 accedens
1458 2758 1524 2812 ad
1552 2760 1838 2829 quemdam
1888 2757 2272 2812 archimandri-

696 2861 806 2907 tam
829 2892 845 2920 ,
872 2852 1232 2923 Porphyrium
1267 2855 1485 2909 nomine
1508 2894 1526 2919 ,
1558 2852 1749 2925 petivit
1786 2850 1887 2905 sibi
1945 2850 2064 2904 dari
2100 2849 2269 2905 libros

693 2960 903 3014 sacros,
948 2946 1143 3016 quibus
1172 2947 1355 3003 divina
1412 2948 1662 3018 dogmata
1704 2945 2055 3016 perdisceret.
2093 2942 2265 2999 Porro

2372 1954 2469 1993 ceu
2511 1938 2821 2007 magistrum
2865 1950 3219 2009 sequerentur
3247 1948 3508 2010 quotquot
3554 1942 3865 2012 philosophi
3893 1948 3948 2000 in

2374 2046 2492 2086 eam
2545 2033 2957 2087 concessissent.
3014 2034 3147 2088 Cum
3194 2044 3370 2088 autem
3422 2034 3475 2087 iit
3511 2034 3768 2089 omnibus
3818 2052 3947 2091 eum

2375 2125 2573 2181 scholis
2622 2124 2971 2190 requisisset,
3024 2127 3244 2183 offendit
3298 2128 3349 2181 in
3402 2126 3660 2181 suburbio
3705 2129 3945 2196 quodam

2369 2217 2727 2282 disputantem
2764 2254 2779 2278 ,
2819 2218 2976 2269 sociis
3008 2232 3221 2287 quoque
3254 2219 3374 2273 aliis
3401 2218 3737 2289 philosophis
3764 2234 3778 2269 :
3811 2217 3948 2269 nihil

2367 2305 2511 2360 enini
2544 2306 2686 2359 aliud
2720 2307 3032 2372 studebant,
3057 2324 3217 2379 quam
3245 2319 3302 2364 ut
3322 2311 3565 2367 dicerent
3600 2320 3655 2366 et
3688 2310 3951 2365 audirent

2366 2396 2569 2467 aliquid
2600 2397 2747 2452 novi.

2438 2490 2569 2545 Cum
2602 2505 2731 2561 ergo
2754 2490 3065 2550 dissereret.
3096 2492 3307 2547 instans
3356 2492 3757 2563 imminensque
3790 2494 3945 2548 Basi-

2366 2580 2490 2643 lius,
2524 2581 2695 2649 ipsum
2731 2584 3009 2651 corripuit.
3050 2582 3187 2637 Tum
3213 2584 3405 2653 aliquis
3437 2599 3623 2639 eorum
3650 2587 3744 2655 qui
3784 2598 3951 2640 erant

2365 2688 2488 2727 cum
2513 2673 2647 2741 ipso,
2687 2673 2753 2726 ad
2782 2688 2903 2728 eum
2936 2692 2952 2729 :
2992 2692 3010 2724 σ
3048 2675 3321 2743 Corripuit
3357 2686 3410 2731 te
3440 2679 3655 2745 quidam
3689 2718 3705 2741 ,
3743 2696 3779 2733 o
3813 2680 3942 2747 phi—

2366 2764 2589 2834 losophe
2631 2783 2650 2818 ι
2685 2765 2752 2818 At
2780 2765 2871 2820 ille
2927 2781 2943 2819 :
2984 2784 3002 2818 ι
3042 2766 3138 2821 Vel
3170 2770 3330 2834 Deus,
3354 2771 3439 2822 vel
3468 2770 3716 2824 Basilius.
3746 2788 3765 2821 ι
3803 2770 3945 2824 Cum

2364 2871 2492 2929 ergo
2529 2873 2651 2912 eum
2682 2859 2989 2929 agnovisset
3018 2899 3034 2920 ,
3062 2872 3261 2928 eosque
3290 2860 3380 2929 qui
3414 2861 3639 2912 aderant
3690 2861 3944 2916 dimisis-

2366 2957 2486 3012 set,
2518 2948 2720 3003 mansit
2756 2964 2877 3003 cum
2910 2948 3142 3014 Basilio,
3176 2964 3241 3005 ac
3280 2959 3391 3006 tres
3409 2951 3524 3007 dies
3550 2949 3716 3019 jejuni
3746 2965 3946 3022 perse-

696 3156 869 3231 ipsius
890 3153 1219 3231 _Nazianzeni
1254 3154 1561 3210 testimonio
1600 3154 1797 3210 dicitur
1830 3158 1881 3210 in
1919 3154 2065 3224 Vita,
2100 3172 2249 3211 num.
2280 3159 2323 3217 C
2357 3154 2556 3231 cedens
2612 3154 2979 3231 Nazianzenq
3018 3171 3189 3231 annos
3241 3156 3522 3214 duodecim
3560 3198 3576 3223 ,
3628 3160 3722 3231 qui
3794 3161 3943 3217 Con—

692 3226 1014 3369 gliilwi‘ion
1040 3302 1189 3369 recte
1220 3294 1408 3369 saltem
1447 3291 1687 3369 Athenas
1714 3294 2078 3369 petlttnaasit
2108 3295 2253 3369 enim

694 3364 1000 3437 aliquandiu
1028 3365 1515 3432 Constantinopoli.
1549 3366 1659 3437 Nec
1701 3364 1961 3437 credibile
1994 3374 2097 3437 es_t,
2123 3366 2255 3437 duo:

695 3433 921 3493 detinent
955 3438 1124 3507 patria
1151 3438 1469 3499 excessisse,
1503 3436 1647 3503 quod
1671 3444 1848 3491 tamen
1876 3436 1963 3490 hic
1998 3433 2253 3490 aﬂirmari

693 3511 922 3565 videtur.

763 3579 880 3647 (10)
908 3576 1168 3631 Euhulum
1200 3588 1229 3628 a
1267 3575 1432 3647 nullo
1456 3574 1563 3629 alio
1608 3575 2128 3647 interlAthenienses
2153 3576 2251 3630 do-

693 3644 871 3702 ctores
893 3656 1229 3701 numeratum
1264 3645 1493 3715 reperio,
1525 3644 1717 3699 nedum
1749 3645 1888 3699 inter
1916 3644 2099 3700 Basilii
2138 3662 2253 3699 ma-

732 3718 913 3773 istros.

690 3734 1194 3857 g'illrffOGregorius
1220 3784 1593 3857 Nazianzenus
1620 3800 1649 3839 a
1672 3785 1867 3857 patria,
1902 3798 2007 3840 non
2036 3782 2116 3857 ab
2144 3782 2258 3851 epi-

692 3854 913 3928 scopatu
964 3854 1160 3921 dictus,
1191 3856 1472 3928 ordinatus
1503 3854 1721 3924 quidem
1750 3856 1927 3910 fuerat
1963 3854 2252 3928 episcopus

692 3924 1029 3984 Sasimorutn
1057 3969 1071 3992 ,
1100 3928 1194 3982 sed
1225 3927 1379 3980 titulo
1414 3935 1609 3990 tenus;
1651 3929 1820 3996 patris
1850 3937 2028 3980 autem
2066 3926 2150 3996 sui
2177 3924 2255 3977 vi-

690 4001 873 4053 carius
904 3998 1163 4050 duntaxat
1194 3997 1475 4061 t‘tazianti,
1511 3995 1666 4049 venit
1711 3996 1836 4049 inde
1875 3995 2255 4050 Constantino-

692 4069 877 4132 volim,
916 4068 1113 4121 labenti
1138 4065 1387 4121 Ecclesiae
1414 4064 1807 4129 subventurus;
1849 4067 1934 4120 ubi
1969 4065 2125 4118 fidem
2164 4080 2254 4117 or-

692 4132 984 4194 ihodoxam
1034 4138 1085 4192 iu
1122 4152 1217 4192 sua
1243 4137 1525 4189 Auastaaia
1557 4137 1935 4201 resuscitavit;
1965 4137 2248 4203 episcopa-

692 4209 794 4263 ium
824 4224 950 4263 vero
977 4211 1226 4263 thronum
1243 4223 1346 4261 non
1381 4206 1480 4261 nisi
1510 4207 1695 4276 paucis
1726 4209 1999 4276 mensibus
2028 4206 2247 4258 insedit.

693 4280 876 4348 Neque
899 4294 1051 4334 error
1088 4289 1195 4332 tam
1242 4278 1423 4349 gravis
1458 4275 1527 4349 in
1572 4275 1953 4349 Attiphilocliio
1991 4276 2243 4349 escusari

692 4343 887 4418 potest,
920 4343 1581 4418 Menieorum'auctoritate
1604 4386 1620 4411 ,
1652 4343 2249 4418 quatnaﬂ'ert‘Combe-

693 4414 857 4473 iusius.
883 4419 1139 4486 Quamvis
1172 4433 1233 4471 ea
1266 4418 1349 4471 die
1378 4418 1447 4471 50
1505 4414 1768 4483 Januarii,
1800 4414 2085 4486 duodecim
2110 4414 2245 4486 Con-

691 4485 1149 4559 stantinOpolitani
1205 4488 1545 4557 episcopatus
1608 4503 1780 4541 annos
1831 4485 2098 4559 Gregorio
2148 4485 2248 4537 tri-

691 4565 877 4625 buant,
927 4554 1213 4627 potuerunt
1241 4554 1454 4614 'eoru'm
1487 4566 1732 4612 auctores
1762 4572 1965 4619 errare,
2007 4554 2097 4607 diu
2127 4565 2246 4622 post

692 4646 801 4682 rem
834 4641 1036 4695 geStam
1064 4632 1403 4683 scribentes:
1439 4628 1533 4681 sed
1579 4642 1761 4681 errare
1788 4627 1844 4681 in
1894 4642 1959 4681 eo
1990 4639 2095 4677 non
2150 4638 2246 4692 po-

691 4701 881 4754 tuisset
932 4699 1382 4768 Amphilochius,
1438 4708 1550 4751 tum
1620 4699 1878 4768 temporis
1943 4696 2245 4768 leonieusis

686 4772 991 4837 episc0pus,
1039 4767 1127 4837 Qui
1165 4783 1300 4835 pene
1334 4784 1515 4823 coram
1548 4767 1723 4837 oculis
1757 4768 1873 4820 suis
1902 4767 2085 4820 omnia
2116 4779 2244 4837 spe-

687 4836 891 4907 etavit,
941 4836 1067 4908 qua!
1108 4840 1249 4892 circa
1306 4836 2243 4908 episc0patumConstantinopolita-

688 4925 814 4962 num
842 4906 989 4978 gesta
1018 4918 1142 4963 sunt
1186 4925 1213 4961 a
1240 4906 1519 4978 gregario.
1552 4907 1737 4977 Itaque
1767 4906 1849 4978 vel
1886 4908 2243 4978 pseudo-Ant-

685 4976 987 5047 philocliius
1015 4994 1197 5033 errare
1227 4976 1429 5031 Menwa
1460 4978 1584 5047 fecit
1610 5019 1625 5040 ,
1652 4976 1701 5030 si
1734 4977 1882 5043 prius
1918 4976 2197 5047 scripserit
2224 4992 2238 5041 ;

688 5046 769 5101 vel
792 5052 834 5105 si
865 5050 1061 5114 serius,
1088 5064 1325 5106 errorem
1353 5064 1420 5103 ex
1447 5046 1657 5101 Meuwis
1704 5049 1755 5101 in
1788 5060 1881 5102 sua
1918 5046 2117 5114 scripta
2152 5061 2243 5101 re-

689 5119 824 5175 lttiit.

756 5192 864 5260 (19.)
892 5189 1177 5245 Cathedrze
1199 5188 1503 5258 apostolica:
1532 5185 1876 5260 nominehic
1917 5183 2238 5255 intelligitur

684 5258 1293 5329 Constantinopolitano,
1337 5268 1600 5329 quatenus
1650 5259 1707 5312 S.
1749 5258 1993 5329 Andreas
2026 5266 2237 5329 aposto-

686 5330 767 5383 lus
816 5330 1164 5399 Byzantiuam
1208 5328 1500 5384 Ecclesium
1550 5328 1798 5399 fundasse
1827 5328 2067 5399 creditur
2100 5328 2231 5399 :_sed

682 5400 807 5468 quia
834 5396 944 5453 haec
966 5401 1169 5468 opinio,
1197 5401 1370 5468 ignota
1401 5398 1591 5467 priscis
1617 5400 1847 5461 saeculis,
1882 5414 1983 5449 non
2017 5396 2119 5449 nisi
2145 5398 2232 5449 diu

686 5483 806 5538 post
879 5472 1151 5523 fundatam
1221 5470 1733 5535 Constantinopoli-ii
1790 5470 1936 5521 credi
2019 5470 2230 5533 (κῆρα,

686 5540 1169 5608 pseudo-Dorothei
1216 5542 1599 5592 enuntietttario
1632 5540 1813 5608 nixa,
1864 5540 1937 5589 uti
1997 5538 2234 5589 ostendit

684 5607 977 5678 Janningus
1006 5611 1039 5662 4
1083 5609 1222 5663 Junii
1254 5609 1281 5680 ᾗ
1315 5612 1347 5663 5
1379 5621 1431 5661 e'.
1458 5612 1490 5661 b’
1522 5610 1587 5661 de
1615 5607 1671 5660 S.
1712 5608 2073 5680 llictrophane,
2108 5620 2231 5661 ante

684 5696 841 5744 quem
877 5677 1051 5734 nullus
1102 5677 1353 5749 probatur
1389 5681 1667 5746 episcopus
1718 5677 1955 5747 Byzantii
2016 5680 2227 5742 fuisse;

685 5762 905 5820 apparet
970 5753 1083 5805 haec
1148 5768 1251 5803 non
1320 5765 1441 5803 essu
1497 5749 1914 5817 AulpllliUCllli;
1982 5749 2232 5813 idemque

685 5825 874 5888 probat
927 5823 1277 5892 gravissimus
1333 5836 1515 5885 error,
1570 5836 1631 5873 ea
1681 5822 1733 5874 iii
1789 5822 2045 5873 cathedra
2102 5833 2203 5872 con

2356 3224 2840 3343 suntltiopolitante
2859 3226 3112 3281 Ecclesiae
3137 3242 3319 3282 curam
3338 3240 3395 3284 ut
3417 3224 3687 3286 summum
3709 3234 3937 3289 triennii

2356 3307 2490 3343 cessi
2525 3330 2540 3343 .

2354 3307 2490 3362 gessr
2501 3307 2540 3344 t.

2424 3362 2535 3436 (lli)
2567 3360 2788 3427 Melius,
2844 3363 3029 3419 saltem
3082 3370 3255 3432 quoad
3313 3368 3377 3421 ad
3436 3370 3741 3436 historiam,
3804 3390 3932 3429 ver-

2352 3431 3037 3507 tit'llrstts__subdiaeontts,_
3092 3431 3232 3501 apud
3276 3436 3634 3507 Rosweydum
3666 3481 3683 3502 ,
3727 3431 3940 3500 'dieens

2353 3504 2494 3628 qugd
2550 3502 2835 3567 Julianus,
2896 3506 2964 3558 ad
3026 3505 3190 3560 breve
3264 3502 3517 3578 tempus,
3575 3511 3934 3570 Christianus

2379 3592 2427 3628 ut

2379 3584 2456 3629 ull

2568 3642 2825 3724 labantlts
2852 3684 2879 3724 ,_
2906 3658 3003 3699 nec
3033 3647 3427 3724 condiscipulus
3459 3687 3475 3711 ,
3510 3663 3607 3703 nec
3650 3653 3934 3724 magister

2353 3714 2913 3787 BasiliifuitAthenis
2945 3733 2963 3787 ἶ
3001 3720 3093 3770 sed
3124 3714 3304 3787 aliqua
3347 3720 3485 3775 inter
3514 3735 3606 3774 eos
3640 3714 3930 3777 Constan-

2357 3785 2579 3850 tinopoli
2613 3784 2918 3837 intercessit
2946 3784 3306 3845 familiaritas.

2427 3852 2537 3919 (lli)
2590 3852 2646 3904 Si
2678 3853 2850 3905 solum
2904 3855 3149 3920 dixisset,
3202 3878 3221 3911 ι
3270 3874 3373 3915 non
3428 3875 3640 3917 sumere
3673 3860 3869 3915 vinum
3908 3882 3926 3912 ι

2358 3922 2635 4003 tolerabile
2659 3920 2831 3987 foret;
2868 3926 3129 3990 potuisset
3156 3930 3299 3985 enim
3338 3946 3479 4001 aqua
3527 3932 3638 3985 sola
3694 3944 3749 3985 et
3782 3949 3929 4001 pane

2356 4003 2519 4072 Vitam
2533 4003 2848 4074 sustentare
2876 4010 2887 4045 :
2913 4006 3095 4074 verum
3123 4012 3242 4053 cum
3292 4003 3446 4070 panis
3478 4017 3627 4055 usum
3655 4041 3671 4065 ,
3702 4014 3928 4058 susten-

2358 4070 2549 4116 tationi
2586 4070 2694 4142 tam
2745 4070 3115 4142 necessarium
3150 4106 3165 4129 ,
3212 4072 3525 4142 excluserit,
3550 4071 3767 4142 videtur
3812 4091 3915 4142 pro

2354 4144 2590 4208 positum
2640 4133 2783 4208 istud
2839 4148 2935 4188 seu
2969 4145 3152 4188 votum
3186 4148 3293 4193 tam
3328 4141 3675 4195 indiscretum
3711 4133 3890 4199 fuiése
3917 4184 3933 4208 ,

2358 4203 2417 4259 ut
2448 4206 2500 4258 in
2530 4203 2786 4275 Basilium
2810 4208 3005 4258 cadere
3030 4221 3134 4260 non
3158 4209 3411 4275 potuerit.

2424 4275 2533 4345 (16)
2588 4274 2923 4329 Perabsurde
2980 4274 3272 4345 fingeretur
3321 4278 3407 4333 hie
3463 4276 3736 4343 Basilius,
3799 4295 3932 4336 eum

2353 4344 2579 4417 Athenis
2606 4354 2769 4417 esset,
2794 4346 3033 4417 omnium
3060 4344 3377 4403 Creatorem
3412 4350 3690 4417 ignorasse
3720 4368 3735 4405 :
3762 4353 3933 4417 qui...

2354 4430 2420 4499 pe
2458 4416 2749 4499 quiprima
2782 4415 2903 4499 fidei
2940 4420 3227 4499 mysteria,
3254 4429 3309 4473 ut
3339 4421 3389 4474 in
3435 4415 3551 4474 Vita
3571 4420 3706 4488 ejus,
3742 4415 3934 4499 capite

2280 4520 2326 4579 n
2356 4484 3092 4579 1:..31°it'!r:_ehsubstiti"?
3110 4574 3128 4579 -
3145 4492 3407 4579 mare,
3424 4501 3489 4579 ει
3512 4506 3548 4579 3
3576 4484 3763 4579 esse,
3786 4484 3935 4579 ,Ειιξ-

2354 4555 2512 4630 tnelia
2567 4568 2697 4623 puer
2737 4556 3165 4630 didicerat,nec
3219 4576 3455 4630 unquam
3511 4562 3926 4617 itntnutaverat.

2352 4626 2695 4699 Quapropter
2722 4625 3183 4699 sicJContbefisius
3230 4625 3403 4685 locum
3435 4631 3712 4699 explicuit,
3752 4644 3819 4687 ut
3870 4637 3925 4687 in

2350 4696 2588 4762 profanis
2608 4695 2863 4769 scientiis
2891 4698 3025 4749 nihil
3054 4699 3359 4769 invenerit,
3400 4695 3542 4769 quod
3572 4704 3637 4754 ad
3670 4704 3764 4756 Dei
3798 4706 3924 4758 cul-

2350 4774 2458 4846 tum
2490 4767 2830 4846 perduceret,
2863 4768 3115 4836 quamvis
3160 4767 3473 4826 Creatorem
3522 4775 3764 4826 omnium
3820 4790 3932 4829 non

2348 4844 2531 4902 Ignora
2544 4844 2644 4888 ret.

2417 4906 2525 4976 (17)
2556 4903 2682 4976 _Ursi
2740 4905 3110 4975 interpretatio
3151 4908 3333 4973 habet,
3367 4929 3384 4962 ε
3428 4920 3486 4967 tit
3541 4922 3739 4965 nostra:
3786 4914 3929 4969 reli-

2347 4974 2521 5043 gionis
2549 4974 3257 5055 Scriptitranrpercurreret
3295 4998 3308 5034 :
3345 5001 3363 5033 ι
3398 4986 3489 5038 sed
3520 4986 3583 5037 ad
3620 4983 3723 5055 hoe
3768 4998 3918 5055 opus

2346 5062 2451 5118 non
2481 5056 2604 5118 erat
2644 5057 2701 5097 ut
2736 5046 2909 5099 abiret
2955 5049 3007 5102 in
3038 5048 3357 5118 Egyptum,
3389 5069 3505 5107 eam
3558 5046 3836 5118 petiturus
3889 5074 3919 5110 a

2344 5113 2644 5186 Porphyrio
2685 5113 3408 5182 archiutaudrita,"necdum
3462 5113 3677 5175 aliunde
3733 5138 3919 5181 noto:

2345 5201 2469 5264 nam
2507 5188 2649 5264 illam
2677 5188 2903 5264 Athenis
2932 5190 3036 5264 sibi
3067 5203 3384 5264 comparare
3408 5202 3637 5263 poterat,
3663 5208 3771 5264 quo
3790 5211 3921 5251 eum

2346 5256 2508 5332 impio
2539 5256 2754 5332 Juliano
2809 5257 2875 5309 ad
2930 5256 3383 5332 legendos—libros
3408 5256 3599 5318 sacros
3630 5256 3875 5319 accessit
3901 5285 3919 5332 ;

2344 5330 2435 5379 sed
2462 5340 2598 5404 etes
2642 5329 2800 5404 domo
2826 5338 3049 5404 paterna
3077 5329 3276 5404 habere
3302 5333 3634 5401 Seripturam
3665 5329 3922 5404 peterat,

2344 5414 2406 5449 ea
2447 5399 2588 5451 enim
2619 5400 2865 5451 utebatur
2898 5400 3174 5459 Emmelia.
3219 5404 3284 5455 ad
3311 5399 3679 5463 instruendam
3721 5399 3927 5464 Macri-

2343 5469 2650 5540 namlliliam
2691 5485 2863 5532 suam,
2898 5480 3032 5523 teste
3063 5470 3307 5540 Nysseno
3344 5476 3393 5525 itt
3441 5472 3584 5526 Vita.

2412 5537 2521 5613 (18)
2550 5538 2950 5607 Peregrinatqu
2988 5554 3046 5593 se
3072 5537 3191 5613 esse
3221 5544 3271 5594 in
3313 5543 3598 5613 Aigyptum
3628 5554 3681 5597 et
3716 5546 3922 5602 Hiero-

2343 5610 2625 5685 solymam,
2658 5620 2887 5685 testatur
2918 5613 3027 5677 ipse
3076 5610 3307 5667 Basdius
3335 5610 3513 5683 epf‘itl
3547 5635 3559 5669 :
3590 5618 3685 5669 sed
3720 5635 3915 5685 postea

2344 5680 2569 5756 rediisse
2601 5679 2781 5756 ipsum.
2796 5679 3067 5756 Athenas,
3122 5697 3346 5749 apparet
3372 5679 3667 5741 manifeste
3693 5679 3920 5756 falsum,

2341 5751 2703 5803 consideranti
2747 5747 2916 5803 l’iiam
2942 5766 3108 5821 supra
3134 5747 3337 5809 oratam.
