  <div class='ocr_page' id='page_1' title='image "/cluster/home/n/w/nwhite01/storage/ocr_20150623/29/pst.000005712274/304.png"; bbox 0 0 4086 6318; ppageno 0'>
   <div class='ocr_carea' id='block_1_1' title="bbox 582 323 2963 385">
    <p class='ocr_par' dir='ltr' id='par_1_1' title="bbox 582 323 2963 385">
     <span class='ocr_line' id='line_1_1' title="bbox 582 323 2963 385; baseline 0 -4"><span class='ocrx_word' id='word_1_1' title='bbox 582 323 938 381; x_wconf 70' lang='lat' dir='ltr'><strong>EXCERPTA</strong></span> <span class='ocrx_word' id='word_1_2' title='bbox 986 324 1074 379; x_wconf 82' lang='lat' dir='ltr'><strong>EX</strong></span> <span class='ocrx_word' id='word_1_3' title='bbox 1117 324 1317 380; x_wconf 78' lang='lat' dir='ltr'><strong>ACTIS</strong></span> <span class='ocrx_word' id='word_1_4' title='bbox 1358 327 1417 380; x_wconf 88' lang='lat' dir='ltr'><strong>S.</strong></span> <span class='ocrx_word' id='word_1_5' title='bbox 1448 326 1691 381; x_wconf 65' lang='lat' dir='ltr'><strong>BASILII</strong></span> <span class='ocrx_word' id='word_1_6' title='bbox 1730 325 2487 382; x_wconf 71' lang='lat' dir='ltr'><strong>BOLLANDIANIS.—-VITA</strong></span> <span class='ocrx_word' id='word_1_7' title='bbox 2524 327 2963 385; x_wconf 72' lang='lat' dir='ltr'><strong>APOCRYPHA.</strong></span> 
     </span>
    </p>
   </div>
   <div class='ocr_carea' id='block_1_2' title="bbox 3172 345 3379 385">
    <p class='ocr_par' dir='ltr' id='par_1_2' title="bbox 3172 345 3379 385">
     <span class='ocr_line' id='line_1_2' title="bbox 3172 345 3379 385; baseline 0.014 -4"><span class='ocrx_word' id='word_1_8' title='bbox 3172 345 3379 385; x_wconf 67' lang='grc' dir='ltr'><strong>εειςγιι</strong></span> 
     </span>
    </p>
   </div>
   <div class='ocr_carea' id='block_1_3' title="bbox 149 444 3382 518">
    <p class='ocr_par' dir='ltr' id='par_1_3' title="bbox 149 444 3382 518">
     <span class='ocr_line' id='line_1_3' title="bbox 149 444 3382 518; baseline 0.001 -20"><span class='ocrx_word' id='word_1_9' title='bbox 149 464 406 504; x_wconf 81' lang='lat' dir='ltr'><strong>verantes</strong></span> <span class='ocrx_word' id='word_1_10' title='bbox 433 446 572 518; x_wconf 78' lang='lat' dir='ltr'><strong>(t9),</strong></span> <span class='ocrx_word' id='word_1_11' title='bbox 602 460 789 500; x_wconf 83' lang='lat' dir='ltr'><strong>mutuo</strong></span> <span class='ocrx_word' id='word_1_12' title='bbox 828 447 1200 504; x_wconf 76' lang='lat' dir='ltr'><strong>conferebant.</strong></span> <span class='ocrx_word' id='word_1_13' title='bbox 1234 444 1589 514; x_wconf 70' lang='lat' dir='ltr'><strong>Interrogavit</strong></span> <span class='ocrx_word' id='word_1_14' title='bbox 1612 449 1716 502; x_wconf 90' lang='lat' dir='ltr'><strong>ita-</strong></span> <span class='ocrx_word' id='word_1_15' title='bbox 1747 450 1793 508; x_wconf 78' lang='grc' dir='ltr'>Α</span> <span class='ocrx_word' id='word_1_16' title='bbox 1824 448 2065 503; x_wconf 89' lang='lat' dir='ltr'><strong>bonitate</strong></span> <span class='ocrx_word' id='word_1_17' title='bbox 2093 485 2108 503; x_wconf 92' lang='lat'><strong>.</strong></span> <span class='ocrx_word' id='word_1_18' title='bbox 2166 446 2235 504; x_wconf 86' lang='lat' dir='ltr'><strong>iis</strong></span> <span class='ocrx_word' id='word_1_19' title='bbox 2281 450 2374 518; x_wconf 85' lang='lat' dir='ltr'><strong>qui</strong></span> <span class='ocrx_word' id='word_1_20' title='bbox 2420 457 2683 503; x_wconf 86' lang='lat' dir='ltr'><strong>venerunt</strong></span> <span class='ocrx_word' id='word_1_21' title='bbox 2729 449 2871 506; x_wconf 87' lang='lat' dir='ltr'><strong>circa</strong></span> <span class='ocrx_word' id='word_1_22' title='bbox 2931 448 3121 502; x_wconf 89' lang='lat' dir='ltr'><strong>horam</strong></span> <span class='ocrx_word' id='word_1_23' title='bbox 3158 447 3382 502; x_wconf 80' lang='lat' dir='ltr'><strong>undeci-</strong></span> 
     </span>
    </p>
   </div>
   <div class='ocr_carea' id='block_1_4' title="bbox 149 536 1719 609">
    <p class='ocr_par' dir='ltr' id='par_1_4' title="bbox 149 536 1719 609">
     <span class='ocr_line' id='line_1_4' title="bbox 149 536 1719 609; baseline 0.002 -20"><span class='ocrx_word' id='word_1_24' title='bbox 149 558 251 609; x_wconf 80' lang='lat' dir='ltr'><strong>qne</strong></span> <span class='ocrx_word' id='word_1_25' title='bbox 287 541 532 594; x_wconf 79' lang='lat' dir='ltr'><strong>Eubulus</strong></span> <span class='ocrx_word' id='word_1_26' title='bbox 566 536 820 591; x_wconf 83' lang='lat' dir='ltr'><strong>Basilium</strong></span> <span class='ocrx_word' id='word_1_27' title='bbox 850 556 863 593; x_wconf 89' lang='lat'><strong>:</strong></span> <span class='ocrx_word' id='word_1_28' title='bbox 894 558 912 589; x_wconf 86' lang='grc'><strong><em>‹</em></strong></span> <span class='ocrx_word' id='word_1_29' title='bbox 944 540 1072 604; x_wconf 66' lang='lat' dir='ltr'><strong>Quae</strong></span> <span class='ocrx_word' id='word_1_30' title='bbox 1099 546 1183 590; x_wconf 90' lang='lat' dir='ltr'><strong>est</strong></span> <span class='ocrx_word' id='word_1_31' title='bbox 1208 538 1446 593; x_wconf 90' lang='lat' dir='ltr'><strong>deﬁnitio</strong></span> <span class='ocrx_word' id='word_1_32' title='bbox 1484 539 1719 605; x_wconf 80' lang='lat' dir='ltr'><strong>philoso-</strong></span> 
     </span>
    </p>
   </div>
   <div class='ocr_carea' id='block_1_5' title="bbox 148 630 1720 704">
    <p class='ocr_par' dir='ltr' id='par_1_5' title="bbox 148 630 1720 704">
     <span class='ocr_line' id='line_1_5' title="bbox 148 630 1720 704; baseline 0.002 -18"><span class='ocrx_word' id='word_1_33' title='bbox 148 637 285 704; x_wconf 76' lang='lat' dir='ltr'><strong>phia:</strong></span> <span class='ocrx_word' id='word_1_34' title='bbox 306 632 443 702; x_wconf 68' lang='grc' dir='ltr'>(ΞΟ),</span> <span class='ocrx_word' id='word_1_35' title='bbox 470 630 667 686; x_wconf 74' lang='lat' dir='ltr'><strong>Basili?</strong></span> <span class='ocrx_word' id='word_1_36' title='bbox 704 650 724 683; x_wconf 69' lang='grc' dir='ltr'><strong><em>ι</em></strong></span> <span class='ocrx_word' id='word_1_37' title='bbox 760 633 861 701; x_wconf 87' lang='lat' dir='ltr'><strong>Qui</strong></span> <span class='ocrx_word' id='word_1_38' title='bbox 890 634 993 687; x_wconf 90' lang='lat' dir='ltr'><strong>ait:</strong></span> <span class='ocrx_word' id='word_1_39' title='bbox 1030 647 1049 681; x_wconf 69' lang='grc' dir='ltr'><strong><em>ι</em></strong></span> <span class='ocrx_word' id='word_1_40' title='bbox 1084 630 1259 685; x_wconf 79' lang='lat' dir='ltr'><strong>l’rima</strong></span> <span class='ocrx_word' id='word_1_41' title='bbox 1288 631 1530 685; x_wconf 88' lang='lat' dir='ltr'><strong>deﬁnitio</strong></span> <span class='ocrx_word' id='word_1_42' title='bbox 1556 636 1720 700; x_wconf 82' lang='lat' dir='ltr'><strong>philo-</strong></span> 
     </span>
    </p>
   </div>
   <div class='ocr_carea' id='block_1_6' title="bbox 145 723 1720 795">
    <p class='ocr_par' dir='ltr' id='par_1_6' title="bbox 145 723 1720 795">
     <span class='ocr_line' id='line_1_6' title="bbox 145 723 1720 795; baseline 0.004 -20"><span class='ocrx_word' id='word_1_43' title='bbox 145 726 397 795; x_wconf 69' lang='lat' dir='ltr'><strong>sophiae,</strong></span> <span class='ocrx_word' id='word_1_44' title='bbox 452 724 732 781; x_wconf 84' lang='lat' dir='ltr'><strong>meditatio</strong></span> <span class='ocrx_word' id='word_1_45' title='bbox 789 724 997 781; x_wconf 86' lang='lat' dir='ltr'><strong>mortis.</strong></span> <span class='ocrx_word' id='word_1_46' title='bbox 1055 741 1074 776; x_wconf 70' lang='grc' dir='ltr'><strong>ι</strong></span> <span class='ocrx_word' id='word_1_47' title='bbox 1128 724 1219 779; x_wconf 90' lang='lat' dir='ltr'><strong>Ille</strong></span> <span class='ocrx_word' id='word_1_48' title='bbox 1264 738 1391 778; x_wconf 90' lang='lat' dir='ltr'><strong>vero</strong></span> <span class='ocrx_word' id='word_1_49' title='bbox 1446 723 1720 781; x_wconf 91' lang='lat' dir='ltr'><strong>admirans</strong></span> 
     </span>
    </p>
   </div>
   <div class='ocr_carea' id='block_1_7' title="bbox 147 814 1723 886">
    <p class='ocr_par' dir='ltr' id='par_1_7' title="bbox 147 814 1723 886">
     <span class='ocr_line' id='line_1_7' title="bbox 147 814 1723 886; baseline 0 -13"><span class='ocrx_word' id='word_1_50' title='bbox 147 822 222 873; x_wconf 86' lang='lat' dir='ltr'><strong>ait</strong></span> <span class='ocrx_word' id='word_1_51' title='bbox 248 838 261 871; x_wconf 94' lang='lat'><strong>:</strong></span> <span class='ocrx_word' id='word_1_52' title='bbox 288 837 308 870; x_wconf 73' lang='grc' dir='ltr'><strong>ε</strong></span> <span class='ocrx_word' id='word_1_53' title='bbox 342 818 478 885; x_wconf 87' lang='lat' dir='ltr'><strong>Quis</strong></span> <span class='ocrx_word' id='word_1_54' title='bbox 512 827 596 876; x_wconf 87' lang='lat' dir='ltr'><strong>est</strong></span> <span class='ocrx_word' id='word_1_55' title='bbox 630 816 901 873; x_wconf 72' lang='lat' dir='ltr'><strong>mundus?</strong></span> <span class='ocrx_word' id='word_1_56' title='bbox 925 834 942 866; x_wconf 75' lang='grc' dir='ltr'><strong><em>ι</em></strong></span> <span class='ocrx_word' id='word_1_57' title='bbox 964 814 1292 886; x_wconf 79' lang='lat' dir='ltr'><strong>Respondit:</strong></span> <span class='ocrx_word' id='word_1_58' title='bbox 1332 833 1351 865; x_wconf 74' lang='grc' dir='ltr'>ι</span> <span class='ocrx_word' id='word_1_59' title='bbox 1390 814 1483 868; x_wconf 89' lang='lat' dir='ltr'><strong>Ille</strong></span> <span class='ocrx_word' id='word_1_60' title='bbox 1508 816 1596 885; x_wconf 93' lang='lat' dir='ltr'><strong>qui</strong></span> <span class='ocrx_word' id='word_1_61' title='bbox 1640 828 1723 873; x_wconf 89' lang='lat' dir='ltr'><strong>est</strong></span> 
     </span>
    </p>
   </div>
   <div class='ocr_carea' id='block_1_8' title="bbox 148 908 1720 979">
    <p class='ocr_par' dir='ltr' id='par_1_8' title="bbox 148 908 1720 979">
     <span class='ocr_line' id='line_1_8' title="bbox 148 908 1720 979; baseline -0.003 -13"><span class='ocrx_word' id='word_1_62' title='bbox 148 926 313 979; x_wconf 84' lang='lat' dir='ltr'><strong>supra</strong></span> <span class='ocrx_word' id='word_1_63' title='bbox 354 913 639 968; x_wconf 90' lang='lat' dir='ltr'><strong>mundum.</strong></span> <span class='ocrx_word' id='word_1_64' title='bbox 676 910 743 963; x_wconf 85' lang='lat' dir='ltr'><strong>Et</strong></span> <span class='ocrx_word' id='word_1_65' title='bbox 772 908 990 978; x_wconf 85' lang='lat' dir='ltr'><strong>quidem</strong></span> <span class='ocrx_word' id='word_1_66' title='bbox 1024 912 1209 965; x_wconf 86' lang='lat' dir='ltr'><strong>dulces</strong></span> <span class='ocrx_word' id='word_1_67' title='bbox 1242 917 1366 962; x_wconf 90' lang='lat' dir='ltr'><strong>sunt</strong></span> <span class='ocrx_word' id='word_1_68' title='bbox 1395 911 1578 964; x_wconf 91' lang='lat' dir='ltr'><strong>mundi</strong></span> <span class='ocrx_word' id='word_1_69' title='bbox 1604 926 1720 966; x_wconf 90' lang='lat' dir='ltr'><strong>ser-</strong></span> 
     </span>
    </p>
   </div>
   <div class='ocr_carea' id='block_1_9' title="bbox 149 1003 1717 1073">
    <p class='ocr_par' dir='ltr' id='par_1_9' title="bbox 149 1003 1717 1073">
     <span class='ocr_line' id='line_1_9' title="bbox 149 1003 1717 1073; baseline -0.001 -16"><span class='ocrx_word' id='word_1_70' title='bbox 149 1018 343 1060; x_wconf 89' lang='lat' dir='ltr'><strong>mones</strong></span> <span class='ocrx_word' id='word_1_71' title='bbox 374 1042 395 1071; x_wconf 92' lang='lat'><strong>,</strong></span> <span class='ocrx_word' id='word_1_72' title='bbox 459 1006 575 1073; x_wconf 91' lang='lat' dir='ltr'><strong>ipse</strong></span> <span class='ocrx_word' id='word_1_73' title='bbox 624 1015 754 1056; x_wconf 88' lang='lat' dir='ltr'><strong>vero</strong></span> <span class='ocrx_word' id='word_1_74' title='bbox 795 1005 1029 1057; x_wconf 89' lang='lat' dir='ltr'><strong>mundus</strong></span> <span class='ocrx_word' id='word_1_75' title='bbox 1068 1003 1418 1058; x_wconf 85' lang='lat' dir='ltr'><strong>vehementer</strong></span> <span class='ocrx_word' id='word_1_76' title='bbox 1463 1018 1717 1065; x_wconf 88' lang='lat' dir='ltr'><strong>amarus,</strong></span> 
     </span>
    </p>
   </div>
   <div class='ocr_carea' id='block_1_10' title="bbox 147 1093 1720 1167">
    <p class='ocr_par' dir='ltr' id='par_1_10' title="bbox 147 1093 1720 1167">
     <span class='ocr_line' id='line_1_10' title="bbox 147 1093 1720 1167; baseline -0.004 -15"><span class='ocrx_word' id='word_1_77' title='bbox 147 1100 367 1167; x_wconf 88' lang='lat' dir='ltr'><strong>quando</strong></span> <span class='ocrx_word' id='word_1_78' title='bbox 392 1097 513 1167; x_wconf 84' lang='lat' dir='ltr'><strong>quis</strong></span> <span class='ocrx_word' id='word_1_79' title='bbox 536 1094 710 1149; x_wconf 89' lang='lat' dir='ltr'><strong>eidem</strong></span> <span class='ocrx_word' id='word_1_80' title='bbox 731 1097 897 1149; x_wconf 92' lang='lat' dir='ltr'><strong>animi</strong></span> <span class='ocrx_word' id='word_1_81' title='bbox 933 1093 1125 1148; x_wconf 85' lang='lat' dir='ltr'><strong>vitiosa</strong></span> <span class='ocrx_word' id='word_1_82' title='bbox 1194 1093 1475 1151; x_wconf 80' lang='lat' dir='ltr'><strong>atl‘ectione</strong></span> <span class='ocrx_word' id='word_1_83' title='bbox 1539 1095 1720 1148; x_wconf 73' lang='lat' dir='ltr'><strong>adhae-</strong></span> 
     </span>
    </p>
   </div>
   <div class='ocr_carea' id='block_1_11' title="bbox 149 1186 1722 1256">
    <p class='ocr_par' dir='ltr' id='par_1_11' title="bbox 149 1186 1722 1256">
     <span class='ocr_line' id='line_1_11' title="bbox 149 1186 1722 1256; baseline -0.003 -12"><span class='ocrx_word' id='word_1_84' title='bbox 149 1190 284 1245; x_wconf 89' lang='lat' dir='ltr'><strong>serit</strong></span> <span class='ocrx_word' id='word_1_85' title='bbox 316 1209 331 1244; x_wconf 91' lang='lat'><strong>:</strong></span> <span class='ocrx_word' id='word_1_86' title='bbox 366 1198 424 1241; x_wconf 89' lang='lat' dir='ltr'><strong>et</strong></span> <span class='ocrx_word' id='word_1_87' title='bbox 467 1186 569 1241; x_wconf 88' lang='lat' dir='ltr'><strong>alia</strong></span> <span class='ocrx_word' id='word_1_88' title='bbox 602 1195 685 1242; x_wconf 90' lang='lat' dir='ltr'><strong>est</strong></span> <span class='ocrx_word' id='word_1_89' title='bbox 735 1186 984 1253; x_wconf 83' lang='lat' dir='ltr'><strong>voluptas</strong></span> <span class='ocrx_word' id='word_1_90' title='bbox 1032 1187 1276 1256; x_wconf 89' lang='lat' dir='ltr'><strong>corporis</strong></span> <span class='ocrx_word' id='word_1_91' title='bbox 1299 1226 1315 1250; x_wconf 96' lang='lat'><strong>,</strong></span> <span class='ocrx_word' id='word_1_92' title='bbox 1372 1186 1476 1239; x_wconf 89' lang='lat' dir='ltr'><strong>alia</strong></span> <span class='ocrx_word' id='word_1_93' title='bbox 1511 1193 1722 1240; x_wconf 73' lang='lat' dir='ltr'><strong>natura:</strong></span> 
     </span>
    </p>
   </div>
   <div class='ocr_carea' id='block_1_12' title="bbox 150 1275 1721 1346">
    <p class='ocr_par' dir='ltr' id='par_1_12' title="bbox 150 1275 1721 1346">
     <span class='ocr_line' id='line_1_12' title="bbox 150 1275 1721 1346; baseline -0.003 -13"><span class='ocrx_word' id='word_1_94' title='bbox 150 1280 490 1346; x_wconf 75' lang='lat' dir='ltr'><strong>incorporea:</strong></span> <span class='ocrx_word' id='word_1_95' title='bbox 519 1291 650 1331; x_wconf 84' lang='lat' dir='ltr'><strong>:nec</strong></span> <span class='ocrx_word' id='word_1_96' title='bbox 666 1276 777 1332; x_wconf 91' lang='lat' dir='ltr'><strong>ﬁeri</strong></span> <span class='ocrx_word' id='word_1_97' title='bbox 801 1283 1000 1343; x_wconf 88' lang='lat' dir='ltr'><strong>potest,</strong></span> <span class='ocrx_word' id='word_1_98' title='bbox 1029 1285 1089 1330; x_wconf 91' lang='lat' dir='ltr'><strong>ut</strong></span> <span class='ocrx_word' id='word_1_99' title='bbox 1109 1276 1268 1330; x_wconf 88' lang='lat' dir='ltr'><strong>simul</strong></span> <span class='ocrx_word' id='word_1_100' title='bbox 1298 1275 1493 1343; x_wconf 86' lang='lat' dir='ltr'><strong>aliquis</strong></span> <span class='ocrx_word' id='word_1_101' title='bbox 1512 1285 1721 1329; x_wconf 86' lang='lat' dir='ltr'><strong>utram-</strong></span> 
     </span>
    </p>
   </div>
   <div class='ocr_carea' id='block_1_13' title="bbox 147 1366 1724 1441">
    <p class='ocr_par' dir='ltr' id='par_1_13' title="bbox 147 1366 1724 1441">
     <span class='ocr_line' id='line_1_13' title="bbox 147 1366 1724 1441; baseline -0.003 -15"><span class='ocrx_word' id='word_1_102' title='bbox 147 1386 254 1441; x_wconf 87' lang='lat' dir='ltr'><strong>que</strong></span> <span class='ocrx_word' id='word_1_103' title='bbox 283 1370 525 1426; x_wconf 88' lang='lat' dir='ltr'><strong>habeat:</strong></span> <span class='ocrx_word' id='word_1_104' title='bbox 558 1385 681 1424; x_wconf 91' lang='lat' dir='ltr'><strong>nam</strong></span> <span class='ocrx_word' id='word_1_105' title='bbox 708 1384 865 1426; x_wconf 89' lang='lat' dir='ltr'><strong>nemo</strong></span> <span class='ocrx_word' id='word_1_106' title='bbox 892 1378 1069 1440; x_wconf 89' lang='lat' dir='ltr'><strong>potest</strong></span> <span class='ocrx_word' id='word_1_107' title='bbox 1093 1368 1304 1422; x_wconf 89' lang='lat' dir='ltr'><strong>duobus</strong></span> <span class='ocrx_word' id='word_1_108' title='bbox 1353 1366 1586 1421; x_wconf 85' lang='lat' dir='ltr'><strong>dominis</strong></span> <span class='ocrx_word' id='word_1_109' title='bbox 1612 1382 1724 1421; x_wconf 90' lang='lat' dir='ltr'><strong>ser-</strong></span> 
     </span>
    </p>
   </div>
   <div class='ocr_carea' id='block_1_14' title="bbox 152 1459 1726 1535">
    <p class='ocr_par' dir='ltr' id='par_1_14' title="bbox 152 1459 1726 1535">
     <span class='ocr_line' id='line_1_14' title="bbox 152 1459 1726 1535; baseline -0.003 -17"><span class='ocrx_word' id='word_1_110' title='bbox 152 1466 292 1521; x_wconf 86' lang='lat' dir='ltr'><strong>vire.</strong></span> <span class='ocrx_word' id='word_1_111' title='bbox 351 1465 623 1521; x_wconf 64' lang='lat' dir='ltr'><strong>Caeterum</strong></span> <span class='ocrx_word' id='word_1_112' title='bbox 654 1506 669 1531; x_wconf 89' lang='lat'><strong>,</strong></span> <span class='ocrx_word' id='word_1_113' title='bbox 705 1476 966 1535; x_wconf 90' lang='lat' dir='ltr'><strong>quantum</strong></span> <span class='ocrx_word' id='word_1_114' title='bbox 1022 1475 1304 1530; x_wconf 88' lang='lat' dir='ltr'><strong>possumus</strong></span> <span class='ocrx_word' id='word_1_115' title='bbox 1331 1498 1346 1525; x_wconf 95' lang='lat'><strong>,</strong></span> <span class='ocrx_word' id='word_1_116' title='bbox 1414 1459 1726 1527; x_wconf 84' lang='lat' dir='ltr'><strong>trangamus</strong></span> 
     </span>
    </p>
   </div>
   <div class='ocr_carea' id='block_1_15' title="bbox 150 1549 1726 1622">
    <p class='ocr_par' dir='ltr' id='par_1_15' title="bbox 150 1549 1726 1622">
     <span class='ocr_line' id='line_1_15' title="bbox 150 1549 1726 1622; baseline -0.006 -11"><span class='ocrx_word' id='word_1_117' title='bbox 150 1556 532 1614; x_wconf 84' lang='lat' dir='ltr'><strong>esurientibus</strong></span> <span class='ocrx_word' id='word_1_118' title='bbox 578 1557 816 1613; x_wconf 65' lang='lat' dir='ltr'><strong>scientiae</strong></span> <span class='ocrx_word' id='word_1_119' title='bbox 844 1567 1070 1622; x_wconf 88' lang='lat' dir='ltr'><strong>panem;</strong></span> <span class='ocrx_word' id='word_1_120' title='bbox 1102 1560 1157 1609; x_wconf 90' lang='lat' dir='ltr'><strong>et</strong></span> <span class='ocrx_word' id='word_1_121' title='bbox 1185 1567 1312 1618; x_wconf 90' lang='lat' dir='ltr'><strong>eos,</strong></span> <span class='ocrx_word' id='word_1_122' title='bbox 1340 1551 1431 1622; x_wconf 89' lang='lat' dir='ltr'><strong>qui</strong></span> <span class='ocrx_word' id='word_1_123' title='bbox 1466 1551 1599 1605; x_wconf 90' lang='lat' dir='ltr'><strong>citra</strong></span> <span class='ocrx_word' id='word_1_124' title='bbox 1641 1549 1726 1602; x_wconf 89' lang='lat' dir='ltr'><strong>vi-</strong></span> 
     </span>
    </p>
   </div>
   <div class='ocr_carea' id='block_1_16' title="bbox 155 1641 1727 1719">
    <p class='ocr_par' dir='ltr' id='par_1_16' title="bbox 155 1641 1727 1719">
     <span class='ocr_line' id='line_1_16' title="bbox 155 1641 1727 1719; baseline -0.008 -13"><span class='ocrx_word' id='word_1_125' title='bbox 155 1651 287 1705; x_wconf 89' lang='lat' dir='ltr'><strong>tium</strong></span> <span class='ocrx_word' id='word_1_126' title='bbox 314 1660 375 1706; x_wconf 89' lang='lat' dir='ltr'><strong>et</strong></span> <span class='ocrx_word' id='word_1_127' title='bbox 407 1649 618 1719; x_wconf 87' lang='lat' dir='ltr'><strong>culpam</strong></span> <span class='ocrx_word' id='word_1_128' title='bbox 659 1656 787 1700; x_wconf 91' lang='lat' dir='ltr'><strong>sunt</strong></span> <span class='ocrx_word' id='word_1_129' title='bbox 814 1646 931 1700; x_wconf 90' lang='lat' dir='ltr'><strong>sine</strong></span> <span class='ocrx_word' id='word_1_130' title='bbox 961 1653 1099 1701; x_wconf 85' lang='lat' dir='ltr'><strong>teeto</strong></span> <span class='ocrx_word' id='word_1_131' title='bbox 1122 1686 1138 1711; x_wconf 96' lang='lat'><strong>,</strong></span> <span class='ocrx_word' id='word_1_132' title='bbox 1174 1660 1273 1715; x_wconf 91' lang='lat' dir='ltr'><strong>per</strong></span> <span class='ocrx_word' id='word_1_133' title='bbox 1324 1643 1577 1697; x_wconf 86' lang='lat' dir='ltr'><strong>virtutem</strong></span> <span class='ocrx_word' id='word_1_134' title='bbox 1626 1641 1727 1695; x_wconf 87' lang='lat' dir='ltr'><strong>sub</strong></span> 
     </span>
    </p>
   </div>
   <div class='ocr_carea' id='block_1_17' title="bbox 151 1735 1716 1806">
    <p class='ocr_par' dir='ltr' id='par_1_17' title="bbox 151 1735 1716 1806">
     <span class='ocr_line' id='line_1_17' title="bbox 151 1735 1716 1806; baseline -0.008 -6"><span class='ocrx_word' id='word_1_135' title='bbox 151 1754 358 1801; x_wconf 86' lang='lat' dir='ltr'><strong>tectum</strong></span> <span class='ocrx_word' id='word_1_136' title='bbox 390 1744 669 1797; x_wconf 87' lang='lat' dir='ltr'><strong>ducamus.</strong></span> <span class='ocrx_word' id='word_1_137' title='bbox 694 1739 845 1806; x_wconf 87' lang='lat' dir='ltr'><strong>Quod</strong></span> <span class='ocrx_word' id='word_1_138' title='bbox 876 1738 920 1793; x_wconf 88' lang='lat' dir='ltr'><strong>si</strong></span> <span class='ocrx_word' id='word_1_139' title='bbox 959 1738 1123 1794; x_wconf 88' lang='lat' dir='ltr'><strong>etiam</strong></span> <span class='ocrx_word' id='word_1_140' title='bbox 1148 1736 1441 1790; x_wconf 85' lang='lat' dir='ltr'><strong>viderimus</strong></span> <span class='ocrx_word' id='word_1_141' title='bbox 1473 1735 1671 1790; x_wconf 88' lang='lat' dir='ltr'><strong>nudum</strong></span> <span class='ocrx_word' id='word_1_142' title='bbox 1698 1772 1716 1798; x_wconf 95' lang='lat'><strong>,</strong></span> 
     </span>
    </p>
   </div>
   <div class='ocr_carea' id='block_1_18' title="bbox 1825 537 3389 607">
    <p class='ocr_par' dir='ltr' id='par_1_18' title="bbox 1825 537 3389 607">
     <span class='ocr_line' id='line_1_18' title="bbox 1825 537 3389 607; baseline 0.003 -16"><span class='ocrx_word' id='word_1_143' title='bbox 1825 554 1966 593; x_wconf 90' lang='lat' dir='ltr'><strong>mam</strong></span> <span class='ocrx_word' id='word_1_144' title='bbox 2001 579 2016 604; x_wconf 98' lang='lat'><strong>,</strong></span> <span class='ocrx_word' id='word_1_145' title='bbox 2071 537 2329 607; x_wconf 77' lang='lat' dir='ltr'><strong>:equalem</strong></span> <span class='ocrx_word' id='word_1_146' title='bbox 2403 539 2703 595; x_wconf 88' lang='lat' dir='ltr'><strong>mercedem</strong></span> <span class='ocrx_word' id='word_1_147' title='bbox 2772 539 2978 593; x_wconf 85' lang='lat' dir='ltr'><strong>tribuit.</strong></span> <span class='ocrx_word' id='word_1_148' title='bbox 3043 538 3275 595; x_wconf 82' lang='lat' dir='ltr'><strong>Donabit</strong></span> <span class='ocrx_word' id='word_1_149' title='bbox 3332 550 3389 595; x_wconf 88' lang='lat' dir='ltr'><strong>et</strong></span> 
     </span>
    </p>
   </div>
   <div class='ocr_carea' id='block_1_19' title="bbox 1824 630 3385 701">
    <p class='ocr_par' dir='ltr' id='par_1_19' title="bbox 1824 630 3385 701">
     <span class='ocr_line' id='line_1_19' title="bbox 1824 630 3385 701; baseline 0.002 -19"><span class='ocrx_word' id='word_1_150' title='bbox 1824 630 1936 699; x_wconf 90' lang='lat' dir='ltr'><strong>ipse</strong></span> <span class='ocrx_word' id='word_1_151' title='bbox 1979 630 2366 701; x_wconf 59' lang='lat' dir='ltr'><strong>paenitentibus</strong></span> <span class='ocrx_word' id='word_1_152' title='bbox 2418 633 2571 688; x_wconf 90' lang='lat' dir='ltr'><strong>nobis</strong></span> <span class='ocrx_word' id='word_1_153' title='bbox 2600 672 2617 697; x_wconf 90' lang='lat'><strong>,</strong></span> <span class='ocrx_word' id='word_1_154' title='bbox 2665 641 2715 687; x_wconf 86' lang='lat' dir='ltr'><strong>et</strong></span> <span class='ocrx_word' id='word_1_155' title='bbox 2768 646 2837 687; x_wconf 91' lang='lat' dir='ltr'><strong>ex</strong></span> <span class='ocrx_word' id='word_1_156' title='bbox 2896 646 3033 700; x_wconf 89' lang='lat' dir='ltr'><strong>aqua</strong></span> <span class='ocrx_word' id='word_1_157' title='bbox 3088 640 3143 688; x_wconf 88' lang='lat' dir='ltr'><strong>et</strong></span> <span class='ocrx_word' id='word_1_158' title='bbox 3192 632 3385 701; x_wconf 84' lang='lat' dir='ltr'><strong>spiritu</strong></span> 
     </span>
    </p>
   </div>
   <div class='ocr_carea' id='block_1_20' title="bbox 1824 725 3389 797">
    <p class='ocr_par' dir='ltr' id='par_1_20' title="bbox 1824 725 3389 797">
     <span class='ocr_line' id='line_1_20' title="bbox 1824 725 3389 797; baseline 0.002 -20"><span class='ocrx_word' id='word_1_159' title='bbox 1824 728 2283 793; x_wconf 81' lang='lat' dir='ltr'><strong>regenerationem</strong></span> <span class='ocrx_word' id='word_1_160' title='bbox 2340 726 2805 797; x_wconf 88' lang='lat' dir='ltr'><strong>suscipientibus,</strong></span> <span class='ocrx_word' id='word_1_161' title='bbox 2863 740 2983 796; x_wconf 77' lang='lat' dir='ltr'><strong>qua:</strong></span> <span class='ocrx_word' id='word_1_162' title='bbox 3034 739 3133 780; x_wconf 90' lang='lat' dir='ltr'><strong>nec</strong></span> <span class='ocrx_word' id='word_1_163' title='bbox 3197 725 3389 781; x_wconf 80' lang='lat' dir='ltr'><strong>oculus</strong></span> 
     </span>
    </p>
   </div>
   <div class='ocr_carea' id='block_1_21' title="bbox 1822 814 3386 883">
    <p class='ocr_par' dir='ltr' id='par_1_21' title="bbox 1822 814 3386 883">
     <span class='ocr_line' id='line_1_21' title="bbox 1822 814 3386 883; baseline 0.001 -14"><span class='ocrx_word' id='word_1_164' title='bbox 1822 817 1973 881; x_wconf 86' lang='lat' dir='ltr'><strong>vidit,</strong></span> <span class='ocrx_word' id='word_1_165' title='bbox 2018 834 2118 875; x_wconf 90' lang='lat' dir='ltr'><strong>nec</strong></span> <span class='ocrx_word' id='word_1_166' title='bbox 2157 818 2303 872; x_wconf 87' lang='lat' dir='ltr'><strong>auris</strong></span> <span class='ocrx_word' id='word_1_167' title='bbox 2355 817 2598 883; x_wconf 80' lang='lat' dir='ltr'><strong>audivit,</strong></span> <span class='ocrx_word' id='word_1_168' title='bbox 2644 830 2744 871; x_wconf 85' lang='lat' dir='ltr'><strong>nec</strong></span> <span class='ocrx_word' id='word_1_169' title='bbox 2778 816 2831 870; x_wconf 91' lang='lat' dir='ltr'><strong>in</strong></span> <span class='ocrx_word' id='word_1_170' title='bbox 2867 831 2961 871; x_wconf 90' lang='lat' dir='ltr'><strong>cor</strong></span> <span class='ocrx_word' id='word_1_171' title='bbox 3007 814 3241 870; x_wconf 82' lang='lat' dir='ltr'><strong>hominis</strong></span> <span class='ocrx_word' id='word_1_172' title='bbox 3293 831 3386 870; x_wconf 85' lang='lat' dir='ltr'><strong>as-</strong></span> 
     </span>
    </p>
   </div>
   <div class='ocr_carea' id='block_1_22' title="bbox 1821 908 3389 982">
    <p class='ocr_par' dir='ltr' id='par_1_22' title="bbox 1821 908 3389 982">
     <span class='ocr_line' id='line_1_22' title="bbox 1821 908 3389 982; baseline -0.001 -19"><span class='ocrx_word' id='word_1_173' title='bbox 1821 911 2138 977; x_wconf 86' lang='lat' dir='ltr'><strong>cenderunt,</strong></span> <span class='ocrx_word' id='word_1_174' title='bbox 2175 924 2298 982; x_wconf 67' lang='lat' dir='ltr'><strong>quae</strong></span> <span class='ocrx_word' id='word_1_175' title='bbox 2356 913 2679 979; x_wconf 52' lang='lat' dir='ltr'><strong>praeparavit</strong></span> <span class='ocrx_word' id='word_1_176' title='bbox 2710 911 2851 965; x_wconf 89' lang='lat' dir='ltr'><strong>Deus</strong></span> <span class='ocrx_word' id='word_1_177' title='bbox 2905 909 2973 964; x_wconf 86' lang='lat' dir='ltr'><strong>iis</strong></span> <span class='ocrx_word' id='word_1_178' title='bbox 3019 908 3110 980; x_wconf 89' lang='lat' dir='ltr'><strong>qui</strong></span> <span class='ocrx_word' id='word_1_179' title='bbox 3159 908 3389 978; x_wconf 87' lang='lat' dir='ltr'><strong>diligunt</strong></span> 
     </span>
    </p>
   </div>
   <div class='ocr_carea' id='block_1_23' title="bbox 1824 1002 2174 1074">
    <p class='ocr_par' dir='ltr' id='par_1_23' title="bbox 1824 1002 2174 1074">
     <span class='ocr_line' id='line_1_23' title="bbox 1824 1002 2174 1074; baseline 0.011 -19"><span class='ocrx_word' id='word_1_180' title='bbox 1824 1002 1996 1071; x_wconf 87' lang='lat' dir='ltr'><strong>ipsum</strong></span> <span class='ocrx_word' id='word_1_181' title='bbox 2025 1005 2125 1074; x_wconf 90' lang='lat' dir='ltr'><strong>(a).</strong></span> <span class='ocrx_word' id='word_1_182' title='bbox 2156 1025 2174 1059; x_wconf 77' lang='grc' dir='ltr'><strong><em>ι</em></strong></span> 
     </span>
    </p>
   </div>
   <div class='ocr_carea' id='block_1_24' title="bbox 1894 1092 3388 1166">
    <p class='ocr_par' dir='ltr' id='par_1_24' title="bbox 1894 1092 3388 1166">
     <span class='ocr_line' id='line_1_24' title="bbox 1894 1092 3388 1166; baseline 0 -20"><span class='ocrx_word' id='word_1_183' title='bbox 1894 1092 2130 1149; x_wconf 83' lang='lat' dir='ltr'><strong>Eubulus</strong></span> <span class='ocrx_word' id='word_1_184' title='bbox 2171 1111 2324 1166; x_wconf 86' lang='lat' dir='ltr'><strong>ergo,</strong></span> <span class='ocrx_word' id='word_1_185' title='bbox 2368 1109 2493 1149; x_wconf 82' lang='lat' dir='ltr'><strong>cum</strong></span> <span class='ocrx_word' id='word_1_186' title='bbox 2540 1094 2593 1148; x_wconf 92' lang='lat' dir='ltr'><strong>in</strong></span> <span class='ocrx_word' id='word_1_187' title='bbox 2623 1095 2861 1149; x_wconf 89' lang='lat' dir='ltr'><strong>animum</strong></span> <span class='ocrx_word' id='word_1_188' title='bbox 2914 1093 3032 1149; x_wconf 64' lang='lat' dir='ltr'><strong>haec</strong></span> <span class='ocrx_word' id='word_1_189' title='bbox 3064 1092 3388 1157; x_wconf 86' lang='lat' dir='ltr'><strong>induxisset,</strong></span> 
     </span>
    </p>
   </div>
   <div class='ocr_carea' id='block_1_25' title="bbox 1825 1184 3385 1256">
    <p class='ocr_par' dir='ltr' id='par_1_25' title="bbox 1825 1184 3385 1256">
     <span class='ocr_line' id='line_1_25' title="bbox 1825 1184 3385 1256; baseline 0.001 -17"><span class='ocrx_word' id='word_1_190' title='bbox 1825 1184 1899 1239; x_wconf 89' lang='lat' dir='ltr'><strong>ait</strong></span> <span class='ocrx_word' id='word_1_191' title='bbox 1936 1185 2051 1255; x_wconf 70' lang='lat' dir='ltr'><strong>(2t)</strong></span> <span class='ocrx_word' id='word_1_192' title='bbox 2089 1204 2099 1239; x_wconf 95' lang='lat'>:</span> <span class='ocrx_word' id='word_1_193' title='bbox 2143 1205 2159 1236; x_wconf 73' lang='grc' dir='ltr'><strong>ε</strong></span> <span class='ocrx_word' id='word_1_194' title='bbox 2196 1188 2470 1243; x_wconf 88' lang='lat' dir='ltr'><strong>Conemur</strong></span> <span class='ocrx_word' id='word_1_195' title='bbox 2514 1184 2700 1254; x_wconf 90' lang='lat' dir='ltr'><strong>igitur,</strong></span> <span class='ocrx_word' id='word_1_196' title='bbox 2734 1184 2919 1251; x_wconf 87' lang='lat' dir='ltr'><strong>Basili,</strong></span> <span class='ocrx_word' id='word_1_197' title='bbox 2946 1184 3090 1256; x_wconf 90' lang='lat' dir='ltr'><strong>quod</strong></span> <span class='ocrx_word' id='word_1_198' title='bbox 3123 1192 3179 1240; x_wconf 92' lang='lat' dir='ltr'><strong>tu</strong></span> <span class='ocrx_word' id='word_1_199' title='bbox 3208 1184 3385 1256; x_wconf 88' lang='lat' dir='ltr'><strong>jubes.</strong></span> 
     </span>
    </p>
   </div>
   <div class='ocr_carea' id='block_1_26' title="bbox 1829 1274 3390 1349">
    <p class='ocr_par' dir='ltr' id='par_1_26' title="bbox 1829 1274 3390 1349">
     <span class='ocr_line' id='line_1_26' title="bbox 1829 1274 3390 1349; baseline 0 -18"><span class='ocrx_word' id='word_1_200' title='bbox 1829 1274 2023 1331; x_wconf 86' lang='lat' dir='ltr'><strong>Verum</strong></span> <span class='ocrx_word' id='word_1_201' title='bbox 2055 1277 2167 1331; x_wconf 63' lang='lat' dir='ltr'><strong>haec</strong></span> <span class='ocrx_word' id='word_1_202' title='bbox 2190 1280 2407 1347; x_wconf 87' lang='lat' dir='ltr'><strong>quidem</strong></span> <span class='ocrx_word' id='word_1_203' title='bbox 2432 1276 2497 1331; x_wconf 92' lang='lat' dir='ltr'><strong>ad</strong></span> <span class='ocrx_word' id='word_1_204' title='bbox 2523 1277 2785 1332; x_wconf 87' lang='lat' dir='ltr'><strong>rationem</strong></span> <span class='ocrx_word' id='word_1_205' title='bbox 2818 1278 3146 1346; x_wconf 62' lang='lat' dir='ltr'><strong>paenitentiae</strong></span> <span class='ocrx_word' id='word_1_206' title='bbox 3175 1286 3390 1349; x_wconf 84' lang='lat' dir='ltr'><strong>specta-</strong></span> 
     </span>
    </p>
   </div>
   <div class='ocr_carea' id='block_1_27' title="bbox 1823 1367 3391 1439">
    <p class='ocr_par' dir='ltr' id='par_1_27' title="bbox 1823 1367 3391 1439">
     <span class='ocr_line' id='line_1_27' title="bbox 1823 1367 3391 1439; baseline 0.001 -18"><span class='ocrx_word' id='word_1_207' title='bbox 1823 1368 2041 1434; x_wconf 89' lang='lat' dir='ltr'><strong>verint,</strong></span> <span class='ocrx_word' id='word_1_208' title='bbox 2069 1370 2227 1422; x_wconf 91' lang='lat' dir='ltr'><strong>modo</strong></span> <span class='ocrx_word' id='word_1_209' title='bbox 2276 1381 2456 1424; x_wconf 90' lang='lat' dir='ltr'><strong>autem</strong></span> <span class='ocrx_word' id='word_1_210' title='bbox 2508 1368 2640 1424; x_wconf 89' lang='lat' dir='ltr'><strong>mibi</strong></span> <span class='ocrx_word' id='word_1_211' title='bbox 2685 1367 2939 1437; x_wconf 82' lang='lat' dir='ltr'><strong>eloquere</strong></span> <span class='ocrx_word' id='word_1_212' title='bbox 2970 1408 2985 1433; x_wconf 90' lang='lat'><strong>,</strong></span> <span class='ocrx_word' id='word_1_213' title='bbox 3044 1371 3189 1437; x_wconf 88' lang='lat' dir='ltr'><strong>quod</strong></span> <span class='ocrx_word' id='word_1_214' title='bbox 3220 1381 3391 1439; x_wconf 85' lang='lat' dir='ltr'><strong>nuper</strong></span> 
     </span>
    </p>
   </div>
   <div class='ocr_carea' id='block_1_28' title="bbox 1823 1459 3388 1532">
    <p class='ocr_par' dir='ltr' id='par_1_28' title="bbox 1823 1459 3388 1532">
     <span class='ocr_line' id='line_1_28' title="bbox 1823 1459 3388 1532; baseline 0 -18"><span class='ocrx_word' id='word_1_215' title='bbox 1823 1461 2219 1531; x_wconf 86' lang='lat' dir='ltr'><strong>percunctahar</strong></span> <span class='ocrx_word' id='word_1_216' title='bbox 2261 1460 2497 1513; x_wconf 89' lang='lat' dir='ltr'><strong>divinum</strong></span> <span class='ocrx_word' id='word_1_217' title='bbox 2532 1468 2930 1517; x_wconf 88' lang='lat' dir='ltr'><strong>sacramentum</strong></span> <span class='ocrx_word' id='word_1_218' title='bbox 2964 1459 3099 1532; x_wconf 71' lang='lat'><strong>(2‘2),</strong></span> <span class='ocrx_word' id='word_1_219' title='bbox 3132 1462 3275 1530; x_wconf 90' lang='lat' dir='ltr'><strong>quod</strong></span> <span class='ocrx_word' id='word_1_220' title='bbox 3304 1460 3388 1514; x_wconf 85' lang='lat' dir='ltr'><strong>ni-</strong></span> 
     </span>
    </p>
   </div>
   <div class='ocr_carea' id='block_1_29' title="bbox 1828 1551 3393 1624">
    <p class='ocr_par' dir='ltr' id='par_1_29' title="bbox 1828 1551 3393 1624">
     <span class='ocr_line' id='line_1_29' title="bbox 1828 1551 3393 1624; baseline 0.002 -21"><span class='ocrx_word' id='word_1_221' title='bbox 1828 1554 2019 1607; x_wconf 87' lang='lat' dir='ltr'><strong>mirum</strong></span> <span class='ocrx_word' id='word_1_222' title='bbox 2052 1552 2119 1606; x_wconf 91' lang='lat' dir='ltr'><strong>ad</strong></span> <span class='ocrx_word' id='word_1_223' title='bbox 2146 1552 2334 1607; x_wconf 90' lang='lat' dir='ltr'><strong>urbem</strong></span> <span class='ocrx_word' id='word_1_224' title='bbox 2368 1551 2887 1624; x_wconf 84' lang='lat' dir='ltr'><strong>Hierosolymorum,</strong></span> <span class='ocrx_word' id='word_1_225' title='bbox 2933 1553 3151 1622; x_wconf 90' lang='lat' dir='ltr'><strong>quidam</strong></span> <span class='ocrx_word' id='word_1_226' title='bbox 3208 1551 3393 1607; x_wconf 91' lang='lat' dir='ltr'><strong>illuce-</strong></span> 
     </span>
    </p>
   </div>
   <div class='ocr_carea' id='block_1_30' title="bbox 1826 1643 3393 1717">
    <p class='ocr_par' dir='ltr' id='par_1_30' title="bbox 1826 1643 3393 1717">
     <span class='ocr_line' id='line_1_30' title="bbox 1826 1643 3393 1717; baseline 0.001 -19"><span class='ocrx_word' id='word_1_227' title='bbox 1826 1658 1978 1702; x_wconf 88' lang='lat' dir='ltr'><strong>scere</strong></span> <span class='ocrx_word' id='word_1_228' title='bbox 1998 1645 2179 1711; x_wconf 84' lang='lat' dir='ltr'><strong>aiunt;</strong></span> <span class='ocrx_word' id='word_1_229' title='bbox 2199 1645 2337 1701; x_wconf 77' lang='lat' dir='ltr'><strong>forte</strong></span> <span class='ocrx_word' id='word_1_230' title='bbox 2352 1659 2483 1701; x_wconf 85' lang='lat' dir='ltr'><strong>vero</strong></span> <span class='ocrx_word' id='word_1_231' title='bbox 2498 1660 2706 1701; x_wconf 87' lang='lat' dir='ltr'><strong>mecum</strong></span> <span class='ocrx_word' id='word_1_232' title='bbox 2730 1646 2990 1711; x_wconf 87' lang='lat' dir='ltr'><strong>lustrans,</strong></span> <span class='ocrx_word' id='word_1_233' title='bbox 3010 1643 3236 1717; x_wconf 85' lang='lat' dir='ltr'><strong>alicujus</strong></span> <span class='ocrx_word' id='word_1_234' title='bbox 3260 1659 3393 1701; x_wconf 84' lang='lat' dir='ltr'><strong>san-</strong></span> 
     </span>
    </p>
   </div>
   <div class='ocr_carea' id='block_1_31' title="bbox 1829 1735 3391 1805">
    <p class='ocr_par' dir='ltr' id='par_1_31' title="bbox 1829 1735 3391 1805">
     <span class='ocr_line' id='line_1_31' title="bbox 1829 1735 3391 1805; baseline 0.001 -17"><span class='ocrx_word' id='word_1_235' title='bbox 1829 1737 1901 1790; x_wconf 89' lang='lat' dir='ltr'><strong>cti</strong></span> <span class='ocrx_word' id='word_1_236' title='bbox 1938 1737 2384 1793; x_wconf 86' lang='lat' dir='ltr'><strong>consuetudinem</strong></span> <span class='ocrx_word' id='word_1_237' title='bbox 2415 1737 2737 1793; x_wconf 88' lang='lat' dir='ltr'><strong>obtinueris.</strong></span> <span class='ocrx_word' id='word_1_238' title='bbox 2766 1737 3039 1795; x_wconf 64' lang='lat' dir='ltr'><strong>Ceterum</strong></span> <span class='ocrx_word' id='word_1_239' title='bbox 3080 1752 3167 1805; x_wconf 90' lang='lat' dir='ltr'><strong>ne,</strong></span> <span class='ocrx_word' id='word_1_240' title='bbox 3201 1735 3391 1799; x_wconf 86' lang='lat' dir='ltr'><strong>Basili,</strong></span> 
     </span>
    </p>
   </div>
   <div class='ocr_carea' id='block_1_32' title="bbox 152 1806 3391 1907">
    <p class='ocr_par' dir='ltr' id='par_1_32' title="bbox 152 1806 3391 1907">
     <span class='ocr_line' id='line_1_32' title="bbox 152 1806 3391 1907; baseline -0.002 -17"><span class='ocrx_word' id='word_1_241' title='bbox 152 1838 466 1907; x_wconf 87' lang='lat' dir='ltr'><strong>operiamus</strong></span> <span class='ocrx_word' id='word_1_242' title='bbox 492 1875 507 1901; x_wconf 94' lang='lat'><strong>,</strong></span> <span class='ocrx_word' id='word_1_243' title='bbox 570 1848 669 1889; x_wconf 90' lang='lat' dir='ltr'><strong>nec</strong></span> <span class='ocrx_word' id='word_1_244' title='bbox 743 1831 1069 1889; x_wconf 90' lang='lat' dir='ltr'><strong>domesticos</strong></span> <span class='ocrx_word' id='word_1_245' title='bbox 1132 1827 1358 1883; x_wconf 87' lang='lat' dir='ltr'><strong>seminis</strong></span> <span class='ocrx_word' id='word_1_246' title='bbox 1417 1826 1728 1898; x_wconf 86' lang='lat' dir='ltr'><strong>despexeri-</strong></span> <span class='ocrx_word' id='word_1_247' title='bbox 1759 1806 1804 1867; x_wconf 73' lang='grc' dir='ltr'><strong>Β</strong></span> <span class='ocrx_word' id='word_1_248' title='bbox 1832 1824 2013 1883; x_wconf 87' lang='lat' dir='ltr'><strong>divina</strong></span> <span class='ocrx_word' id='word_1_249' title='bbox 2070 1830 2321 1900; x_wconf 77' lang='lat' dir='ltr'><strong>dogmata</strong></span> <span class='ocrx_word' id='word_1_250' title='bbox 2377 1827 2588 1883; x_wconf 88' lang='lat' dir='ltr'><strong>discere</strong></span> <span class='ocrx_word' id='word_1_251' title='bbox 2615 1828 2879 1900; x_wconf 86' lang='lat' dir='ltr'><strong>cupienti,</strong></span> <span class='ocrx_word' id='word_1_252' title='bbox 2909 1842 3137 1886; x_wconf 87' lang='lat' dir='ltr'><strong>narrare</strong></span> <span class='ocrx_word' id='word_1_253' title='bbox 3166 1826 3391 1885; x_wconf 79' lang='lat' dir='ltr'><strong>distule-</strong></span> 
     </span>
    </p>
   </div>
   <div class='ocr_carea' id='block_1_33' title="bbox 153 1944 352 1983">
    <p class='ocr_par' dir='ltr' id='par_1_33' title="bbox 153 1944 352 1983">
     <span class='ocr_line' id='line_1_33' title="bbox 153 1944 352 1983; baseline -0.01 -1"><span class='ocrx_word' id='word_1_254' title='bbox 153 1944 291 1983; x_wconf 84' lang='lat' dir='ltr'><strong>mus.</strong></span> <span class='ocrx_word' id='word_1_255' title='bbox 331 1946 352 1980; x_wconf 74' lang='grc' dir='ltr'>ι</span> 
     </span>
    </p>
   </div>
   <div class='ocr_carea' id='block_1_34' title="bbox 222 2009 1726 2084">
    <p class='ocr_par' dir='ltr' id='par_1_34' title="bbox 222 2009 1726 2084">
     <span class='ocr_line' id='line_1_34' title="bbox 222 2009 1726 2084; baseline -0.008 -11"><span class='ocrx_word' id='word_1_256' title='bbox 222 2017 362 2073; x_wconf 88' lang='lat' dir='ltr'><strong>Cum</strong></span> <span class='ocrx_word' id='word_1_257' title='bbox 390 2016 507 2074; x_wconf 62' lang='lat' dir='ltr'><strong>haec</strong></span> <span class='ocrx_word' id='word_1_258' title='bbox 540 2017 787 2081; x_wconf 81' lang='lat' dir='ltr'><strong>dixisset,</strong></span> <span class='ocrx_word' id='word_1_259' title='bbox 818 2014 977 2084; x_wconf 89' lang='lat' dir='ltr'><strong>eique</strong></span> <span class='ocrx_word' id='word_1_260' title='bbox 1010 2010 1314 2066; x_wconf 87' lang='lat' dir='ltr'><strong>Satvatoris</strong></span> <span class='ocrx_word' id='word_1_261' title='bbox 1342 2009 1395 2064; x_wconf 92' lang='lat' dir='ltr'><strong>in</strong></span> <span class='ocrx_word' id='word_1_262' title='bbox 1426 2024 1526 2064; x_wconf 92' lang='lat' dir='ltr'><strong>nos</strong></span> <span class='ocrx_word' id='word_1_263' title='bbox 1550 2009 1726 2063; x_wconf 89' lang='lat' dir='ltr'><strong>media</strong></span> 
     </span>
    </p>
   </div>
   <div class='ocr_carea' id='block_1_35' title="bbox 151 2100 1729 2183">
    <p class='ocr_par' dir='ltr' id='par_1_35' title="bbox 151 2100 1729 2183">
     <span class='ocr_line' id='line_1_35' title="bbox 151 2100 1729 2183; baseline -0.008 -16"><span class='ocrx_word' id='word_1_264' title='bbox 151 2112 474 2183; x_wconf 71' lang='lat' dir='ltr'><strong>pmnitentia</strong></span> <span class='ocrx_word' id='word_1_265' title='bbox 503 2109 910 2182; x_wconf 76' lang='lat' dir='ltr'><strong>benignitatem,</strong></span> <span class='ocrx_word' id='word_1_266' title='bbox 936 2120 1027 2161; x_wconf 89' lang='lat' dir='ltr'><strong>seu</strong></span> <span class='ocrx_word' id='word_1_267' title='bbox 1063 2104 1115 2158; x_wconf 91' lang='lat' dir='ltr'><strong>in</strong></span> <span class='ocrx_word' id='word_1_268' title='bbox 1143 2102 1396 2171; x_wconf 80' lang='lat' dir='ltr'><strong>imagine,</strong></span> <span class='ocrx_word' id='word_1_269' title='bbox 1416 2100 1729 2172; x_wconf 83' lang='lat' dir='ltr'><strong>parabolice</strong></span> 
     </span>
    </p>
   </div>
   <div class='ocr_carea' id='block_1_36' title="bbox 153 2190 1727 2274">
    <p class='ocr_par' dir='ltr' id='par_1_36' title="bbox 153 2190 1727 2274">
     <span class='ocr_line' id='line_1_36' title="bbox 153 2190 1727 2274; baseline -0.008 -17"><span class='ocrx_word' id='word_1_270' title='bbox 153 2204 533 2274; x_wconf 80' lang='lat' dir='ltr'><strong>expressisset,</strong></span> <span class='ocrx_word' id='word_1_271' title='bbox 569 2211 677 2257; x_wconf 89' lang='lat' dir='ltr'><strong>tres</strong></span> <span class='ocrx_word' id='word_1_272' title='bbox 704 2198 924 2256; x_wconf 88' lang='lat' dir='ltr'><strong>tabellas</strong></span> <span class='ocrx_word' id='word_1_273' title='bbox 974 2211 1072 2267; x_wconf 90' lang='lat' dir='ltr'><strong>pro</strong></span> <span class='ocrx_word' id='word_1_274' title='bbox 1118 2195 1327 2250; x_wconf 79' lang='lat' dir='ltr'><strong>foribus</strong></span> <span class='ocrx_word' id='word_1_275' title='bbox 1362 2192 1529 2247; x_wconf 92' lang='lat' dir='ltr'><strong>animi</strong></span> <span class='ocrx_word' id='word_1_276' title='bbox 1563 2190 1727 2245; x_wconf 91' lang='lat' dir='ltr'><strong>menti</strong></span> 
     </span>
    </p>
   </div>
   <div class='ocr_carea' id='block_1_37' title="bbox 154 2282 1723 2363">
    <p class='ocr_par' dir='ltr' id='par_1_37' title="bbox 154 2282 1723 2363">
     <span class='ocr_line' id='line_1_37' title="bbox 154 2282 1723 2363; baseline -0.006 -18"><span class='ocrx_word' id='word_1_277' title='bbox 154 2294 409 2363; x_wconf 86' lang='lat' dir='ltr'><strong>proponit</strong></span> <span class='ocrx_word' id='word_1_278' title='bbox 441 2310 454 2344; x_wconf 90' lang='lat'>:</span> <span class='ocrx_word' id='word_1_279' title='bbox 486 2307 646 2345; x_wconf 87' lang='lat' dir='ltr'><strong>unam</strong></span> <span class='ocrx_word' id='word_1_280' title='bbox 694 2289 910 2358; x_wconf 86' lang='lat' dir='ltr'><strong>quidem</strong></span> <span class='ocrx_word' id='word_1_281' title='bbox 948 2302 1112 2356; x_wconf 87' lang='lat' dir='ltr'><strong>supra</strong></span> <span class='ocrx_word' id='word_1_282' title='bbox 1161 2284 1328 2347; x_wconf 81' lang='lat' dir='ltr'><strong>fores,</strong></span> <span class='ocrx_word' id='word_1_283' title='bbox 1361 2298 1480 2353; x_wconf 68' lang='lat' dir='ltr'><strong>qua:</strong></span> <span class='ocrx_word' id='word_1_284' title='bbox 1506 2282 1723 2337; x_wconf 87' lang='lat' dir='ltr'><strong>exhibe-</strong></span> 
     </span>
    </p>
   </div>
   <div class='ocr_carea' id='block_1_38' title="bbox 154 2372 1728 2448">
    <p class='ocr_par' dir='ltr' id='par_1_38' title="bbox 154 2372 1728 2448">
     <span class='ocr_line' id='line_1_38' title="bbox 154 2372 1728 2448; baseline -0.007 -12"><span class='ocrx_word' id='word_1_285' title='bbox 154 2394 234 2438; x_wconf 90' lang='lat' dir='ltr'><strong>ret</strong></span> <span class='ocrx_word' id='word_1_286' title='bbox 264 2385 547 2446; x_wconf 79' lang='lat' dir='ltr'><strong>virtutem,</strong></span> <span class='ocrx_word' id='word_1_287' title='bbox 578 2392 767 2447; x_wconf 84' lang='lat' dir='ltr'><strong>nempe</strong></span> <span class='ocrx_word' id='word_1_288' title='bbox 798 2377 1135 2448; x_wconf 87' lang='lat' dir='ltr'><strong>prudeutiam</strong></span> <span class='ocrx_word' id='word_1_289' title='bbox 1159 2414 1174 2439; x_wconf 90' lang='lat'><strong>,</strong></span> <span class='ocrx_word' id='word_1_290' title='bbox 1210 2374 1609 2437; x_wconf 78' lang='lat' dir='ltr'><strong>fortitudinem,</strong></span> <span class='ocrx_word' id='word_1_291' title='bbox 1641 2372 1728 2441; x_wconf 89' lang='lat' dir='ltr'><strong>ju—</strong></span> 
     </span>
    </p>
   </div>
   <div class='ocr_carea' id='block_1_39' title="bbox 154 2469 1730 2544">
    <p class='ocr_par' dir='ltr' id='par_1_39' title="bbox 154 2469 1730 2544">
     <span class='ocr_line' id='line_1_39' title="bbox 154 2469 1730 2544; baseline -0.007 -13"><span class='ocrx_word' id='word_1_292' title='bbox 154 2475 384 2537; x_wconf 76' lang='lat' dir='ltr'><strong>stitiam,</strong></span> <span class='ocrx_word' id='word_1_293' title='bbox 416 2472 859 2544; x_wconf 84' lang='lat' dir='ltr'><strong>temperantiam;</strong></span> <span class='ocrx_word' id='word_1_294' title='bbox 902 2470 958 2525; x_wconf 88' lang='lat' dir='ltr'><strong>in</strong></span> <span class='ocrx_word' id='word_1_295' title='bbox 988 2470 1210 2525; x_wconf 88' lang='lat' dir='ltr'><strong>sinistra</strong></span> <span class='ocrx_word' id='word_1_296' title='bbox 1241 2482 1369 2523; x_wconf 90' lang='lat' dir='ltr'><strong>vero</strong></span> <span class='ocrx_word' id='word_1_297' title='bbox 1393 2477 1545 2539; x_wconf 89' lang='lat' dir='ltr'><strong>parte</strong></span> <span class='ocrx_word' id='word_1_298' title='bbox 1572 2469 1730 2521; x_wconf 82' lang='lat' dir='ltr'><strong>dece-</strong></span> 
     </span>
    </p>
   </div>
   <div class='ocr_carea' id='block_1_40' title="bbox 159 2559 1729 2636">
    <p class='ocr_par' dir='ltr' id='par_1_40' title="bbox 159 2559 1729 2636">
     <span class='ocr_line' id='line_1_40' title="bbox 159 2559 1729 2636; baseline -0.006 -14"><span class='ocrx_word' id='word_1_299' title='bbox 159 2568 437 2636; x_wconf 86' lang='lat' dir='ltr'><strong>ptionetn;</strong></span> <span class='ocrx_word' id='word_1_300' title='bbox 470 2566 676 2620; x_wconf 89' lang='lat' dir='ltr'><strong>circum</strong></span> <span class='ocrx_word' id='word_1_301' title='bbox 703 2565 875 2635; x_wconf 85' lang='lat' dir='ltr'><strong>ipsam</strong></span> <span class='ocrx_word' id='word_1_302' title='bbox 915 2570 1095 2617; x_wconf 90' lang='lat' dir='ltr'><strong>antem</strong></span> <span class='ocrx_word' id='word_1_303' title='bbox 1125 2560 1616 2631; x_wconf 86' lang='lat' dir='ltr'><strong>intemperantiam,</strong></span> <span class='ocrx_word' id='word_1_304' title='bbox 1645 2559 1729 2613; x_wconf 89' lang='lat' dir='ltr'><strong>lu-</strong></span> 
     </span>
    </p>
   </div>
   <div class='ocr_carea' id='block_1_41' title="bbox 160 2652 1731 2726">
    <p class='ocr_par' dir='ltr' id='par_1_41' title="bbox 160 2652 1731 2726">
     <span class='ocr_line' id='line_1_41' title="bbox 160 2652 1731 2726; baseline -0.006 -13"><span class='ocrx_word' id='word_1_305' title='bbox 160 2660 370 2715; x_wconf 61' lang='lat' dir='ltr'><strong>xuriam</strong></span> <span class='ocrx_word' id='word_1_306' title='bbox 404 2702 419 2726; x_wconf 92' lang='lat'><strong>,</strong></span> <span class='ocrx_word' id='word_1_307' title='bbox 479 2658 819 2722; x_wconf 89' lang='lat' dir='ltr'><strong>ebrietatem,</strong></span> <span class='ocrx_word' id='word_1_308' title='bbox 851 2654 1258 2726; x_wconf 91' lang='lat' dir='ltr'><strong>impudentiam,</strong></span> <span class='ocrx_word' id='word_1_309' title='bbox 1288 2652 1583 2724; x_wconf 76' lang='lat' dir='ltr'><strong>pigritiam,</strong></span> <span class='ocrx_word' id='word_1_310' title='bbox 1638 2666 1731 2707; x_wconf 89' lang='lat' dir='ltr'><strong>ca-</strong></span> 
     </span>
    </p>
   </div>
   <div class='ocr_carea' id='block_1_42' title="bbox 158 2744 1723 2821">
    <p class='ocr_par' dir='ltr' id='par_1_42' title="bbox 158 2744 1723 2821">
     <span class='ocr_line' id='line_1_42' title="bbox 158 2744 1723 2821; baseline -0.004 -16"><span class='ocrx_word' id='word_1_311' title='bbox 158 2752 438 2814; x_wconf 82' lang='lat' dir='ltr'><strong>lumniam,</strong></span> <span class='ocrx_word' id='word_1_312' title='bbox 479 2748 896 2821; x_wconf 90' lang='lat' dir='ltr'><strong>linguositatem,</strong></span> <span class='ocrx_word' id='word_1_313' title='bbox 917 2746 1303 2811; x_wconf 88' lang='lat' dir='ltr'><strong>adulationem,</strong></span> <span class='ocrx_word' id='word_1_314' title='bbox 1343 2755 1398 2801; x_wconf 89' lang='lat' dir='ltr'><strong>et</strong></span> <span class='ocrx_word' id='word_1_315' title='bbox 1422 2745 1529 2801; x_wconf 87' lang='lat' dir='ltr'><strong>tale</strong></span> <span class='ocrx_word' id='word_1_316' title='bbox 1554 2744 1723 2816; x_wconf 81' lang='lat' dir='ltr'><strong>quod-</strong></span> 
     </span>
    </p>
   </div>
   <div class='ocr_carea' id='block_1_43' title="bbox 156 2837 1727 2913">
    <p class='ocr_par' dir='ltr' id='par_1_43' title="bbox 156 2837 1727 2913">
     <span class='ocr_line' id='line_1_43' title="bbox 156 2837 1727 2913; baseline -0.003 -16"><span class='ocrx_word' id='word_1_317' title='bbox 156 2851 275 2899; x_wconf 83' lang='lat' dir='ltr'><strong>dam</strong></span> <span class='ocrx_word' id='word_1_318' title='bbox 305 2845 567 2899; x_wconf 88' lang='lat' dir='ltr'><strong>vitiorum</strong></span> <span class='ocrx_word' id='word_1_319' title='bbox 599 2857 823 2899; x_wconf 79' lang='lat' dir='ltr'><strong>examen</strong></span> <span class='ocrx_word' id='word_1_320' title='bbox 850 2860 864 2897; x_wconf 88' lang='lat'><strong>:</strong></span> <span class='ocrx_word' id='word_1_321' title='bbox 896 2840 1271 2913; x_wconf 76' lang='lat' dir='ltr'><strong>pmnitentiam</strong></span> <span class='ocrx_word' id='word_1_322' title='bbox 1298 2849 1481 2893; x_wconf 74' lang='lat' dir='ltr'><strong>autem</strong></span> <span class='ocrx_word' id='word_1_323' title='bbox 1518 2837 1727 2893; x_wconf 85' lang='lat' dir='ltr'><strong>decenti</strong></span> 
     </span>
    </p>
   </div>
   <div class='ocr_carea' id='block_1_44' title="bbox 158 2930 1727 3001">
    <p class='ocr_par' dir='ltr' id='par_1_44' title="bbox 158 2930 1727 3001">
     <span class='ocr_line' id='line_1_44' title="bbox 158 2930 1727 3001; baseline -0.004 -12"><span class='ocrx_word' id='word_1_324' title='bbox 158 2937 364 3001; x_wconf 76' lang='lat' dir='ltr'><strong>habitu,</strong></span> <span class='ocrx_word' id='word_1_325' title='bbox 400 2936 524 2990; x_wconf 90' lang='lat' dir='ltr'><strong>lene</strong></span> <span class='ocrx_word' id='word_1_326' title='bbox 560 2935 845 2999; x_wconf 89' lang='lat' dir='ltr'><strong>ridentem,</strong></span> <span class='ocrx_word' id='word_1_327' title='bbox 878 2933 1127 2988; x_wconf 87' lang='lat' dir='ltr'><strong>blandam</strong></span> <span class='ocrx_word' id='word_1_328' title='bbox 1148 2940 1202 2987; x_wconf 88' lang='lat' dir='ltr'><strong>et</strong></span> <span class='ocrx_word' id='word_1_329' title='bbox 1228 2940 1598 2995; x_wconf 88' lang='lat' dir='ltr'><strong>mansuetam;</strong></span> <span class='ocrx_word' id='word_1_330' title='bbox 1630 2930 1727 2984; x_wconf 89' lang='lat' dir='ltr'><strong>ad-</strong></span> 
     </span>
    </p>
   </div>
   <div class='ocr_carea' id='block_1_45' title="bbox 160 3021 1728 3096">
    <p class='ocr_par' dir='ltr' id='par_1_45' title="bbox 160 3021 1728 3096">
     <span class='ocr_line' id='line_1_45' title="bbox 160 3021 1728 3096; baseline -0.003 -18"><span class='ocrx_word' id='word_1_331' title='bbox 160 3028 431 3082; x_wconf 71' lang='lat' dir='ltr'><strong>versarios</strong></span> <span class='ocrx_word' id='word_1_332' title='bbox 464 3026 679 3096; x_wconf 88' lang='lat' dir='ltr'><strong>quidem</strong></span> <span class='ocrx_word' id='word_1_333' title='bbox 722 3025 805 3079; x_wconf 90' lang='lat' dir='ltr'><strong>sui</strong></span> <span class='ocrx_word' id='word_1_334' title='bbox 841 3023 1019 3094; x_wconf 80' lang='lat' dir='ltr'><strong>papuli</strong></span> <span class='ocrx_word' id='word_1_335' title='bbox 1068 3024 1453 3094; x_wconf 88' lang='lat' dir='ltr'><strong>reprimentem</strong></span> <span class='ocrx_word' id='word_1_336' title='bbox 1474 3061 1491 3086; x_wconf 89' lang='lat'><strong>,</strong></span> <span class='ocrx_word' id='word_1_337' title='bbox 1515 3022 1607 3078; x_wconf 87' lang='lat' dir='ltr'><strong>sed</strong></span> <span class='ocrx_word' id='word_1_338' title='bbox 1638 3021 1728 3090; x_wconf 87' lang='lat' dir='ltr'><strong>qui</strong></span> 
     </span>
    </p>
   </div>
   <div class='ocr_carea' id='block_1_46' title="bbox 160 3113 1728 3179">
    <p class='ocr_par' dir='ltr' id='par_1_46' title="bbox 160 3113 1728 3179">
     <span class='ocr_line' id='line_1_46' title="bbox 160 3113 1728 3179; baseline -0.003 -7"><span class='ocrx_word' id='word_1_339' title='bbox 160 3119 454 3176; x_wconf 84' lang='lat' dir='ltr'><strong>necessarii</strong></span> <span class='ocrx_word' id='word_1_340' title='bbox 505 3126 707 3175; x_wconf 85' lang='lat' dir='ltr'><strong>essent.</strong></span> <span class='ocrx_word' id='word_1_341' title='bbox 750 3116 908 3173; x_wconf 82' lang='lat' dir='ltr'><strong>Juxta</strong></span> <span class='ocrx_word' id='word_1_342' title='bbox 956 3117 1097 3173; x_wconf 90' lang='lat' dir='ltr'><strong>hanc</strong></span> <span class='ocrx_word' id='word_1_343' title='bbox 1149 3130 1277 3174; x_wconf 88' lang='lat' dir='ltr'><strong>vero</strong></span> <span class='ocrx_word' id='word_1_344' title='bbox 1319 3113 1728 3179; x_wconf 87' lang='lat' dir='ltr'><strong>abstinentiam,</strong></span> 
     </span>
    </p>
   </div>
   <div class='ocr_carea' id='block_1_47' title="bbox 160 3206 1729 3284">
    <p class='ocr_par' dir='ltr' id='par_1_47' title="bbox 160 3206 1729 3284">
     <span class='ocr_line' id='line_1_47' title="bbox 160 3206 1729 3284; baseline -0.004 -17"><span class='ocrx_word' id='word_1_345' title='bbox 160 3214 555 3284; x_wconf 79' lang='lat' dir='ltr'><strong>sagacitatem,</strong></span> <span class='ocrx_word' id='word_1_346' title='bbox 591 3208 908 3265; x_wconf 90' lang='lat' dir='ltr'><strong>modestiam</strong></span> <span class='ocrx_word' id='word_1_347' title='bbox 937 3248 954 3276; x_wconf 96' lang='lat'><strong>,</strong></span> <span class='ocrx_word' id='word_1_348' title='bbox 1004 3208 1369 3275; x_wconf 86' lang='lat' dir='ltr'><strong>honestatem,</strong></span> <span class='ocrx_word' id='word_1_349' title='bbox 1426 3206 1686 3277; x_wconf 89' lang='lat' dir='ltr'><strong>pudorem</strong></span> <span class='ocrx_word' id='word_1_350' title='bbox 1713 3245 1729 3271; x_wconf 95' lang='lat'><strong>,</strong></span> 
     </span>
    </p>
   </div>
   <div class='ocr_carea' id='block_1_48' title="bbox 161 3298 1735 3369">
    <p class='ocr_par' dir='ltr' id='par_1_48' title="bbox 161 3298 1735 3369">
     <span class='ocr_line' id='line_1_48' title="bbox 161 3298 1735 3369; baseline -0.003 -8"><span class='ocrx_word' id='word_1_351' title='bbox 161 3308 657 3369; x_wconf 83' lang='lat' dir='ltr'><strong>humanitatem,ac</strong></span> <span class='ocrx_word' id='word_1_352' title='bbox 688 3304 978 3358; x_wconf 92' lang='lat' dir='ltr'><strong>multorum</strong></span> <span class='ocrx_word' id='word_1_353' title='bbox 1009 3302 1268 3357; x_wconf 91' lang='lat' dir='ltr'><strong>bonorum</strong></span> <span class='ocrx_word' id='word_1_354' title='bbox 1300 3299 1536 3369; x_wconf 87' lang='lat' dir='ltr'><strong>plebem.</strong></span> <span class='ocrx_word' id='word_1_355' title='bbox 1568 3298 1735 3356; x_wconf 89' lang='lat' dir='ltr'><strong>Porro</strong></span> 
     </span>
    </p>
   </div>
   <div class='ocr_carea' id='block_1_49' title="bbox 159 3392 1730 3469">
    <p class='ocr_par' dir='ltr' id='par_1_49' title="bbox 159 3392 1730 3469">
     <span class='ocr_line' id='line_1_49' title="bbox 159 3392 1730 3469; baseline -0.005 -15"><span class='ocrx_word' id='word_1_356' title='bbox 159 3415 351 3455; x_wconf 72' lang='lat' dir='ltr'><strong>sensus</strong></span> <span class='ocrx_word' id='word_1_357' title='bbox 380 3397 543 3469; x_wconf 83' lang='lat' dir='ltr'><strong>hujus</strong></span> <span class='ocrx_word' id='word_1_358' title='bbox 568 3396 808 3451; x_wconf 66' lang='lat' dir='ltr'><strong>historia:</strong></span> <span class='ocrx_word' id='word_1_359' title='bbox 840 3393 1151 3450; x_wconf 82' lang='lat' dir='ltr'><strong>videntibus</strong></span> <span class='ocrx_word' id='word_1_360' title='bbox 1174 3392 1391 3463; x_wconf 92' lang='lat' dir='ltr'><strong>quidem</strong></span> <span class='ocrx_word' id='word_1_361' title='bbox 1428 3393 1606 3447; x_wconf 89' lang='lat' dir='ltr'><strong>cautio</strong></span> <span class='ocrx_word' id='word_1_362' title='bbox 1630 3401 1730 3460; x_wconf 88' lang='lat' dir='ltr'><strong>est,</strong></span> 
     </span>
    </p>
   </div>
   <div class='ocr_carea' id='block_1_50' title="bbox 158 3482 1485 3546">
    <p class='ocr_par' dir='ltr' id='par_1_50' title="bbox 158 3482 1485 3546">
     <span class='ocr_line' id='line_1_50' title="bbox 158 3482 1485 3546; baseline -0.003 -3"><span class='ocrx_word' id='word_1_363' title='bbox 158 3489 505 3546; x_wconf 85' lang='lat' dir='ltr'><strong>audientibus</strong></span> <span class='ocrx_word' id='word_1_364' title='bbox 526 3502 655 3541; x_wconf 90' lang='lat' dir='ltr'><strong>vero</strong></span> <span class='ocrx_word' id='word_1_365' title='bbox 688 3485 907 3541; x_wconf 90' lang='lat' dir='ltr'><strong>meliora</strong></span> <span class='ocrx_word' id='word_1_366' title='bbox 942 3484 1225 3540; x_wconf 76' lang='lat' dir='ltr'><strong>:emulandi</strong></span> <span class='ocrx_word' id='word_1_367' title='bbox 1251 3482 1485 3539; x_wconf 88' lang='lat' dir='ltr'><strong>occasio.</strong></span> 
     </span>
    </p>
   </div>
   <div class='ocr_carea' id='block_1_51' title="bbox 230 3575 1736 3647">
    <p class='ocr_par' dir='ltr' id='par_1_51' title="bbox 230 3575 1736 3647">
     <span class='ocr_line' id='line_1_51' title="bbox 230 3575 1736 3647; baseline -0.005 -12"><span class='ocrx_word' id='word_1_368' title='bbox 230 3602 249 3635; x_wconf 72' lang='grc' dir='ltr'>ι</span> <span class='ocrx_word' id='word_1_369' title='bbox 280 3583 410 3637; x_wconf 74' lang='lat' dir='ltr'><strong>Ilzec</strong></span> <span class='ocrx_word' id='word_1_370' title='bbox 435 3594 566 3636; x_wconf 89' lang='lat' dir='ltr'><strong>sane</strong></span> <span class='ocrx_word' id='word_1_371' title='bbox 583 3588 638 3634; x_wconf 89' lang='lat' dir='ltr'><strong>et</strong></span> <span class='ocrx_word' id='word_1_372' title='bbox 665 3592 768 3647; x_wconf 83' lang='lat' dir='ltr'><strong>ego</strong></span> <span class='ocrx_word' id='word_1_373' title='bbox 785 3577 975 3633; x_wconf 85' lang='lat' dir='ltr'><strong>videns</strong></span> <span class='ocrx_word' id='word_1_374' title='bbox 999 3576 1297 3631; x_wconf 88' lang='lat' dir='ltr'><strong>admiratus</strong></span> <span class='ocrx_word' id='word_1_375' title='bbox 1317 3590 1457 3639; x_wconf 91' lang='lat' dir='ltr'><strong>sum,</strong></span> <span class='ocrx_word' id='word_1_376' title='bbox 1484 3582 1538 3629; x_wconf 91' lang='lat' dir='ltr'><strong>et</strong></span> <span class='ocrx_word' id='word_1_377' title='bbox 1564 3575 1615 3628; x_wconf 86' lang='lat' dir='ltr'><strong>in</strong></span> <span class='ocrx_word' id='word_1_378' title='bbox 1634 3577 1736 3629; x_wconf 88' lang='lat' dir='ltr'><strong>hoc</strong></span> 
     </span>
    </p>
   </div>
   <div class='ocr_carea' id='block_1_52' title="bbox 160 3668 1735 3739">
    <p class='ocr_par' dir='ltr' id='par_1_52' title="bbox 160 3668 1735 3739">
     <span class='ocr_line' id='line_1_52' title="bbox 160 3668 1735 3739; baseline -0.002 -14"><span class='ocrx_word' id='word_1_379' title='bbox 160 3676 354 3730; x_wconf 84' lang='lat' dir='ltr'><strong>ductus</strong></span> <span class='ocrx_word' id='word_1_380' title='bbox 383 3688 504 3728; x_wconf 86' lang='lat' dir='ltr'><strong>sum</strong></span> <span class='ocrx_word' id='word_1_381' title='bbox 530 3711 545 3736; x_wconf 93' lang='lat'><strong>,</strong></span> <span class='ocrx_word' id='word_1_382' title='bbox 579 3670 807 3726; x_wconf 80' lang='lat' dir='ltr'><strong>Eubule.</strong></span> <span class='ocrx_word' id='word_1_383' title='bbox 864 3669 1000 3725; x_wconf 88' lang='lat' dir='ltr'><strong>Sunt</strong></span> <span class='ocrx_word' id='word_1_384' title='bbox 1041 3669 1239 3739; x_wconf 88' lang='lat' dir='ltr'><strong>quippe</strong></span> <span class='ocrx_word' id='word_1_385' title='bbox 1283 3669 1336 3722; x_wconf 93' lang='lat' dir='ltr'><strong>in</strong></span> <span class='ocrx_word' id='word_1_386' title='bbox 1388 3668 1582 3735; x_wconf 90' lang='lat' dir='ltr'><strong>nobis,</strong></span> <span class='ocrx_word' id='word_1_387' title='bbox 1630 3683 1735 3723; x_wconf 91' lang='lat' dir='ltr'><strong>non</strong></span> 
     </span>
    </p>
   </div>
   <div class='ocr_carea' id='block_1_53' title="bbox 162 3757 1737 3836">
    <p class='ocr_par' dir='ltr' id='par_1_53' title="bbox 162 3757 1737 3836">
     <span class='ocr_line' id='line_1_53' title="bbox 162 3757 1737 3836; baseline -0.003 -18"><span class='ocrx_word' id='word_1_388' title='bbox 162 3766 425 3836; x_wconf 78' lang='lat' dir='ltr'><strong>imagines</strong></span> <span class='ocrx_word' id='word_1_389' title='bbox 452 3776 628 3834; x_wconf 88' lang='lat' dir='ltr'><strong>neque</strong></span> <span class='ocrx_word' id='word_1_390' title='bbox 654 3760 941 3830; x_wconf 62' lang='lat' dir='ltr'><strong>muigmata</strong></span> <span class='ocrx_word' id='word_1_391' title='bbox 969 3798 986 3825; x_wconf 97' lang='lat'><strong>,</strong></span> <span class='ocrx_word' id='word_1_392' title='bbox 1030 3759 1123 3815; x_wconf 89' lang='lat' dir='ltr'><strong>sed</strong></span> <span class='ocrx_word' id='word_1_393' title='bbox 1154 3758 1268 3830; x_wconf 89' lang='lat' dir='ltr'><strong>ipsa</strong></span> <span class='ocrx_word' id='word_1_394' title='bbox 1303 3757 1509 3829; x_wconf 88' lang='lat' dir='ltr'><strong>liquida</strong></span> <span class='ocrx_word' id='word_1_395' title='bbox 1538 3761 1737 3815; x_wconf 88' lang='lat' dir='ltr'><strong>veritas</strong></span> 
     </span>
    </p>
   </div>
   <div class='ocr_carea' id='block_1_54' title="bbox 161 3850 1730 3921">
    <p class='ocr_par' dir='ltr' id='par_1_54' title="bbox 161 3850 1730 3921">
     <span class='ocr_line' id='line_1_54' title="bbox 161 3850 1730 3921; baseline 0 -14"><span class='ocrx_word' id='word_1_396' title='bbox 161 3857 222 3908; x_wconf 79' lang='lat' dir='ltr'><strong>ad</strong></span> <span class='ocrx_word' id='word_1_397' title='bbox 259 3858 495 3909; x_wconf 82' lang='lat' dir='ltr'><strong>salutem</strong></span> <span class='ocrx_word' id='word_1_398' title='bbox 523 3855 816 3909; x_wconf 82' lang='lat' dir='ltr'><strong>adducens.</strong></span> <span class='ocrx_word' id='word_1_399' title='bbox 843 3850 1208 3921; x_wconf 79' lang='lat' dir='ltr'><strong>Resurgemus</strong></span> <span class='ocrx_word' id='word_1_400' title='bbox 1251 3852 1395 3907; x_wconf 89' lang='lat' dir='ltr'><strong>enim</strong></span> <span class='ocrx_word' id='word_1_401' title='bbox 1423 3866 1637 3918; x_wconf 87' lang='lat' dir='ltr'><strong>omnes,</strong></span> <span class='ocrx_word' id='word_1_402' title='bbox 1674 3853 1730 3909; x_wconf 89' lang='lat' dir='ltr'><strong>hi</strong></span> 
     </span>
    </p>
   </div>
   <div class='ocr_carea' id='block_1_55' title="bbox 162 3944 1731 4015">
    <p class='ocr_par' dir='ltr' id='par_1_55' title="bbox 162 3944 1731 4015">
     <span class='ocr_line' id='line_1_55' title="bbox 162 3944 1731 4015; baseline 0 -15"><span class='ocrx_word' id='word_1_403' title='bbox 162 3950 210 4000; x_wconf 90' lang='lat' dir='ltr'><strong>in</strong></span> <span class='ocrx_word' id='word_1_404' title='bbox 235 3949 403 4002; x_wconf 89' lang='lat' dir='ltr'><strong>vitam</strong></span> <span class='ocrx_word' id='word_1_405' title='bbox 429 3956 724 4013; x_wconf 84' lang='lat' dir='ltr'><strong>aeternam,</strong></span> <span class='ocrx_word' id='word_1_406' title='bbox 755 3954 810 4001; x_wconf 90' lang='lat' dir='ltr'><strong>et</strong></span> <span class='ocrx_word' id='word_1_407' title='bbox 836 3945 891 4001; x_wconf 91' lang='lat' dir='ltr'><strong>bi</strong></span> <span class='ocrx_word' id='word_1_408' title='bbox 916 3944 969 3999; x_wconf 92' lang='lat' dir='ltr'><strong>in</strong></span> <span class='ocrx_word' id='word_1_409' title='bbox 1001 3944 1351 4015; x_wconf 87' lang='lat' dir='ltr'><strong>opprobrium</strong></span> <span class='ocrx_word' id='word_1_410' title='bbox 1378 3953 1431 3999; x_wconf 93' lang='lat' dir='ltr'><strong>et</strong></span> <span class='ocrx_word' id='word_1_411' title='bbox 1454 3944 1731 4000; x_wconf 80' lang='lat' dir='ltr'><strong>confusio-</strong></span> 
     </span>
    </p>
   </div>
   <div class='ocr_carea' id='block_1_56' title="bbox 165 4034 1735 4104">
    <p class='ocr_par' dir='ltr' id='par_1_56' title="bbox 165 4034 1735 4104">
     <span class='ocr_line' id='line_1_56' title="bbox 165 4034 1735 4104; baseline -0.001 -14"><span class='ocrx_word' id='word_1_412' title='bbox 165 4054 280 4093; x_wconf 89' lang='lat' dir='ltr'><strong>nem</strong></span> <span class='ocrx_word' id='word_1_413' title='bbox 356 4037 803 4104; x_wconf 88' lang='lat' dir='ltr'><strong>sempiternam;</strong></span> <span class='ocrx_word' id='word_1_414' title='bbox 866 4044 921 4092; x_wconf 88' lang='lat' dir='ltr'><strong>et</strong></span> <span class='ocrx_word' id='word_1_415' title='bbox 983 4035 1284 4092; x_wconf 89' lang='lat' dir='ltr'><strong>astabimus</strong></span> <span class='ocrx_word' id='word_1_416' title='bbox 1330 4044 1456 4090; x_wconf 88' lang='lat' dir='ltr'><strong>ante</strong></span> <span class='ocrx_word' id='word_1_417' title='bbox 1501 4034 1735 4089; x_wconf 89' lang='lat' dir='ltr'><strong>tribunal</strong></span> 
     </span>
    </p>
   </div>
   <div class='ocr_carea' id='block_1_57' title="bbox 161 4126 1732 4197">
    <p class='ocr_par' dir='ltr' id='par_1_57' title="bbox 161 4126 1732 4197">
     <span class='ocr_line' id='line_1_57' title="bbox 161 4126 1732 4197; baseline -0.001 -15"><span class='ocrx_word' id='word_1_418' title='bbox 161 4129 385 4196; x_wconf 81' lang='lat' dir='ltr'><strong>Christi,</strong></span> <span class='ocrx_word' id='word_1_419' title='bbox 411 4128 869 4197; x_wconf 85' lang='lat' dir='ltr'><strong>quemadmodum</strong></span> <span class='ocrx_word' id='word_1_420' title='bbox 895 4129 1093 4185; x_wconf 89' lang='lat' dir='ltr'><strong>docent</strong></span> <span class='ocrx_word' id='word_1_421' title='bbox 1119 4143 1216 4183; x_wconf 86' lang='lat' dir='ltr'><strong>nos</strong></span> <span class='ocrx_word' id='word_1_422' title='bbox 1244 4126 1571 4197; x_wconf 77' lang='lat' dir='ltr'><strong>magniloqui</strong></span> <span class='ocrx_word' id='word_1_423' title='bbox 1603 4140 1732 4193; x_wconf 85' lang='lat' dir='ltr'><strong>pro—</strong></span> 
     </span>
    </p>
   </div>
   <div class='ocr_carea' id='block_1_58' title="bbox 162 4216 1731 4289">
    <p class='ocr_par' dir='ltr' id='par_1_58' title="bbox 162 4216 1731 4289">
     <span class='ocr_line' id='line_1_58' title="bbox 162 4216 1731 4289; baseline -0.002 -15"><span class='ocrx_word' id='word_1_424' title='bbox 162 4220 333 4287; x_wconf 65' lang='lat' dir='ltr'><strong>pheta</strong></span> <span class='ocrx_word' id='word_1_425' title='bbox 362 4259 378 4282; x_wconf 98' lang='lat'><strong>,</strong></span> <span class='ocrx_word' id='word_1_426' title='bbox 401 4218 568 4273; x_wconf 80' lang='lat' dir='ltr'><strong>Isaias</strong></span> <span class='ocrx_word' id='word_1_427' title='bbox 592 4257 608 4283; x_wconf 94' lang='lat'><strong>,</strong></span> <span class='ocrx_word' id='word_1_428' title='bbox 643 4216 907 4274; x_wconf 81' lang='lat' dir='ltr'><strong>Jeremias</strong></span> <span class='ocrx_word' id='word_1_429' title='bbox 933 4260 948 4285; x_wconf 95' lang='lat'><strong>,</strong></span> <span class='ocrx_word' id='word_1_430' title='bbox 996 4219 1247 4275; x_wconf 80' lang='lat' dir='ltr'><strong>Ezechiel</strong></span> <span class='ocrx_word' id='word_1_431' title='bbox 1273 4258 1289 4285; x_wconf 88' lang='lat'><strong>,</strong></span> <span class='ocrx_word' id='word_1_432' title='bbox 1320 4231 1479 4289; x_wconf 88' lang='lat' dir='ltr'><strong>atque</strong></span> <span class='ocrx_word' id='word_1_433' title='bbox 1511 4217 1731 4281; x_wconf 88' lang='lat' dir='ltr'><strong>Daniel;</strong></span> 
     </span>
    </p>
   </div>
   <div class='ocr_carea' id='block_1_59' title="bbox 166 4309 1735 4382">
    <p class='ocr_par' dir='ltr' id='par_1_59' title="bbox 166 4309 1735 4382">
     <span class='ocr_line' id='line_1_59' title="bbox 166 4309 1735 4382; baseline -0.002 -17"><span class='ocrx_word' id='word_1_434' title='bbox 166 4311 327 4365; x_wconf 83' lang='lat' dir='ltr'><strong>David</strong></span> <span class='ocrx_word' id='word_1_435' title='bbox 361 4310 493 4365; x_wconf 89' lang='lat' dir='ltr'><strong>item</strong></span> <span class='ocrx_word' id='word_1_436' title='bbox 518 4326 636 4374; x_wconf 88' lang='lat' dir='ltr'><strong>rex,</strong></span> <span class='ocrx_word' id='word_1_437' title='bbox 667 4309 991 4380; x_wconf 88' lang='lat' dir='ltr'><strong>diviunsque</strong></span> <span class='ocrx_word' id='word_1_438' title='bbox 1040 4310 1268 4379; x_wconf 89' lang='lat' dir='ltr'><strong>Paulus;</strong></span> <span class='ocrx_word' id='word_1_439' title='bbox 1304 4319 1427 4382; x_wconf 86' lang='lat' dir='ltr'><strong>post</strong></span> <span class='ocrx_word' id='word_1_440' title='bbox 1454 4310 1554 4366; x_wconf 87' lang='lat' dir='ltr'><strong>hos</strong></span> <span class='ocrx_word' id='word_1_441' title='bbox 1583 4310 1735 4364; x_wconf 90' lang='lat' dir='ltr'><strong>deni-</strong></span> 
     </span>
    </p>
   </div>
   <div class='ocr_carea' id='block_1_60' title="bbox 164 4402 1733 4474">
    <p class='ocr_par' dir='ltr' id='par_1_60' title="bbox 164 4402 1733 4474">
     <span class='ocr_line' id='line_1_60' title="bbox 164 4402 1733 4474; baseline 0 -17"><span class='ocrx_word' id='word_1_442' title='bbox 164 4419 260 4470; x_wconf 88' lang='lat' dir='ltr'><strong>que</strong></span> <span class='ocrx_word' id='word_1_443' title='bbox 285 4406 405 4474; x_wconf 87' lang='lat' dir='ltr'><strong>ipse</strong></span> <span class='ocrx_word' id='word_1_444' title='bbox 440 4402 698 4457; x_wconf 86' lang='lat' dir='ltr'><strong>Dominus</strong></span> <span class='ocrx_word' id='word_1_445' title='bbox 726 4402 881 4459; x_wconf 85' lang='lat' dir='ltr'><strong>dator</strong></span> <span class='ocrx_word' id='word_1_446' title='bbox 910 4403 1246 4473; x_wconf 65' lang='lat' dir='ltr'><strong>poenitentia:</strong></span> <span class='ocrx_word' id='word_1_447' title='bbox 1275 4412 1330 4457; x_wconf 92' lang='lat' dir='ltr'><strong>et</strong></span> <span class='ocrx_word' id='word_1_448' title='bbox 1355 4413 1733 4457; x_wconf 90' lang='lat' dir='ltr'><strong>remunerator</strong></span> 
     </span>
    </p>
   </div>
   <div class='ocr_carea' id='block_1_61' title="bbox 1828 1920 3396 1980">
    <p class='ocr_par' dir='ltr' id='par_1_61' title="bbox 1828 1920 3396 1980">
     <span class='ocr_line' id='line_1_61' title="bbox 1828 1920 3396 1980; baseline 0.001 -4"><span class='ocrx_word' id='word_1_449' title='bbox 1828 1922 1929 1978; x_wconf 89' lang='lat' dir='ltr'><strong>ris.</strong></span> <span class='ocrx_word' id='word_1_450' title='bbox 1962 1940 1980 1972; x_wconf 77' lang='grc' dir='ltr'><strong><em>ι</em></strong></span> <span class='ocrx_word' id='word_1_451' title='bbox 2002 1923 2069 1975; x_wconf 77' lang='lat' dir='ltr'><strong>At</strong></span> <span class='ocrx_word' id='word_1_452' title='bbox 2095 1924 2185 1979; x_wconf 88' lang='lat' dir='ltr'><strong>ille</strong></span> <span class='ocrx_word' id='word_1_453' title='bbox 2210 1924 2286 1977; x_wconf 93' lang='lat' dir='ltr'><strong>ait</strong></span> <span class='ocrx_word' id='word_1_454' title='bbox 2315 1940 2329 1977; x_wconf 90' lang='lat'><strong>:</strong></span> <span class='ocrx_word' id='word_1_455' title='bbox 2361 1940 2380 1974; x_wconf 72' lang='grc' dir='ltr'>ς</span> <span class='ocrx_word' id='word_1_456' title='bbox 2415 1922 2608 1980; x_wconf 85' lang='lat' dir='ltr'><strong>Audivi</strong></span> <span class='ocrx_word' id='word_1_457' title='bbox 2640 1924 2704 1977; x_wconf 88' lang='lat' dir='ltr'><strong>de</strong></span> <span class='ocrx_word' id='word_1_458' title='bbox 2729 1920 3025 1978; x_wconf 86' lang='lat' dir='ltr'><strong>Jerusalem</strong></span> <span class='ocrx_word' id='word_1_459' title='bbox 3061 1941 3076 1979; x_wconf 89' lang='lat'><strong>:</strong></span> <span class='ocrx_word' id='word_1_460' title='bbox 3106 1921 3241 1980; x_wconf 89' lang='lat' dir='ltr'><strong>nihil</strong></span> <span class='ocrx_word' id='word_1_461' title='bbox 3262 1937 3396 1979; x_wconf 91' lang='lat' dir='ltr'><strong>vero</strong></span> 
     </span>
    </p>
   </div>
   <div class='ocr_carea' id='block_1_62' title="bbox 1834 2014 3395 2088">
    <p class='ocr_par' dir='ltr' id='par_1_62' title="bbox 1834 2014 3395 2088">
     <span class='ocr_line' id='line_1_62' title="bbox 1834 2014 3395 2088; baseline 0.001 -20"><span class='ocrx_word' id='word_1_462' title='bbox 1834 2015 2013 2069; x_wconf 87' lang='lat' dir='ltr'><strong>minus</strong></span> <span class='ocrx_word' id='word_1_463' title='bbox 2038 2016 2299 2071; x_wconf 71' lang='lat' dir='ltr'><strong>aestimavi</strong></span> <span class='ocrx_word' id='word_1_464' title='bbox 2324 2031 2485 2086; x_wconf 80' lang='lat' dir='ltr'><strong>quant</strong></span> <span class='ocrx_word' id='word_1_465' title='bbox 2514 2014 2712 2072; x_wconf 70' lang='lat' dir='ltr'><strong>caelum</strong></span> <span class='ocrx_word' id='word_1_466' title='bbox 2740 2030 2755 2066; x_wconf 90' lang='lat'><strong>:</strong></span> <span class='ocrx_word' id='word_1_467' title='bbox 2788 2024 2848 2070; x_wconf 87' lang='lat' dir='ltr'><strong>ut</strong></span> <span class='ocrx_word' id='word_1_468' title='bbox 2872 2029 3044 2085; x_wconf 86' lang='lat' dir='ltr'><strong>neque</strong></span> <span class='ocrx_word' id='word_1_469' title='bbox 3073 2014 3254 2069; x_wconf 87' lang='lat' dir='ltr'><strong>villam</strong></span> <span class='ocrx_word' id='word_1_470' title='bbox 3293 2016 3395 2088; x_wconf 88' lang='lat' dir='ltr'><strong>ipsi</strong></span> 
     </span>
    </p>
   </div>
   <div class='ocr_carea' id='block_1_63' title="bbox 1831 2105 3398 2180">
    <p class='ocr_par' dir='ltr' id='par_1_63' title="bbox 1831 2105 3398 2180">
     <span class='ocr_line' id='line_1_63' title="bbox 1831 2105 3398 2180; baseline 0 -18"><span class='ocrx_word' id='word_1_471' title='bbox 1831 2108 2067 2162; x_wconf 83' lang='lat' dir='ltr'><strong>vicinam</strong></span> <span class='ocrx_word' id='word_1_472' title='bbox 2093 2109 2309 2162; x_wconf 88' lang='lat' dir='ltr'><strong>nomine</strong></span> <span class='ocrx_word' id='word_1_473' title='bbox 2332 2108 2668 2175; x_wconf 88' lang='lat' dir='ltr'><strong>Bethlehem,</strong></span> <span class='ocrx_word' id='word_1_474' title='bbox 2701 2123 2822 2180; x_wconf 74' lang='lat' dir='ltr'><strong>qua:</strong></span> <span class='ocrx_word' id='word_1_475' title='bbox 2853 2105 3250 2164; x_wconf 70' lang='lat' dir='ltr'><strong>caecutientium</strong></span> <span class='ocrx_word' id='word_1_476' title='bbox 3273 2121 3398 2162; x_wconf 78' lang='lat' dir='ltr'><strong>ocu-</strong></span> 
     </span>
    </p>
   </div>
   <div class='ocr_carea' id='block_1_64' title="bbox 1828 2196 3402 2271">
    <p class='ocr_par' dir='ltr' id='par_1_64' title="bbox 1828 2196 3402 2271">
     <span class='ocr_line' id='line_1_64' title="bbox 1828 2196 3402 2271; baseline -0.003 -16"><span class='ocrx_word' id='word_1_477' title='bbox 1828 2200 2001 2255; x_wconf 87' lang='lat' dir='ltr'><strong>lorum</strong></span> <span class='ocrx_word' id='word_1_478' title='bbox 2026 2199 2252 2255; x_wconf 84' lang='lat' dir='ltr'><strong>decussa</strong></span> <span class='ocrx_word' id='word_1_479' title='bbox 2276 2198 2511 2269; x_wconf 88' lang='lat' dir='ltr'><strong>caligine</strong></span> <span class='ocrx_word' id='word_1_480' title='bbox 2542 2200 2841 2271; x_wconf 89' lang='lat' dir='ltr'><strong>iisdemque</strong></span> <span class='ocrx_word' id='word_1_481' title='bbox 2872 2199 3163 2267; x_wconf 85' lang='lat' dir='ltr'><strong>mundatis,</strong></span> <span class='ocrx_word' id='word_1_482' title='bbox 3196 2196 3263 2253; x_wconf 90' lang='lat' dir='ltr'><strong>ad</strong></span> <span class='ocrx_word' id='word_1_483' title='bbox 3286 2211 3402 2251; x_wconf 85' lang='lat' dir='ltr'><strong>mc-</strong></span> 
     </span>
    </p>
   </div>
   <div class='ocr_carea' id='block_1_65' title="bbox 1830 2292 3403 2362">
    <p class='ocr_par' dir='ltr' id='par_1_65' title="bbox 1830 2292 3403 2362">
     <span class='ocr_line' id='line_1_65' title="bbox 1830 2292 3403 2362; baseline -0.002 -14"><span class='ocrx_word' id='word_1_484' title='bbox 1830 2294 2015 2350; x_wconf 84' lang='lat' dir='ltr'><strong>linrem</strong></span> <span class='ocrx_word' id='word_1_485' title='bbox 2054 2293 2178 2349; x_wconf 64' lang='lat' dir='ltr'><strong>vita:</strong></span> <span class='ocrx_word' id='word_1_486' title='bbox 2223 2293 2483 2347; x_wconf 89' lang='lat' dir='ltr'><strong>rationem</strong></span> <span class='ocrx_word' id='word_1_487' title='bbox 2514 2292 2790 2362; x_wconf 78' lang='lat' dir='ltr'><strong>vitamque</strong></span> <span class='ocrx_word' id='word_1_488' title='bbox 2818 2293 3179 2357; x_wconf 87' lang='lat' dir='ltr'><strong>verissimam,</strong></span> <span class='ocrx_word' id='word_1_489' title='bbox 3222 2300 3403 2346; x_wconf 87' lang='lat' dir='ltr'><strong>trans-</strong></span> 
     </span>
    </p>
   </div>
   <div class='ocr_carea' id='block_1_66' title="bbox 1830 2380 3398 2454">
    <p class='ocr_par' dir='ltr' id='par_1_66' title="bbox 1830 2380 3398 2454">
     <span class='ocr_line' id='line_1_66' title="bbox 1830 2380 3398 2454; baseline -0.003 -15"><span class='ocrx_word' id='word_1_490' title='bbox 1830 2394 2035 2441; x_wconf 85' lang='lat' dir='ltr'><strong>mutata</strong></span> <span class='ocrx_word' id='word_1_491' title='bbox 2077 2396 2179 2441; x_wconf 90' lang='lat' dir='ltr'><strong>est.</strong></span> <span class='ocrx_word' id='word_1_492' title='bbox 2236 2384 2389 2454; x_wconf 88' lang='lat' dir='ltr'><strong>Quod</strong></span> <span class='ocrx_word' id='word_1_493' title='bbox 2416 2398 2582 2454; x_wconf 88' lang='lat' dir='ltr'><strong>porro</strong></span> <span class='ocrx_word' id='word_1_494' title='bbox 2611 2384 2773 2437; x_wconf 88' lang='lat' dir='ltr'><strong>unius</strong></span> <span class='ocrx_word' id='word_1_495' title='bbox 2808 2382 2900 2437; x_wconf 89' lang='lat' dir='ltr'><strong>Dei</strong></span> <span class='ocrx_word' id='word_1_496' title='bbox 2936 2381 3174 2438; x_wconf 89' lang='lat' dir='ltr'><strong>cultores</strong></span> <span class='ocrx_word' id='word_1_497' title='bbox 3203 2420 3220 2446; x_wconf 95' lang='lat'><strong>,</strong></span> <span class='ocrx_word' id='word_1_498' title='bbox 3254 2380 3398 2436; x_wconf 86' lang='lat' dir='ltr'><strong>anti-</strong></span> 
     </span>
    </p>
   </div>
   <div class='ocr_carea' id='block_1_67' title="bbox 1830 2472 3401 2547">
    <p class='ocr_par' dir='ltr' id='par_1_67' title="bbox 1830 2472 3401 2547">
     <span class='ocr_line' id='line_1_67' title="bbox 1830 2472 3401 2547; baseline -0.001 -17"><span class='ocrx_word' id='word_1_499' title='bbox 1830 2478 2049 2547; x_wconf 88' lang='lat' dir='ltr'><strong>quiores</strong></span> <span class='ocrx_word' id='word_1_500' title='bbox 2079 2478 2190 2532; x_wconf 85' lang='lat' dir='ltr'><strong>sint</strong></span> <span class='ocrx_word' id='word_1_501' title='bbox 2220 2478 2425 2534; x_wconf 66' lang='lat' dir='ltr'><strong>Graecis</strong></span> <span class='ocrx_word' id='word_1_502' title='bbox 2454 2488 2505 2533; x_wconf 91' lang='lat' dir='ltr'><strong>et</strong></span> <span class='ocrx_word' id='word_1_503' title='bbox 2547 2475 2817 2531; x_wconf 88' lang='lat' dir='ltr'><strong>universis</strong></span> <span class='ocrx_word' id='word_1_504' title='bbox 2871 2473 3203 2541; x_wconf 86' lang='lat' dir='ltr'><strong>nationibus,</strong></span> <span class='ocrx_word' id='word_1_505' title='bbox 3237 2472 3401 2529; x_wconf 81' lang='lat' dir='ltr'><strong>doce-</strong></span> 
     </span>
    </p>
   </div>
   <div class='ocr_carea' id='block_1_68' title="bbox 1831 2563 3401 2637">
    <p class='ocr_par' dir='ltr' id='par_1_68' title="bbox 1831 2563 3401 2637">
     <span class='ocr_line' id='line_1_68' title="bbox 1831 2563 3401 2637; baseline -0.001 -16"><span class='ocrx_word' id='word_1_506' title='bbox 1831 2582 1951 2623; x_wconf 89' lang='lat' dir='ltr'><strong>mus</strong></span> <span class='ocrx_word' id='word_1_507' title='bbox 1980 2582 2106 2622; x_wconf 85' lang='lat' dir='ltr'><strong>vere</strong></span> <span class='ocrx_word' id='word_1_508' title='bbox 2134 2581 2200 2622; x_wconf 90' lang='lat' dir='ltr'><strong>ex</strong></span> <span class='ocrx_word' id='word_1_509' title='bbox 2233 2568 2431 2623; x_wconf 84' lang='lat' dir='ltr'><strong>divinis</strong></span> <span class='ocrx_word' id='word_1_510' title='bbox 2463 2567 2715 2636; x_wconf 87' lang='lat' dir='ltr'><strong>eloquiis.</strong></span> <span class='ocrx_word' id='word_1_511' title='bbox 2763 2567 2898 2622; x_wconf 83' lang='lat' dir='ltr'><strong>Nam</strong></span> <span class='ocrx_word' id='word_1_512' title='bbox 2933 2582 2962 2622; x_wconf 92' lang='lat' dir='ltr'><strong>a</strong></span> <span class='ocrx_word' id='word_1_513' title='bbox 2992 2566 3226 2637; x_wconf 90' lang='lat' dir='ltr'><strong>primum</strong></span> <span class='ocrx_word' id='word_1_514' title='bbox 3279 2563 3401 2636; x_wconf 80' lang='lat' dir='ltr'><strong>pla-</strong></span> 
     </span>
    </p>
   </div>
   <div class='ocr_carea' id='block_1_69' title="bbox 1830 2660 3397 2730">
    <p class='ocr_par' dir='ltr' id='par_1_69' title="bbox 1830 2660 3397 2730">
     <span class='ocr_line' id='line_1_69' title="bbox 1830 2660 3397 2730; baseline -0.003 -14"><span class='ocrx_word' id='word_1_515' title='bbox 1830 2669 2003 2716; x_wconf 89' lang='lat' dir='ltr'><strong>smato</strong></span> <span class='ocrx_word' id='word_1_516' title='bbox 2020 2660 2238 2715; x_wconf 92' lang='lat' dir='ltr'><strong>homine</strong></span> <span class='ocrx_word' id='word_1_517' title='bbox 2262 2660 2481 2716; x_wconf 86' lang='lat' dir='ltr'><strong>nomine</strong></span> <span class='ocrx_word' id='word_1_518' title='bbox 2498 2663 2693 2725; x_wconf 81' lang='lat' dir='ltr'><strong>Adam,</strong></span> <span class='ocrx_word' id='word_1_519' title='bbox 2715 2661 2966 2730; x_wconf 88' lang='lat' dir='ltr'><strong>adusque</strong></span> <span class='ocrx_word' id='word_1_520' title='bbox 2990 2660 3101 2714; x_wconf 84' lang='lat' dir='ltr'><strong>Noe</strong></span> <span class='ocrx_word' id='word_1_521' title='bbox 3132 2669 3397 2728; x_wconf 68' lang='lat' dir='ltr'><strong>tempora,</strong></span> 
     </span>
    </p>
   </div>
   <div class='ocr_carea' id='block_1_70' title="bbox 1830 2748 3394 2825">
    <p class='ocr_par' dir='ltr' id='par_1_70' title="bbox 1830 2748 3394 2825">
     <span class='ocr_line' id='line_1_70' title="bbox 1830 2748 3394 2825; baseline -0.003 -15"><span class='ocrx_word' id='word_1_522' title='bbox 1830 2756 1930 2810; x_wconf 92' lang='lat' dir='ltr'><strong>sub</strong></span> <span class='ocrx_word' id='word_1_523' title='bbox 1968 2768 2076 2825; x_wconf 90' lang='lat' dir='ltr'><strong>quo</strong></span> <span class='ocrx_word' id='word_1_524' title='bbox 2129 2753 2432 2819; x_wconf 90' lang='lat' dir='ltr'><strong>diluvium,</strong></span> <span class='ocrx_word' id='word_1_525' title='bbox 2470 2753 2687 2809; x_wconf 81' lang='lat' dir='ltr'><strong>fuerunt</strong></span> <span class='ocrx_word' id='word_1_526' title='bbox 2723 2754 2906 2809; x_wconf 88' lang='lat' dir='ltr'><strong>decem</strong></span> <span class='ocrx_word' id='word_1_527' title='bbox 2966 2748 3347 2822; x_wconf 85' lang='lat' dir='ltr'><strong>generationes</strong></span> <span class='ocrx_word' id='word_1_528' title='bbox 3375 2789 3394 2814; x_wconf 86' lang='lat'><strong>,</strong></span> 
     </span>
    </p>
   </div>
   <div class='ocr_carea' id='block_1_71' title="bbox 1832 2841 3402 2915">
    <p class='ocr_par' dir='ltr' id='par_1_71' title="bbox 1832 2841 3402 2915">
     <span class='ocr_line' id='line_1_71' title="bbox 1832 2841 3402 2915; baseline -0.002 -16"><span class='ocrx_word' id='word_1_529' title='bbox 1832 2846 1957 2901; x_wconf 88' lang='lat' dir='ltr'><strong>anni</strong></span> <span class='ocrx_word' id='word_1_530' title='bbox 1992 2861 2271 2902; x_wconf 75' lang='lat' dir='ltr'><strong>ulccxut.</strong></span> <span class='ocrx_word' id='word_1_531' title='bbox 2303 2844 2516 2900; x_wconf 90' lang='lat' dir='ltr'><strong>Pariter</strong></span> <span class='ocrx_word' id='word_1_532' title='bbox 2546 2859 2761 2915; x_wconf 91' lang='lat' dir='ltr'><strong>quoque</strong></span> <span class='ocrx_word' id='word_1_533' title='bbox 2812 2858 2841 2896; x_wconf 91' lang='lat' dir='ltr'><strong>a</strong></span> <span class='ocrx_word' id='word_1_534' title='bbox 2889 2843 3089 2898; x_wconf 88' lang='lat' dir='ltr'><strong>diluvio</strong></span> <span class='ocrx_word' id='word_1_535' title='bbox 3120 2856 3288 2913; x_wconf 89' lang='lat' dir='ltr'><strong>usque</strong></span> <span class='ocrx_word' id='word_1_536' title='bbox 3333 2841 3402 2896; x_wconf 90' lang='lat' dir='ltr'><strong>ad</strong></span> 
     </span>
    </p>
   </div>
   <div class='ocr_carea' id='block_1_72' title="bbox 1830 2931 3398 3005">
    <p class='ocr_par' dir='ltr' id='par_1_72' title="bbox 1830 2931 3398 3005">
     <span class='ocr_line' id='line_1_72' title="bbox 1830 2931 3398 3005; baseline -0.004 -17"><span class='ocrx_word' id='word_1_537' title='bbox 1830 2936 2124 3001; x_wconf 84' lang='lat' dir='ltr'><strong>Abraham,</strong></span> <span class='ocrx_word' id='word_1_538' title='bbox 2149 2935 2533 3005; x_wconf 85' lang='lat' dir='ltr'><strong>generationes</strong></span> <span class='ocrx_word' id='word_1_539' title='bbox 2556 2935 2765 2998; x_wconf 89' lang='lat' dir='ltr'><strong>decem,</strong></span> <span class='ocrx_word' id='word_1_540' title='bbox 2792 2933 2918 2987; x_wconf 91' lang='lat' dir='ltr'><strong>anni</strong></span> <span class='ocrx_word' id='word_1_541' title='bbox 2943 2946 3077 2988; x_wconf 82' lang='lat' dir='ltr'><strong>nvm</strong></span> <span class='ocrx_word' id='word_1_542' title='bbox 3098 2950 3113 2995; x_wconf 89' lang='lat'><strong>;</strong></span> <span class='ocrx_word' id='word_1_543' title='bbox 3131 2931 3398 2987; x_wconf 69' lang='lat' dir='ltr'><strong>Abraham</strong></span> 
     </span>
    </p>
   </div>
   <div class='ocr_carea' id='block_1_73' title="bbox 1832 3021 3401 3094">
    <p class='ocr_par' dir='ltr' id='par_1_73' title="bbox 1832 3021 3401 3094">
     <span class='ocr_line' id='line_1_73' title="bbox 1832 3021 3401 3094; baseline -0.004 -15"><span class='ocrx_word' id='word_1_544' title='bbox 1832 3034 2011 3079; x_wconf 90' lang='lat' dir='ltr'><strong>autem</strong></span> <span class='ocrx_word' id='word_1_545' title='bbox 2067 3036 2187 3080; x_wconf 90' lang='lat' dir='ltr'><strong>erat</strong></span> <span class='ocrx_word' id='word_1_546' title='bbox 2241 3040 2508 3080; x_wconf 84' lang='lat' dir='ltr'><strong>annorum</strong></span> <span class='ocrx_word' id='word_1_547' title='bbox 2542 3040 2702 3090; x_wconf 81' lang='lat' dir='ltr'><strong>Lxxv,</strong></span> <span class='ocrx_word' id='word_1_548' title='bbox 2735 3040 2855 3079; x_wconf 90' lang='lat' dir='ltr'><strong>cum</strong></span> <span class='ocrx_word' id='word_1_549' title='bbox 2907 3040 2974 3079; x_wconf 89' lang='lat' dir='ltr'><strong>ex</strong></span> <span class='ocrx_word' id='word_1_550' title='bbox 3020 3021 3401 3094; x_wconf 77' lang='lat' dir='ltr'><strong>Mesopotamia</strong></span> 
     </span>
    </p>
   </div>
   <div class='ocr_carea' id='block_1_74' title="bbox 1840 3116 3402 3190">
    <p class='ocr_par' dir='ltr' id='par_1_74' title="bbox 1840 3116 3402 3190">
     <span class='ocr_line' id='line_1_74' title="bbox 1840 3116 3402 3190; baseline -0.002 -17"><span class='ocrx_word' id='word_1_551' title='bbox 1840 3119 2245 3190; x_wconf 84' lang='lat' dir='ltr'><strong>transmigravit</strong></span> <span class='ocrx_word' id='word_1_552' title='bbox 2298 3119 2353 3174; x_wconf 91' lang='lat' dir='ltr'><strong>in</strong></span> <span class='ocrx_word' id='word_1_553' title='bbox 2405 3127 2605 3175; x_wconf 87' lang='lat' dir='ltr'><strong>terram</strong></span> <span class='ocrx_word' id='word_1_554' title='bbox 2641 3116 2899 3174; x_wconf 88' lang='lat' dir='ltr'><strong>Chanaan</strong></span> <span class='ocrx_word' id='word_1_555' title='bbox 2924 3160 2940 3185; x_wconf 84' lang='lat'><strong>,</strong></span> <span class='ocrx_word' id='word_1_556' title='bbox 2976 3118 3062 3172; x_wconf 90' lang='lat' dir='ltr'><strong>ubi</strong></span> <span class='ocrx_word' id='word_1_557' title='bbox 3098 3118 3259 3172; x_wconf 84' lang='lat' dir='ltr'><strong>annis</strong></span> <span class='ocrx_word' id='word_1_558' title='bbox 3295 3130 3402 3170; x_wconf 84' lang='lat' dir='ltr'><strong>xxv</strong></span> 
     </span>
    </p>
   </div>
   <div class='ocr_carea' id='block_1_75' title="bbox 1838 3209 3406 3285">
    <p class='ocr_par' dir='ltr' id='par_1_75' title="bbox 1838 3209 3406 3285">
     <span class='ocr_line' id='line_1_75' title="bbox 1838 3209 3406 3285; baseline -0.003 -18"><span class='ocrx_word' id='word_1_559' title='bbox 1838 3213 2172 3281; x_wconf 74' lang='lat' dir='ltr'><strong>demoratus,</strong></span> <span class='ocrx_word' id='word_1_560' title='bbox 2208 3213 2392 3285; x_wconf 90' lang='lat' dir='ltr'><strong>genuit</strong></span> <span class='ocrx_word' id='word_1_561' title='bbox 2414 3214 2599 3280; x_wconf 88' lang='lat' dir='ltr'><strong>Isaac;</strong></span> <span class='ocrx_word' id='word_1_562' title='bbox 2639 3211 2789 3267; x_wconf 88' lang='lat' dir='ltr'><strong>Isaac</strong></span> <span class='ocrx_word' id='word_1_563' title='bbox 2818 3221 2996 3266; x_wconf 90' lang='lat' dir='ltr'><strong>autem</strong></span> <span class='ocrx_word' id='word_1_564' title='bbox 3037 3224 3156 3265; x_wconf 87' lang='lat' dir='ltr'><strong>cum</strong></span> <span class='ocrx_word' id='word_1_565' title='bbox 3181 3209 3406 3264; x_wconf 81' lang='lat' dir='ltr'><strong>vixisset</strong></span> 
     </span>
    </p>
   </div>
   <div class='ocr_carea' id='block_1_76' title="bbox 1836 3302 3404 3377">
    <p class='ocr_par' dir='ltr' id='par_1_76' title="bbox 1836 3302 3404 3377">
     <span class='ocr_line' id='line_1_76' title="bbox 1836 3302 3404 3377; baseline -0.003 -20"><span class='ocrx_word' id='word_1_566' title='bbox 1836 3318 2010 3361; x_wconf 89' lang='lat' dir='ltr'><strong>annos</strong></span> <span class='ocrx_word' id='word_1_567' title='bbox 2033 3307 2337 3376; x_wconf 76' lang='lat' dir='ltr'><strong>sexaginta,</strong></span> <span class='ocrx_word' id='word_1_568' title='bbox 2370 3308 2505 3361; x_wconf 91' lang='lat' dir='ltr'><strong>duos</strong></span> <span class='ocrx_word' id='word_1_569' title='bbox 2532 3303 2807 3377; x_wconf 86' lang='lat' dir='ltr'><strong>progignit</strong></span> <span class='ocrx_word' id='word_1_570' title='bbox 2835 3304 2996 3358; x_wconf 90' lang='lat' dir='ltr'><strong>ﬁlios.</strong></span> <span class='ocrx_word' id='word_1_571' title='bbox 3039 3304 3111 3356; x_wconf 76' lang='lat' dir='ltr'><strong>Ex</strong></span> <span class='ocrx_word' id='word_1_572' title='bbox 3157 3302 3223 3357; x_wconf 91' lang='lat' dir='ltr'><strong>iis</strong></span> <span class='ocrx_word' id='word_1_573' title='bbox 3274 3314 3404 3354; x_wconf 85' lang='lat' dir='ltr'><strong>vero</strong></span> 
     </span>
    </p>
   </div>
   <div class='ocr_carea' id='block_1_77' title="bbox 1835 3389 3400 3462">
    <p class='ocr_par' dir='ltr' id='par_1_77' title="bbox 1835 3389 3400 3462">
     <span class='ocr_line' id='line_1_77' title="bbox 1835 3389 3400 3462; baseline -0.004 -11"><span class='ocrx_word' id='word_1_574' title='bbox 1835 3396 2021 3461; x_wconf 78' lang='lat' dir='ltr'><strong>Jacob,</strong></span> <span class='ocrx_word' id='word_1_575' title='bbox 2059 3412 2320 3451; x_wconf 90' lang='lat' dir='ltr'><strong>annorum</strong></span> <span class='ocrx_word' id='word_1_576' title='bbox 2383 3397 2557 3451; x_wconf 81' lang='lat' dir='ltr'><strong>factus</strong></span> <span class='ocrx_word' id='word_1_577' title='bbox 2631 3411 2795 3462; x_wconf 85' lang='lat' dir='ltr'><strong>cxxx,</strong></span> <span class='ocrx_word' id='word_1_578' title='bbox 2850 3394 3125 3448; x_wconf 83' lang='lat' dir='ltr'><strong>descendit</strong></span> <span class='ocrx_word' id='word_1_579' title='bbox 3152 3392 3205 3444; x_wconf 92' lang='lat' dir='ltr'><strong>in</strong></span> <span class='ocrx_word' id='word_1_580' title='bbox 3230 3389 3400 3461; x_wconf 66' lang='lat' dir='ltr'><strong>Egy-</strong></span> 
     </span>
    </p>
   </div>
   <div class='ocr_carea' id='block_1_78' title="bbox 1838 3482 3359 3560">
    <p class='ocr_par' dir='ltr' id='par_1_78' title="bbox 1838 3482 3359 3560">
     <span class='ocr_line' id='line_1_78' title="bbox 1838 3482 3359 3560; baseline -0.006 -15"><span class='ocrx_word' id='word_1_581' title='bbox 1838 3500 1984 3560; x_wconf 91' lang='lat' dir='ltr'><strong>ptum</strong></span> <span class='ocrx_word' id='word_1_582' title='bbox 2056 3504 2177 3545; x_wconf 92' lang='lat' dir='ltr'><strong>cum</strong></span> <span class='ocrx_word' id='word_1_583' title='bbox 2239 3488 2519 3543; x_wconf 89' lang='lat' dir='ltr'><strong>duodecim</strong></span> <span class='ocrx_word' id='word_1_584' title='bbox 2597 3487 2723 3542; x_wconf 90' lang='lat' dir='ltr'><strong>ﬁliis</strong></span> <span class='ocrx_word' id='word_1_585' title='bbox 2777 3496 2832 3541; x_wconf 89' lang='lat' dir='ltr'><strong>et</strong></span> <span class='ocrx_word' id='word_1_586' title='bbox 2885 3484 3170 3544; x_wconf 76' lang='lat' dir='ltr'><strong>uenatibus</strong></span> <span class='ocrx_word' id='word_1_587' title='bbox 3244 3482 3359 3536; x_wconf 78' lang='lat' dir='ltr'><strong>suis</strong></span> 
     </span>
    </p>
   </div>
   <div class='ocr_carea' id='block_1_79' title="bbox 1838 3598 2254 3637">
    <p class='ocr_par' dir='ltr' id='par_1_79' title="bbox 1838 3598 2254 3637">
     <span class='ocr_line' id='line_1_79' title="bbox 1838 3598 2254 3637; baseline -0.002 -2"><span class='ocrx_word' id='word_1_588' title='bbox 1838 3598 2068 3637; x_wconf 82' lang='lat' dir='ltr'><strong>numero</strong></span> <span class='ocrx_word' id='word_1_589' title='bbox 2096 3598 2254 3636; x_wconf 73' lang='lat' dir='ltr'><strong>LXXV.</strong></span> 
     </span>
    </p>
   </div>
   <div class='ocr_carea' id='block_1_80' title="bbox 1914 3667 3403 3740">
    <p class='ocr_par' dir='ltr' id='par_1_80' title="bbox 1914 3667 3403 3740">
     <span class='ocr_line' id='line_1_80' title="bbox 1914 3667 3403 3740; baseline -0.003 -15"><span class='ocrx_word' id='word_1_590' title='bbox 1914 3692 1933 3725; x_wconf 73' lang='grc' dir='ltr'>ι</span> <span class='ocrx_word' id='word_1_591' title='bbox 1953 3673 2084 3726; x_wconf 76' lang='lat' dir='ltr'><strong>Cum</strong></span> <span class='ocrx_word' id='word_1_592' title='bbox 2106 3682 2282 3728; x_wconf 89' lang='lat' dir='ltr'><strong>autem</strong></span> <span class='ocrx_word' id='word_1_593' title='bbox 2305 3671 2574 3729; x_wconf 80' lang='lat' dir='ltr'><strong>Abraham</strong></span> <span class='ocrx_word' id='word_1_594' title='bbox 2594 3682 2645 3725; x_wconf 92' lang='lat' dir='ltr'><strong>et</strong></span> <span class='ocrx_word' id='word_1_595' title='bbox 2666 3670 2779 3740; x_wconf 88' lang='lat' dir='ltr'><strong>ejus</strong></span> <span class='ocrx_word' id='word_1_596' title='bbox 2805 3686 2986 3726; x_wconf 91' lang='lat' dir='ltr'><strong>semen</strong></span> <span class='ocrx_word' id='word_1_597' title='bbox 3016 3667 3403 3725; x_wconf 79' lang='lat' dir='ltr'><strong>fuissetaccola</strong></span> 
     </span>
    </p>
   </div>
   <div class='ocr_carea' id='block_1_81' title="bbox 1838 3758 3402 3836">
    <p class='ocr_par' dir='ltr' id='par_1_81' title="bbox 1838 3758 3402 3836">
     <span class='ocr_line' id='line_1_81' title="bbox 1838 3758 3402 3836; baseline -0.005 -17"><span class='ocrx_word' id='word_1_598' title='bbox 1838 3763 1891 3819; x_wconf 87' lang='lat' dir='ltr'><strong>in</strong></span> <span class='ocrx_word' id='word_1_599' title='bbox 1922 3774 2066 3819; x_wconf 90' lang='lat' dir='ltr'><strong>terra</strong></span> <span class='ocrx_word' id='word_1_600' title='bbox 2099 3762 2316 3836; x_wconf 65' lang='lat' dir='ltr'><strong>Egypti</strong></span> <span class='ocrx_word' id='word_1_601' title='bbox 2348 3762 2503 3819; x_wconf 89' lang='lat' dir='ltr'><strong>annis</strong></span> <span class='ocrx_word' id='word_1_602' title='bbox 2550 3778 2704 3829; x_wconf 89' lang='lat' dir='ltr'><strong>ccxv,</strong></span> <span class='ocrx_word' id='word_1_603' title='bbox 2736 3763 3038 3831; x_wconf 77' lang='lat' dir='ltr'><strong>fuissetque</strong></span> <span class='ocrx_word' id='word_1_604' title='bbox 3074 3758 3402 3827; x_wconf 84' lang='lat' dir='ltr'><strong>multiplica-</strong></span> 
     </span>
    </p>
   </div>
   <div class='ocr_carea' id='block_1_82' title="bbox 1840 3849 3406 3923">
    <p class='ocr_par' dir='ltr' id='par_1_82' title="bbox 1840 3849 3406 3923">
     <span class='ocr_line' id='line_1_82' title="bbox 1840 3849 3406 3923; baseline -0.006 -12"><span class='ocrx_word' id='word_1_605' title='bbox 1840 3866 1972 3923; x_wconf 91' lang='lat' dir='ltr'><strong>tum,</strong></span> <span class='ocrx_word' id='word_1_606' title='bbox 2010 3855 2061 3910; x_wconf 93' lang='lat' dir='ltr'><strong>in</strong></span> <span class='ocrx_word' id='word_1_607' title='bbox 2094 3856 2267 3911; x_wconf 91' lang='lat' dir='ltr'><strong>tribus</strong></span> <span class='ocrx_word' id='word_1_608' title='bbox 2302 3854 2584 3910; x_wconf 84' lang='lat' dir='ltr'><strong>duodecim</strong></span> <span class='ocrx_word' id='word_1_609' title='bbox 2615 3853 2882 3909; x_wconf 90' lang='lat' dir='ltr'><strong>censitum</strong></span> <span class='ocrx_word' id='word_1_610' title='bbox 2933 3862 3036 3916; x_wconf 87' lang='lat' dir='ltr'><strong>est,</strong></span> <span class='ocrx_word' id='word_1_611' title='bbox 3071 3860 3128 3904; x_wconf 90' lang='lat' dir='ltr'><strong>et</strong></span> <span class='ocrx_word' id='word_1_612' title='bbox 3159 3849 3213 3904; x_wconf 89' lang='lat' dir='ltr'><strong>in</strong></span> <span class='ocrx_word' id='word_1_613' title='bbox 3246 3864 3406 3904; x_wconf 87' lang='lat' dir='ltr'><strong>sexa-</strong></span> 
     </span>
    </p>
   </div>
   <div class='ocr_carea' id='block_1_83' title="bbox 1836 3942 3402 4019">
    <p class='ocr_par' dir='ltr' id='par_1_83' title="bbox 1836 3942 3402 4019">
     <span class='ocr_line' id='line_1_83' title="bbox 1836 3942 3402 4019; baseline -0.004 -16"><span class='ocrx_word' id='word_1_614' title='bbox 1836 3949 1989 4019; x_wconf 85' lang='lat' dir='ltr'><strong>ginta</strong></span> <span class='ocrx_word' id='word_1_615' title='bbox 2022 3950 2259 4003; x_wconf 89' lang='lat' dir='ltr'><strong>virorum</strong></span> <span class='ocrx_word' id='word_1_616' title='bbox 2294 3947 2460 4001; x_wconf 91' lang='lat' dir='ltr'><strong>millia</strong></span> <span class='ocrx_word' id='word_1_617' title='bbox 2496 3954 2885 4015; x_wconf 91' lang='lat' dir='ltr'><strong>computatum.</strong></span> <span class='ocrx_word' id='word_1_618' title='bbox 2911 3944 2977 4000; x_wconf 82' lang='lat' dir='ltr'><strong>Et</strong></span> <span class='ocrx_word' id='word_1_619' title='bbox 3006 3944 3217 4014; x_wconf 90' lang='lat' dir='ltr'><strong>quidem</strong></span> <span class='ocrx_word' id='word_1_620' title='bbox 3271 3942 3402 3999; x_wconf 86' lang='lat' dir='ltr'><strong>Levi</strong></span> 
     </span>
    </p>
   </div>
   <div class='ocr_carea' id='block_1_84' title="bbox 1836 4035 3406 4109">
    <p class='ocr_par' dir='ltr' id='par_1_84' title="bbox 1836 4035 3406 4109">
     <span class='ocr_line' id='line_1_84' title="bbox 1836 4035 3406 4109; baseline -0.004 -14"><span class='ocrx_word' id='word_1_621' title='bbox 1836 4043 2127 4109; x_wconf 88' lang='lat' dir='ltr'><strong>abnepotes</strong></span> <span class='ocrx_word' id='word_1_622' title='bbox 2156 4040 2372 4093; x_wconf 82' lang='lat' dir='ltr'><strong>fuerunt</strong></span> <span class='ocrx_word' id='word_1_623' title='bbox 2422 4037 2637 4108; x_wconf 74' lang='lat' dir='ltr'><strong>Moyses</strong></span> <span class='ocrx_word' id='word_1_624' title='bbox 2672 4046 2727 4092; x_wconf 87' lang='lat' dir='ltr'><strong>et</strong></span> <span class='ocrx_word' id='word_1_625' title='bbox 2753 4036 2969 4102; x_wconf 87' lang='lat' dir='ltr'><strong>Aaron,</strong></span> <span class='ocrx_word' id='word_1_626' title='bbox 3027 4050 3258 4107; x_wconf 88' lang='lat' dir='ltr'><strong>quorum</strong></span> <span class='ocrx_word' id='word_1_627' title='bbox 3314 4035 3406 4089; x_wconf 92' lang='lat' dir='ltr'><strong>hic</strong></span> 
     </span>
    </p>
   </div>
   <div class='ocr_carea' id='block_1_85' title="bbox 1837 4125 3406 4202">
    <p class='ocr_par' dir='ltr' id='par_1_85' title="bbox 1837 4125 3406 4202">
     <span class='ocr_line' id='line_1_85' title="bbox 1837 4125 3406 4202; baseline -0.005 -16"><span class='ocrx_word' id='word_1_628' title='bbox 1837 4130 2053 4202; x_wconf 91' lang='lat' dir='ltr'><strong>quidem</strong></span> <span class='ocrx_word' id='word_1_629' title='bbox 2098 4129 2401 4185; x_wconf 90' lang='lat' dir='ltr'><strong>sacerdotio</strong></span> <span class='ocrx_word' id='word_1_630' title='bbox 2458 4128 2717 4198; x_wconf 69' lang='lat' dir='ltr'><strong>praelatus</strong></span> <span class='ocrx_word' id='word_1_631' title='bbox 2743 4138 2860 4195; x_wconf 88' lang='lat' dir='ltr'><strong>est;</strong></span> <span class='ocrx_word' id='word_1_632' title='bbox 2894 4127 3105 4200; x_wconf 82' lang='lat' dir='ltr'><strong>Moyses</strong></span> <span class='ocrx_word' id='word_1_633' title='bbox 3134 4136 3313 4181; x_wconf 90' lang='lat' dir='ltr'><strong>autem</strong></span> <span class='ocrx_word' id='word_1_634' title='bbox 3338 4125 3406 4178; x_wconf 92' lang='lat' dir='ltr'><strong>ad</strong></span> 
     </span>
    </p>
   </div>
   <div class='ocr_carea' id='block_1_86' title="bbox 1836 4218 3406 4292">
    <p class='ocr_par' dir='ltr' id='par_1_86' title="bbox 1836 4218 3406 4292">
     <span class='ocr_line' id='line_1_86' title="bbox 1836 4218 3406 4292; baseline -0.003 -17"><span class='ocrx_word' id='word_1_635' title='bbox 1836 4223 2193 4292; x_wconf 87' lang='lat' dir='ltr'><strong>principatum</strong></span> <span class='ocrx_word' id='word_1_636' title='bbox 2253 4229 2560 4291; x_wconf 89' lang='lat' dir='ltr'><strong>provectus.</strong></span> <span class='ocrx_word' id='word_1_637' title='bbox 2599 4218 2648 4274; x_wconf 91' lang='lat' dir='ltr'><strong>ls</strong></span> <span class='ocrx_word' id='word_1_638' title='bbox 2700 4234 2843 4273; x_wconf 86' lang='lat' dir='ltr'><strong>anno</strong></span> <span class='ocrx_word' id='word_1_639' title='bbox 2895 4220 3018 4272; x_wconf 72' lang='lat' dir='ltr'><strong>vita:</strong></span> <span class='ocrx_word' id='word_1_640' title='bbox 3063 4232 3204 4271; x_wconf 80' lang='lat' dir='ltr'><strong>Lxxx</strong></span> <span class='ocrx_word' id='word_1_641' title='bbox 3256 4230 3406 4270; x_wconf 90' lang='lat' dir='ltr'><strong>mare</strong></span> 
     </span>
    </p>
   </div>
   <div class='ocr_carea' id='block_1_87' title="bbox 1841 4307 3407 4383">
    <p class='ocr_par' dir='ltr' id='par_1_87' title="bbox 1841 4307 3407 4383">
     <span class='ocr_line' id='line_1_87' title="bbox 1841 4307 3407 4383; baseline -0.004 -14"><span class='ocrx_word' id='word_1_642' title='bbox 1841 4315 2083 4370; x_wconf 79' lang='lat' dir='ltr'><strong>Rubrum</strong></span> <span class='ocrx_word' id='word_1_643' title='bbox 2114 4314 2308 4381; x_wconf 90' lang='lat' dir='ltr'><strong>calcat,</strong></span> <span class='ocrx_word' id='word_1_644' title='bbox 2333 4322 2387 4368; x_wconf 91' lang='lat' dir='ltr'><strong>et</strong></span> <span class='ocrx_word' id='word_1_645' title='bbox 2409 4312 2590 4368; x_wconf 91' lang='lat' dir='ltr'><strong>educit</strong></span> <span class='ocrx_word' id='word_1_646' title='bbox 2619 4311 2874 4383; x_wconf 87' lang='lat' dir='ltr'><strong>populum</strong></span> <span class='ocrx_word' id='word_1_647' title='bbox 2903 4312 2969 4365; x_wconf 90' lang='lat' dir='ltr'><strong>de</strong></span> <span class='ocrx_word' id='word_1_648' title='bbox 2997 4307 3253 4382; x_wconf 68' lang='lat' dir='ltr'><strong>Egypto.</strong></span> <span class='ocrx_word' id='word_1_649' title='bbox 3283 4308 3407 4363; x_wconf 86' lang='lat' dir='ltr'><strong>Flo-</strong></span> 
     </span>
    </p>
   </div>
   <div class='ocr_carea' id='block_1_88' title="bbox 1840 4400 3405 4475">
    <p class='ocr_par' dir='ltr' id='par_1_88' title="bbox 1840 4400 3405 4475">
     <span class='ocr_line' id='line_1_88' title="bbox 1840 4400 3405 4475; baseline -0.006 -15"><span class='ocrx_word' id='word_1_650' title='bbox 1840 4408 1949 4460; x_wconf 90' lang='lat' dir='ltr'><strong>ruit</strong></span> <span class='ocrx_word' id='word_1_651' title='bbox 1984 4405 2071 4459; x_wconf 90' lang='lat' dir='ltr'><strong>hic</strong></span> <span class='ocrx_word' id='word_1_652' title='bbox 2100 4404 2313 4475; x_wconf 73' lang='lat' dir='ltr'><strong>Moyses</strong></span> <span class='ocrx_word' id='word_1_653' title='bbox 2342 4404 2680 4475; x_wconf 86' lang='lat' dir='ltr'><strong>temporibus</strong></span> <span class='ocrx_word' id='word_1_654' title='bbox 2717 4400 2923 4467; x_wconf 82' lang='lat' dir='ltr'><strong>Inachi,</strong></span> <span class='ocrx_word' id='word_1_655' title='bbox 2971 4402 3061 4471; x_wconf 89' lang='lat' dir='ltr'><strong>qui</strong></span> <span class='ocrx_word' id='word_1_656' title='bbox 3111 4400 3315 4471; x_wconf 90' lang='lat' dir='ltr'><strong>primus</strong></span> <span class='ocrx_word' id='word_1_657' title='bbox 3352 4401 3405 4452; x_wconf 90' lang='lat' dir='ltr'><strong>iu</strong></span> 
     </span>
    </p>
   </div>
   <div class='ocr_carea' id='block_1_89' title="bbox 162 4492 3403 4567">
    <p class='ocr_par' dir='ltr' id='par_1_89' title="bbox 162 4492 3403 4567">
     <span class='ocr_line' id='line_1_89' title="bbox 162 4492 3403 4567; baseline -0.002 -17"><span class='ocrx_word' id='word_1_658' title='bbox 162 4496 399 4563; x_wconf 76' lang='lat' dir='ltr'><strong>ejusdem</strong></span> <span class='ocrx_word' id='word_1_659' title='bbox 425 4534 441 4559; x_wconf 94' lang='lat'><strong>,</strong></span> <span class='ocrx_word' id='word_1_660' title='bbox 472 4494 794 4563; x_wconf 87' lang='lat' dir='ltr'><strong>perquisivit</strong></span> <span class='ocrx_word' id='word_1_661' title='bbox 813 4508 967 4549; x_wconf 77' lang='lat' dir='ltr'><strong>ovem</strong></span> <span class='ocrx_word' id='word_1_662' title='bbox 998 4494 1298 4565; x_wconf 90' lang='lat' dir='ltr'><strong>perditam;</strong></span> <span class='ocrx_word' id='word_1_663' title='bbox 1332 4494 1421 4562; x_wconf 89' lang='lat' dir='ltr'><strong>qui</strong></span> <span class='ocrx_word' id='word_1_664' title='bbox 1456 4509 1575 4548; x_wconf 90' lang='lat' dir='ltr'><strong>cum</strong></span> <span class='ocrx_word' id='word_1_665' title='bbox 1601 4493 1732 4547; x_wconf 88' lang='lat' dir='ltr'><strong>mul-</strong></span> <span class='ocrx_word' id='word_1_666' title='bbox 1763 4512 1807 4567; x_wconf 76' lang='grc' dir='ltr'><strong>ι)</strong></span> <span class='ocrx_word' id='word_1_667' title='bbox 1836 4499 2041 4553; x_wconf 72' lang='lat' dir='ltr'><strong>Grmcia</strong></span> <span class='ocrx_word' id='word_1_668' title='bbox 2072 4498 2331 4563; x_wconf 73' lang='lat' dir='ltr'><strong>regnavit.</strong></span> <span class='ocrx_word' id='word_1_669' title='bbox 2356 4496 2448 4551; x_wconf 90' lang='lat' dir='ltr'><strong>Sic</strong></span> <span class='ocrx_word' id='word_1_670' title='bbox 2470 4504 2591 4549; x_wconf 90' lang='lat' dir='ltr'><strong>sunt</strong></span> <span class='ocrx_word' id='word_1_671' title='bbox 2620 4492 2789 4547; x_wconf 68' lang='lat' dir='ltr'><strong>Judazi</strong></span> <span class='ocrx_word' id='word_1_672' title='bbox 2816 4492 3151 4562; x_wconf 89' lang='lat' dir='ltr'><strong>antiquiores</strong></span> <span class='ocrx_word' id='word_1_673' title='bbox 3176 4492 3403 4546; x_wconf 74' lang='lat' dir='ltr'><strong>Grmcis.</strong></span> 
     </span>
    </p>
   </div>
   <div class='ocr_carea' id='block_1_90' title="bbox 167 4586 1733 4656">
    <p class='ocr_par' dir='ltr' id='par_1_90' title="bbox 167 4586 1733 4656">
     <span class='ocr_line' id='line_1_90' title="bbox 167 4586 1733 4656; baseline 0.001 -18"><span class='ocrx_word' id='word_1_674' title='bbox 167 4591 227 4643; x_wconf 90' lang='lat' dir='ltr'><strong>tis</strong></span> <span class='ocrx_word' id='word_1_675' title='bbox 259 4588 471 4643; x_wconf 87' lang='lat' dir='ltr'><strong>divitiis</strong></span> <span class='ocrx_word' id='word_1_676' title='bbox 516 4587 637 4643; x_wconf 88' lang='lat' dir='ltr'><strong>sinu</strong></span> <span class='ocrx_word' id='word_1_677' title='bbox 691 4596 917 4656; x_wconf 89' lang='lat' dir='ltr'><strong>paterno</strong></span> <span class='ocrx_word' id='word_1_678' title='bbox 965 4589 1294 4641; x_wconf 89' lang='lat' dir='ltr'><strong>abstractum</strong></span> <span class='ocrx_word' id='word_1_679' title='bbox 1331 4586 1519 4650; x_wconf 89' lang='lat' dir='ltr'><strong>ﬁlium,</strong></span> <span class='ocrx_word' id='word_1_680' title='bbox 1558 4587 1733 4655; x_wconf 90' lang='lat' dir='ltr'><strong>iisque</strong></span> 
     </span>
    </p>
   </div>
   <div class='ocr_carea' id='block_1_91' title="bbox 167 4678 1730 4748">
    <p class='ocr_par' dir='ltr' id='par_1_91' title="bbox 167 4678 1730 4748">
     <span class='ocr_line' id='line_1_91' title="bbox 167 4678 1730 4748; baseline -0.001 -16"><span class='ocrx_word' id='word_1_681' title='bbox 167 4682 440 4736; x_wconf 87' lang='lat' dir='ltr'><strong>luxuriose</strong></span> <span class='ocrx_word' id='word_1_682' title='bbox 466 4678 766 4747; x_wconf 85' lang='lat' dir='ltr'><strong>absumptis</strong></span> <span class='ocrx_word' id='word_1_683' title='bbox 814 4688 998 4748; x_wconf 84' lang='lat' dir='ltr'><strong>postea</strong></span> <span class='ocrx_word' id='word_1_684' title='bbox 1029 4680 1343 4734; x_wconf 87' lang='lat' dir='ltr'><strong>redeuntem</strong></span> <span class='ocrx_word' id='word_1_685' title='bbox 1380 4689 1434 4732; x_wconf 88' lang='lat' dir='ltr'><strong>et</strong></span> <span class='ocrx_word' id='word_1_686' title='bbox 1468 4678 1610 4733; x_wconf 81' lang='lat' dir='ltr'><strong>fante</strong></span> <span class='ocrx_word' id='word_1_687' title='bbox 1647 4689 1730 4732; x_wconf 87' lang='lat' dir='ltr'><strong>ta-</strong></span> 
     </span>
    </p>
   </div>
   <div class='ocr_carea' id='block_1_92' title="bbox 169 4769 1731 4839">
    <p class='ocr_par' dir='ltr' id='par_1_92' title="bbox 169 4769 1731 4839">
     <span class='ocr_line' id='line_1_92' title="bbox 169 4769 1731 4839; baseline 0.001 -16"><span class='ocrx_word' id='word_1_688' title='bbox 169 4772 472 4827; x_wconf 84' lang='lat' dir='ltr'><strong>bescentem</strong></span> <span class='ocrx_word' id='word_1_689' title='bbox 505 4811 520 4835; x_wconf 97' lang='lat'><strong>,</strong></span> <span class='ocrx_word' id='word_1_690' title='bbox 556 4770 768 4826; x_wconf 88' lang='lat' dir='ltr'><strong>sincere</strong></span> <span class='ocrx_word' id='word_1_691' title='bbox 807 4770 1179 4838; x_wconf 86' lang='lat' dir='ltr'><strong>amplexatur;</strong></span> <span class='ocrx_word' id='word_1_692' title='bbox 1217 4771 1514 4825; x_wconf 88' lang='lat' dir='ltr'><strong>honestans</strong></span> <span class='ocrx_word' id='word_1_693' title='bbox 1556 4769 1731 4839; x_wconf 85' lang='lat' dir='ltr'><strong>splen-</strong></span> 
     </span>
    </p>
   </div>
   <div class='ocr_carea' id='block_1_93' title="bbox 169 4862 1730 4935">
    <p class='ocr_par' dir='ltr' id='par_1_93' title="bbox 169 4862 1730 4935">
     <span class='ocr_line' id='line_1_93' title="bbox 169 4862 1730 4935; baseline 0.001 -20"><span class='ocrx_word' id='word_1_694' title='bbox 169 4866 283 4920; x_wconf 83' lang='lat' dir='ltr'><strong>dida</strong></span> <span class='ocrx_word' id='word_1_695' title='bbox 313 4875 472 4920; x_wconf 87' lang='lat' dir='ltr'><strong>veste</strong></span> <span class='ocrx_word' id='word_1_696' title='bbox 498 4905 511 4925; x_wconf 91' lang='lat'><strong>.</strong></span> <span class='ocrx_word' id='word_1_697' title='bbox 540 4873 596 4919; x_wconf 91' lang='lat' dir='ltr'><strong>et</strong></span> <span class='ocrx_word' id='word_1_698' title='bbox 624 4863 824 4918; x_wconf 81' lang='lat' dir='ltr'><strong>annulo</strong></span> <span class='ocrx_word' id='word_1_699' title='bbox 857 4862 1121 4933; x_wconf 89' lang='lat' dir='ltr'><strong>epuloque</strong></span> <span class='ocrx_word' id='word_1_700' title='bbox 1146 4864 1365 4935; x_wconf 82' lang='lat' dir='ltr'><strong>Opiparo</strong></span> <span class='ocrx_word' id='word_1_701' title='bbox 1393 4878 1407 4915; x_wconf 89' lang='lat'><strong>:</strong></span> <span class='ocrx_word' id='word_1_702' title='bbox 1443 4863 1551 4917; x_wconf 89' lang='lat' dir='ltr'><strong>ﬁlio</strong></span> <span class='ocrx_word' id='word_1_703' title='bbox 1583 4864 1730 4927; x_wconf 89' lang='lat' dir='ltr'><strong>item,</strong></span> 
     </span>
    </p>
   </div>
   <div class='ocr_carea' id='block_1_94' title="bbox 168 4956 1731 5025">
    <p class='ocr_par' dir='ltr' id='par_1_94' title="bbox 168 4956 1731 5025">
     <span class='ocr_line' id='line_1_94' title="bbox 168 4956 1731 5025; baseline 0.002 -18"><span class='ocrx_word' id='word_1_704' title='bbox 168 4958 249 5024; x_wconf 82' lang='lat' dir='ltr'><strong>qui</strong></span> <span class='ocrx_word' id='word_1_705' title='bbox 275 4956 413 5011; x_wconf 89' lang='lat' dir='ltr'><strong>nihil</strong></span> <span class='ocrx_word' id='word_1_706' title='bbox 440 4964 995 5024; x_wconf 86' lang='lat' dir='ltr'><strong>peccaverat,auctor</strong></span> <span class='ocrx_word' id='word_1_707' title='bbox 1015 4963 1118 5020; x_wconf 89' lang='lat' dir='ltr'><strong>est,</strong></span> <span class='ocrx_word' id='word_1_708' title='bbox 1144 4967 1202 5009; x_wconf 89' lang='lat' dir='ltr'><strong>ut</strong></span> <span class='ocrx_word' id='word_1_709' title='bbox 1226 4971 1292 5011; x_wconf 91' lang='lat' dir='ltr'><strong>ne</strong></span> <span class='ocrx_word' id='word_1_710' title='bbox 1323 4956 1459 5011; x_wconf 75' lang='lat' dir='ltr'><strong>[erat</strong></span> <span class='ocrx_word' id='word_1_711' title='bbox 1494 4956 1731 5025; x_wconf 82' lang='lat' dir='ltr'><strong>indigne,</strong></span> 
     </span>
    </p>
   </div>
   <div class='ocr_carea' id='block_1_95' title="bbox 168 5048 1731 5117">
    <p class='ocr_par' dir='ltr' id='par_1_95' title="bbox 168 5048 1731 5117">
     <span class='ocr_line' id='line_1_95' title="bbox 168 5048 1731 5117; baseline -0.001 -13"><span class='ocrx_word' id='word_1_712' title='bbox 168 5053 254 5106; x_wconf 68' lang='lat' dir='ltr'><strong>sed</strong></span> <span class='ocrx_word' id='word_1_713' title='bbox 287 5049 571 5117; x_wconf 76' lang='lat' dir='ltr'><strong>indulgeat</strong></span> <span class='ocrx_word' id='word_1_714' title='bbox 609 5062 668 5104; x_wconf 90' lang='lat' dir='ltr'><strong>ut</strong></span> <span class='ocrx_word' id='word_1_715' title='bbox 707 5050 882 5105; x_wconf 83' lang='lat' dir='ltr'><strong>iratri.</strong></span> <span class='ocrx_word' id='word_1_716' title='bbox 931 5048 1021 5104; x_wconf 88' lang='lat' dir='ltr'><strong>Sic</strong></span> <span class='ocrx_word' id='word_1_717' title='bbox 1056 5050 1219 5103; x_wconf 88' lang='lat' dir='ltr'><strong>nimia</strong></span> <span class='ocrx_word' id='word_1_718' title='bbox 1250 5050 1505 5106; x_wconf 87' lang='lat' dir='ltr'><strong>Dominus</strong></span> <span class='ocrx_word' id='word_1_719' title='bbox 1530 5049 1731 5105; x_wconf 82' lang='lat' dir='ltr'><strong>elIusus</strong></span> 
     </span>
    </p>
   </div>
   <div class='ocr_carea' id='block_1_96' title="bbox 231 5185 1736 5259">
    <p class='ocr_par' dir='ltr' id='par_1_96' title="bbox 231 5185 1736 5259">
     <span class='ocr_line' id='line_1_96' title="bbox 231 5185 1736 5259; baseline -0.002 -17"><span class='ocrx_word' id='word_1_720' title='bbox 231 5188 341 5259; x_wconf 76' lang='lat' dir='ltr'><strong>(i9)</strong></span> <span class='ocrx_word' id='word_1_721' title='bbox 382 5185 722 5259; x_wconf 69' lang='lat' dir='ltr'><strong>Fttissetlttec</strong></span> <span class='ocrx_word' id='word_1_722' title='bbox 750 5203 852 5240; x_wconf 88' lang='lat' dir='ltr'><strong>nutt</strong></span> <span class='ocrx_word' id='word_1_723' title='bbox 884 5201 1043 5257; x_wconf 82' lang='lat' dir='ltr'><strong>parva</strong></span> <span class='ocrx_word' id='word_1_724' title='bbox 1063 5186 1358 5259; x_wconf 78' lang='lat' dir='ltr'><strong>philosophi</strong></span> <span class='ocrx_word' id='word_1_725' title='bbox 1404 5186 1736 5259; x_wconf 15' lang='lat' dir='ltr'><strong>inurbarnitas</strong></span> 
     </span>
    </p>
   </div>
   <div class='ocr_carea' id='block_1_97' title="bbox 175 5257 1732 5326">
    <p class='ocr_par' dir='ltr' id='par_1_97' title="bbox 175 5257 1732 5326">
     <span class='ocr_line' id='line_1_97' title="bbox 175 5257 1732 5326; baseline 0.001 -19"><span class='ocrx_word' id='word_1_726' title='bbox 175 5259 211 5308; x_wconf 83' lang='lat' dir='ltr'><strong>si</strong></span> <span class='ocrx_word' id='word_1_727' title='bbox 258 5257 533 5324; x_wconf 69' lang='lat' dir='ltr'><strong>hospitem</strong></span> <span class='ocrx_word' id='word_1_728' title='bbox 582 5257 647 5308; x_wconf 80' lang='lat' dir='ltr'><strong>ad</strong></span> <span class='ocrx_word' id='word_1_729' title='bbox 677 5325 682 5326; x_wconf 14' lang='grc' dir='ltr'>ί</span> <span class='ocrx_word' id='word_1_730' title='bbox 708 5269 768 5309; x_wconf 89' lang='lat' dir='ltr'><strong>se</strong></span> <span class='ocrx_word' id='word_1_731' title='bbox 805 5271 1026 5326; x_wconf 79' lang='lat' dir='ltr'><strong>peregre</strong></span> <span class='ocrx_word' id='word_1_732' title='bbox 1069 5258 1465 5318; x_wconf 84' lang='lat' dir='ltr'><strong>advenientem.</strong></span> <span class='ocrx_word' id='word_1_733' title='bbox 1496 5258 1732 5309; x_wconf 86' lang='lat' dir='ltr'><strong>triduqu</strong></span> 
     </span>
    </p>
   </div>
   <div class='ocr_carea' id='block_1_98' title="bbox 170 5325 1731 5399">
    <p class='ocr_par' dir='ltr' id='par_1_98' title="bbox 170 5325 1731 5399">
     <span class='ocr_line' id='line_1_98' title="bbox 170 5325 1731 5399; baseline -0.003 -17"><span class='ocrx_word' id='word_1_734' title='bbox 170 5328 409 5393; x_wconf 70' lang='lat' dir='ltr'><strong>jt‘itlllal’e</strong></span> <span class='ocrx_word' id='word_1_735' title='bbox 464 5325 822 5399; x_wconf 83' lang='lat' dir='ltr'><strong>permisisset.</strong></span> <span class='ocrx_word' id='word_1_736' title='bbox 868 5328 932 5381; x_wconf 79' lang='lat' dir='ltr'><strong>Et</strong></span> <span class='ocrx_word' id='word_1_737' title='bbox 984 5328 1105 5395; x_wconf 85' lang='lat' dir='ltr'><strong>quis</strong></span> <span class='ocrx_word' id='word_1_738' title='bbox 1150 5330 1377 5388; x_wconf 85' lang='lat' dir='ltr'><strong>credat,</strong></span> <span class='ocrx_word' id='word_1_739' title='bbox 1418 5328 1484 5399; x_wconf 85' lang='lat' dir='ltr'><strong>ab</strong></span> <span class='ocrx_word' id='word_1_740' title='bbox 1514 5329 1731 5399; x_wconf 78' lang='lat' dir='ltr'><strong>ethnicn</strong></span> 
     </span>
    </p>
   </div>
   <div class='ocr_carea' id='block_1_99' title="bbox 178 5395 1728 5480">
    <p class='ocr_par' dir='ltr' id='par_1_99' title="bbox 178 5395 1728 5480">
     <span class='ocr_line' id='line_1_99' title="bbox 178 5395 1728 5480; baseline 0.001 -32"><span class='ocrx_word' id='word_1_741' title='bbox 178 5395 539 5480; x_wconf 55' lang='grc' dir='ltr'><strong>ιτιιίξίξιιοριιό,Δ</strong></span> <span class='ocrx_word' id='word_1_742' title='bbox 566 5404 773 5449; x_wconf 85' lang='lat' dir='ltr'><strong>tantum</strong></span> <span class='ocrx_word' id='word_1_743' title='bbox 827 5411 1047 5466; x_wconf 86' lang='lat' dir='ltr'><strong>repente</strong></span> <span class='ocrx_word' id='word_1_744' title='bbox 1089 5409 1407 5468; x_wconf 85' lang='lat' dir='ltr'><strong>conceptum</strong></span> <span class='ocrx_word' id='word_1_745' title='bbox 1455 5395 1728 5465; x_wconf 74' lang='lat' dir='ltr'><strong>jejunaudi</strong></span> 
     </span>
    </p>
   </div>
   <div class='ocr_carea' id='block_1_100' title="bbox 176 5467 539 5523">
    <p class='ocr_par' dir='ltr' id='par_1_100' title="bbox 176 5467 539 5523">
     <span class='ocr_line' id='line_1_100' title="bbox 176 5467 539 5523; baseline 0.003 -4"><span class='ocrx_word' id='word_1_746' title='bbox 176 5467 492 5523; x_wconf 79' lang='lat' dir='ltr'><strong>desiderium</strong></span> <span class='ocrx_word' id='word_1_747' title='bbox 515 5467 539 5520; x_wconf 86' lang='lat'><strong>?</strong></span> 
     </span>
    </p>
   </div>
   <div class='ocr_carea' id='block_1_101' title="bbox 239 5537 1733 5610">
    <p class='ocr_par' dir='ltr' id='par_1_101' title="bbox 239 5537 1733 5610">
     <span class='ocr_line' id='line_1_101' title="bbox 239 5537 1733 5610; baseline -0.002 -18"><span class='ocrx_word' id='word_1_748' title='bbox 239 5540 348 5610; x_wconf 75' lang='lat'><strong>(&#39;20)</strong></span> <span class='ocrx_word' id='word_1_749' title='bbox 410 5537 638 5610; x_wconf 66' lang='lat' dir='ltr'><strong>Erudite</strong></span> <span class='ocrx_word' id='word_1_750' title='bbox 674 5538 909 5610; x_wconf 83' lang='lat' dir='ltr'><strong>ostendit</strong></span> <span class='ocrx_word' id='word_1_751' title='bbox 954 5538 1304 5592; x_wconf 84' lang='lat' dir='ltr'><strong>Combeﬁsius</strong></span> <span class='ocrx_word' id='word_1_752' title='bbox 1337 5578 1351 5600; x_wconf 94' lang='lat'><strong>,</strong></span> <span class='ocrx_word' id='word_1_753' title='bbox 1386 5545 1553 5590; x_wconf 89' lang='lat' dir='ltr'><strong>totum</strong></span> <span class='ocrx_word' id='word_1_754' title='bbox 1592 5537 1733 5610; x_wconf 78' lang='lat' dir='ltr'><strong>hunc</strong></span> 
     </span>
    </p>
   </div>
   <div class='ocr_carea' id='block_1_102' title="bbox 179 5606 1727 5668">
    <p class='ocr_par' dir='ltr' id='par_1_102' title="bbox 179 5606 1727 5668">
     <span class='ocr_line' id='line_1_102' title="bbox 179 5606 1727 5668; baseline 0 -9"><span class='ocrx_word' id='word_1_755' title='bbox 179 5606 349 5664; x_wconf 79' lang='lat' dir='ltr'><strong>Basilii</strong></span> <span class='ocrx_word' id='word_1_756' title='bbox 393 5623 516 5663; x_wconf 87' lang='lat' dir='ltr'><strong>cum</strong></span> <span class='ocrx_word' id='word_1_757' title='bbox 554 5608 761 5664; x_wconf 84' lang='lat' dir='ltr'><strong>Eubqu</strong></span> <span class='ocrx_word' id='word_1_758' title='bbox 792 5624 1133 5668; x_wconf 81' lang='lat' dir='ltr'><strong>sermonem.</strong></span> <span class='ocrx_word' id='word_1_759' title='bbox 1183 5611 1457 5661; x_wconf 83' lang='lat' dir='ltr'><strong>tundatunt</strong></span> <span class='ocrx_word' id='word_1_760' title='bbox 1505 5621 1626 5661; x_wconf 88' lang='lat' dir='ltr'><strong>csse</strong></span> <span class='ocrx_word' id='word_1_761' title='bbox 1678 5608 1727 5659; x_wconf 91' lang='lat' dir='ltr'><strong>in</strong></span> 
     </span>
    </p>
   </div>
   <div class='ocr_carea' id='block_1_103' title="bbox 184 5676 1729 5749">
    <p class='ocr_par' dir='ltr' id='par_1_103' title="bbox 184 5676 1729 5749">
     <span class='ocr_line' id='line_1_103' title="bbox 184 5676 1729 5749; baseline -0.002 -17"><span class='ocrx_word' id='word_1_762' title='bbox 184 5677 514 5749; x_wconf 74' lang='lat' dir='ltr'><strong>philosophia</strong></span> <span class='ocrx_word' id='word_1_763' title='bbox 546 5676 825 5737; x_wconf 82' lang='lat' dir='ltr'><strong>Platonica</strong></span> <span class='ocrx_word' id='word_1_764' title='bbox 856 5689 909 5735; x_wconf 90' lang='lat' dir='ltr'><strong>et</strong></span> <span class='ocrx_word' id='word_1_765' title='bbox 936 5693 1086 5734; x_wconf 73' lang='lat' dir='ltr'><strong>sacra</strong></span> <span class='ocrx_word' id='word_1_766' title='bbox 1123 5677 1417 5746; x_wconf 76' lang='lat' dir='ltr'><strong>Scriptura.</strong></span> <span class='ocrx_word' id='word_1_767' title='bbox 1455 5680 1524 5733; x_wconf 79' lang='lat' dir='ltr'><strong>At</strong></span> <span class='ocrx_word' id='word_1_768' title='bbox 1552 5693 1617 5732; x_wconf 76' lang='lat' dir='ltr'><strong>ne</strong></span> <span class='ocrx_word' id='word_1_769' title='bbox 1651 5677 1729 5732; x_wconf 71' lang='lat' dir='ltr'><strong>vel</strong></span> 
     </span>
    </p>
   </div>
   <div class='ocr_carea' id='block_1_104' title="bbox 232 5796 675 5871">
    <p class='ocr_par' dir='ltr' id='par_1_104' title="bbox 232 5796 675 5871">
     <span class='ocr_line' id='line_1_104' title="bbox 232 5796 675 5871; baseline -0.002 -18"><span class='ocrx_word' id='word_1_770' title='bbox 232 5798 301 5871; x_wconf 79' lang='grc' dir='ltr'><strong>(α)</strong></span> <span class='ocrx_word' id='word_1_771' title='bbox 330 5798 352 5857; x_wconf 90' lang='grc'><strong>1</strong></span> <span class='ocrx_word' id='word_1_772' title='bbox 379 5798 504 5857; x_wconf 80' lang='lat' dir='ltr'><strong>Cor.</strong></span> <span class='ocrx_word' id='word_1_773' title='bbox 528 5811 589 5859; x_wconf 80' lang='lat' dir='ltr'><strong>tt,</strong></span> <span class='ocrx_word' id='word_1_774' title='bbox 618 5796 675 5852; x_wconf 81' lang='lat'><strong>9.</strong></span> 
     </span>
    </p>
   </div>
   <div class='ocr_carea' id='block_1_105' title="bbox 1841 4581 3405 4659">
    <p class='ocr_par' dir='ltr' id='par_1_105' title="bbox 1841 4581 3405 4659">
     <span class='ocr_line' id='line_1_105' title="bbox 1841 4581 3405 4659; baseline -0.006 -16"><span class='ocrx_word' id='word_1_775' title='bbox 1841 4605 1938 4643; x_wconf 91' lang='lat' dir='ltr'><strong>nec</strong></span> <span class='ocrx_word' id='word_1_776' title='bbox 1969 4590 2114 4659; x_wconf 82' lang='lat' dir='ltr'><strong>leges</strong></span> <span class='ocrx_word' id='word_1_777' title='bbox 2138 4589 2338 4642; x_wconf 85' lang='lat' dir='ltr'><strong>habent</strong></span> <span class='ocrx_word' id='word_1_778' title='bbox 2372 4586 2552 4639; x_wconf 92' lang='lat' dir='ltr'><strong>minus</strong></span> <span class='ocrx_word' id='word_1_779' title='bbox 2590 4593 2822 4638; x_wconf 88' lang='lat' dir='ltr'><strong>veteres.</strong></span> <span class='ocrx_word' id='word_1_780' title='bbox 2855 4583 3008 4649; x_wconf 86' lang='lat' dir='ltr'><strong>Quod</strong></span> <span class='ocrx_word' id='word_1_781' title='bbox 3051 4582 3194 4635; x_wconf 88' lang='lat' dir='ltr'><strong>enim</strong></span> <span class='ocrx_word' id='word_1_782' title='bbox 3238 4581 3405 4636; x_wconf 86' lang='lat' dir='ltr'><strong>Deutn</strong></span> 
     </span>
    </p>
   </div>
   <div class='ocr_carea' id='block_1_106' title="bbox 1838 4680 3409 4745">
    <p class='ocr_par' dir='ltr' id='par_1_106' title="bbox 1838 4680 3409 4745">
     <span class='ocr_line' id='line_1_106' title="bbox 1838 4680 3409 4745; baseline -0.002 -13"><span class='ocrx_word' id='word_1_783' title='bbox 1838 4695 2000 4734; x_wconf 77' lang='lat' dir='ltr'><strong>unum</strong></span> <span class='ocrx_word' id='word_1_784' title='bbox 2031 4680 2273 4733; x_wconf 87' lang='lat' dir='ltr'><strong>colerent</strong></span> <span class='ocrx_word' id='word_1_785' title='bbox 2300 4684 2759 4745; x_wconf 82' lang='lat' dir='ltr'><strong>etcoguoscerent</strong></span> <span class='ocrx_word' id='word_1_786' title='bbox 2782 4714 2798 4737; x_wconf 96' lang='lat'><strong>,</strong></span> <span class='ocrx_word' id='word_1_787' title='bbox 2831 4684 3056 4744; x_wconf 86' lang='lat' dir='ltr'><strong>paterna</strong></span> <span class='ocrx_word' id='word_1_788' title='bbox 3081 4682 3409 4743; x_wconf 85' lang='lat' dir='ltr'><strong>acceperunt</strong></span> 
     </span>
    </p>
   </div>
   <div class='ocr_carea' id='block_1_107' title="bbox 1843 4762 3405 4839">
    <p class='ocr_par' dir='ltr' id='par_1_107' title="bbox 1843 4762 3405 4839">
     <span class='ocr_line' id='line_1_107' title="bbox 1843 4762 3405 4839; baseline -0.004 -14"><span class='ocrx_word' id='word_1_789' title='bbox 1843 4773 2126 4826; x_wconf 71' lang='lat' dir='ltr'><strong>traditione</strong></span> <span class='ocrx_word' id='word_1_790' title='bbox 2160 4789 2174 4824; x_wconf 87' lang='lat'><strong>:</strong></span> <span class='ocrx_word' id='word_1_791' title='bbox 2210 4768 2477 4839; x_wconf 88' lang='lat' dir='ltr'><strong>Iegislatio</strong></span> <span class='ocrx_word' id='word_1_792' title='bbox 2508 4774 2688 4823; x_wconf 89' lang='lat' dir='ltr'><strong>autem</strong></span> <span class='ocrx_word' id='word_1_793' title='bbox 2711 4807 2725 4832; x_wconf 95' lang='lat'><strong>,</strong></span> <span class='ocrx_word' id='word_1_794' title='bbox 2759 4775 2878 4835; x_wconf 91' lang='lat' dir='ltr'><strong>post</strong></span> <span class='ocrx_word' id='word_1_795' title='bbox 2915 4773 3026 4820; x_wconf 89' lang='lat' dir='ltr'><strong>tres</strong></span> <span class='ocrx_word' id='word_1_796' title='bbox 3074 4764 3189 4821; x_wconf 88' lang='lat' dir='ltr'><strong>dies</strong></span> <span class='ocrx_word' id='word_1_797' title='bbox 3226 4762 3405 4833; x_wconf 81' lang='lat' dir='ltr'><strong>prole-</strong></span> 
     </span>
    </p>
   </div>
   <div class='ocr_carea' id='block_1_108' title="bbox 1838 4857 3404 4933">
    <p class='ocr_par' dir='ltr' id='par_1_108' title="bbox 1838 4857 3404 4933">
     <span class='ocr_line' id='line_1_108' title="bbox 1838 4857 3404 4933; baseline -0.005 -14"><span class='ocrx_word' id='word_1_798' title='bbox 1838 4865 2036 4920; x_wconf 88' lang='lat' dir='ltr'><strong>ctionis</strong></span> <span class='ocrx_word' id='word_1_799' title='bbox 2077 4878 2141 4917; x_wconf 91' lang='lat' dir='ltr'><strong>ex</strong></span> <span class='ocrx_word' id='word_1_800' title='bbox 2177 4862 2409 4933; x_wconf 66' lang='lat' dir='ltr'><strong>[Egypto</strong></span> <span class='ocrx_word' id='word_1_801' title='bbox 2431 4859 2610 4915; x_wconf 89' lang='lat' dir='ltr'><strong>divina</strong></span> <span class='ocrx_word' id='word_1_802' title='bbox 2638 4873 2770 4915; x_wconf 90' lang='lat' dir='ltr'><strong>voce</strong></span> <span class='ocrx_word' id='word_1_803' title='bbox 2799 4860 2973 4913; x_wconf 90' lang='lat' dir='ltr'><strong>datur.</strong></span> <span class='ocrx_word' id='word_1_804' title='bbox 3006 4857 3196 4914; x_wconf 72' lang='lat' dir='ltr'><strong>Horati</strong></span> <span class='ocrx_word' id='word_1_805' title='bbox 3226 4868 3404 4912; x_wconf 84' lang='lat' dir='ltr'><strong>autem</strong></span> 
     </span>
    </p>
   </div>
   <div class='ocr_carea' id='block_1_109' title="bbox 1836 4950 3407 5023">
    <p class='ocr_par' dir='ltr' id='par_1_109' title="bbox 1836 4950 3407 5023">
     <span class='ocr_line' id='line_1_109' title="bbox 1836 4950 3407 5023; baseline -0.005 -11"><span class='ocrx_word' id='word_1_806' title='bbox 1836 4965 1965 5013; x_wconf 87' lang='lat' dir='ltr'><strong>sunt</strong></span> <span class='ocrx_word' id='word_1_807' title='bbox 1997 4957 2050 5009; x_wconf 89' lang='lat' dir='ltr'><strong>in</strong></span> <span class='ocrx_word' id='word_1_808' title='bbox 2084 4956 2301 5008; x_wconf 87' lang='lat' dir='ltr'><strong>deserto</strong></span> <span class='ocrx_word' id='word_1_809' title='bbox 2355 4952 2514 5007; x_wconf 87' lang='lat' dir='ltr'><strong>annis</strong></span> <span class='ocrx_word' id='word_1_810' title='bbox 2542 4952 2917 5023; x_wconf 82' lang='lat' dir='ltr'><strong>quadraginta.</strong></span> <span class='ocrx_word' id='word_1_811' title='bbox 2964 4952 3075 5007; x_wconf 91' lang='lat' dir='ltr'><strong>Sub</strong></span> <span class='ocrx_word' id='word_1_812' title='bbox 3102 4951 3227 5007; x_wconf 79' lang='lat' dir='ltr'><strong>Jesu</strong></span> <span class='ocrx_word' id='word_1_813' title='bbox 3257 4950 3407 5021; x_wconf 90' lang='lat' dir='ltr'><strong>prin-</strong></span> 
     </span>
    </p>
   </div>
   <div class='ocr_carea' id='block_1_110' title="bbox 1839 5040 3409 5117">
    <p class='ocr_par' dir='ltr' id='par_1_110' title="bbox 1839 5040 3409 5117">
     <span class='ocr_line' id='line_1_110' title="bbox 1839 5040 3409 5117; baseline -0.005 -15"><span class='ocrx_word' id='word_1_814' title='bbox 1839 5049 1956 5117; x_wconf 83' lang='lat' dir='ltr'><strong>cipe</strong></span> <span class='ocrx_word' id='word_1_815' title='bbox 1996 5046 2211 5101; x_wconf 85' lang='lat' dir='ltr'><strong>luerunt</strong></span> <span class='ocrx_word' id='word_1_816' title='bbox 2263 5044 2420 5099; x_wconf 89' lang='lat' dir='ltr'><strong>annis</strong></span> <span class='ocrx_word' id='word_1_817' title='bbox 2456 5060 2596 5111; x_wconf 87' lang='lat' dir='ltr'><strong>xxv;</strong></span> <span class='ocrx_word' id='word_1_818' title='bbox 2645 5044 2745 5100; x_wconf 85' lang='lat' dir='ltr'><strong>sub</strong></span> <span class='ocrx_word' id='word_1_819' title='bbox 2771 5043 3045 5114; x_wconf 90' lang='lat' dir='ltr'><strong>judicihus</strong></span> <span class='ocrx_word' id='word_1_820' title='bbox 3086 5058 3217 5097; x_wconf 90' lang='lat' dir='ltr'><strong>vero</strong></span> <span class='ocrx_word' id='word_1_821' title='bbox 3249 5040 3409 5095; x_wconf 90' lang='lat' dir='ltr'><strong>annis</strong></span> 
     </span>
    </p>
   </div>
   <div class='ocr_carea' id='block_1_111' title="bbox 1838 5180 3399 5251">
    <p class='ocr_par' dir='ltr' id='par_1_111' title="bbox 1838 5180 3399 5251">
     <span class='ocr_line' id='line_1_111' title="bbox 1838 5180 3399 5251; baseline -0.002 -15"><span class='ocrx_word' id='word_1_822' title='bbox 1838 5182 1918 5236; x_wconf 87' lang='lat' dir='ltr'><strong>sic</strong></span> <span class='ocrx_word' id='word_1_823' title='bbox 1951 5182 2080 5237; x_wconf 90' lang='lat' dir='ltr'><strong>mihi</strong></span> <span class='ocrx_word' id='word_1_824' title='bbox 2117 5180 2461 5247; x_wconf 86' lang='lat' dir='ltr'><strong>persuadebit</strong></span> <span class='ocrx_word' id='word_1_825' title='bbox 2484 5224 2497 5244; x_wconf 85' lang='lat'><strong>,</strong></span> <span class='ocrx_word' id='word_1_826' title='bbox 2536 5197 2656 5237; x_wconf 84' lang='lat' dir='ltr'><strong>eum</strong></span> <span class='ocrx_word' id='word_1_827' title='bbox 2688 5195 2924 5251; x_wconf 85' lang='lat' dir='ltr'><strong>unquam</strong></span> <span class='ocrx_word' id='word_1_828' title='bbox 2952 5196 2981 5234; x_wconf 89' lang='lat' dir='ltr'><strong>a</strong></span> <span class='ocrx_word' id='word_1_829' title='bbox 3012 5181 3227 5251; x_wconf 17' lang='lat' dir='ltr'><strong>Basilio;</strong></span> <span class='ocrx_word' id='word_1_830' title='bbox 3274 5194 3399 5249; x_wconf 86' lang='lat' dir='ltr'><strong>pro-</strong></span> 
     </span>
    </p>
   </div>
   <div class='ocr_carea' id='block_1_112' title="bbox 1838 5249 3399 5319">
    <p class='ocr_par' dir='ltr' id='par_1_112' title="bbox 1838 5249 3399 5319">
     <span class='ocr_line' id='line_1_112' title="bbox 1838 5249 3399 5319; baseline -0.003 -14"><span class='ocrx_word' id='word_1_831' title='bbox 1838 5251 2026 5315; x_wconf 84' lang='lat' dir='ltr'><strong>latum,</strong></span> <span class='ocrx_word' id='word_1_832' title='bbox 2046 5262 2137 5306; x_wconf 86' lang='lat' dir='ltr'><strong>aut</strong></span> <span class='ocrx_word' id='word_1_833' title='bbox 2152 5252 2283 5307; x_wconf 88' lang='lat' dir='ltr'><strong>satis</strong></span> <span class='ocrx_word' id='word_1_834' title='bbox 2299 5262 2419 5319; x_wconf 90' lang='lat' dir='ltr'><strong>apte</strong></span> <span class='ocrx_word' id='word_1_835' title='bbox 2436 5254 2503 5307; x_wconf 82' lang='lat' dir='ltr'><strong>ad</strong></span> <span class='ocrx_word' id='word_1_836' title='bbox 2518 5262 2754 5307; x_wconf 89' lang='lat' dir='ltr'><strong>mentem</strong></span> <span class='ocrx_word' id='word_1_837' title='bbox 2772 5249 2943 5307; x_wconf 83' lang='lat' dir='ltr'><strong>sancti</strong></span> <span class='ocrx_word' id='word_1_838' title='bbox 2961 5266 3079 5305; x_wconf 88' lang='lat' dir='ltr'><strong>esse</strong></span> <span class='ocrx_word' id='word_1_839' title='bbox 3096 5249 3399 5305; x_wconf 88' lang='lat' dir='ltr'><strong>conﬁctum.</strong></span> 
     </span>
    </p>
   </div>
   <div class='ocr_carea' id='block_1_113' title="bbox 1908 5321 3402 5396">
    <p class='ocr_par' dir='ltr' id='par_1_113' title="bbox 1908 5321 3402 5396">
     <span class='ocr_line' id='line_1_113' title="bbox 1908 5321 3402 5396; baseline -0.003 -20"><span class='ocrx_word' id='word_1_840' title='bbox 1908 5326 2019 5396; x_wconf 71' lang='lat'><strong>(2|)</strong></span> <span class='ocrx_word' id='word_1_841' title='bbox 2081 5323 2350 5376; x_wconf 86' lang='lat' dir='ltr'><strong>Lacunam</strong></span> <span class='ocrx_word' id='word_1_842' title='bbox 2419 5322 2507 5396; x_wconf 86' lang='lat' dir='ltr'><strong>ltic</strong></span> <span class='ocrx_word' id='word_1_843' title='bbox 2576 5322 3122 5396; x_wconf 50' lang='lat' dir='ltr'><strong>magnannimplevit</strong></span> <span class='ocrx_word' id='word_1_844' title='bbox 3183 5321 3402 5396; x_wconf 68' lang='lat' dir='ltr'><strong>Combe-</strong></span> 
     </span>
    </p>
   </div>
   <div class='ocr_carea' id='block_1_114' title="bbox 1836 5390 3400 5461">
    <p class='ocr_par' dir='ltr' id='par_1_114' title="bbox 1836 5390 3400 5461">
     <span class='ocr_line' id='line_1_114' title="bbox 1836 5390 3400 5461; baseline -0.003 -15"><span class='ocrx_word' id='word_1_845' title='bbox 1836 5390 2025 5456; x_wconf 75' lang='lat' dir='ltr'><strong>ﬁsius&#39;,</strong></span> <span class='ocrx_word' id='word_1_846' title='bbox 2082 5408 2143 5447; x_wconf 83' lang='lat' dir='ltr'><strong>ex</strong></span> <span class='ocrx_word' id='word_1_847' title='bbox 2210 5408 2314 5445; x_wconf 87' lang='lat' dir='ltr'><strong>uno</strong></span> <span class='ocrx_word' id='word_1_848' title='bbox 2380 5390 2691 5461; x_wconf 76' lang='lat' dir='ltr'><strong>antiquiori</strong></span> <span class='ocrx_word' id='word_1_849' title='bbox 2740 5392 2909 5461; x_wconf 85' lang='lat' dir='ltr'><strong>Regio</strong></span> <span class='ocrx_word' id='word_1_850' title='bbox 2977 5392 3163 5447; x_wconf 86' lang='lat' dir='ltr'><strong>codice</strong></span> <span class='ocrx_word' id='word_1_851' title='bbox 3202 5430 3217 5455; x_wconf 95' lang='lat'><strong>,</strong></span> <span class='ocrx_word' id='word_1_852' title='bbox 3280 5390 3400 5447; x_wconf 81' lang='lat' dir='ltr'><strong>reii-</strong></span> 
     </span>
    </p>
   </div>
   <div class='ocr_carea' id='block_1_115' title="bbox 1840 5462 3401 5531">
    <p class='ocr_par' dir='ltr' id='par_1_115' title="bbox 1840 5462 3401 5531">
     <span class='ocr_line' id='line_1_115' title="bbox 1840 5462 3401 5531; baseline -0.001 -17"><span class='ocrx_word' id='word_1_853' title='bbox 1840 5466 1961 5531; x_wconf 86' lang='lat' dir='ltr'><strong>qnis</strong></span> <span class='ocrx_word' id='word_1_854' title='bbox 1995 5462 2430 5518; x_wconf 86' lang='lat' dir='ltr'><strong>desiderantibus</strong></span> <span class='ocrx_word' id='word_1_855' title='bbox 2462 5464 2778 5519; x_wconf 86' lang='lat' dir='ltr'><strong>describens</strong></span> <span class='ocrx_word' id='word_1_856' title='bbox 2818 5463 3050 5517; x_wconf 87' lang='lat' dir='ltr'><strong>alteram</strong></span> <span class='ocrx_word' id='word_1_857' title='bbox 3086 5472 3294 5531; x_wconf 87' lang='lat' dir='ltr'><strong>partem</strong></span> <span class='ocrx_word' id='word_1_858' title='bbox 3318 5477 3401 5513; x_wconf 89' lang='lat' dir='ltr'><strong>ca-</strong></span> 
     </span>
    </p>
   </div>
   <div class='ocr_carea' id='block_1_116' title="bbox 1846 5536 2136 5589">
    <p class='ocr_par' dir='ltr' id='par_1_116' title="bbox 1846 5536 2136 5589">
     <span class='ocr_line' id='line_1_116' title="bbox 1846 5536 2136 5589; baseline -0.003 -3"><span class='ocrx_word' id='word_1_859' title='bbox 1846 5536 2136 5589; x_wconf 85' lang='lat' dir='ltr'><strong>tcchcseos.</strong></span> 
     </span>
    </p>
   </div>
   <div class='ocr_carea' id='block_1_117' title="bbox 1917 5598 3409 5675">
    <p class='ocr_par' dir='ltr' id='par_1_117' title="bbox 1917 5598 3409 5675">
     <span class='ocr_line' id='line_1_117' title="bbox 1917 5598 3409 5675; baseline -0.004 -17"><span class='ocrx_word' id='word_1_860' title='bbox 1917 5605 2028 5675; x_wconf 72' lang='lat'><strong>(22)</strong></span> <span class='ocrx_word' id='word_1_861' title='bbox 2083 5603 2415 5675; x_wconf 57' lang='lat' dir='ltr'><strong>Baptifmum</strong></span> <span class='ocrx_word' id='word_1_862' title='bbox 2447 5602 2720 5675; x_wconf 85' lang='lat' dir='ltr'><strong>intelligit,</strong></span> <span class='ocrx_word' id='word_1_863' title='bbox 2752 5617 2913 5675; x_wconf 90' lang='lat' dir='ltr'><strong>quem</strong></span> <span class='ocrx_word' id='word_1_864' title='bbox 2944 5602 3157 5675; x_wconf 87' lang='lat' dir='ltr'><strong>quidem</strong></span> <span class='ocrx_word' id='word_1_865' title='bbox 3189 5598 3409 5669; x_wconf 72' lang='lat' dir='ltr'><strong>Jeroso-</strong></span> 
     </span>
    </p>
   </div>
   <div class='ocr_carea' id='block_1_118' title="bbox 1840 5672 3405 5749">
    <p class='ocr_par' dir='ltr' id='par_1_118' title="bbox 1840 5672 3405 5749">
     <span class='ocr_line' id='line_1_118' title="bbox 1840 5672 3405 5749; baseline -0.004 -20"><span class='ocrx_word' id='word_1_866' title='bbox 1840 5672 2102 5749; x_wconf 59' lang='lat' dir='ltr'><strong>lymis&#39;vel</strong></span> <span class='ocrx_word' id='word_1_867' title='bbox 2140 5674 2190 5729; x_wconf 88' lang='lat' dir='ltr'><strong>in</strong></span> <span class='ocrx_word' id='word_1_868' title='bbox 2222 5672 2457 5731; x_wconf 78' lang='lat' dir='ltr'><strong>Jordane</strong></span> <span class='ocrx_word' id='word_1_869' title='bbox 2484 5672 2794 5733; x_wconf 83' lang='lat' dir='ltr'><strong>devotionis</strong></span> <span class='ocrx_word' id='word_1_870' title='bbox 2822 5688 2981 5730; x_wconf 78' lang='lat' dir='ltr'><strong>causa</strong></span> <span class='ocrx_word' id='word_1_871' title='bbox 3018 5674 3405 5744; x_wconf 84' lang='lat' dir='ltr'><strong>suscipiebant.</strong></span> 
     </span>
    </p>
   </div>
  </div>
