4066 6314
705 359 931 400 (ΕΜΝΙΙΙ

2065 350 2585 408 PliOLEGOMENA.

710 479 928 519 ccccuv
958 464 1022 517 ad
1073 482 1241 534 usque
1290 483 1508 538 regnum
1560 470 1735 525 Saulis
1766 512 1778 533 ,
1813 490 1902 542 qm
1952 478 2151 545 primus
2195 476 2266 529 illi
2299 481 2343 534 Α
2371 476 2461 543 qui
2494 486 2595 528 est.
2630 474 2764 539 Quid
2814 474 2970 542 igitur
3002 467 3373 537 evangelista?
3409 470 3473 522 1η
3516 464 3773 537 principio
3822 475 3921 516 erat

708 554 904 621 populo
940 570 1029 609 rex
1059 565 1272 610 creatus
1303 569 1415 623 est;
1444 562 1544 613 Sub
1575 575 1699 629 quo,
1724 578 1866 614 anno
1918 568 2033 634 prin
2057 581 2088 618 o
2118 568 2263 632 regni

706 644 899 710 ipsius,
937 660 1161 713 magnus
1190 645 1355 699 David
1389 658 1550 704 natus
1578 660 1679 704 est.
1716 650 1976 708 Similiter
2002 654 2069 707 ab
2097 655 2264 706 Abra-

710 734 833 786 ham
883 750 1051 804 usque
1108 738 1172 790 ad
1231 739 1485 793 Davidcm
1537 744 1909 811 generationes
1970 762 2082 810 xrv,
2140 748 2265 800 anni

708 840 895 879 nutv.
931 827 972 879 A
1009 827 1208 883 Daride
1242 839 1419 883 autem
1448 848 1616 900 usque
1646 833 1711 885 ad
1741 837 2265 907 transmigrationetn

708 915 1016 985 Babylonis,
1069 920 1444 988 generationes
1490 938 1598 985 xw,
1628 926 1750 977 anni
1793 940 1905 978 tux.
1941 931 1984 981 A
2017 932 2270 983 transmi-

706 1010 951 1071 gratione
997 1026 1123 1063 vero
1178 1009 1473 1079 Babylonis
1528 1030 1696 1083 usque
1731 1017 1797 1069 ad
1852 1016 2092 1085 Darium,
2144 1024 2265 1075 anni

706 1113 836 1151 λιν.
871 1103 914 1152 Α
965 1115 1129 1167 regno
1165 1110 1341 1160 autem
1375 1105 1517 1159 Darii
1554 1122 1723 1177 usque
1765 1109 1830 1162 ad
1862 1107 2043 1165 Jesum
2100 1111 2267 1167 filium

706 1187 951 1256 Josedec,
984 1192 1106 1245 anni
1150 1209 1295 1249 κως.
1332 1200 1371 1250 Α
1424 1197 1547 1251 Jesu
1603 1199 1711 1254 filio
1745 1199 1971 1256 Josedec
2005 1220 2173 1273 usque
2202 1206 2268 1259 ad

706 1279 906 1343 Jesutn,
949 1282 1039 1350 qui
1068 1284 1264 1340 dicitur
1298 1288 1561 1354 Christus,
1597 1292 1723 1345 anni
1750 1308 2077 1361 ccccxxxrv;
2111 1298 2268 1351 simul

708 1380 890 1426 autem
942 1380 1301 1444 computando
1325 1419 1339 1441 ,
1376 1382 1667 1435 secundum
1705 1384 1898 1438 seriem
1948 1396 2268 1457 temporum,

710 1461 1013 1521 invenimus
1064 1467 1130 1521 ab
1174 1468 1389 1524 homine
1417 1472 1649 1540 primum
1697 1476 1946 1546 formato,
1978 1496 2148 1550 usque
2204 1484 2269 1535 ad

654 1580 657 1585 ·
707 1554 1006 1619 Christum,
1035 1572 1205 1613 annos
1233 1577 1563 1620 ηιωυιωι.

784 1662 803 1694 ι
848 1642 1103 1701 Nascitur
1156 1649 1339 1721 itaque
1393 1655 1649 1711 Dominus
1682 1658 1838 1713 Jesus
1897 1659 2147 1715 Christus
2203 1677 2270 1717 ex

712 1734 853 1789 tribu
883 1734 1041 1804 Juda,
1074 1754 1139 1795 ex
1182 1745 1387 1798 semine
1432 1745 1619 1812 David,
1657 1751 1797 1818 quod
1822 1763 2031 1821 spectat
2067 1754 2129 1807 ad
2156 1769 2273 1809 car-

2381 566 2606 620 Verbum
2654 564 2727 635 (a)
2768 584 2779 616 :
2824 566 2946 632 quia
3007 560 3135 614 nihil
3176 560 3317 612 aliud
3348 572 3485 625 erat,
3521 567 3714 630 praalcr
3758 556 3923 622 ipsum

2368 661 2458 728 qui
2506 670 2587 714 est
2639 674 2703 711 ex
2744 655 2922 719 Patre,
2955 654 3044 725 qui
3076 666 3289 720 semper
3328 663 3444 716 est,
3480 654 3682 706 habens
3708 655 3925 702 coaeter-

2368 767 2496 805 num
2557 748 2814 819 Spiritum
2873 756 3140 801 sanctum.
3176 744 3304 797 Erat
3358 744 3412 796 in
3451 744 3735 813 principio.
3793 737 3925 804 Quid

2370 844 2498 897 mihi
2518 853 2839 896 annumeras
2867 839 3097 892 saecula?
3125 837 3253 892 Erat
3280 835 3391 903 ipse
3417 836 3470 889 in
3494 834 3790 904 principio:
3810 836 3926 885 sunt

2368 933 2549 987 omnia
2584 938 2702 1002 post
2743 930 2915 998 ipsum
2948 969 2963 990 ,
3006 929 3266 997 siquidem
3300 935 3354 979 et
3388 930 3567 980 omnia
3604 940 3703 996 per
3734 926 3924 992 ipsum.

2372 1020 2437 1074 In
2467 1021 2723 1091 principio
2747 1031 2858 1072 erat
2894 1017 3133 1072 Verbum.
3166 1018 3314 1082 Erat,
3342 1030 3511 1084 neque
3532 1015 3926 1085 proferebatur.

2370 1112 2607 1169 Verbum
2660 1121 2814 1172 erat,
2871 1125 2967 1163 nec
3029 1111 3249 1178 syllabis
3301 1108 3748 1173 componebatur.
3806 1104 3928 1158 Erat

2374 1206 2609 1260 Verbum
2648 1202 2797 1265 illud,
2827 1216 2923 1254 nec
2963 1200 3063 1252 fuit
3099 1200 3292 1268 linguae
3340 1198 3549 1251 fluxus:
3588 1198 3738 1251 solus
3769 1196 3927 1250 Filius

2370 1296 2781 1366 unigenitusque
2818 1302 2871 1346 et
2903 1290 3101 1344 veritas
3131 1304 3160 1341 a
3198 1290 3375 1353 Patre,
3409 1287 3553 1342 nulla
3587 1289 3930 1356 corruptione

2372 1390 2603 1457 genitus.
2641 1382 3099 1451 Quemadmodum
3134 1380 3355 1435 verbum
3376 1389 3617 1434 nostrum
3642 1387 3698 1431 et
3731 1394 3927 1441 sermo,

2373 1480 2425 1532 in
2475 1479 2647 1533 lucem
2681 1473 2883 1543 profert
2917 1474 3092 1527 latens
3118 1470 3281 1524 animi
3306 1471 3589 1523 consilium
3611 1507 3625 1530 ,
3657 1469 3730 1517 ita
3761 1477 3814 1519 et
3843 1471 3927 1521 Dei

2371 1570 2537 1625 Filius
2560 1566 2828 1622 occultum
2855 1565 2907 1618 in
2934 1565 3092 1618 Patre
3119 1560 3479 1615 manifestavit
3516 1558 3631 1611 orbi
3665 1566 3926 1611 terrarum

2374 1670 2737 1732 praaazternum
2770 1666 3194 1711 sacramentum.
3224 1652 3683 1722 Quemadmodum
3710 1652 3927 1702 verbum

2374 1753 2689 1823 procedens,
2723 1765 2821 1804 nec
2853 1751 3117 1805 dicentem
3149 1750 3348 1803 nudum
3383 1745 3654 1815 relinquit,
3688 1755 3742 1798 et
3772 1743 3933 1811 replet

709 1841 852 1889 Item,
885 1831 984 1881 sub
1011 1830 1170 1883 finem
1205 1832 1412 1888 dierum
1460 1837 1932 1906 sesquimillesimo
1959 1858 2121 1907 anno,
2145 1859 2269 1898 xxw
2304 1849 2345 1903 Β
2376 1841 2679 1896 audientem
2718 1838 2818 1907 (sic
2856 1840 2997 1893 enim
3037 1836 3147 1890 adit
3177 1839 3507 1901 audientem,
3537 1846 3596 1887 ut
3624 1852 3730 1888 non
3765 1836 3931 1887 disce—

707 1920 929 1988 Augusti
963 1920 1329 1990 imperatoris,
1358 1941 1545 1983 mense
1603 1930 1904 1995 Decembri,
1964 1949 2070 1986 xxv
2108 1936 2273 2004 ipsius

707 2012 816 2081 (Ξό)
849 2013 1162 2071 ludictionis
1204 2034 1233 2072 x
1289 2020 1375 2074 die
1406 2034 1580 2076 sexta.
1612 2026 1654 2075 Α
1688 2023 1890 2078 Christi
1930 2039 2097 2094 porro
2133 2030 2273 2083 nati-

706 2105 894 2171 vitate,
932 2124 1101 2177 usque
1136 2112 1201 2164 ad
1238 2112 1650 2168 Constantinum
1682 2115 1929 2185 Magnum
1983 2118 2274 2189 imperato-

709 2210 816 2249 rem
837 2206 890 2250 et
912 2198 1084 2252 virum
1118 2200 1453 2271 religiosum,
1486 2204 1703 2259 fuerunt
1752 2208 1878 2261 anni
1910 2225 2088 2265 ccux.
2138 2211 2270 2265 Cum

705 2303 831 2358 ergo
857 2287 1039 2345 Judrea
1069 2305 1199 2361 gens
1233 2302 1383 2349 tanto
1440 2308 1679 2366 tempore
1713 2298 1783 2354 sit
1817 2303 2109 2371 antiquior,
2137 2317 2270 2370 quo-

707 2383 864 2435 modo
914 2398 1019 2440 non
1064 2387 1280 2442 erubuit
1306 2388 1476 2453 Plato,
1516 2392 1747 2459 primum
1786 2404 1839 2448 et
1869 2395 2157 2449 secundum
2188 2395 2271 2449 di-

706 2475 904 2527 luvium
956 2480 1254 2533 enarrans?
1307 2480 1587 2545 Quondam
1633 2499 1791 2550 porro
1846 2495 2034 2539 natura
2066 2498 2269 2552 nostra,

705 2565 959 2620 universo
994 2570 1199 2636 totique
1227 2569 1299 2622 illi
1339 2572 1766 2628 accensebatur:
1794 2591 2014 2632 eramus
2045 2581 2189 2633 enim
2217 2590 2269 2633 et

708 2657 831 2725 ipsi,
874 2658 925 2712 in
955 2660 1304 2715 rationalium
1330 2665 1509 2718 ovium
1542 2669 1855 2721 centenario
1873 2671 2267 2737 comprehensi.

708 2749 992 2819 Postquam
1027 2766 1154 2807 vero
1200 2770 1303 2809 una
1338 2755 1425 2809 illa
1457 2757 1572 2811 ovis
1595 2799 1610 2825 ,
1652 2770 1842 2814 natura
1876 2772 2057 2816 nostra
2086 2802 2101 2827 ,
2153 2778 2269 2818 ser-

705 2840 880 2902 pentis
914 2840 1129 2909 fraude,
1190 2844 1396 2901 caelesti
1452 2849 1686 2903 statione
1729 2850 1946 2920 depulsa
1987 2865 2104 2920 est,
2166 2871 2270 2911 non

706 2932 932 3001 amplius
959 2934 1099 2989 idem
1134 2935 1226 2991 ille
1268 2953 1527 2993 numerus
1558 2941 1608 2993 in
1642 2957 1807 3011 grege
1836 2958 1939 2997 non
1971 2947 2271 2999 errantium

706 3039 1052 3088 memoratur,
1088 3029 1179 3081 sed
1200 3030 1546 3085 nominantur
1565 3034 1850 3102 nonaginta
1881 3051 2091 3089 novem.
2119 3037 2274 3091 Venit

705 3114 1144 3183 igiturChristus,
1172 3119 1339 3173 Filius
1363 3121 1453 3175 Dei
1478 3124 1610 3185 vivi,
1631 3140 1872 3191 quaerere
1889 3136 1942 3179 et
1961 3129 2166 3180 salvum
2192 3128 2272 3179 fa-

2375 1937 2465 1988 dat
2522 1948 2551 1986 a
2604 1931 2890 2005 discente),
2933 1933 3004 1985 ita
3037 1938 3091 1981 et
3124 1928 3235 1980 Divi
3268 1929 3522 1986 Verbum,
3553 1928 3698 1995 quod
3745 1938 3830 1980 est
3883 1930 3930 1978 in

2372 2025 2529 2079 Patre
2584 2024 2651 2081 ob
2684 2035 2891 2078 natura:
2920 2020 3381 2079 communionem,
3434 2019 3696 2085 nobisque
3729 2022 3931 2069 unitum

2370 2128 2587 2187 propter
2615 2116 3141 2187 gratizelargitatem,
3168 2112 3433 2166 exsistens
3464 2111 3625 2171 Deus,
3651 2111 3795 2177 quod
3817 2126 3933 2177 5pc-

2371 2218 2481 2263 ctat
2528 2211 2594 2264 ad
2652 2222 2933 2274 naturam;
2991 2206 3221 2260 Verbum
3268 2214 3443 2258 autem
3478 2201 3832 2273 appellatione
3883 2213 3933 2254 et

2372 2298 2712 2366 cognomine.

2448 2407 2466 2439 ‹
2506 2386 2963 2454 Quemadmodum
2997 2386 3138 2441 enim
3168 2384 3559 2446 Joannes,cum
3582 2394 3775 2436 natura
3799 2392 3933 2434 esset

2374 2479 2534 2533 homo
2569 2519 2582 2542 ,
2644 2480 2851 2532 ratione
2900 2488 3079 2531 tamen
3112 2476 3507 2548 prmdicationis
3540 2490 3642 2527 vox
3699 2473 3935 2525 clamans

2374 2580 2597 2623 vocatus
2624 2581 2705 2623 est
2746 2570 2850 2638 (b);
2878 2570 2947 2622 ita
2979 2583 3033 2622 et
3070 2569 3162 2622 Dei
3196 2567 3382 2629 Filius,
3422 2565 3561 2618 Deus
3583 2565 3647 2617 de
3681 2563 3812 2623 Deo,
3844 2579 3935 2631 ap-

2372 2661 2602 2728 pellatus
2665 2675 2747 2714 est
2781 2660 3014 2713 Verbum
3045 2700 3060 2722 ,
3096 2671 3314 2728 propter
3348 2658 3567 2711 liberatn
3615 2672 3644 2710 a
3704 2656 3935 2711 fluxione

2375 2753 2808 2823 generationem.
2851 2751 2914 2809 In
2961 2753 3214 2821 principio
3243 2761 3350 2805 erat
3384 2750 3627 2815 Verbum,
3662 2751 3935 2819 baudqttac

2378 2862 2537 2915 quam
2584 2862 2714 2901 vero
2753 2844 2985 2900 Verbum
3026 2859 3128 2900 non
3175 2845 3497 2899 subsistens.
3532 2843 3707 2897 Verba
3748 2844 3851 2897 alia
3885 2853 3937 2895 et

2378 2953 2656 2993 sermones
2682 2938 2810 3001 Dei,
2842 2948 3107 3007 praecepta
3133 2946 3253 2991 sunt
3287 2945 3341 2991 et
3364 2936 3774 3007 jnstilicationes
3806 2952 3823 2998 ;
3884 2945 3936 2984 at

2378 3032 2683 3098 unigenitus
2714 3031 2881 3084 Filius
2910 3046 3086 3084 sermo
3105 3040 3206 3091 est,
3243 3045 3344 3082 non
3371 3028 3594 3098 syllabis
3616 3031 3930 3079 verborum-

2374 3137 2478 3187 que
2502 3136 2632 3174 sono
2667 3122 3043 3188 pronuntiatus
3077 3160 3091 3182 ,
3136 3122 3226 3173 sed
3253 3134 3429 3173 sermo
3467 3129 3517 3170 et
3542 3119 3781 3179 verbum,
3813 3132 3931 3169 ver-

702 3204 979 3273 cerequod
1001 3205 1235 3273 perierat
1266 3225 1277 3260 :
1317 3216 1478 3275 utque
1504 3224 1681 3262 rerum
1715 3226 1817 3262 non
1842 3212 2257 3263 consistentium
2294 3218 2335 3275 ο
2373 3210 2563 3264 borum
2600 3210 2772 3263 fontes
2804 3210 3071 3278 largiens;
3103 3209 3552 3277 quemadmodum
3584 3208 3695 3261 ait:
3729 3206 3783 3259 Si
3810 3208 3929 3275 quis

702 3295 935 3347 vanitate
988 3296 1252 3363 perditum
1307 3296 1575 3351 hominem
1634 3299 1873 3352 humeris
1931 3301 2264 3369 impOsitum,

707 3388 1095 3442 exsistentibus
1129 3388 1288 3442 rebus
1319 3390 1568 3459 verisque
1621 3392 1949 3459 postliminio
2004 3394 2264 3459 redderet,

699 3492 811 3544 quo
846 3493 1060 3531 rursum
1086 3478 1391 3535 Dominicus
1420 3496 1675 3537 numerus
1705 3497 1838 3537 unus
1867 3483 2036 3538 ﬁeret.
2063 3482 2266 3540 Idcirco

703 3569 980 3640 Evangelii
1030 3573 1263 3641 scriptor
1307 3575 1567 3637 Joannes,
1592 3585 1876 3645 paternam
1910 3578 2263 3646 piscationem

700 3664 990 3731 omniaque
1024 3675 1203 3719 creata
1264 3666 1614 3734 relinquens,
1670 3684 1848 3723 aerem
1906 3670 2034 3723 item
2080 3670 2270 3723 transi-

700 3752 838 3807 liens
866 3793 882 3816 ,
914 3768 1011 3807 nec
1057 3755 1224 3810 solem
1260 3766 1502 3810 moratus
1556 3774 1653 3812 nec
1688 3759 1909 3825 lunam;
1971 3762 2267 3815 celsissima

702 3860 831 3899 vero
860 3847 983 3901 cceli
1013 3861 1295 3916 superans,
1352 3859 1704 3919 temporaque
1742 3861 2156 3921 pratergressus
2183 3866 2268 3909 est

703 3945 756 3987 et
788 3936 1015 4002 saecula;
1072 3937 1163 3991 sed
1210 3946 1264 3991 et
1321 3936 1565 4006 Moyses,
1602 3938 1867 4007 principio
1894 3937 1985 3991 illo
2014 3938 2213 3992 omisso
2248 3957 2260 3991 :

703 4040 808 4077 non
854 4026 995 4077 enim
1052 4027 1208 4087 dixit,
1246 4028 1296 4080 in
1331 4028 1594 4097 principio
1627 4027 1758 4082 fecit
1782 4071 1798 4096 ,
1833 4036 1889 4080 ut
1927 4028 2016 4096 qui
2050 4042 2152 4081 non
2186 4028 2267 4081 in-

702 4116 853 4167 duxit
880 4126 1223 4181 creaturam;
1264 4118 1358 4171 sed
1414 4129 1713 4172 creatorem
1774 4119 2132 4174 aununtiavit.
2165 4118 2267 4174 Ubi

702 4207 847 4260 enim
873 4216 955 4261 est
981 4216 1261 4272 creatura,
1299 4208 1566 4277 quispiam
1600 4210 1763 4273 fecit;
1802 4211 1891 4264 ubi
1948 4227 2075 4265 vero
2107 4227 2268 4281 gene-

707 4297 845 4352 ratio
877 4308 1014 4365 erat,
1048 4315 1112 4353 ex
1144 4314 1209 4354 eo
1238 4300 1329 4370 qui
1372 4309 1470 4353 est.
1506 4300 1607 4366 Qui
1632 4302 1774 4356 enim
1801 4313 1901 4366 est,
1936 4318 2055 4357 eum
2089 4304 2273 4372 genuit

2374 3304 2525 3355 audit
2551 3318 2825 3357 sermones
2871 3318 3039 3365 meos,
3072 3303 3233 3355 habet
3260 3302 3420 3354 vitam
3456 3311 3735 3355 aaternam.
3799 3299 3931 3353 Cum

2371 3391 2605 3445 Joannes
2637 3393 2800 3456 dicat,
2832 3391 2898 3444 In
2928 3394 3217 3460 principio;
3255 3391 3609 3451 Paulusvero,
3634 3390 3933 3444 Secundam

2372 3498 2602 3543 carnem,
2630 3483 2717 3549 qui
2753 3493 2825 3533 est
2849 3498 3002 3547 super
3030 3484 3207 3533 omnia
3260 3481 3395 3535 Deus
3427 3482 3526 3549 (c);
3569 3479 3758 3532 Petrus
3804 3496 3934 3548 queo

2372 3588 2479 3640 que
2511 3593 2523 3628 :
2554 3573 2630 3626 Tu
2662 3591 2712 3626 ea
2737 3573 2975 3627 Christus
3008 3573 3178 3627 Filius
3211 3574 3303 3625 Dei
3324 3574 3421 3625 vivi
3448 3573 3556 3643 (d);
3589 3572 3750 3626 David
3770 3589 3928 3625 Vero:

2380 3667 2457 3721 Tu
2489 3679 2662 3720 autem
2697 3669 2830 3719 idem
2856 3669 2961 3736 ipse
2990 3685 3062 3730 es,
3096 3680 3142 3719 et
3168 3667 3294 3719 anni
3323 3667 3401 3719 tui
3434 3683 3535 3718 non
3565 3666 3805 3735 deﬁcient
3826 3668 3927 3736 (e);

2374 3768 2427 3814 et
2476 3761 2588 3828 ipse
2622 3760 2877 3813 Dominus
2916 3778 2927 3812 :
2972 3760 3083 3829 Ego
3116 3776 3230 3812 sum
3263 3758 3354 3811 (ua:
3386 3762 3587 3826 mundi,
3612 3771 3664 3816 et
3712 3763 3928 3821 veritas,

2374 3862 2428 3903 et
2456 3854 2651 3907 ostium
2684 3853 2825 3923 regni
2850 3852 3106 3905 caelorum
3152 3852 3240 3922 (ι).
3272 3851 3327 3905 Si
3361 3867 3487 3922 ergo
3518 3862 3599 3907 est
3620 3854 3747 3922 quid
3774 3866 3926 3904 crea-

2376 3949 2512 4002 tum,
2565 3944 2833 4008 quomodo
2859 3950 2940 3994 est
2982 3950 3169 3995 auctor
3211 3950 3265 3993 et
3291 3952 3501 3995 creator
3526 3952 3822 4009 temporum
3880 3948 3930 3991 et

2378 4034 2742 4085 smculorutn?
2772 4032 2961 4087 Omnia
3003 4049 3092 4100 per
3123 4035 3293 4101 ipsum
3325 4034 3464 4099 facta
3507 4042 3623 4084 sunt
3654 4031 3750 4099 (g).
3796 4029 3928 4083 Nam

2379 4131 2532 4175 sexta
2563 4124 2649 4177 die
2702 4125 2910 4177 creavit
2949 4123 3243 4188 hominem,
3288 4139 3392 4191 qua
3422 4123 3581 4174 etiam
3617 4119 3745 4173 fecit
3793 4135 3927 4189 qua-

2377 4216 2635 4283 drupedia
2666 4227 2718 4268 et
2742 4216 2985 4283 reptilia;
3016 4217 3196 4283 quinta
3221 4224 3397 4267 autem
3435 4212 3669 4265 volatilia
3697 4213 3844 4274 coeli,
3877 4223 3930 4266 et

2377 4306 2549 4371 pisces
2580 4305 2775 4367 maris;
2806 4314 3020 4372 quarta,
3054 4304 3218 4355 solem
3238 4312 3290 4356 et
3320 4302 3527 4367 lunam;
3566 4303 3927 4370 tertia,aquas

775 4478 889 4548 (25)
940 4477 996 4532 In
1048 4478 1189 4531 hunc
1242 4477 1420 4532 locum
1471 4479 1541 4531 ita
1579 4488 1979 4534 commentatur
2009 4479 2279 4534 Combefl-
2312 4485 2354 4537 D
2385 4482 2600 4545 cimam,
2634 4489 2691 4533 ut
2724 4493 2785 4531 ex
2811 4478 3158 4533 Genebrardo
3179 4487 3232 4533 et
3263 4478 3380 4532 aliis
3405 4479 3627 4546 quisque
3658 4476 3815 4530 facile
3836 4491 3925 4531 co.

706 4551 822 4605 sius
851 4569 863 4602 :
906 4568 923 4599 ι
961 4548 1262 4602 Ahsurdius
1313 4559 1418 4611 est,
1451 4564 1609 4617 quam
1656 4558 1711 4602 ut
1738 4550 1859 4616 quis
1894 4551 2160 4603 tantillum
2195 4568 2281 4604 sa-

704 4624 857 4687 piens
888 4622 954 4673 de
983 4620 1432 4673 Constantiniana
1466 4622 1566 4673 hoc
1596 4619 1891 4673 lndictione
1916 4622 2156 4686 potuerit
2188 4637 2279 4677 ac-

705 4690 1072 4757 eipere:quia
1128 4690 1266 4743 hanc
1315 4688 1514 4743 Christi
1570 4690 1824 4742 nativitas
1872 4691 2150 4755 pracessit
2186 4707 2279 4749 ccc

704 4761 924 4813 circiter
954 4759 1112 4812 annis
1154 4778 1167 4812 :
1208 4775 1269 4813 ac
1307 4774 1481 4825 neque
1505 4759 1572 4813 de
1602 4760 1744 4822 aliis,
1774 4759 1817 4813 si
1855 4774 1974 4827 qua:
2021 4760 2102 4813 vel
2139 4768 2277 4817 veri-

707 4840 811 4882 tate
855 4839 1177 4881 asseruntur
1218 4830 1301 4882 vel
1334 4829 1737 4897 continguntur,
1774 4842 1897 4897 puta
1945 4833 2273 4899 Augustana,

703 4901 1030 4961 Antoniana,
1072 4907 1177 4951 etc.
1213 4898 1584 4965 Perspicacius
1616 4915 1740 4967 ergo
1785 4898 2050 4961 intuenti,
2091 4904 2273 4957 statim

704 4970 1005 5025 occurrerit
1053 4970 1281 5022 lndictio
1311 4968 1573 5033 Iudaica,
1605 4986 1763 5037 quam
1801 4970 1899 5022 sibi
1934 4981 2137 5032 auctor,
2192 4973 2272 5025 in-

705 5050 820 5095 star
843 5039 1328 5109 Constantiniana},
1357 5040 1634 5109 conlingat
1660 5050 1711 5093 et
1743 5050 2009 5104 numeret,
2035 5057 2064 5092 a
2096 5046 2271 5107 perfe-

705 5125 793 5161 cta
823 5109 1143 5163 liberatione
1172 5107 1481 5163 Judaeorum
1528 5107 1564 5161 a-
1588 5111 1851 5163 servitute
1885 5109 2219 5165 Macedonica
2252 5132 2264 5177 ;

706 5179 976 5246 quomodo
1020 5179 1407 5233 Constantinus
1441 5188 1494 5231 et
1544 5178 1734 5233 Patres
1770 5178 1993 5247 Nicaani,
2022 5197 2271 5236 numera-

707 5261 816 5301 tam
850 5248 1651 5303 volueruntConstantinianam
1689 5249 1831 5301 illam
1855 5290 1868 5310 ,
1918 5265 1946 5301 a
2003 5251 2268 5305 vindicata

710 5320 1023 5372 Christiana
1084 5318 1341 5388 religione
1400 5329 1455 5371 et
1515 5320 1780 5372 exstincto
1830 5318 2150 5375 Maxentio:
2192 5324 2271 5376 sic

706 5406 851 5442 enim
889 5390 1193 5443 invenietur
1217 5400 1373 5445 natus
1406 5388 1663 5444 Dominus
1691 5391 1753 5443 ad
1784 5388 2135 5446 lndiCtiouetu
2172 5394 2266 5447 de-

780 5563 850 5632 (α)
887 5561 1044 5614 Joan.
1074 5581 1113 5627 ι,
1150 5576 1199 5617 1.

780 5636 852 5705 (b)
881 5633 1045 5687 Marc.
1077 5652 1114 5697 ι,
1143 5636 1194 5687 5.

780 5711 850 5767 (c)
890 5706 1043 5758 Rom.
1073 5722 1146 5769 Ix,
1175 5708 1227 5759 5.

778 5781 854 5849 id)
889 5772 1078 5833 Matth.
1111 5793 1218 5841 1m,
1259 5779 1332 5831 lli.

2389 4554 2652 4618 gnoverit.
2703 4548 2913 4613 Ubique
2944 4550 3342 4617 Amphilochius
3376 4550 3507 4601 scite
3551 4549 3753 4600 alludit.
3796 4566 3815 4597 ι
3853 4548 3922 4600 Ita

2385 4620 2757 4675 Conibelisius.
2804 4620 3015 4679 Verum,
3068 4634 3188 4671 cum
3233 4620 3423 4672 eruditi
3458 4620 3926 4687 pleriqueconve-

2384 4693 2555 4755 niant,
2604 4691 2853 4757 exiguum
2884 4701 2973 4741 aut
2999 4689 3197 4741 nullum
3234 4700 3358 4743 ante
3385 4686 3717 4743 Constantini
3750 4686 3923 4757 Magni

2387 4771 2624 4829 tempora
2659 4762 3006 4813 lndictionutn
3038 4775 3186 4811 usum
3213 4760 3394 4829 fuisse,
3440 4757 3617 4829 nescio
3644 4757 3922 4829 utideMa-

2382 4826 2693 4884 cedonicam
2729 4830 3072 4883 ludictionem
3095 4869 3108 4892 ,
3142 4839 3233 4881 aut
3258 4828 3530 4882 Judaicant
3574 4826 3925 4881 Combefisius

2382 4902 2650 4968 acceperit
2676 4902 2699 4952 ?
2736 4901 2889 4953 Certe
2920 4897 3154 4952 Basilius
3179 4896 3675 4964 et'Atnphilocbius,
3710 4898 3755 4950 si
3782 4895 3925 4952 Indi-

2380 4970 2614 5023 ctiouem
2677 4970 2933 5037 aliquam,
2978 4972 3120 5022 inter
3167 4968 3577 5036 computandum
3604 5007 3619 5029 ,
3650 4969 3923 5021 nominare

2380 5040 2708 5104 voluissent;
2746 5055 2850 5091 non
2891 5039 3049 5092 aliam
3102 5040 3487 5099 nominassent,
3519 5048 3713 5104 praeter
3741 5039 3921 5106 volga-

2379 5125 2489 5161 rem
2537 5119 2589 5163 et
2637 5109 3133 5163 Constantinianam
3167 5149 3178 5170 ,
3220 5123 3378 5176 quam
3420 5109 3587 5161 solam
3641 5118 3917 5159 noverant.

2376 5180 2626 5233 lit-rorem
2666 5182 2848 5245 itaque
2894 5180 3225 5235 ascribamus
3248 5178 3544 5232 oseitantia:
3577 5180 3922 5245 pseudo-Am-

2376 5250 2656 5317 philochii,
2695 5252 2824 5302 nihil
2868 5250 3006 5303 inter
3041 5251 3213 5319 priora
3245 5258 3298 5301 et
3336 5262 3429 5300 sua
3463 5259 3700 5314 tempora
3732 5247 3922 5300 discer-

2375 5323 2583 5383 nentis;
2616 5332 2672 5373 ut
2702 5321 2902 5388 reliqua
2936 5318 3092 5389 hujus
3137 5318 3496 5388 cbronologia:
3530 5319 3761 5373 absurda
3786 5332 3919 5386 pra--

2379 5401 2665 5444 ῑρπυίιιιιυε.

2453 5569 2519 5637 (e)
2552 5568 2688 5620 Psal.
2717 5584 2787 5629 cr,
2812 5566 2899 5619 28.

2447 5634 2514 5704 (Ii)
2544 5638 2696 5691 Joan.
2728 5655 2844 5698 vm,
2890 5634 2985 5699 12;
3014 5651 3123 5700 XIV,
3152 5634 3213 5700 6;
3245 5652 3293 5701 Χ,
3322 5635 3373 5689 9.

2446 5715 2514 5777 (g)
2548 5707 2697 5763 Joan.
2730 5726 2764 5775 ι,
2795 5709 2846 5764 ’5.
