4066 6314
530 395 901 454 EXCERPTA
943 392 1031 445 EX
1071 388 1270 444 ACTIS
1306 387 1361 442 S.
1385 382 1623 440 BASILII
1666 366 2434 433 BOLLANDIANS.——VITA.
2465 358 2880 419 APOCRYPIIA

3138 368 3321 409 CCXCII

131 518 309 584 divisit,
348 516 580 585 fecitque
607 524 663 568 ut
687 514 836 569 arida
863 516 1181 581 appareret;
1208 503 1464 570 secunda,
1498 502 1662 555 hocce
1689 504 1738 561 Α
1765 493 1977 557 είῐυάὶι,
2009 501 2167 560 teque
2221 489 2289 541 ab
2316 495 2497 539 errore
2540 480 2768 551 plurium
2801 476 3025 530 deorum
3064 472 3113 525 in
3141 470 3324 540 cogni~

132 613 531 672 ﬁrmamentum,
564 607 707 676 quod
742 603 900 673 capiti
938 598 1305 670 supereminet
1334 636 1347 661 ,
1382 591 1657 654 condidit;

135 704 285 772 prima
310 700 559 767 denique,
585 696 778 752 emtum
802 702 857 748 et
886 702 1082 747 terram
1108 687 1323 744 deduxit
1344 686 1395 738 in
1419 693 1661 736 naturam

132 808 287 846 rerum
314 809 326 855 ;
364 791 491 847 fecit
541 792 711 845 lucem
740 829 753 852 ,
784 788 926 841 diem
959 783 1176 845 statuit,
1209 779 1414 834 initium
1461 786 1665 842 tempo-

135 899 236 937 rum
283 882 541 937 deﬁnivit.
577 881 634 935 Si
682 880 847 949 igitur
881 885 967 931 est
991 882 1261 935 creatura,
1313 868 1389 921 illi
1445 865 1665 933 assigna

133 986 319 1046 tempus
346 994 360 1041 ;
392 985 554 1042 atque
580 974 652 1026 ita
674 972 861 1027 eodem
885 983 1004 1023 cum
1024 964 1220 1021 creatis
1242 960 1438 1015 habeto
1458 955 1662 1011 ordine.

136 1068 249 1122 Nam
277 1068 415 1136 quod
446 1067 562 1119 sine
590 1073 831 1133 tempore
855 1069 981 1125 est,
1022 1059 1316 1110 increatum
1355 1058 1476 1113 est;
1526 1046 1668 1116 quod

133 1174 241 1213 vero
262 1169 337 1211 est
359 1160 561 1226 absque
591 1155 871 1227 principio,
889 1162 1142 1206 aeternum
1170 1155 1251 1199 est
1282 1162 1296 1198 :
1326 1140 1471 1196 solus
1489 1145 1667 1190 autem

136 1248 255 1303 Deus
276 1258 356 1303 est
380 1225 639 1312 aeternus,
666 1246 861 1301 deitate
896 1236 1237 1308 inseparabili
1267 1235 1319 1289 in
1354 1232 1523 1286 tribus
1546 1225 1665 1281 sub-

135 1340 375 1394 sistentiis
407 1360 418 1393 :
452 1350 580 1394 sunt
616 1353 745 1408 ergo
773 1336 874 1389 tria
896 1343 1102 1394 sancta,
1130 1330 1232 1383 tria
1266 1323 1425 1381 simul
1457 1326 1664 1381 sancta,

137 1434 222 1486 tria
261 1443 458 1486 aeterna
492 1470 509 1496 ,
544 1431 642 1484 tria
674 1436 938 1484 coaeterna
968 1466 983 1491 ,
1018 1423 1118 1477 tria
1163 1409 1665 1475 consubstantialia,

136 1522 219 1575 tria
247 1520 477 1576 eﬁicacia
502 1558 519 1583 ,
547 1519 645 1571 tria
675 1514 1039 1579 subsistentia,
1069 1511 1172 1567 sibi
1206 1509 1434 1562 invicem
1462 1498 1673 1556 coexsi-

136 1612 329 1667 stentia.
365 1610 606 1663 Vocatur
652 1607 766 1662 htec
792 1604 1029 1658 Trinitas
1063 1608 1283 1663 sancta;
1323 1610 1429 1651 una
1463 1594 1675 1648 harmo-

138 1706 230 1766 nia,
263 1717 363 1755 una
390 1701 588 1765 deitas,
616 1699 852 1765 eiusdem
875 1694 1144 1756 essentite,
1174 1690 1413 1761 ejusdem
1442 1683 1672 1746 virtutis,

138 1794 353 1863 ejusdem
398 1789 716 1846 substantiae
766 1803 829 1842 ac
881 1795 1087 1840 natum
1119 1779 1351 1837 :similis
1375 1790 1440 1830 ex
1471 1770 1671 1835 simili,

144 1841 375 1953 m’qualem
403 1841 832 1939 Pa—ti‘islle—t'Filii
874 1889 929 1933 et
958 1877 1193 1946 Spiritus
1229 1870 1405 1927 sancti
1444 1865 1673 1937 gratiam
1705 1841 1749 1897 Β

143 1976 341 2043 faciens,
370 1991 536 2031 unam
585 1971 970 2033 substantiam,
999 1981 1162 2021 unam
1191 1964 1468 2025 deitatem,
1512 1971 1675 2013 unam

142 2069 541 2123 dominationem
573 2107 588 2131 ,
618 2076 780 2117 unam
805 2059 1160 2124 voluntatem,
1214 2068 1380 2109 unum
1426 2063 1675 2121 regnum,

141 2174 277 2211 unam
316 2156 635 2217 Ecclesiam,
670 2166 831 2207 unam
863 2149 1043 2215 ﬁdem,
1073 2162 1236 2202 unum
1272 2144 1559 2213 baptisma.
1585 2138 1679 2193 Est

142 2252 214 2304 hic
239 2250 367 2303 Deus
398 2248 777 2300 universorum
806 2260 819 2297 :
849 2242 936 2297 hic
967 2239 1169 2295 Christi
1196 2237 1377 2302 Pater,
1408 2235 1497 2289 hic
1523 2232 1680 2287 Jesus

145 2342 360 2393 Christus
398 2353 579 2392 :unus
620 2337 709 2391 ille
751 2336 816 2390 de
869 2342 1055 2389 sancta
1093 2330 1356 2383 Trinitate
1391 2345 1403 2380 :
1450 2326 1541 2379 hic
1593 2323 1680 2377 ille

145 2430 217 2497 qui
250 2429 520 2481 descendit
548 2436 602 2483 et
630 2424 872 2481 ascendit
906 2464 920 2490 ,
968 2422 1168 2492 quique
1199 2417 1451 2475 considet
1505 2414 1679 2479 Patri,

147 2535 226 2573 nec
259 2530 536 2589 separatur
570 2536 598 2573 a
622 2519 802 2573 nobis.

206 2631 223 2665 ι
254 2612 296 2667 Is
348 2614 562 2667 animos
601 2621 815 2667 nostros
845 2608 1154 2664 custodiens
1180 2646 1195 2670 ,
1226 2619 1376 2676 spem
1436 2610 1680 2657 nostram

148 2706 493 2761 inconcussam
526 2704 765 2759 servavit
817 2710 871 2755 et
931 2699 1316 2763 immortalem,
1349 2696 1618 2763 simulque
1652 2707 1680 2745 a

151 2800 348 2852 ntortuis
377 2796 617 2866 peccatis
653 2796 717 2847 ad
756 2793 1031 2847 caelestem
1072 2791 1242 2859 ipsius
1283 2788 1509 2859 gloriam
1538 2786 1683 2839 leva-

152 2893 237 2955 vit,
260 2891 613 2958 dignatusque
641 2885 743 2938 fuit
771 2924 788 2942 .
818 2894 875 2938 ut
904 2885 956 2937 in
988 2883 1219 2937 nubibus
1245 2922 1259 2947 ,
1294 2881 1348 2935 in
1401 2892 1681 2935 occursum

150 2986 246 3052 ejus
271 2982 539 3051 rapiamur
587 2980 638 3033 in
696 2992 911 3043 aerem;
951 2985 1248 3044 nostraque
1297 2973 1512 3029 nomina
1547 2970 1685 3023 libro

154 3079 254 3130 vitae
280 3074 563 3143 ascripsit;
592 3072 843 3141 prmstitit
867 3084 1015 3136 vero,
1048 3078 1107 3122 ut
1137 3068 1191 3121 in
1222 3082 1343 3122 eum
1376 3064 1683 3126 credamus,

152 3170 225 3237 qui
254 3185 280 3221 a
311 3168 537 3221 mortuis
565 3165 836 3227 surrexit,
876 3164 1047 3230 ipsum
1099 3169 1275 3213 autem
1309 3160 1374 3213 de
1412 3158 1565 3211 cmlis
1592 3171 1687 3210 ex-

152 3270 441 3327 spectemus,
478 3260 571 3322 qui
610 3270 823 3311 sursum
856 3268 977 3307 cum
1015 3251 1176 3305 Patre
1208 3259 1331 3315 est,
1366 3256 1421 3301 et
1458 3247 1545 3300 hic
1601 3252 1687 3297 est

154 3353 400 3407 nobiscum
433 3392 449 3416 ,
480 3350 579 3420 qui
619 3350 877 3419 cujusque
926 3345 1191 3400 actionem
1246 3351 1300 3398 et
1339 3340 1461 3395 ﬁdei
1523 3338 1686 3393 robur

154 3446 288 3501 videt.
344 3445 448 3501 Nec
476 3444 619 3500 enim
652 3483 667 3506 ,
728 3442 852 3511 quia
886 3441 1035 3493 abest
1070 3450 1235 3491 carne
1261 3477 1275 3500 ,
1324 3434 1525 3488 idcirco
1579 3447 1685 3486 non

155 3552 441 3605 prtesentem
487 3533 885 3591 existimaveris
914 3548 927 3594 ;
972 3532 1123 3584 adest
1158 3529 1302 3581 enim
1339 3527 1548 3581 medius
1578 3526 1685 3594 spi-

158 3631 260 3692 ritu,
288 3631 507 3683 audiens
538 3642 659 3694 quae
693 3626 757 3678 de
780 3624 895 3690 ipso
924 3621 1085 3675 verba
1108 3618 1474 3687 proferuntur,
1502 3618 1689 3669 videns

164 3730 260 3772 tuos
291 3719 449 3772 animi
483 3730 699 3779 sensus,
738 3723 896 3781 atque
928 3710 1089 3766 corda
1118 3719 1172 3763 et
1202 3723 1360 3763 renes
1395 3717 1641 3761 scrutans
1672 3722 1685 3757 :

157 3810 229 3875 qui
262 3812 415 3863 etiam
447 3808 612 3864 modo
642 3814 920 3877 promptus
956 3812 1056 3870 est,
1091 3814 1148 3858 ut
1176 3810 1228 3857 et
1258 3818 1355 3857 nos
1397 3812 1691 3869 omnesque

159 3904 390 3967 homines,
420 3903 512 3971 qui
540 3908 858 3955 erraverunt
885 3907 940 3952 et
987 3896 1280 3965 poenitent,
1313 3894 1458 3948 Patri
1502 3893 1694 3949 offerat

162 4011 237 4060 per
277 4011 483 4049 sacrum
544 3992 856 4061 baptisma,
909 3990 1159 4056 dicatque
1219 4001 1233 4039 :
1294 3985 1430 4039 Ecce
1486 4000 1584 4054 ego
1639 3995 1694 4038 et

161 4088 303 4152 pueri,
331 4103 463 4156 quos
511 4084 644 4137 mihi
697 4082 838 4136 Deus
872 4080 1057 4146 dedit,
1086 4078 1171 4132 cui
1200 4077 1366 4147 gloria
1393 4076 1445 4132 in
1474 4076 1691 4131 saecula.

162 4180 321 4231 Amen.

220 4290 235 4322 t
266 4270 335 4325 En
372 4270 462 4324 tibi
518 4268 675 4323 trado
708 4265 863 4319 ﬁdem
900 4305 915 4329 ,
973 4276 1134 4332 quam
1168 4260 1451 4315 ediderunt
1483 4270 1536 4314 et
1590 4273 1695 4314 una

162 4378 266 4417 voce
308 4364 533 4420 confessi
569 4370 693 4417 sunt
721 4359 890 4414 sancti
946 4356 1154 4419 Patres,
1183 4356 1272 4423 qui
1303 4352 1534 4407 Nicaeam
1569 4368 1697 4407 con-

163 4469 411 4511 venerunt.
461 4479 478 4509 ο
516 4455 757 4510 Eubulus
788 4461 965 4504 autem
997 4450 1169 4501 dixit:
1204 4467 1221 4498 t
1260 4445 1303 4501 Ο
1334 4445 1514 4509 Basili,
1536 4445 1699 4499 coele—

164 4550 243 4603 stis
292 4553 496 4615 doctor,
549 4548 831 4603 Trinitatis
895 4551 1278 4613 propugnator,
1335 4538 1448 4609 pari
1504 4536 1698 4592 robore
1728 4570 1772 4624 Β

163 4660 339 4713 praeco;
376 4661 468 4714 per
496 4652 553 4697 te
587 4642 747 4695 credo
773 4642 823 4694 in
860 4653 1020 4693 unum
1046 4634 1212 4689 Deum
1251 4634 1695 4702 omnipotentem,

166 4748 208 4789 et
235 4754 340 4807 qua:
381 4743 722 4806 sequuntur;
771 4742 1026 4800 exspecto
1059 4728 1509 4783 resurrectionem
1552 4741 1695 4779 mor-

166 4837 378 4891 tuorum,
443 4839 496 4881 et
555 4826 717 4879 vitam
766 4821 976 4874 venturi
1030 4818 1230 4874 saeculi.
1277 4819 1469 4871 Amen.
1520 4816 1695 4884 Opere

165 4933 316 4977 autem
350 4924 441 4978 tibi
474 4921 704 4976 ostendo
741 4916 898 4970 fidem
930 4956 943 4979 ,
1006 4929 1122 4983 qum
1148 4921 1231 4965 est
1276 4912 1328 4963 in
1364 4926 1448 4964 me
1477 4928 1491 4963 :
1526 4911 1699 4964 omni-

168 5015 343 5083 busque
393 5016 528 5068 meis
599 5008 941 5065 facultatibus
987 5006 1039 5058 in
1092 5004 1342 5059 manibus
1378 5002 1482 5055 tuis
1532 5002 1694 5065 datis,

167 5107 353 5160 residuo
383 5105 502 5157 vita:
520 5117 657 5156 meae
682 5110 941 5169 tempore,
974 5099 1017 5151 si
1047 5097 1300 5165 placitum
1329 5093 1380 5145 in
1409 5103 1696 5159 conspectu

171 5196 244 5252 Dei
272 5198 420 5253 fuerit
448 5240 462 5264 ,
505 5204 684 5249 tecum
718 5208 831 5254 ero,
866 5199 1113 5258 suscepta
1175 5184 1581 5257 regeneratione
1634 5201 1699 5237 ex

172 5304 285 5356 aqua
312 5305 361 5347 et
381 5291 589 5360 Spiritu
609 5292 816 5338 sancto.
852 5301 868 5333 ι
892 5285 1173 5336 Aitautem
1194 5277 1422 5333 Basilius
1452 5295 1463 5329 :
1490 5294 1507 5326 ε
1532 5274 1702 5328 Bene-

174 5382 317 5437 dictus
366 5383 628 5439 Dominus
681 5376 819 5430 Deus
848 5386 1052 5441 noster,
1089 5373 1282 5427 amodo
1318 5380 1374 5425 et
1425 5384 1590 5437 usque
1646 5368 1697 5420 in

174 5473 386 5525 saxulum
414 5512 428 5535 ,
457 5488 489 5526 ο
518 5465 747 5529 Eubule,
780 5464 869 5534 qui
912 5464 1089 5517 lumen
1140 5475 1324 5515 verum
1370 5461 1531 5513 menti
1599 5466 1699 5509 tua:

207 5654 331 5727 dii)
350 5653 607 5727 Libanius
631 5650 830 5727 impius
858 5644 1230 5727 idololatratet
1254 5660 1421 5711 usque
1448 5642 1511 5727 ad
1545 5642 1701 5722 ﬁnem

181 5722 276 5773 "lla:
311 5712 548 5789 pertinax
594 5724 645 5774 in
676 5712 770 5773 sua
814 5720 1106 5789 impietate,
1133 5714 1175 5765 si
1196 5714 1391 5789 _jnrar_c
1427 5712 1699 5789 voluisset,

182 5803 262 5838 non
288 5779 371 5849 μ’«τι-
391 5796 629 5845 divinant
661 5779 1077 5845 I‘rm-idciitiam,
1116 5784 1206 5835 SCtl
1231 5798 1322 5845 per
1346 5782 1552 5837 Jovem,
1576 5779 1701 5829 For-

184 5863 372 5913 tunnn.
417 5874 499 5914 aut
558 5856 836 5929 gcntilium
889 5854 1105 5906 deorum
1161 5852 1385 5917 aliquem
1439 5850 1693 5911 jm'usset.

1767 588 1966 641 tionem
1996 576 2383 637 misericordia
2410 588 2519 627 suae
2562 569 2861 625 transtulit.
2885 565 2961 618 Ex
2989 579 3096 633 quo
3124 571 3325 624 autem,

1768 692 1824 735 ut
1844 678 2043 740 dixisti,
2070 688 2279 727 mecum
2310 681 2428 722 esse
2460 665 2540 717 vis
2564 703 2578 728 ,
2611 660 2888 716 ostendam
2915 656 3011 710 tibi
3061 650 3329 722 quomodo

1770 774 1926 829 saluti
1961 780 2157 825 nostrae
2187 762 2587 835 provideamus,
2620 772 2649 809 a
2704 750 2884 808 saeculi
2914 748 3071 815 hujus
3103 743 3331 800 vinculis

1772 863 1944 919 liberi.
1986 859 2365 916 Venundemus
2405 854 2585 919 itaque
2617 856 2797 902 nostra
2838 841 3039 905 omnia,
3070 848 3124 892 et
3149 836 3332 892 confe-

1772 967 1952 1010 ramus
1987 952 2039 1005 in
2075 961 2269 1019 egenos
2303 964 2317 999 :
2355 946 2540 1013 sicque
2588 942 2798 994 demunt
2824 936 2892 991 ad
2924 941 3164 990 sanctam
3195 928 3328 983 civi-

1773 1055 1937 1101 tatem
1964 1050 2271 1113 pergentes,
2302 1036 2537 1103 factique
2569 1031 2668 1101 ipsi
2697 1033 3028 1097 inspectores
3050 1020 3333 1077 miraculo-

1774 1152 1894 1191 rum
1918 1148 2037 1204 quae
2069 1132 2175 1186 illic
2205 1131 2478 1191 visuntur,
2511 1133 2905 1190 consequemur
2929 1116 3175 1172 fiduciam
3196 1113 3333 1182 apud

1774 1203 1964 1280 Deum.
2004 1245 2023 1276 ι
2058 1224 2189 1277 Cum
2223 1220 2300 1275 sic
2321 1232 2449 1286 ergo
2477 1217 2637 1269 ambo
2662 1227 2749 1267 res
2769 1224 2894 1265 suas
2915 1208 3003 1278 ple
3030 1203 3336 1260 distribuis-

1773 1324 1913 1379 sent,
1943 1313 2162 1379 solaque
2201 1325 2265 1364 ex
2295 1309 2373 1361 eis
2405 1308 2713 1359 indumenta
2760 1299 3027 1369 baptismo
3076 1301 3335 1364 opportu-

1776 1421 1844 1460 na
1871 1403 2151 1462 emissent,
2185 1396 2607 1465 Hierosolymam
2658 1389 2885 1460 profecti
2918 1395 3062 1451 sunt,
3106 1397 3334 1439 conver-

1775 1506 1948 1552 tentes
1994 1495 2058 1548 ad
2106 1493 2385 1547 Dominum
2430 1487 2652 1540 multam
2700 1480 2976 1553 gentilium
3038 1474 3336 1533 multitudi-

1776 1605 1919 1645 nem.
1954 1606 1972 1637 ι

2409 1687 2631 1747 CAPUT
2658 1687 2722 1741 ll.

1851 1792 2134 1859 Susceptus
2158 1787 2449 1859 baptismus
2477 1822 2491 1846 ,
2516 1783 2856 1859 diaconatus,
2897 1775 3222 1855 episcopatus
3250 1784 3268 1821 :

2077 1846 2289 1912 Julia'ni
2320 1870 2480 1917 mors,
2509 1850 2711 1904 Libanii
2742 1846 3031 1901 conversio.

1845 1979 1980 2033 Cum
2004 1983 2183 2028 autem
2220 1968 2559 2026 Antiochiam
2593 1961 2983 2035 pervenissent,
3005 1957 3344 2012 diverterunt

1778 2069 1844 2125 ad
1870 2066 2139 2124 stabulum
2184 2061 2475 2132 quoddam.
2510 2056 2678 2110 Filius
2718 2066 2879 2122 porro
2904 2047 3205 2114 stabularii,
3232 2061 3331 2100 no-

1777 2163 1923 2218 mine
1972 2157 2315 2220 Philoxenus,
2353 2152 2407 2205 in
2452 2148 2619 2204 multa
2666 2145 2936 2200 anxietate
2979 2156 3089 2211 prae
3136 2138 3345 2195 foribus

1780 2252 2021 2310 sedebat.
2055 2249 2181 2303 Erat
2230 2254 2411 2300 autem
2438 2242 2527 2297 hic
2565 2236 2854 2307 discipulus
2896 2232 3107 2289 Libanii
3165 2230 3346 2301 sophi-

1780 2356 1896 2407 stre,
1922 2360 1952 2397 a
1975 2356 2080 2412 quo
2108 2353 2297 2394 versus
2328 2333 2546 2390 rlomeri
2572 2329 2819 2386 oratione
2843 2326 3015 2381 soluta
3045 2321 3346 2377 reddendos

1779 2441 2062 2503 acceperat
2092 2453 2104 2488 :
2128 2444 2300 2499 eoque
2335 2429 2387 2480 in
2426 2423 2591 2478 multa
2620 2420 2951 2475 constitutus
2979 2414 3269 2470 alllictione
3290 2422 3345 2463 et

1780 2502 1993 2584 consilii
2033 2524 2188 2593 inops
2209 2561 2223 2585 ,
2248 2519 2425 2575 tristis
2457 2513 2697 2571 dolebat.
2734 2509 3016 2566 Contuitus
3045 2520 3171 2562 eum
3193 2502 3349 2557 Basi-

1782 2621 1907 2687 lius,
1934 2618 2010 2673 ait
2040 2616 2105 2671 ad
2138 2615 2311 2685 ipsum
2346 2630 2361 2666 :
2399 2631 2417 2664 ι
2454 2611 2564 2665 Cur
2607 2610 2687 2663 sic
2728 2615 2958 2661 mmstus
2999 2619 3094 2668 es,
3121 2617 3154 2657 ο
3195 2604 3348 2670 juve-

1783 2713 1910 2765 nis?
1949 2730 1966 2762 ι
1993 2711 2061 2762 At
2098 2706 2187 2761 ille
2219 2723 2275 2759 ε(
2302 2714 2431 2770 una!
2450 2701 2581 2756 mihi
2606 2699 2833 2761 utilitas,
2866 2696 2913 2751 si
2943 2695 3133 2749 dixero
3154 2691 3289 2746 tibi?
3322 2709 3342 2743 ι

1785 2800 2027 2855 lnstante
2044 2808 2220 2850 autem
2256 2794 2475 2856 Basilio,
2497 2802 2548 2845 et
2602 2792 2720 2845 fore
2758 2788 3105 2858 promittente
3138 2792 3197 2837 ut
3217 2782 3349 2853 quid

1784 2892 2095 2960 prodesset,
2151 2887 2289 2940 dixit
2320 2884 2437 2948 ille,
2466 2892 2577 2937 tum
2604 2883 2922 2949 sophistatn,
2968 2887 3078 2930 tum
3116 2890 3344 2940 versus;

1788 2985 2036 3055 quodque
2064 2996 2126 3037 ea
2164 2992 2327 3033 causa
2371 2976 2551 3031 animo
2591 2974 2782 3027 anxius
2816 2978 2978 3024 esset.
3021 2968 3090 3021 At
3112 2965 3350 3019 Basilius

1788 3077 2020 3145 acceptis
2037 3073 2304 3136 versibus,
2328 3084 2513 3125 eorum
2537 3068 2699 3135 ccepit
2724 3062 3127 3117 translationem
3147 3057 3347 3111 dicere.

1790 3169 2021 3237 Stupens
2052 3180 2180 3220 vero
2208 3161 2419 3235 juvenis
2446 3200 2459 3223 ,
2494 3166 2546 3213 et
2573 3170 2738 3226 quam
2772 3152 3008 3206 maxime
3050 3150 3227 3211 laetus,
3259 3163 3349 3200 ro-

1789 3259 1948 3329 gabat
1976 3264 2034 3307 ut
2086 3255 2201 3308 haec
2230 3253 2435 3320 scripto
2488 3257 2823 3316 exponeret:
2854 3245 2899 3297 is
2941 3256 3101 3311 porro
3130 3237 3354 3294 solutio-

1790 3364 1911 3403 nem
1956 3344 2152 3414 triplici
2188 3342 2437 3396 versione
2462 3339 2700 3406 scripsit.
2733 3336 2876 3390 Puer
2901 3344 3078 3389 autem
3116 3330 3354 3398 suscepit

1792 3456 1980 3499 versus
2006 3440 2245 3510 gaudens
2271 3475 2285 3499 ,
2319 3443 2653 3504 pergensque
2690 3425 2923 3480 diluculo
2959 3426 3021 3477 ad
3047 3422 3350 3485 Libanium,

1794 3534 1957 3588 tradit
2004 3532 2051 3585 ei
2085 3543 2342 3583 versuum
2384 3522 2816 3581 translationem.
2851 3517 3145 3586 Accipiens
3173 3524 3353 3570 autem

1791 3624 2085 3687 Libanius,
2115 3632 2171 3675 et
2222 3634 2384 3687 super
2436 3614 2790 3670 translatione
2828 3609 3200 3665 vehementius
3260 3608 3356 3661 ad-

1791 3718 2020 3780 mirans,
2052 3714 2229 3769 dixit:
2263 3731 2281 3763 t
2320 3711 2421 3765 Per
2446 3708 2537 3760 Dei
2580 3706 2693 3775 (24)
2736 3703 3153 3771 providentiam,
3179 3698 3355 3752 nullus

1794 3809 1893 3861 aevi
1930 3805 2087 3873 lmjus
2141 3802 2437 3868 sapientum
2472 3795 2579 3848 tale
2608 3792 2737 3863 quid
2766 3798 2942 3860 potest
2972 3789 3353 3858 interpretari;

1794 3900 1937 3954 unde
1982 3911 2111 3965 ergo
2168 3896 2359 3947 horum
2412 3903 2581 3943 novus
2639 3884 2885 3940 artifex?
2941 3902 2961 3934 ι
3020 3882 3110 3935 Ait
3172 3879 3357 3935 adole-

1795 4003 1986 4046 scens:
2022 4006 2040 4039 ι
2078 3984 2399 4051 Peregrinus
2425 3981 2662 4051 quidam,
2691 3978 2910 4032 veniens
2939 3975 3054 4029 heri
3088 3974 3155 4028 ad
3178 3974 3357 4042 hospi-

1796 4082 1949 4145 tium,
1984 4093 2171 4135 eorutn
2222 4077 2352 4131 mihi
2409 4074 2729 4128 solutionem
2778 4067 3177 4139 promptissime
3228 4082 3360 4122 enu-

1798 4174 2013 4231 cleavit.
2058 4190 2076 4224 ›

1869 4266 2014 4321 Nihil
2046 4278 2169 4333 ergo
2192 4268 2477 4315 cunctatus
2504 4258 2781 4325 Libanius,
2802 4272 2961 4312 cursu
2983 4255 3047 4309 ad
3068 4252 3358 4321 hospitium

1800 4360 1948 4415 venit
1990 4376 2001 4409 :
2051 4368 2282 4423 cumque
2328 4352 2580 4407 Basilium
2623 4366 2746 4404 cum
2805 4347 3008 4403 Eubulo
3032 4346 3257 4401 vidisset
3308 4355 3363 4398 et

1803 4448 2139 4519 agnovisset,
2170 4446 2315 4500 velut
2346 4453 2517 4497 tactus
2542 4445 2607 4496 de
2628 4440 2764 4496 cosio
2802 4455 2899 4510 pro
2948 4441 3220 4508 insperato
3268 4436 3364 4490 ad-

1801 4551 1963 4597 ventu
1998 4539 2171 4593 factus
2217 4545 2317 4591 est.
2370 4533 2748 4604 Rogavitergo
2781 4542 2839 4585 ut
2890 4533 2941 4585 in
2971 4530 3185 4584 domum
3210 4541 3362 4581 suam

1806 4635 2167 4693 diverterent;
2206 4643 2268 4681 ac
2301 4627 2408 4680 voti
2436 4641 2674 4696 compos,
2704 4624 2896 4679 orabat
2943 4632 2999 4675 ut
3030 4621 3190 4675 etiam
3214 4619 3363 4673 cibos

1806 4726 2049 4784 conditos
2088 4731 2141 4777 et
2174 4721 2508 4776 delicatiores
2553 4725 2825 4773 sumerent
2858 4739 2867 4770 :
2904 4724 2960 4769 at
2998 4714 3071 4769 illi
3108 4726 3245 4780 pane
3305 4720 3361 4764 et

1806 4831 1940 4885 aqua
1967 4815 2174 4870 modice
2200 4812 2401 4877 satiati,
2434 4826 2530 4880 pro
2555 4824 2648 4864 sua
2686 4809 2772 4863 illa
2818 4817 2871 4863 et
2900 4806 3037 4878 apud
3074 4818 3167 4859 eos
3214 4802 3362 4857 obti-

1805 4919 1967 4963 nente
1994 4904 2406 4968 consuetudine,
2460 4901 2662 4971 gratias
2695 4908 2917 4969 egerunt
2951 4898 3059 4951 Deo
3092 4896 3369 4949 universo-

1807 5017 1922 5055 rum
1950 5012 2003 5055 et
2029 5001 2294 5055 bonorum
2326 4994 2587 5063 largitori.
2638 4994 2887 5046 Actutum
2919 5005 3049 5060 ergo
3080 4990 3241 5058 carpit
3270 4987 3357 5039 Li-

1808 5092 2003 5146 banius
2036 5106 2158 5144 cum
2193 5089 2296 5143 illis
2328 5086 2624 5154 disputare,
2653 5093 2708 5137 et
2738 5083 3009 5135 rhetorum
3044 5095 3212 5149 nugas
3229 5092 3367 5147 prte-

1812 5184 2077 5239 tendere:
2114 5192 2169 5234 at
2222 5179 2297 5234 illi
2350 5183 2743 5247 proposuerunt
2775 5186 3075 5228 sermonem
3128 5171 3193 5222 de
3239 5168 3365 5222 ﬁde.

1808 5276 2065 5330 Libanius
2096 5283 2274 5326 autem
2298 5273 2440 5326 dicta
2472 5267 2776 5336 percipiens
2797 5274 3153 5336 gustansque;
3178 5277 3196 5310 ι
3225 5258 3369 5314 Non—

1808 5368 1954 5429 dum,
2006 5366 2219 5435 inquit,
2268 5372 2349 5415 est
2395 5369 2605 5427 tempus
2646 5357 2805 5427 hujus
2860 5352 3059 5422 negotii
3096 5372 3106 5407 :
3144 5351 3371 5421 jubente

1811 5466 1986 5513 autem
2025 5456 2386 5519 Providentia,
2440 5466 2544 5506 non
2574 5460 2659 5507 est
2688 5451 2778 5520 qui
2814 5447 3049 5501 resistat.
3105 5444 3209 5499 Sed
3244 5445 3369 5514 quia

1819 5642 2007 5695 Exstat
2037 5641 2156 5709 ejus
2203 5640 2377 5693 oratio
2407 5639 2474 5692 de
2504 5637 2611 5689 vita
2638 5647 2731 5687 sua
2754 5633 2852 5709 ,_i_n
2888 5646 2990 5701 qua
3022 5628 3150 5683 nihil
3178 5627 3369 5709 divinae

1815 5697 2183 5772 Providentia),
2221 5710 2311 5760 sed
2342 5709 2520 5760 onmia
2563 5721 2678 5771 qua:
2729 5703 2827 5758 sibi
2881 5697 3190 5760 evenerant,
3229 5697 3366 5751 mala

1811 5791 1863 5834 ct
1898 5783 2056 5839 bona,
2092 5778 2337 5831 Fortuna:
2370 5776 2627 5829 attribuit.
