4086 6318
699 373 785 415 ccc
2049 353 2573 411 PROLEGOMENA.

703 476 992 543 plurimum
1026 471 1156 526 mihi
1189 470 1457 540 profuisti,
1491 488 1523 527 ο
1553 472 1738 538 Basili,
1769 490 1835 528 ne
1856 476 2015 528 etiam
2043 476 2263 542 juvenes
2292 479 2338 535 Α
2373 472 2556 533 sisset,
2586 468 2735 523 humi
2765 482 2824 523 se
2850 465 3056 533 jactat;
3089 474 3142 520 et
3185 481 3304 521 cum
3329 466 3590 538 iacrymis
3618 474 3675 522 et
3703 467 3917 525 clamore

696 567 791 637 qui
832 565 972 637 apud
1010 580 1094 621 me
1121 566 1424 622 educantur
1464 564 1660 635 alloqui
1710 581 1950 621 recuses.
1998 585 2017 616 ι
2061 567 2108 620 is
2136 582 2263 621 vero

699 659 843 715 nulla
898 672 1090 723 mora,
1130 665 1483 727 congregatos
1538 658 1658 713 illos
1712 658 1895 715 docuit
1932 658 2046 728 (25)
2074 660 2263 712 mentis

696 751 1019 808 munditiam
1047 751 1404 822 corporisque
1426 754 1737 822 apathiam;
1773 753 2019 808 decoram
2048 753 2263 807 habitus

690 845 1165 916 compositionem,
1220 846 1490 900 incessum
1541 846 1750 911 lenem,
1783 861 1969 900 vocem
1996 857 2263 915 tempera-

694 949 830 1004 tam,
863 937 1042 993 cibum
1066 946 1121 993 et
1153 947 1341 1008 potum
1375 937 1582 1007 absque
1606 938 2047 1007 perturbatione;
2080 954 2260 993 coram

690 1027 999 1086 senioribus
1024 1028 1323 1095 silentium,
1346 1043 1527 1083 coram
1554 1028 1971 1096 sapientioribus
1986 1030 2222 1084 auditum
2244 1048 2260 1097 ;

696 1136 825 1193 erga
850 1120 1157 1191 superiores
1176 1120 1561 1183 obedientiam,
1582 1132 1709 1190 erga
1740 1119 1977 1189 aequales
1996 1121 2263 1176 minores-

695 1228 800 1282 que
830 1212 1155 1269 charitatem
1196 1226 1300 1267 non
1367 1209 1669 1264 simulatam
1696 1226 1712 1265 :
1746 1224 1775 1265 a
1808 1212 1961 1267 vanis
1989 1220 2042 1265 et
2070 1226 2262 1265 carna-

695 1305 838 1361 Iihus
882 1304 1334 1374 negotiorumque
1383 1301 1821 1358 facessendorum
1854 1303 2114 1358 studiosis
2138 1304 2263 1359 abs-

696 1397 869 1463 trahi;
913 1412 1081 1467 pauca
1108 1396 1275 1466 loqui,
1304 1394 1471 1448 multa
1496 1409 1627 1449 vero
1662 1394 1934 1464 cogitare;
1998 1409 2106 1449 non
2140 1410 2262 1450 esse

695 1489 1016 1544 audaciores
1046 1502 1328 1551 sermone,
1361 1498 1469 1539 non
1499 1484 1835 1553 loquaciores
1861 1505 1875 1553 ;
1906 1502 2010 1541 non
2052 1501 2171 1541 esse
2194 1488 2261 1539 ad

698 1582 864 1634 risum
897 1580 1199 1650 praecipites
1225 1620 1239 1639 .
1298 1580 1501 1649 pudore
1543 1578 1853 1642 honestari;
1891 1593 1995 1633 non
2030 1578 2261 1648 colloqui

696 1668 977 1736 impudicis
1008 1668 1357 1731 mulieribus;
1413 1680 1531 1719 esse
1563 1666 1681 1718 visu
1710 1666 1966 1731 vultuque
1996 1664 2257 1727 demisso,

696 1760 879 1815 animo
924 1770 1102 1815 autem
1136 1773 1349 1813 sursum
1382 1769 1597 1824 erceto;
1650 1760 1835 1829 iugere
1869 1757 2257 1811 contradictio-

2368 565 2550 618 valido
2581 564 2791 634 signum
2827 561 2929 616 sibi
2966 559 3089 615 ﬁdei
3120 560 3343 613 revelari
3368 561 3631 630 poscebat
3660 578 3676 615 :
3707 576 3920 631 moxque

2370 672 2491 711 cum
2531 665 2766 710 tremore
2795 667 3021 722 surgens
3054 660 3235 706 vestes
3257 652 3427 718 exuit,
3443 668 3508 707 ac
3529 668 3655 709 cum
3676 654 3760 707 eis
3782 656 3923 723 plane

2368 746 2596 816 deponit
2623 755 2857 801 veterem
2891 742 3187 799 hominem.
3217 742 3310 796 Sic
3334 744 3545 799 demum
3599 745 3924 801 descendens

2368 840 2428 893 in
2458 854 2652 907 aquam
2685 878 2701 903 ,
2734 836 3057 906 precabatur
3090 850 3104 887 :
3136 845 3192 889 et
3216 835 3481 889 accedens
3510 837 3776 891 sacerdos
3814 850 3925 891 eum

2366 931 2665 1000 baptizavit
2712 929 2842 998 (26).
2879 928 2947 983 Et
2979 941 3107 982 ecce
3130 926 3312 995 fulgur
3356 926 3495 996 ignis
3518 928 3793 996 praefulsit
3834 930 3923 993 eis,

2367 1038 2698 1097 egressaque
2728 1037 2794 1077 ex
2826 1036 2893 1078 eo
2922 1022 3169 1078 columba
3200 1021 3253 1075 in
3304 1018 3595 1075 Jordanent
3625 1021 3925 1085 descendit,

2365 1133 2431 1173 ac
2479 1114 2695 1171 turbata
2724 1129 2863 1184 aqua
2892 1114 2943 1167 in
2970 1112 3167 1169 caelum
3202 1112 3432 1167 avolavit
3462 1128 3476 1165 :
3505 1112 3600 1181 qui
3628 1128 3763 1168 vero
3787 1122 3928 1167 asta-

2364 1210 2496 1263 bant
2519 1217 2758 1263 tremore
2782 1206 3039 1274 correpti,
3070 1207 3235 1261 Deum
3263 1203 3732 1275 glorificaverunt.
3769 1204 3928 1259 Porro

2367 1299 2621 1359 Basilius.
2651 1306 2907 1366 suscepto
2940 1294 3291 1364 baptismate,
3320 1296 3387 1351 de
3412 1310 3549 1365 aqua
3587 1295 3785 1360 exivit,
3818 1311 3925 1351 om-

2364 1406 2573 1462 nesque
2621 1392 2687 1445 ad
2749 1403 2936 1460 preces
2986 1388 3231 1445 hortatus
3280 1398 3381 1444 est.
3414 1390 3711 1443 Admirans
3759 1398 3927 1443 autem

2372 1483 2639 1537 Maximus
2669 1480 2854 1537 Basilii
2878 1479 3058 1546 fidem,
3088 1483 3447 1552 precibusque
3472 1497 3642 1551 super
3674 1496 3806 1535 eum
3856 1481 3931 1534 fu-

2362 1572 2459 1637 sis,
2484 1572 2901 1626 resurrectionis
2924 1569 3123 1626 Christi
3150 1572 3385 1627 vestibus
3412 1572 3605 1626 induit.
3633 1569 3933 1641 Baptizavit

2364 1672 2543 1717 autem
2601 1671 2656 1715 et
2702 1661 3005 1726 Eubulum,
3054 1662 3375 1732 tingensque
3422 1678 3582 1717 sacro
3631 1672 3927 1734 unguento,

2365 1754 2583 1809 tradidit
2625 1754 2891 1808 viviilcam
2954 1754 3409 1809 communionem.
3461 1752 3698 1822 Rogavit
3756 1766 3930 1812 autent

696 1868 814 1917 nes,
840 1868 946 1907 non
975 1851 1221 1921 persequi
1246 1852 1566 1922 dignitatem
1594 1848 1866 1919 magistri,
1892 1847 2043 1901 nihili
2079 1846 2257 1901 facere
2290 1830 2333 1887 Β
2367 1846 2597 1901 Basilius
2628 1846 2719 1899 Dei
2749 1845 3106 1908 sacerdotem,
3140 1855 3199 1899 ut
3223 1854 3547 1916 apprecante
3576 1846 3723 1913 ipso,
3755 1848 3929 1901 cibum

692 1942 837 2012 quod
865 1955 1052 1997 omnes
1084 1941 1317 1995 habeant
1346 1939 1563 2002 honori,
1609 1954 1707 1992 nec
1743 1938 2086 2007 proficientes
2111 1951 2257 2006 quae-

692 2049 816 2089 rere
866 2032 1157 2087 humanam
1218 2032 1434 2085 laudent
1491 2048 1505 2084 :
1560 2032 1703 2099 quod
1747 2030 1791 2083 si
1850 2028 1972 2098 quis
2020 2036 2255 2081 vestrum

688 2125 809 2181 aliis
864 2126 1027 2180 etiam
1103 2125 1360 2193 prodesse
1416 2133 1637 2192 potest,
1684 2137 1713 2175 a
1791 2121 1903 2175 Deo
1954 2118 2256 2175 mercedem

689 2224 972 2287 exspectet
1012 2224 1068 2270 et
1100 2226 1421 2271 aeternorum
1464 2216 1723 2269 honorum
1796 2210 2253 2274 vicissitudinem,

690 2312 745 2363 in
817 2308 1035 2365 Christo
1094 2306 1224 2363 Jesu
1305 2306 1531 2361 Domino
1605 2314 1810 2358 nostro.
1891 2301 1962 2357 iis
2028 2300 2263 2357 Basilius

689 2404 755 2453 ad
788 2399 1003 2455 Libanii
1059 2398 1356 2468 discipulos
1416 2395 1576 2449 dictis
1604 2434 1621 2461 ,
1670 2396 2030 2463 omnibusque
2077 2394 2256 2448 admi-

690 2491 889 2547 rationi
946 2490 1162 2544 habitus
1194 2527 1209 2552 ,
1253 2504 1357 2542 una
1400 2502 1522 2541 cum
1551 2487 1756 2542 Eubulo
1804 2495 2125 2542 prosecutus
2175 2496 2259 2539 est

691 2580 814 2635 iter.

760 2671 894 2725 Cum
936 2670 1117 2739 itaque
1144 2669 1573 2740 Hierosolymam
1594 2670 1985 2738 pervenissent.
2015 2680 2259 2721 omnem-

690 2776 795 2831 que
829 2760 1007 2815 iocum
1034 2777 1249 2815 sacrum
1291 2760 1394 2815 Iide
1425 2768 1479 2813 et
1507 2761 1777 2814 desiderio
1814 2759 2255 2830 perlustrassent,

691 2864 740 2902 t-t
774 2853 827 2903 in
876 2851 954 2904 eis
1008 2851 1171 2905 Deum
1207 2853 1295 2920 qui
1350 2859 1435 2905 est
1479 2866 1640 2918 super
1670 2853 1847 2905 omnia
1897 2853 2253 2915 adorassent;

695 2936 967 2993 manifesti
1020 2950 1144 2994 sunt
1191 2941 1443 3009 episcopo
1470 2941 1730 3003 civitatis,
1758 2941 1974 2996 nomine
2003 2940 2256 2996 Maximo.

695 3031 833 3084 Huic
889 3045 1016 3083 vero
1074 3032 1420 3092 accedentes,
1466 3033 1873 3097 postulaverunt
1916 3042 1974 3085 ut
2024 3032 2256 3085 divinam

693 3122 1151 3193 regenerationem
1193 3120 1246 3175 in
1286 3120 1524 3177 Jordane
1563 3121 1724 3175 fluvio
1770 3122 1959 3177 liceret
1983 3124 2257 3192 consequi.

691 3213 793 3269 Eos
818 3213 901 3265 vir
927 3213 1013 3267 ille
1035 3226 1256 3269 sanctus
1282 3214 1370 3267 ubi
1398 3213 1585 3282 plenos
1614 3212 1717 3267 ﬁde
1766 3211 1992 3269 vidisset
2018 3254 2033 3280 ,
2068 3212 2253 3283 implet

693 3318 926 3374 ipsorum
952 3306 1290 3374 petitionem,
1354 3308 1624 3375 sociisque
1650 3306 1899 3360 ﬁdelibus
1928 3306 2083 3373 viris,
2109 3308 2252 3365 venit

694 3397 758 3451 ad
797 3394 1105 3451 Iordanem.
1148 3395 1279 3452 Cum
1321 3413 1448 3453 vero
1486 3397 1720 3453 Basilius
1770 3399 1837 3453 ad
1870 3399 2038 3468 ripam
2072 3415 2255 3457 acces—

767 3576 879 3645 ('25)
913 3577 1058 3639 llaec,
1088 3588 1141 3630 et
1172 3591 1289 3643 qua:
1310 3585 1633 3644 sequuntur,
1661 3575 1864 3644 optima
1891 3583 2038 3645 sunt,
2063 3590 2125 3631 ac
2152 3577 2256 3629 Ba-

696 3644 819 3702 silio
849 3644 1007 3717 digna
1033 3662 1049 3700 :
1078 3648 1171 3701 sed
1196 3661 1382 3717 parum
1407 3656 1530 3715 apte
1563 3655 1934 3714 proponuntur
1966 3644 2256 3717 juvenibus

696 3716 950 3779 ethnicis,
970 3717 1215 3784 quamvis
1247 3716 1580 3787 phiIOSOphis
1610 3735 1623 3770 :
1656 3730 1779 3769 nam
1802 3731 1868 3769 ex
1907 3730 2093 3770 eorum
2116 3716 2257 3786 prin-

702 3787 859 3857 cipiis
892 3791 1007 3842 erui
1049 3804 1152 3841 non
1184 3797 1428 3857 possunt.

773 3856 887 3926 (26)
916 3859 1120 3921 Quaerit
1166 3855 1548 3921 Comhelisius,
1599 3871 1697 3911 cur
1752 3855 2004 3923 Basilius,
2063 3857 2151 3925 pie
2202 3870 2264 3910 ac

706 3934 890 3980 sancte
920 3928 1180 3981 educatus
1206 3944 1232 3979 a
1262 3929 1575 3993 parentibus
1608 3939 1661 3979 et
1704 3930 1822 3978 avia
1854 3928 2109 3991 Macrina,
2142 3937 2263 3980 tan-

706 3998 795 4049 diu
830 3997 1154 4065 baptismum
1204 3998 1473 4066 distulerit
1504 4011 1518 4049 :
1560 4008 1667 4049 tum
1714 4007 2073 4066 congruentes
2104 4012 2267 4065 quas-

709 4070 831 4119 dam
887 4070 1121 4121 rationes
1161 4065 1337 4129 aiiert,
1367 4069 1436 4122 ob
1486 4082 1619 4136 quas
1652 4066 1702 4119 id
1756 4065 1868 4119 ﬁeri
1897 4067 2146 4132 potuerit.
2205 4066 2270 4120 Et

712 4150 897 4191 revera
934 4138 1239 4206 grandioris
1279 4138 1456 4192 forsan
1503 4137 1678 4189 aetatis
1705 4145 1844 4196 erat,
1871 4136 2268 4206 cumgbaptiza—

710 4219 793 4257 tns
820 4218 903 4261 est
933 4204 957 4260 Ξ
980 4210 1070 4261 Sed
1100 4223 1205 4259 non
1246 4208 1297 4261 in
1326 4208 1576 4263 Jordanc.
1612 4208 1723 4275 Ego
1744 4208 1887 4259 enim
1920 4206 1970 4257 in
2008 4204 2127 4259 Vita
2152 4206 2265 4259 Ba-

708 4279 835 4341 silii,
864 4281 1039 4346 capite
1072 4278 1265 4346 primo,
1300 4287 1352 4330 ct
1375 4288 1588 4345 quarto,
1625 4278 1793 4345 ipsius
1817 4276 2263 4346 sanctirteslimo-

709 4349 802 4402 nio
828 4345 1039 4401 ostendi
1069 4345 1083 4409 ,
1109 4363 1232 4401 cunt
1286 4363 1387 4401 non
1437 4363 1465 4397 a
1499 4346 1728 4401 Maximo
1769 4345 2261 4415 Hierosolymorum

709 4418 962 4485 episcopo
993 4416 1320 4482 baptizatum
1375 4419 1425 4469 in
1456 4415 1707 4478 Jordane,
1739 4419 1831 4470 sed
1863 4418 1913 4469 in
1945 4416 2115 4483 patria
2165 4432 2260 4469 sua

708 4488 967 4542 Czesarea:
995 4502 1024 4539 a
1068 4486 1256 4540 Dianio
1280 4530 1292 4547 .
1352 4488 1507 4540 istius
1557 4489 1704 4541 urbis
1739 4488 2010 4553 episcopo,
2038 4495 2133 4538 aut
2160 4488 2263 4537 sal-

712 4566 818 4609 tvm
848 4569 970 4612 ante
999 4558 1368 4627 epismpatutn
1400 4570 1705 4627 susceptum
1739 4555 2261 4627 presbyteroAdeo-

712 4642 815 4695 que
877 4625 1203 4696 baptismum
1238 4626 1415 4679 Basilii
1454 4625 1989 4695 Hierosolymilanum
2012 4668 2025 4689 ,
2057 4640 2261 4679 merum

710 4712 829 4750 esse
854 4697 1445 4766 pseudo-Amphilochii
1486 4708 1869 4750 commentum.
1894 4696 1959 4749 Et
1983 4706 2263 4766 propterea

713 4768 933 4847 minime
959 4782 1181 4848 necesse.
1197 4779 1280 4822 est
1305 4768 1440 4848 aliis.
1465 4769 1623 4837 hujus
1651 4768 1900 4836 baptismi
1934 4766 2267 4837 explicandis

712 4840 1134 4892 circumstantiis
1173 4840 1465 4891 immorari.

786 4907 898 4978 (‘27)
932 4908 1086 4962 Hunc
1116 4908 1289 4963 iocum
1315 4909 1382 4960 ita
1419 4909 1801 4976 interpretatus
1828 4917 1914 4962 est
1939 4906 2111 4978 Ursus
2141 4908 2267 4962 sub-

714 4976 972 5033 diaconus
1000 4980 1139 5045 apud
1187 4978 1544 5046 Bosvvcydum
1577 4996 1633 5033 :s
1666 4979 1731 5032 Et
1766 4978 1973 5047 rogavit
2007 4976 2263 5031 Basilium

715 5050 808 5101 Dei
838 5048 1110 5109 sacerdos,
1145 5059 1259 5112 post
1290 5052 1589 5117 orationem
1622 5064 1838 5102 sumere
1875 5050 2050 5101 cibum
2078 5066 2092 5101 :
2126 5050 2265 5117 quod

712 5134 763 5171 et
802 5117 947 5186 fecit,
978 5120 1161 5173 dicens
1184 5136 1196 5171 :
1217 5118 1438 5172 Domine
1474 5115 1599 5170 Jesu
1626 5119 1855 5181 Christe,
1888 5118 2031 5171 Deus
2062 5115 2265 5181 noster,

714 5190 786 5241 ita
818 5194 981 5245 credo
1013 5189 1338 5257 evangelicae
1372 5189 1483 5242 voci
1523 5198 1623 5241 ttne
1653 5198 1706 5240 et
1737 5206 1891 5257 spero
1932 5191 1983 5241 in
2016 5190 2262 5256 benigni-

718 5268 824 5312 tate
846 5269 1032 5323 tua,ut
1055 5260 1385 5312 manducans
1409 5269 1461 5311 ct
1488 5258 1675 5312 bibens
1699 5260 1898 5312 vincam
1930 5259 2264 5314 resistentem

718 5331 871 5384 nobis
905 5330 1195 5395 diabolum,
1220 5330 1597 5397 cooperatioue
1623 5330 1853 5396 Spiritus
1893 5329 2065 5383 sancti
2102 5328 2195 5381 ttti.
2243 5348 2261 5381 ι

715 5398 906 5456 Nescio
926 5414 1049 5467 ego,
1086 5400 1171 5452 ubi
1206 5401 1257 5453 in
1288 5400 1577 5468 Evangelto
1611 5402 1867 5466 scriptum
1900 5402 1969 5452 sit
1993 5440 2007 5461 ,
2043 5400 2263 5452 mandu-

715 5473 892 5524 Cando
928 5480 983 5524 et
1016 5469 1245 5522 bibendo
1274 5472 1410 5523 vinci
1441 5468 1744 5533 diabolum;
1801 5472 1891 5522 sed
1938 5473 2094 5529 bene,
2128 5472 2265 5535 quod

717 5556 885 5607 genus
916 5538 1131 5609 aliquod
1189 5540 1569 5593 daemoniorum
1611 5556 1715 5592 non
1767 5541 2037 5609 ejiciatur,
2079 5540 2177 5593 nisi
2215 5543 2265 5593 in

717 5610 958 5665 «ratione
1006 5608 1061 5667 et
1094 5608 1317 5677 jejunio.
1375 5611 1547 5663 Credo
1592 5610 1772 5678 itaque
1818 5611 1997 5664 dicere
2040 5610 2270 5665 voluisse

722 5680 1465 5748 pseudo-Amphilochium,
1523 5680 1780 5747 frugalem
1836 5683 2076 5748 corporis
2134 5683 2268 5735 refc-

717 5754 949 5803 mionem
998 5766 1126 5821 quon
1183 5755 1371 5803 obesse
1416 5751 1806 5804 conlitlcutihus
1862 5753 1913 5805 ili
1948 5752 2135 5813 Deum,
2163 5766 2268 5821 quo

718 5820 1407 5877 nnnusdiabolumvincere
1427 5823 1649 5890 possint,
1722 5822 1893 5892 gratia
1944 5820 2259 5893 Spit-itusS.

2358 1938 2458 1994 sibi
2492 1938 2681 1994 liceret
2708 1952 2923 1993 sumere
2953 1955 2967 1993 :
3002 1937 3142 2006 quod
3188 1944 3244 1991 et
3305 1936 3561 1993 obtinuit.
3603 1934 3747 1990 Tum
3788 1938 3933 1993 Basi-

2359 2030 2461 2084 lius
2490 2048 2503 2083 :
2550 2048 2570 2082 (
2604 2028 2731 2083 Jesu
2761 2028 2973 2084 Christe
3003 2029 3145 2084 Deus
3180 2036 3384 2092 noster,
3408 2028 3572 2081 credo
3600 2029 3931 2097 evangelicae

2360 2122 2476 2175 voci
2507 2134 2628 2185 tuas,
2660 2132 2714 2176 et
2733 2136 2893 2191 spero
2926 2121 2979 2175 iu
3012 2129 3100 2176 tua
3126 2119 3371 2175 bonitate
3393 2118 3531 2192 (27),
3551 2123 3934 2176 manducando

2358 2221 2413 2265 et
2441 2212 2678 2268 bibendo
2708 2214 2973 2267 victurum
3004 2226 3089 2267 me
3124 2213 3501 2268 adversantem
3554 2214 3719 2269 nobis
3744 2214 3931 2270 diabo-

2361 2305 2471 2359 lum
2504 2304 2707 2359 auxilio
2743 2304 2977 2375 Spiritus
3027 2304 3221 2360 sancti.
3261 2325 3283 2358 ι
3315 2305 3546 2375 Stupens
3595 2317 3783 2363 autem
3840 2308 3930 2364 Dei

2358 2396 2612 2452 sacerdos
2656 2411 2818 2467 super
2869 2396 2974 2452 fide
3009 2397 3125 2467 ejus
3154 2440 3170 2465 ,
3205 2411 3452 2453 reversus
3510 2407 3589 2454 est
3635 2416 3764 2454 cum
3822 2400 3924 2455 illis

2360 2490 2412 2542 in
2469 2499 2714 2545 sanctam
2769 2490 3065 2544 civitatem.
3117 2491 3332 2545 Annum
3386 2506 3511 2545 vero
3560 2492 3637 2546 ibi
3693 2507 3933 2545 commo-

2361 2586 2511 2632 ratus
2563 2592 2685 2631 cum
2735 2578 2983 2644 Eubulo,
3015 2582 3286 2633 communi
3342 2580 3573 2636 consilio
3638 2582 3796 2637 venit
3822 2582 3931 2636 An-

2360 2668 2641 2724 tiochiam.
2682 2667 2850 2725 Porro
2895 2669 3128 2725 Basilius
3158 2685 3186 2723 a
3225 2668 3439 2725 Meletio
3487 2669 3631 2741 (28),
3688 2674 3931 2741 ejusdem

2364 2762 2516 2818 urbis
2546 2762 2834 2832 episcopo,
2869 2761 2935 2814 ad
2968 2760 3180 2816 diaconi
3228 2762 3472 2817 ordinem
3532 2774 3845 2831 promotus.
3876 2765 3935 2818 Ii-

2360 2853 2629 2923 brumque
2666 2852 2779 2923 (‘29)
2812 2853 3229 2909 Proverbiorum
3262 2852 3676 2924 interpretatus,
3697 2857 3935 2911 admira-

2362 2946 2494 3001 tioni
2526 2946 2645 3001 fuit.

2432 3036 2549 3090 Non
2590 3037 2762 3091 multo
2788 3046 2907 3107 post
2933 3036 3208 3105 profectus
3251 3045 3373 3101 est,
3406 3053 3509 3091 una
3538 3053 3664 3092 cum
3698 3038 3931 3107 Eubulo,

2366 3128 2417 3181 in
2448 3126 2822 3195 Cappadocum
2848 3129 3177 3194 provinciam
3201 3144 3215 3192 ;
3269 3144 3505 3200 cumque
3526 3130 3932 3187 Casareensem

2365 3218 2552 3272 urbem
2583 3228 2765 3272 essent
2792 3219 3085 3287 ingressuri
3115 3259 3131 3285 ,
3168 3220 3219 3272 in
3267 3222 3476 3277 visione
3506 3225 3689 3280 noctis
3722 3226 3931 3279 revela-

2363 3321 2475 3365 tum
2511 3318 2596 3365 est
2628 3308 2869 3376 ejusdem
2906 3318 3032 3362 tunc
3064 3309 3213 3362 urbis
3242 3310 3497 3379 episcopo
3524 3313 3641 3381 (30)
3664 3356 3679 3379 ,
3707 3314 3936 3370 Leontio

2372 3402 2587 3457 nomine
2616 3442 2630 3466 ,
2668 3403 2859 3457 horum
2902 3402 3201 3467 adventus;
3245 3401 3495 3470 quodque
3532 3404 3776 3461 Basilius
3816 3409 3932 3475 ejus

2437 3579 2549 3651 (28)
2610 3579 3165 3653 Basiliuntuunquam
3209 3582 3491 3636 diaconum
3551 3583 3721 3640 fuisse
3772 3598 3934 3653 negat

2363 3647 2735 3725 lict-manlius.
2761 3651 2829 3725 ob
2856 3647 3124 3725 silentium
3155 3652 3477 3725 Nazianzeni
3503 3674 3517 3720 ;
3556 3658 3646 3725 qni
3685 3669 3815 3711 ante
3845 3647 3933 3713 sa-

2367 3721 2689 3781 cerdotium,
2725 3720 2893 3771 solum
2944 3723 3186 3773 ordinem
3241 3732 3295 3774 et
3342 3720 3585 3778 uilicittm'
3607 3727 3830 3781 lectoris
3882 3730 3930 3782 ei

2372 3788 2641 3845 attribuit.
2695 3789 2853 3855 idque
2899 3789 2951 3840 in
3001 3787 3240 3843 Ecclesia
3272 3791 3623 3848 Cazsareensi.
3652 3796 3721 3849 Ut
3748 3808 3932 3853 autem

2371 3858 2674 3910 verosimile
2707 3872 2811 3909 non
2868 3867 2983 3928 est,
3013 3868 3254 3928 sanctum
3285 3872 3469 3914 contra
3503 3878 3739 3917 canones
3768 3906 3783 3928 ,
3844 3880 3936 3921 aut

2373 3928 2653 3981 transiisse
2684 3928 2751 3981 ab
2806 3942 2906 3981 una
2939 3927 3174 3981 Ecclesia
3210 3930 3273 3980 ad
3300 3931 3497 3996 aliam,
3554 3944 3648 3986 aut
3690 3927 3775 3989 ab
3815 3938 3926 3991 alio

2369 3997 3063 4073 gilallt-Ptjppl‘lo‘fEiSCOPO
3092 4000 3426 4073 _0rdinatum,
3463 4003 3533 4056 ita
3591 4020 3810 4073 quoque
3840 4022 3925 4061 est

2373 4067 2687 4123 incredibile
2720 4086 2747 4121 a
2779 4069 2985 4123 Meletio
3020 4069 3271 4137 episcopo
3294 4067 3631 4126 Antiocheno
3679 4067 3927 4131 creatum

2377 4137 2544 4209 fuisse
2575 4140 2857 4191 diacomtm
2896 4158 2908 4191 :
2939 4142 3183 4208 quamvis
3214 4143 3262 4194 id
3295 4142 3575 4209 scripserit
3599 4144 3854 4199 Socrates
3875 4160 3929 4199 et

2374 4206 2737 4282 bliccphorus;
2775 4209 2861 4263 hic
2889 4206 3102 4282 quidem
3137 4210 3276 4282 illius
3294 4206 3623 4282 auctoritate
3646 4216 3929 4282 deceptus.

2374 4276 2459 4330 ille
2487 4288 2663 4329 autem
2698 4279 3011 4348 synonymia
3048 4278 3270 4334 alterius
3293 4278 3501 4347 Basilii,
3522 4294 3709 4338 sancto
3730 4276 3930 4339 Joanui

2371 4349 2756 4415 Chrysostomo
2783 4348 3079 4401 familiaris.

2442 4417 2550 4490 (29)
2578 4417 2789 4490 Librum
2824 4415 3233 4473 Proverbiorum
3276 4419 3660 4490 interpretatus
3683 4436 3791 4488 est,
3820 4442 3933 4481 non

2370 4486 2665 4563 Antiochia:
2708 4489 3101 4563 diacon‘ustsed
3129 4490 3388 4563 Caesareae
3420 4486 3700 4563 presbyter
3734 4486 3931 4552 factus.

2441 4558 2563 4632 ('59)
2586 4558 2685 4613 Pro
2721 4558 2943 4612 Leontio
2977 4558 3146 4632 Ursu_s
3192 4561 3327 4627 apud
3370 4558 3725 4632 iioswcjdum
3772 4567 3938 4622 habet

2370 4626 2698 4681 Eusebium:
2741 4643 2921 4681 verum
2954 4645 3051 4698 pro
3101 4628 3354 4695 Eusebio,
3379 4626 3658 4686 Leontium
3696 4637 3938 4691 restituit

2368 4698 2723 4751 Combciisius
2749 4738 2765 4761 ,
2796 4709 2849 4752 et
2882 4700 2933 4751 in
2983 4701 3125 4753 hunc
3158 4700 3328 4752 locum
3382 4705 3453 4755 ita
3484 4716 3887 4763 commentatur
3919 4726 3933 4761 :

2373 4786 2391 4840 ᾳ
2430 4768 2716 4840 Leontium
2734 4770 3066 4823 restituimus
3100 4785 3161 4823 ex
3184 4772 3375 4840 duplici
3401 4772 3565 4839 itcgio
3598 4775 3785 4829 codice
3811 4794 3932 4828 ma-

2363 4838 2498 4906 joris
2523 4850 2576 4892 et
2602 4839 2721 4889 litlei
2753 4850 2803 4891 ct
2829 4840 3192 4907 antiquitatis;
3229 4838 3324 4895 nec
3353 4842 3458 4894 ulla
3486 4838 3717 4897 Hveritatc
3748 4847 3939 4900 censi-

2368 4909 2482 4971 siit,
2503 4910 2644 4976 quod
2663 4924 2783 4961 cum
2805 4910 3079 4978 impressis
3108 4912 3337 4965 habebat
3363 4912 3497 4967 alter
3519 4915 3685 4967 codex
3706 4934 3726 4965 ι
3764 4916 3936 4971 Euse-

2369 4978 2511 5032 bium
2549 4996 2562 5031 :
2595 4996 2631 5048 γι
2660 4989 2783 5032 ante
2809 4981 2962 5046 cujus
2982 4980 3343 5048 episcopatum
3384 4992 3599 5037 constat
3631 4984 3797 5038 fuisse
3823 4986 3935 5041 Ba-

2368 5050 2546 5102 silium
2574 5047 2849 5112 Czcsareze,
2882 5060 2937 5102 et
2962 5052 3114 5105 valde
3146 5047 3364 5115 uotum;
3402 5064 3459 5105 ut
3482 5054 3645 5107 etiam
3674 5056 3937 5113 diversu~

2372 5134 2482 5171 runt
2513 5120 2703 5171 studiis
2736 5121 2806 5173 sit
2838 5135 2935 5187 pro
2982 5136 3047 5175 eo
3081 5122 3220 5175 inter
3249 5124 3435 5177 ambos
3464 5132 3749 5189 certatum,
3782 5131 3936 5183 niui-

2372 5191 2565 5256 tisque,
2603 5205 2665 5242 ac
2695 5192 2959 5257 praecipue
3014 5191 3291 5247 monachis
3322 5232 3335 5253 ,
3368 5194 3432 5245 ad
3458 5208 3574 5248 eam
3604 5196 3789 5252 sedem
3839 5202 3938 5252 de-

2370 5260 2715 5335 poscentibus
2760 5259 3012 5335 Basilium
3040 5302 3055 5327 ,
3099 5276 3252 5335 cum,
3281 5264 3331 5335 vi
3377 5265 3607 5331 quadam
3671 5268 3934 5335 pupulari

2368 5330 2543 5403 eidem
2602 5330 2720 5403 iuit
2761 5330 3043 5403 przeiectus
3098 5330 3491 5394 Eusebius.’ut
3536 5348 3621 5387 res
3670 5330 3810 5403 peiie
3882 5340 3938 5393 in

2371 5401 2603 5476 schisnta
2638 5401 2864 5476 abierit,
2910 5404 3237 5476 vixqucipsi
3270 5403 3652 5476 suﬂ'ragatores
3675 5401 3938 5476 episcopi

2370 5482 2539 5522 ratam
2568 5471 2856 5524 habuerint
2883 5486 3033 5525 suam
3077 5472 3219 5525 illam
3268 5471 3584 5528 electiOnem
3619 5486 3673 5530 et
3704 5471 3939 5533 ordina-

2372 5542 2569 5593 tionem
2603 5558 2619 5613 _:
2656 5556 2717 5595 ac
2744 5556 2850 5595 uno
2874 5543 3148 5596 annitcnte
3191 5554 3341 5611 patre
3368 5543 3650 5613 Gregorio,
3680 5546 3896 5603 Nazian
3916 5580 3930 5591 -

2370 5624 2502 5663 zeno
2531 5610 2799 5687 episcopo.
2830 5627 2975 5687 φατε
3012 5610 3297 5687 admodum
3348 5610 3643 5687 obtinuerit
3680 5617 3790 5671 :de
3822 5636 3935 5687 qua

2370 5697 2427 5732 re
2467 5681 2643 5734 multis
2693 5682 2806 5749 ipse
2844 5680 2898 5735 in
2937 5680 3153 5737 Basilio.
3202 5682 3369 5737 Porro
3418 5685 3515 5737 fuit
3545 5686 3809 5744 Leontius
3842 5680 3938 5744 ille

2369 5751 2452 5801 vir
2497 5752 2826 5822 clarissimus
2856 5797 2867 5809 .
2907 5754 2972 5805 tlt'.
3002 5766 3109 5819 quo
3148 5753 3582 5822 Martyrologium
3620 5756 3934 5813 lioltianum

2377 5822 2439 5876 15
2486 5820 2721 5877 Januarii
2757 5841 2767 5877 :
2806 5842 2823 5875 ι
2860 5822 3118 5882 Ccesarete
3150 5825 3202 5881 in
3237 5820 3570 5894 Cappadoaa
3603 5828 3662 5897 ὃ,
3715 5829 3935 5887 Leontii
