4086 6318
662 368 795 405 CCCII

2029 362 2549 422 PROLEGOMENA.

666 485 824 538 l‘attc
856 486 1028 550 sedes,
1064 500 1116 543 et
1156 492 1239 544 hic
1270 492 1547 547 nobiscum
1577 494 1919 549 invisibiliter
1954 500 2218 563 versaris;

2341 490 2381 533 et
2408 483 2584 536 missa:
2614 484 2880 549 ordinem,
2938 483 3333 554 Dominicchue
3367 485 3762 541 communionis
3786 502 3865 540 ex-

665 587 718 626 et
753 578 973 645 dignare
1009 583 1211 646 potenti
1248 600 1407 636 manu
1440 594 1524 636 tua
1585 587 1739 640 nobis
1777 588 2033 656 impertiri
2067 607 2221 646 sacra

672 671 944 737 mysteria,
978 683 1031 726 et
1061 688 1155 740 per
1190 692 1287 728 nos
1317 678 1413 730 toti
1442 680 1653 746 p0pulo.
1701 699 1719 730 ι
1754 680 1989 737 Deinde:
2036 703 2052 734 ι
2089 684 2223 737 San-

668 770 752 812 cta
786 764 1008 816 sanctis.
1040 784 1056 813 ι
1092 765 1361 833 Populus:
1402 787 1420 817 ι
1470 768 1615 823 Unus
1649 770 1898 837 Sanctus,
1949 789 2086 828 unus
2120 776 2222 829 Do—

669 852 847 905 minus
871 852 1029 907 Jesus
1053 854 1320 920 Christus,
1347 859 1397 910 in
1426 858 1643 928 gloriam
1666 860 1758 914 Dei
1786 860 1978 916 Patris.
2000 863 2218 917 Amen.»

668 940 909 1011 Cumque
942 959 1131 1013 panem
1160 946 1432 1001 divisisset
1454 950 1503 1001 in
1548 959 1654 1004 tres
1682 961 1884 1020 partes,
1922 968 2080 1006 unam
2107 956 2225 1022 qni-

670 1035 789 1085 dem
856 1050 978 1088 cum
1037 1038 1205 1093 multo
1247 1041 1437 1094 timore
1469 1052 1522 1093 et
1558 1044 1905 1098 veneratione
1957 1046 2225 1112 sumpsit;

670 1124 892 1179 alteram
928 1142 1054 1179 vero
1076 1144 1177 1181 una
1220 1145 1400 1183 secum
1439 1134 1796 1201 sepeliendam
1820 1136 2053 1188 servavit
2092 1135 2225 1206 (34);

670 1220 882 1272 tertiam
928 1222 1156 1289 denique
1197 1223 1247 1274 in
1285 1223 1525 1279 columba
1560 1226 1671 1296 (55)
1710 1242 1872 1281 aurea
1900 1229 2222 1296 depositam,

672 1305 902 1374 desuper
924 1323 1140 1361 sacrum
1170 1310 1337 1365 altare
1375 1315 1671 1381 suspendit.

742 1397 975 1452 Eubulus
996 1413 1172 1457 autem
1199 1405 1393 1458 eteleri
1422 1409 1684 1473 princeps,
1718 1407 1878 1461 simul
1906 1416 2109 1462 stantes
2136 1424 2229 1477 pro

671 1482 758 1535 for
782 1484 880 1539 bus
910 1491 1115 1557 templi,
1146 1493 1397 1545 videbant
1424 1494 1473 1545 in
1506 1496 1702 1561 templo
1749 1496 1925 1549 lumen
1969 1500 2226 1565 spiritale,

678 1575 928 1644 virosque
967 1580 1227 1644 gloriosos
1254 1585 1448 1637 amictu
1476 1586 1725 1649 candido,
1752 1601 1814 1640 ac
1840 1602 2022 1641 vocem
2048 1590 2227 1657 p0pnli

674 1664 1023 1732 glorificantia
1078 1673 1401 1739 Dominum,
1464 1690 1560 1729 nec
1598 1691 1700 1729 non
1750 1688 2011 1732 astantem
2073 1679 2229 1733 altari

674 1756 926 1813 Basilium
957 1780 969 1815 :
998 1764 1339 1835 perculsique
1398 1782 1461 1821 ex
1503 1768 1705 1822 visione
1736 1811 1750 1835 ,
1791 1782 2117 1837 proruerunt
2178 1774 2228 1824 in

2330 574 2655 640 ploraturus.
2689 577 2841 633 Videt
2863 594 2990 633 vero
3019 579 3069 631 in
3116 577 3297 632 Basilii
3329 578 3573 633 manibus
3599 578 3867 648 puerulum

2330 666 2477 721 velut
2507 671 2844 725 membratim
2873 672 3036 725 incidi
3064 671 3208 741 (56);
3236 680 3288 724 et
3309 685 3429 724 cum
3454 680 3736 725 sumerent
3763 687 3871 726 om-

2330 772 2447 822 nes,
2482 760 2645 813 etiam
2697 761 2808 830 ipse
2852 762 3097 826 accessit,
3149 762 3439 829 datumque
3484 764 3627 830 quod
3656 763 3874 817 veritate

2331 865 2456 905 caro
2488 860 2631 906 esset
2656 854 2863 922 accepit
2892 872 2904 907 :
2932 870 3053 909 cum
3079 855 3224 908 venit
3253 852 3320 907 ad
3354 855 3598 917 calicem,
3632 865 3686 909 et
3710 856 3872 925 ipsum

2331 941 2543 1009 plenum
2570 944 2853 1015 sanguine,
2876 946 2940 1000 de
2961 961 3130 1014 eoque
3162 949 3322 1001 etiam
3354 946 3726 1015 participavit.
3752 946 3872 1001 Cum

2332 1045 2456 1085 vero
2482 1034 2545 1087 de
2565 1034 2805 1103 utrisque
2828 1043 3097 1089 servasset
3126 1035 3399 1104 reliquias,
3426 1034 3645 1089 domum
3673 1034 3874 1098 abiens,

2334 1126 2510 1189 uxori,
2549 1126 2613 1179 ad
2644 1126 2943 1181 faciendam
2976 1128 3155 1181 verbis
3184 1126 3637 1191 fidem,ostendit,
3660 1142 3877 1179 narrans

2334 1228 2451 1281 qua:
2499 1219 2729 1285 propriis
2759 1220 2873 1288 ipse
2924 1218 3097 1273 oculis
3123 1218 3362 1273 vidisset.
3407 1218 3712 1272 Persuasus
3763 1233 3879 1286 ergo

2334 1321 2453 1359 esse
2499 1321 2684 1361 revera
2716 1309 3039 1363 horrendum
3070 1319 3124 1364 et
3166 1310 3407 1365 mirabile
3453 1308 3878 1363 Christianorum

2335 1406 2729 1452 sacramentum
2756 1438 2770 1463 ,
2803 1400 2853 1451 in
2884 1400 3175 1454 crastinum
3200 1400 3311 1454 adit
3361 1398 3644 1462 Basilium,
3668 1398 3880 1465 supplex

2335 1506 2515 1555 orans,
2550 1501 2607 1544 ut
2633 1493 2747 1546 sine
2800 1508 2945 1545 mora
2985 1494 3253 1562 acciperet
3300 1494 3499 1549 Christi
3527 1492 3880 1561 signaculum.

2335 1583 2434 1649 Qui
2468 1583 2599 1636 nihil
2648 1592 2951 1647 cunctatus,
2985 1584 3155 1638 solitis
3199 1600 3323 1639 vero
3369 1585 3554 1655 gratiis
3583 1585 3634 1639 ei
3668 1584 3876 1645 habitis,

2336 1675 2422 1743 qui
2457 1675 2571 1727 vult
2594 1689 2781 1729 omnes
2808 1674 2983 1728 salvos
3013 1674 3151 1736 fieri,
3182 1678 3485 1729 credentem
3520 1675 3573 1729 in
3608 1673 3880 1728 Dominum

2338 1782 2456 1819 cum
2487 1766 2630 1819 omni
2663 1768 2819 1821 domo
2846 1782 2938 1820 sua
2965 1765 3275 1835 baptizavit.

676 1848 866 1903 faciem
926 1852 1060 1906 fusis
1094 1856 1345 1925 laerymis
1370 1898 1385 1922 ,
1440 1867 1495 1912 et
1530 1859 1895 1927 glorificantes
1925 1861 2229 1914 Dominum.
2264 1845 2305 1897 Β
2405 1862 2644 1929 Cumque
2671 1868 2885 1914 sanctus
2911 1858 3273 1927 egrederetur,
3301 1855 3506 1910 accedit
3537 1856 3603 1907 ad
3625 1870 3748 1908 eum
3776 1870 3882 1906 mu-

676 1939 905 2008 Egresso
954 1955 1132 1999 autem
1182 1946 1379 2003 Basilio
1402 1989 1416 2012 ,
1450 1952 1762 2003 ceciderunt
1794 1952 1857 2004 ad
1894 1954 2056 2021 pedes
2098 1954 2231 2021 ejus,

675 2044 729 2085 et
757 2034 1115 2091 adoraverunt
1149 2038 1347 2107 ipsum.
1381 2041 1449 2093 At
1482 2042 1566 2094 ille
1593 2044 1839 2111 quaesivit
1870 2059 2087 2098 causam
2117 2045 2237 2097 ado-

677 2125 903 2180 rationis
929 2140 981 2181 et
1013 2131 1272 2186 adventus
1300 2148 1510 2187 eorum.
1537 2134 1612 2186 llli
1644 2149 1771 2188 vero
1798 2135 2048 2188 dixerunt
2073 2137 2235 2189 mira-

680 2218 784 2271 bile
828 2225 1210 2288 spectaculum,
1233 2227 1374 2293 quod
1430 2227 1689 2281 vidissent
1734 2228 1783 2280 in
1812 2227 2029 2297 templo.
2085 2228 2234 2282 Tunc

676 2306 930 2377 Basilius,
961 2312 1073 2367 Deo
1100 2314 1374 2369 ferventer
1410 2317 1543 2370 actis
1579 2316 1765 2384 gratiis
1791 2356 1805 2381 ,
1863 2316 2231 2381 hujuscemodi

676 2398 754 2449 eis
790 2402 1052 2455 mirabilia
1107 2407 1381 2459 enarravit
1414 2426 1427 2459 :
1459 2418 1510 2459 et
1562 2411 1822 2461 advocato
1858 2408 2079 2462 aurifice
2108 2409 2237 2462 fecit

678 2488 983 2542 columbam
1009 2493 1073 2543 de
1103 2510 1235 2547 auro
1268 2499 1484 2559 mundo,
1528 2498 1689 2564 inque
1720 2513 1781 2550 ea
1817 2500 2112 2565 portionem
2142 2500 2235 2551 de-

681 2581 885 2645 posuit;
919 2592 973 2634 et
998 2597 1158 2651 super
1186 2599 1393 2637 sacram
1426 2600 1689 2649 mensam,
1723 2588 1867 2639 velut
1893 2589 2113 2655 figuram
2144 2603 2237 2641 sa-

679 2685 784 2723 crte
834 2671 977 2725 illius
1028 2676 1289 2729 columba:
1315 2715 1329 2739 ,
1356 2690 1474 2744 quae
1526 2677 1577 2729 in
1612 2676 1824 2731 Domini
1854 2679 2118 2747 baptismo
2183 2679 2235 2732 in

675 2760 908 2817 Jordane
941 2766 1297 2834 apparuisset,
1326 2770 1625 2838 suspendit.
1654 2769 1721 2823 lis
1754 2784 1913 2838 porro
1941 2771 2011 2823 ita
2041 2771 2231 2840 gestis,

680 2862 735 2904 et
793 2853 878 2907 ubi
939 2855 984 2910 is
1034 2856 1339 2912 habiturum
1372 2874 1429 2912 se
1478 2862 1696 2913 verbum
1742 2862 2130 2916 exhortationis
2170 2863 2236 2916 ad

680 2946 931 3009 populum
980 2950 1349 3015 promisisset,
1426 2961 1749 3021 congregata
1808 2962 1891 3007 cst
1948 2954 2237 3007 multitudo

681 3037 886 3091 infinita
922 3038 988 3094 ad
1013 3040 1292 3096 ecclesiam
1325 3083 1339 3106 ,
1383 3043 1433 3096 in
1466 3044 1663 3111 quibus
1690 3048 1851 3095 etiam
1902 3058 2127 3111 magnus
2152 3042 2240 3095 ille

680 3130 1002 3185 exercitator
1035 3142 1089 3186 et
1119 3134 1415 3187 monachus
1447 3134 1702 3201 Ephrem,
1752 3135 1817 3189 de
1860 3149 1966 3202 quo
1998 3144 2237 3202 postmo-

2335 1952 2550 2005 liercula
2576 1992 2589 2014 ,
2632 1966 2794 2005 orans
2835 1959 2891 2003 nt
2929 1950 3041 2017 ejus
3072 1948 3296 2003 haberet
3346 1961 3549 2012 curam,
3599 1946 3748 1997 velut
3803 1946 3883 2012 qui

2336 2043 2472 2110 apud
2526 2041 2812 2107 provinciae
2866 2040 3148 2108 praesidem
3189 2038 3509 2091 auctoritate
3544 2033 3771 2087 valeret.
3826 2034 3888 2084 At

2337 2112 2424 2186 ille
2469 2142 2683 2198 accepta
2733 2132 2942 2193 charta,
2996 2131 3109 2183 haec
3138 2130 3191 2182 in
3234 2145 3294 2184 ea
3354 2127 3567 2198 praesidi
3594 2125 3885 2179 exaravit:

2343 2243 2361 2275 ‹
2403 2224 2546 2276 Adiit
2594 2238 2677 2276 me
2728 2223 2917 2275 mulier
2966 2221 3285 2290 paupercula
3314 2262 3329 2284 ,
3367 2222 3551 2274 dicens
3602 2232 3763 2286 posse
3810 2230 3889 2267 me

2332 2315 2473 2383 apud
2524 2325 2594 2367 te.
2642 2312 2697 2367 Si
2751 2327 2881 2381 ergo
2938 2327 3152 2380 possum
3183 2354 3198 2378 ,
3248 2313 3487 2365 ostende.
3525 2328 3543 2360 ι
3601 2307 3890 2373 Traditqne

2338 2407 2581 2459 chartam
2624 2404 2834 2457 mulieri
2870 2424 2885 2459 :
2926 2404 3015 2457 illa
3066 2418 3192 2457 vero
3232 2402 3468 2471 profecta
3526 2400 3760 2455 reddidit
3786 2397 3889 2465 epi-

2337 2496 2529 2548 stolam
2582 2496 2814 2562 pnrsidi.
2870 2497 2937 2547 At
2992 2495 3079 2547 ille
3110 2496 3195 2547 ubi
3231 2494 3399 2561 legit,
3436 2494 3532 2547 ista
3569 2490 3886 2557 rescripsit:

2344 2602 2362 2634 ι
2399 2585 2575 2651 Volui,
2606 2585 2764 2637 Pater
2795 2594 3001 2648 sancte,
3037 2587 3197 2637 vestri
3248 2598 3403 2635 causa
3429 2582 3672 2635 miserari
3710 2580 3886 2633 mulie-

2340 2693 2450 2731 rem
2478 2717 2491 2739 ,
2519 2677 2609 2730 sed
2639 2690 2742 2729 non
2792 2676 2973 2745 potui;
3028 2674 3168 2742 quod
3198 2674 3390 2727 aerario
3421 2671 3634 2739 publico
3666 2670 3891 2721 obnoxia

2339 2769 2427 2823 sit.
2482 2788 2499 2819 ι
2540 2767 2767 2821 Basilius
2794 2777 2970 2820 autem
2998 2766 3183 2819 scribit
3229 2764 3463 2819 secundo
3507 2781 3517 2813 ε
3556 2780 3573 2810 ι
3616 2760 3891 2827 Siquidem

2337 2860 2573 2922 voluisti,
2609 2874 2705 2913 nec
2730 2859 2971 2927 potuisti,
3003 2860 3138 2913 bene
3166 2856 3326 2911 fuerit
3356 2874 3369 2909 :
3398 2854 3481 2906 sin
3516 2861 3695 2904 autem
3729 2850 3895 2919 potui-

2341 2950 2406 3003 sti
2440 2959 2492 3004 et
2527 2948 2743 3002 noluisti
2779 2988 2793 3013 ,
2844 2958 2892 3002 te
2927 2949 3063 3003 Deus
3094 2950 3145 3003 in
3178 2960 3467 3016 egenorum
3505 2944 3715 3011 rediget
3768 2942 3895 2995 cho-

2341 3054 2482 3101 rum,
2519 3048 2575 3091 ut
2603 3056 2705 3093 non
2740 3040 2913 3106 possis
2942 3055 3062 3092 cum
3099 3040 3353 3093 volueris.
3413 3058 3430 3089 ι
3470 3036 3793 3103 Acciditque
3841 3044 3897 3086 ut

2342 3131 2417 3183 rei
2449 3130 2736 3197 scriptura,
2766 3144 2850 3181 res
2888 3129 3141 3181 evaserit.
3186 3127 3299 3181 Non
3334 3130 3420 3181 diu
3453 3128 3598 3181 enim
3640 3135 3782 3195 post,
3816 3124 3896 3177 in-

681 3222 805 3273 dum
840 3224 1106 3275 narraturi
1132 3237 1343 3289 sumus;
1392 3232 1448 3277 ut
1485 3225 1738 3279 nimirum
1770 3240 1833 3279 ex
1861 3201 2041 3279 divina
2074 3240 2237 3294 appa-
2266 3201 2307 3259 α
2342 3220 2705 3290 dignationem
2745 3219 3081 3287 imperatoris
3108 3229 3379 3284 expertus,
3432 3218 3898 3285 circumagebatur

683 3308 897 3373 ritione,
927 3310 1038 3377 ipse
1064 3313 1329 3382 inspector
1361 3315 1533 3369 factus
1562 3316 1631 3369 sit
1662 3316 1901 3385 praeclari
1936 3316 2109 3371 Patris
2140 3334 2235 3370 no-

679 3401 775 3453 atri
804 3399 1006 3455 Basilii.

751 3491 882 3545 Cum
918 3493 1098 3561 itaque
1124 3509 1213 3547 res
1234 3510 1385 3548 sacra
1418 3506 1685 3564 ageretur,
1714 3495 1967 3549 llebrreus
1996 3498 2232 3564 quidam,

684 3582 830 3634 velut
857 3580 1217 3651 Christianus,
1253 3584 1483 3653 seipsum
1517 3584 1712 3654 populo
1742 3586 2053 3649 immiscuit,
2082 3584 2239 3638 officii

754 3738 867 3809 (54)
909 3736 1066 3792 Juvat
1121 3740 1224 3793 hoc
1256 3740 1375 3794 loco
1398 3741 1583 3793 audire
1635 3739 2013 3809 Rosweydum.
2052 3757 2069 3788 ‹
2110 3737 2232 3790 Fuit

683 3810 829 3872 olim,
863 3811 1057 3877 inquit,
1085 3811 1435 3877 quorumdam
1470 3812 1826 3873 consuetudo,
1871 3818 1926 3861 ut
1974 3810 2227 3863 euchari-

685 3881 841 3931 stiam
874 3880 1037 3931 etiam
1071 3881 1297 3933 mortuis
1332 3882 1641 3947 ingererent
1685 3889 1739 3931 et
1789 3879 2226 3947 consepelirent:

687 3963 849 4015 quam
897 3949 1176 4015 abrogavit
1212 3949 1501 4002 concilium
1533 3948 1958 4018 Carthaginense
2013 3950 2229 4001 tertium

685 4033 893 4073 eanone
922 4028 1094 4071 sexto.
1134 4037 1151 4069 ι
1197 4018 1293 4071 Hic
1331 4034 1459 4071 vero
1500 4019 1619 4069 talis
1655 4030 1737 4071 est
1785 4036 1796 4071 :
1864 4037 1880 4068 t
1933 4020 2143 4071 Placuit
2177 4028 2235 4070 ut

686 4089 999 4157 corporibus
1061 4090 1437 4143 defunctorum
1492 4088 1815 4140 eucharistia
1886 4105 1988 4141 non
2032 4092 2229 4140 detur:

688 4162 888 4211 dictum
933 4168 1015 4211 est
1070 4160 1211 4211 enim
1245 4176 1273 4211 a
1320 4158 1547 4211 Domino
1578 4157 1842 4220 :Accipite
1889 4170 1933 4209 et
1962 4159 2096 4208 edite
2120 4157 2193 4226 (α)
2226 4174 2238 4208 :

688 4230 952 4281 cadavera
991 4238 1166 4280 autem
1219 4242 1317 4281 nec
1355 4230 1600 4295 accipere
1637 4236 1863 4293 possunt
1907 4240 2006 4277 nec
2060 4228 2239 4279 edere.

686 4298 995 4351 Cavendum
1046 4307 1130 4351 est
1192 4301 1353 4351 etiam
1402 4312 1470 4349 ne
1504 4308 1748 4352 mortuos
1777 4295 2040 4362 baptizari
2082 4310 2242 4362 posse

2343 3314 2574 3374 vinctus,
2609 3311 2676 3364 iis
2714 3310 2953 3364 facturus
2987 3308 3117 3363 satis
3163 3323 3297 3377 quos
3352 3307 3543 3373 injuria
3612 3307 3896 3360 affecisset.

2344 3405 2492 3459 'l‘unc
2518 3406 2701 3468 miser,
2727 3404 2944 3473 supplex
2984 3402 3183 3456 Basilio
3218 3401 3463 3465 efficitur,
3531 3409 3793 3467 rogatque
3846 3409 3901 3449 ut

2342 3494 2587 3565 precibus
2606 3493 2868 3548 offensum
2904 3493 3082 3563 placet
3109 3492 3447 3561 imperatoris
3478 3491 3721 3544 animum
3749 3489 3861 3558 (37)
3886 3506 3898 3539 :

2346 3587 2485 3652 quod
2513 3597 2566 3639 et
2596 3584 2740 3641 fecit.
2776 3586 2903 3639 Post
2936 3594 3144 3639 sextum
3189 3586 3331 3637 enim
3372 3586 3511 3639 diem
3541 3585 3692 3638 venit
3726 3595 3901 3653 typus,

2338 3736 2469 3790 cleri
2518 3738 2837 3790 Antiocheni
2875 3738 2940 3789 ad
2968 3736 3225 3791 Joannem
3244 3738 3899 3803 Constantinopolitanunt

2335 3808 2665 3876 episcopum.
2690 3817 2870 3859 contra
2902 3806 3155 3859 Severum
3201 3809 3507 3875 episcopum
3536 3822 3690 3859 suum
3729 3811 3900 3863 hatre-

2352 3880 2513 3931 ticum
2542 3896 2553 3931 :
2588 3898 2605 3929 t
2641 3876 2926 3932 Columbas
2971 3891 3159 3929 aureas
3189 3887 3239 3929 et
3266 3887 3545 3945 argenteas
3594 3879 3644 3930 in
3678 3877 3899 3930 formam

2347 3949 2594 4016 Spiritus
2626 3947 2794 4001 sancti
2826 3962 2985 4013 super
3023 3947 3198 4000 divina
3245 3947 3458 4000 lavacra
3500 3958 3553 4003 et
3589 3949 3783 4001 altaria
3814 3962 3902 4015 ap—

2334 4034 2549 4087 pensas,
2580 4036 2680 4071 una
2707 4034 2826 4071 cum
2858 4018 2975 4070 aliis
3010 4018 3109 4072 sibi
3132 4020 3513 4086 appropriavit,
3552 4018 3760 4081 dicens,
3800 4035 3899 4071 non

2344 4101 2594 4166 oportere
2619 4091 2668 4141 in
2698 4089 2879 4157 Specie
2908 4088 3167 4141 columba:
3217 4089 3475 4157 Spiritum
3505 4098 3753 4141 sanctum
3809 4104 3904 4142 no.

2350 4164 2573 4210 minare.
2621 4177 2638 4208 ι

2422 4226 2533 4295 (56)
2566 4227 2853 4282 Historiam
2894 4228 3032 4280 hanc
3055 4228 3310 4295 opusculo
3337 4226 3427 4289 58,
3461 4241 3581 4294 cap.
3619 4226 3709 4291 ll,
3745 4226 3904 4281 refert

2351 4296 2412 4349 D.
2444 4296 2696 4352 Thomas.
2732 4298 2926 4350 Verum
2966 4298 3009 4349 si
3062 4297 3528 4350 animadvertisset
3580 4298 3779 4351 Doctor
3806 4313 3902 4351 an-

692 4374 920 4418 tratrum
960 4368 1245 4419 infirmitas
1276 4367 1481 4429 credat,
1512 4382 1633 4419 cum
1677 4366 2061 4419 eucharistiam
2097 4379 2239 4417 mor-
2275 4369 2317 4422 D
2350 4365 2571 4433 gelicus,
2608 4370 2657 4420 in
2701 4368 3007 4422 Graecorum
3044 4366 3286 4420 ecclesiis
3317 4406 3331 4429 ,
3364 4370 3703 4422 sacerdotem
3736 4369 3905 4421 sacri-

690 4439 799 4491 tuis
825 4439 939 4489 dari
972 4438 1485 4491 animadverterent.
1525 4455 1542 4487 i
1573 4436 2043 4503 Subscripsithuic
2065 4437 2247 4487 conci-

691 4509 761 4559 lio
791 4508 845 4559 S.
872 4508 1227 4577 Augustinus.
1260 4507 1421 4558 Addit
1472 4506 1855 4577 ibidemctiam
1890 4505 2242 4577 ltosweydus,

694 4578 833 4643 quod
867 4575 1003 4630 idem
1026 4577 1287 4645 repetitur
1317 4577 1366 4627 in
1398 4576 1626 4628 concilio
1655 4575 2003 4643 llipponensi,
2039 4589 2245 4629 canone

690 4647 912 4714 quinto;
933 4657 984 4699 et
1013 4649 1063 4698 in
1090 4647 1321 4699 concilio
1342 4645 1801 4699 Antissiodorensi
1831 4660 1971 4698 anno
2001 4660 2124 4709 DXL,
2155 4658 2245 4697 ca-

692 4730 828 4769 none
864 4716 963 4782 12;
998 4728 1051 4771 et
1099 4718 1151 4771 in
1187 4715 1415 4770 concilio
1461 4715 1696 4782 generali
1736 4726 2005 4767 sexto.....
2034 4717 2123 4767 ubi
2153 4729 2244 4767 ca-

692 4800 797 4837 non
847 4786 916 4838 8'5
969 4789 1038 4837 ita
1100 4787 1334 4841 habet...
1391 4802 1409 4835 (
1456 4786 1620 4837 Nemo
1663 4794 1995 4837 mortuorum
2047 4799 2239 4851 corpo-

693 4856 841 4907 ribus
902 4854 1288 4908 eucharistiam
1358 4856 1737 4909 cunnnunicet.
1812 4852 2083 4919 Scriptum
2158 4862 2240 4905 est

691 4925 855 4990 enim,
888 4926 1120 4994 Accipite
1152 4936 1196 4977 et
1226 4925 1476 4977 comedite
1508 4940 1525 4975 :
1562 4935 1897 4977 mortuorum
1930 4934 2106 4994 autem
2132 4938 2245 4976 cor-

694 5011 819 5061 pora
859 5012 961 5049 non
987 5006 1209 5064 possunt
1241 4996 1507 5059 accipere,
1540 5010 1636 5064 nc_c
1668 4994 1973 5064 comedere.
2003 5012 2020 5043 ι
2046 4993 2241 5047 Hacte-

696 5055 793 5116 nus
817 5055 1168 5132 Rosweydus.
1201 5066 1275 5116 An
1306 5055 1469 5132 igitur
1500 5055 1692 5116 fecerit
1725 5062 1775 5115 id
1808 5062 2058 5127 Basilius,
2100 5064 2240 5129 quod

693 5136 889 5187 SiBCUlt)
907 5133 1150 5203 sequenti
1182 5134 1568 5200 prohibendum
1613 5134 1843 5186 concilia
1881 5132 2241 5185 censuerunt?

692 5204 1047 5257 Combefisins
1106 5204 1180 5255 ait
1208 5244 1219 5265 ,
1250 5203 1504 5257 Basiliam
1537 5203 1585 5254 id
1626 5202 1817 5257 fecisse
1846 5203 2103 5269 singulari
2153 5205 2236 5255 iti-

693 5274 895 5327 stinctu
951 5276 1149 5328 divino.
1188 5273 1375 5327 Verum
1420 5272 1605 5340 quidni
1666 5284 1772 5327 tam
1809 5275 2016 5340 ineptus
2079 5272 2240 5326 fuerit

693 5346 1330 5412 pseudo—Amphilochius
1365 5384 1378 5400 .
1438 5353 1494 5395 ut
1528 5345 1751 5397 abusum
1785 5383 1799 5406 ,
1861 5358 1957 5397 suo
2001 5352 2239 5411 tempore

695 5418 871 5466 forsan
903 5431 1005 5465 non
1050 5417 1241 5481 ubique
1270 5414 1533 5467 sublatura
1558 5454 1572 5479 ,
1613 5422 1717 5465 tam
1756 5416 1900 5484 pium
1930 5413 2237 5476 crediderit,

696 5494 751 5533 nt
771 5484 962 5537 Basilio
990 5485 1165 5552 allingi
1195 5484 1419 5550 posset?

765 5555 877 5623 ('55)
908 5556 1191 5607 Columbus
1218 5556 1343 5607 olim
1371 5569 1529 5620 super
1564 5554 1753 5607 altaria
1797 5562 1849 5607 et
1885 5568 2043 5621 super
2063 5551 2237 5617 bapti-

698 5630 884 5681 steria.
911 5626 962 5675 in
1017 5626 1327 5676 memoriam
1361 5626 1595 5690 Spiritus
1623 5626 1793 5678 sancti
1832 5638 2092 5692 appensas
2116 5624 2239 5673 luis-

698 5710 775 5753 δι’,
818 5695 1003 5759 prohat
1039 5695 1365 5762 floswt-ydus
1420 5696 1471 5747 in
1513 5697 1649 5749 hunc
1704 5696 1898 5758 locum,
1932 5712 1992 5747 ex
2020 5692 2236 5760 cpistola

768 5810 839 5876 (η)
886 5808 1064 5860 Matth.
1103 5824 1245 5871 sxw,
1273 5808 1359 5859 “26.

2352 4436 2598 4488 titantem
2635 4456 2735 4491 non
2786 4439 2952 4489 videri
2992 4453 3019 4489 a
3056 4438 3247 4503 populo
3276 4477 3289 4500 ,
3320 4438 3621 4491 dubitasset
3682 4438 3904 4501 forsan,

2352 4522 2475 4557 num
2512 4506 2559 4558 id
2589 4510 2730 4575 quod
2783 4507 2846 4559 de
2878 4506 3071 4558 Basilio
3102 4518 3305 4571 narrat,
3337 4509 3490 4559 alteri
3522 4509 3735 4560 cuidam
3791 4509 3904 4574 epi-

2351 4590 2511 4646 scopo
2538 4592 2628 4629 aut
2665 4576 3155 4646 sacerdotiiLatino
3210 4578 3516 4643 contigerit.
3565 4576 3904 4646 Bosweydus

2350 4645 2402 4696 in
2440 4647 2577 4698 hunc
2603 4646 2797 4709 locum,
2830 4664 2891 4699 ex
2946 4645 3232 4698 Paschasio
3260 4688 3274 4711 ,
3310 4648 3443 4698 lihro
3483 4646 3553 4697 De
3584 4645 3800 4713 corpore
3858 4658 3903 4698 et

2348 4717 2597 4783 sanguine
2626 4715 2853 4775 Domini,
2898 4716 3029 4766 dicit
3056 4718 3280 4769 similem
3310 4717 3582 4768 historiam
3612 4718 3905 4784 contigisse

2352 4784 2509 4850 Plego
2538 4788 2870 4853 presbytero.
2908 4784 3013 4836 Nos
3033 4785 3102 4836 9.3
3133 4787 3331 4852 Aprilis
3354 4785 3600 4851 tomolll,
3634 4802 3755 4853 pag.
3783 4785 3904 4847 ιιι,

2350 4869 2633 4907 narramus
2689 4857 2917 4908 similem
2976 4855 3276 4916 visionem,
3334 4854 3563 4908 oblatam
3633 4860 3908 4908 Saracena

2352 4924 2585 4993 cuidam,
2632 4925 2829 4977 violare
2858 4924 3053 4977 volenti
3092 4925 3342 4991 templum
3390 4926 3445 4977 S.
3479 4926 3696 4992 Georgii
3725 4924 3907 4993 Mega-

2356 4992 2664 5063 lomarlyris
2716 5014 2728 5045 :
2781 5004 2834 5046 at
2893 4997 2991 5047 nisi
3040 4995 3173 5046 ritus
3211 4995 3403 5047 divina)
3436 4996 3663 5058 liturgize
3695 5036 3710 5056 ,
3768 4992 3907 5063 apud

2348 5061 2544 5130 C0ptos
2576 5065 2913 5117 Christianos
2938 5107 2950 5125 ,
3006 5064 3245 5117 diversus
3296 5064 3456 5117 fuerit
3492 5082 3517 5117 a
3550 5066 3654 5118 ritu
3692 5061 3909 5119 Crteco-

2347 5147 2509 5201 rum,
2544 5136 2814 5186 vacillabit
2875 5132 3115 5186 miraculi
3177 5135 3345 5199 fides,
3397 5137 3465 5188 ob
3504 5137 3721 5190 easdem
3777 5152 3911 5201 quas

2346 5200 2455 5267 jam
2492 5204 2641 5256 attuli
2688 5206 2961 5267 rationes;
3006 5214 3095 5255 aut
3119 5204 3402 5257 dicendum
3435 5214 3597 5267 esset,
3631 5200 3909 5260 Christum

2348 5274 2657 5337 apparuisse
2687 5276 2737 5326 in
2770 5275 2940 5326 hostia
2975 5276 3209 5327 nondum
3247 5286 3598 5338 consecrata;
3642 5292 3749 5329 non
3781 5278 3906 5342 quia

2348 5356 2581 5407 prtl'SthIS
2641 5345 2859 5396 realitcr
2897 5354 3007 5395 erat
3031 5384 3044 5403 ,
3079 5344 3174 5395 scd
3204 5346 3324 5412 quia
3363 5345 3462 5396 ista
3497 5345 3546 5397 in
3589 5347 3906 5397 memoriam

2345 5412 2613 5476 passionis
2650 5414 2764 5479 ejus
2797 5429 2947 5465 sacra
3000 5414 3181 5465 lancea
3240 5414 3581 5467 dividebatur
3613 5418 3663 5465 in
3706 5428 3907 5481 partes,

2346 5497 2463 5533 mox
2497 5484 2547 5534 in
2583 5500 2763 5536 verum
2797 5499 2989 5551 corpus
3026 5484 3139 5549 ejus
3165 5500 3258 5553 per
3293 5486 3758 5538 consecrationem
3780 5502 3907 5540 cou-

2344 5555 2642 5606 vertendus.

2422 5623 2530 5688 (57)
2584 5626 2762 5681 Ιῐρυςι,
2798 5624 2968 5691 inquit
3012 5622 3360 5677 (Iombclisins
3387 5666 3400 5685 ,
3436 5626 3537 5677 hoc
3571 5636 3735 5693 caput
3793 5640 3909 5676 cum

2356 5691 2526 5745 tribus
2562 5710 2615 5747 se
2638 5696 2925 5762 pictilibus,
2964 5694 3013 5746 in
3060 5696 3303 5747 vct'siuttc
3333 5696 3487 5759 ljisi;
3531 5691 3710 5763 potius
3736 5707 3909 5748 tamen
