4086 6318
651 383 1016 437 EXCEBPTA
1056 385 1146 440 EX
1185 386 1387 441 ACTlS
1434 386 1491 444 S.
1531 387 1774 444 BASILII
1813 389 2568 447 BOLL:\NDIAN|S.—VITA
2606 393 3036 453 APOCRYPHA.

3282 414 3436 460 cccttl

227 519 333 574 quo
360 505 500 562 liber
528 520 598 557 an
637 505 1023 563 abducentibus
1073 508 1325 562 satellitio
1373 510 1729 565 dimitteretur
1762 527 1776 563 :
1809 520 1851 572 Α
1891 509 2009 575 Quo
2037 521 2284 579 accepto,
2318 514 2389 564 ait
2432 510 2659 564 Basilius
2689 528 2701 562 :
2732 529 2751 560 ι
2791 509 2897 563 Nos
2944 512 3157 580 quidem
3192 511 3307 573 tibi,
3336 513 3433 564 im-

220 600 304 654 ille
331 614 458 653 vero
486 598 787 651 exhibitam
834 599 887 653 in
926 601 1041 672 ipso
1068 602 1458 659 humanitatem
1496 618 1600 657 non
1629 606 1775 675 igno-

218 706 366 753 rans,
390 689 601 743 accedit
650 690 715 743 ad
744 690 999 748 Basiliam
1034 693 1237 761 gratias
1263 710 1425 766 agens
1468 714 1481 749 :
1519 696 1774 752 advocata

216 793 391 836 autem
420 780 640 846 femina,
666 783 882 854 duplum
918 787 965 840 ei
991 785 1037 839 si
1068 785 1201 855 quid
1228 788 1459 844 debebat
1486 827 1499 852 ,
1538 802 1602 842 ex
1653 804 1774 859 pro—

215 872 343 939 priis
370 872 482 939 ipse
514 874 759 931 reddidit.

281 959 439 1017 Circa
472 963 522 1019 id
551 977 759 1036 tempus
792 980 912 1018 cum
940 965 1183 1023 Julianus
1228 968 1360 1039 (38),
1404 971 1773 1032 odiosissimus

216 1052 529 1122 imperator,
561 1058 817 1111 adversus
842 1057 1035 1114 Persas
1068 1060 1523 1131 proﬁcisceretur,
1550 1067 1697 1120 venit
1719 1068 1772 1121 iu

213 1158 396 1211 partes
418 1148 840 1204 Cmsareeusium
871 1170 885 1206 :
915 1149 1151 1204 Basilius
1199 1164 1399 1220 autem,
1439 1172 1541 1210 una
1566 1159 1613 1210 ei
1650 1173 1771 1212 cum

221 1240 409 1303 sociis,
436 1237 650 1292 obviam
702 1241 981 1309 processit.
1037 1240 1170 1295 Eum
1206 1244 1429 1301 intuitus
1460 1247 1768 1317 imperator,

212 1331 347 1382 dixit
378 1346 392 1381 :
422 1346 442 1379 ‹
487 1328 562 1385 Te
591 1331 929 1400 philosophia
980 1334 1106 1399 vici,
1161 1336 1345 1391 Basili.
1404 1358 1422 1390 ι
1476 1338 1772 1409 Respondit

210 1434 342 1474 vero
388 1419 665 1476 Basilius:
700 1442 719 1474 ‹
761 1422 977 1478 Utinam
1022 1426 1399 1495 philosophum
1444 1430 1683 1496 egissesl
1745 1450 1763 1482 ›

212 1513 363 1567 Tunc
388 1526 606 1569 sanctus
635 1524 744 1573 tres
770 1518 819 1572 ei
842 1532 1008 1586 panes
1033 1517 1246 1581 obtulit,
1275 1532 1337 1573 ex
1365 1533 1770 1589 annona,quam

211 1601 498 1659 inferebat.
528 1606 595 1660 At
640 1607 747 1673 ille,
803 1623 899 1676 pro
934 1607 1172 1662 muneris
1222 1607 1486 1676 parvitate
1516 1618 1662 1663 ratus
1713 1623 1772 1663 se

211 1693 407 1765 injuria
441 1696 690 1752 affectum
720 1739 735 1763 ,
770 1695 934 1764 jussit
978 1697 1301 1753 satellitibus
1364 1706 1421 1750 ut
1456 1712 1622 1768 panes
1650 1700 1770 1767 qui-

211 1789 332 1843 dem
366 1792 707 1857 acciperent,
759 1802 944 1842 eorum
972 1800 1147 1844 autem
1182 1790 1300 1845 loco
1346 1789 1525 1845 fenum
1556 1792 1766 1848 darent.

211 1971 463 2025 omisisse
508 1971 740 2036 videtur,
777 1974 952 2027 victus
1005 1976 1183 2041 operis
1235 1974 1563 2041 prolixitate,
1611 1988 1771 2042 quam

1879 613 2114 670 perator,
2152 619 2215 655 ex
2253 604 2314 655 iis
2343 605 2643 663 attulimus,
2669 604 2865 669 quibus
2884 615 3178 672 vescimur;
3236 612 3291 656 tu
3343 618 3435 656 au-

1880 702 1986 745 tem
2023 708 2086 747 ex
2114 695 2176 747 iis
2204 692 2526 759 retribuisti,
2558 692 2753 762 quibus
2777 693 2927 744 bruta
2949 689 3187 758 jumenta
3220 695 3338 761 alis,
3382 696 3434 748 id

1876 784 2090 853 quidem
2142 785 2389 839 affectata
2466 787 2728 840 irrisionis
2762 786 2969 855 specie;
3005 785 3096 839 sed
3127 786 3213 853 qui
3249 788 3433 842 nolens

1876 878 1929 930 in
1980 878 2206 947 hujusce
2238 877 2377 947 prati
2413 892 2608 945 pascua
2647 878 2754 948 (59)
2785 893 2881 933 nos
2910 877 3110 930 mittas.
3144 894 3163 927 ι
3198 878 3434 933 Audiens

1877 982 2051 1023 autem
2081 969 2345 1033 Julianus,
2378 969 2520 1037 quod
2541 971 2684 1023 velut
2712 972 3002 1039 imperator
3027 970 3257 1037 gratiam
3282 984 3431 1024 suam

1876 1078 2130 1117 revocare
2162 1078 2267 1116 non
2302 1072 2504 1130 posset,
2544 1061 2726 1116 furore
2759 1066 2993 1132 percitus
3018 1063 3095 1117 ait
3128 1063 3195 1116 ad
3233 1062 3380 1117 illum
3411 1082 3425 1116 :

1878 1172 1898 1205 σ
1940 1153 2200 1222 Equidem
2225 1152 2362 1220 prati
2383 1166 2578 1220 pascua
2608 1153 2702 1205 tibi
2731 1168 2845 1206 mea
2888 1154 3108 1208 donavit
3132 1152 3382 1223 majestas
3412 1170 3429 1218 ;

1872 1254 2121 1301 ueterum
2185 1245 2271 1299 ubi
2328 1244 2565 1297 subactis
2627 1242 2814 1297 Persis
2869 1243 3059 1298 iterum
3116 1246 3429 1307 divertero,

1875 1351 2017 1393 tuam
2043 1340 2318 1392 civitatem
2349 1338 2462 1394 solo
2519 1344 2787 1404 tequatam
2822 1337 2988 1390 arabo
3018 1352 3031 1387 :
3066 1347 3125 1391 ut
3155 1337 3429 1393 fructifera

1871 1430 2050 1497 potius
2086 1427 2365 1490 efficiatur,
2395 1444 2555 1497 quam
2604 1426 2911 1482 hominibus
2950 1426 3172 1482 edendis
3197 1429 3433 1482 educan-

1873 1520 2063 1587 disque
2116 1528 2420 1586 comparata
2456 1520 2637 1573 :baud
2684 1520 2825 1574 enim
2875 1518 3079 1588 decepti
3110 1534 3137 1572 a
3172 1527 3224 1573 te
3252 1519 3430 1588 p0puli

1872 1611 2255 1681 impudentiam
2297 1611 2480 1665 nescio
2520 1630 2531 1663 :
2574 1619 2633 1664 ut
2677 1611 3000 1680 impotentes
3049 1612 3272 1677 invidia,
3297 1610 3431 1666 For-

1872 1712 2051 1756 tunam
2100 1718 2257 1770 quam
2289 1717 2389 1772 ego
2431 1703 2585 1757 deam
2628 1702 2738 1775 (40)
2785 1703 2987 1769 adoro,
3040 1712 3322 1771 postquam
3381 1703 3431 1756 ei

1870 1788 2053 1861 libavi,
2086 1794 2229 1847 omni
2268 1808 2487 1860 prorsus
2514 1796 2737 1860 honore,
2790 1795 3101 1850 minuerint.
3142 1812 3161 1846 ›
3208 1792 3303 1849 His
3332 1808 3429 1848 au-

1880 1977 2070 2030 damus
2091 1972 2438 2036 Comhefisio,
2471 1988 2573 2040 qua
2610 1972 2816 2026 ratione
2844 1973 3072 2026 Basilius
3094 1972 3199 2025 dici
3236 1972 3433 2039 poterit

210 2020 825 2112 aaig"“c.;di¢e;"i5au‘s'
842 2020 1770 2109 ἶῐῑῖιεξίῖιέι-ξνέἱίιῖἱζ’ἒίἷὲξῖιιῗίὲξόῖ
1804 2020 1846 2072 Β
1878 2020 3429 2105 eam:haesitant:‘tiegniaiaia'na'i‘nam;

215 2112 520 2176 prolixitate
566 2115 807 2167 codicum
845 2127 1061 2165 suorum
1112 2112 1417 2167 vinceretur
1447 2112 1614 2167 Ursus
1646 2152 1662 2175 ,
1724 2114 1770 2165 si

213 2181 264 2237 hi
321 2184 503 2252 capita
564 2184 664 2235 ista
716 2181 1061 2252 habuerint?
1114 2182 1295 2251 Neque
1347 2184 1574 2251 primum
1622 2190 1773 2235 caret

211 2254 359 2307 omni
397 2251 1028 2322 idillicttltatc,gqttamvis
1088 2252 1140 2307 id
1195 2263 1341 2322 putet
1369 2252 1721 2308 Combeﬁsius
1753 2268 1766 2304 :

213 2339 399 2389 parum
429 2323 625 2390 quippe
645 2320 896 2392 credibile
923 2323 1153 2386 videtur,
1183 2320 1581 2392 exauctoratum
1627 2337 1769 2392 prae-

213 2394 407 2453 sidem,
437 2393 585 2461 et_ad
622 2390 829 2443 vincula
860 2393 1191 2461 damnatum,
1218 2391 1400 2447 Basilii
1435 2395 1573 2461 apud
1604 2390 1771 2459 impe-

218 2472 453 2513 ratorem
483 2458 753 2513 Julianum
801 2470 891 2512 aut
929 2460 1301 2513 Constantium
1337 2458 1770 2516 intercessionem

215 2530 543 2599 postulasse,
570 2538 622 2583 et
649 2544 743 2599 per
765 2545 880 2582 eam
914 2530 1155 2599 dignitati
1188 2532 1512 2584 restitutum.

284 2598 400 2668 (58)
428 2598 552 2653 "me
594 2596 659 2652 de
680 2596 890 2651 Juliano
938 2596 1262 2667 imperatore
1314 2601 1510 2655 omissa
1541 2609 1667 2654 sunt
1700 2601 1769 2653 ab

218 2668 357 2738 Urso
389 2670 741 2729 subdiacono,
766 2678 818 2722 et
842 2671 1033 2723 merito
1072 2670 1364 2724 omittenda
1406 2680 1561 2724 erant
1584 2672 1659 2735 ei,
1683 2669 1773 2738 qui

232 2737 403 2794 Vitam
447 2742 587 2794 hanc
641 2738 820 2793 Basilii
874 2739 1033 2794 vellet
1084 2740 1261 2794 facere
1312 2740 1640 2795 credibilem.
1701 2737 1775 2792 At

217 2812 574 2866 Combefisius
599 2851 613 2872 ,
644 2812 824 2864 volens
876 2811 1015 2863 hunc
1048 2819 1102 2863 et
1142 2812 1276 2866 alios
1331 2811 1777 2865 anachronismos

217 2895 507 2943 excusare,
546 2880 682 2934 dicit
728 2881 781 2933 in
835 2880 935 2933 hac
970 2879 1089 2933 Vita
1132 2880 1261 2934 nihil
1309 2882 1494 2934 ordine
1524 2882 1777 2948 temporis

218 2952 453 3002 narrari.
500 2951 748 3015 Adeoque
773 2988 787 3010 ,
814 2951 1057 3016 quamvis
1083 2950 1343 3003 adventus
1377 2948 1570 3003 Juliani
1602 2951 1778 3003 Caesa-

221 3034 369 3072 ream
411 3020 501 3073 hic
532 3027 804 3083 narretur,
848 3033 911 3070 ac
945 3019 989 3071 si
1043 3020 1355 3085 contigisset
1411 3029 1531 3087 post
1572 3020 1776 3087 episco-

216 3091 392 3156 palem
418 3089 599 3143 Basilii
633 3090 1126 3153 consecrationem;
1178 3089 1308 3143 nihil
1342 3089 1600 3158 impedire
1640 3104 1775 3158 quo-

216 3162 398 3214 minus
443 3159 632 3213 referri
662 3160 829 3227 possit
886 3161 950 3211 ad
1004 3160 1273 3213 anteriora
1318 3170 1595 3228 tempora,
1652 3174 1773 3215 cum

215 3243 412 3297 nempe
442 3228 669 3282 Basilius
703 3244 796 3295 pro
843 3229 1071 3283 Eusebio
1101 3232 1350 3298 episcopo
1404 3230 1626 3293 latente,
1679 3231 1769 3283 de-

212 3297 424 3351 functo.
462 3310 555 3350 aut
582 3300 767 3351 saltent
792 3298 891 3350 alia
922 3299 987 3351 de
1014 3297 1174 3352 causa
1213 3302 1435 3354 absente
1467 3339 1483 3363 ,
1518 3311 1769 3368 tanquam

212 3368 507 3433 primarius
537 3368 675 3419 inter
701 3368 1038 3436 presbyteros
1069 3378 1119 3419 et
1145 3370 1380 3437 episcopi
1409 3369 1637 3422 vicarius
1667 3370 1770 3422 Ec-

209 3437 434 3490 clesiam
469 3437 866 3506 iCazsareensem
898 3437 1312 3491 administraret.
1352 3437 1598 3506 Magnum
1618 3441 1773 3506 quip-

212 3522 277 3571 pe
306 3516 429 3561 erat
462 3505 647 3561 Basilii
700 3520 916 3575 nomen,
942 3506 1102 3559 etiam
1129 3517 1416 3575 antequam
1445 3505 1771 3561 sacerdotio

211 3578 534 3645 fungeretur
566 3576 703 3643 apud
738 3574 1086 3645 Cappadocas
1138 3584 1190 3631 et
1244 3574 1489 3632 nationes
1536 3588 1770 3640 exteras,

210 3656 267 3699 ut
310 3644 381 3699 ex
441 3646 779 3699 Nazianzeuo
835 3644 1061 3699 afﬁrmat
1121 3647 1471 3701 Combefisius
1506 3665 1519 3701 :
1552 3648 1772 3716 ipsaque

209 3717 576 3771 Caesareensis
599 3716 788 3768 civitas
826 3730 948 3768 eum
981 3726 1230 3783 tanquam
1256 3718 1589 3770 conditorem
1616 3734 1771 3769 suum

207 3799 261 3839 et
291 3794 730 3839 conservatorem
768 3786 1109 3847 suspiciebat.
1150 3786 1371 3849 Deinde,
1406 3787 1574 3853 inquit
1606 3788 1767 3851 idem,

208 3856 349 3909 nihil
386 3869 637 3909 narratur
684 3864 793 3908 tota
850 3853 949 3907 hac
988 3853 1210 3907 historia
1259 3856 1457 3908 factum
1488 3870 1517 3907 a
1543 3854 1765 3920 Basilio,

206 3925 353 3994 quod
390 3942 417 3978 a
470 3927 781 3995 presbytero
810 3934 862 3977 et
914 3923 1400 3995 cpiscppihvicario
1431 3927 1609 3993 peragi
1663 3942 1769 3979 non

207 3992 486 4060 potuerit;
523 3992 644 4058 nec,
671 3995 769 4048 nisi
823 3995 1009 4058 semel,
1047 3992 1275 4047 Basilius
1306 4006 1532 4048 vocatur
1560 3992 1769 4063 episco-

204 4080 327 4135 pus.
362 4064 543 4135 Potuit
567 4076 741 4118 autem
778 4064 934 4117 facile
962 4064 1082 4117 ἀντὶ
1129 4064 1317 4134 ἱερέως
1346 4080 1441 4132 pro
1475 4066 1769 4135 ἀρχιερέως

205 4149 235 4185 a
262 4132 783 4202 librario‘quopiam
814 4136 1077 4198 describi;
1112 4132 1194 4187 vel
1217 4136 1377 4204 etiam
1401 4132 1771 4204 potuttdtpxts-

206 4204 339 4275 ρεύς
396 4212 542 4257 recte
571 4207 745 4256 vocari
794 4204 1092 4272 presbyter,
1120 4205 1217 4275 qui
1270 4202 1441 4258 officio
1474 4202 1772 4275 etjurisdi-

206 4274 413 4335 ctione,
447 4286 505 4325 ut
558 4284 788 4337 vocant,
822 4275 1051 4339 episcopi
1105 4274 1417 4341 fungeretur
1447 4291 1461 4327 :
1491 4274 1567 4327 sic
1625 4285 1772 4328 certe

208 4360 378 4398 unum
411 4344 648 4411 episcopi
694 4344 987 4413 vicariique
1040 4345 1272 4397 tribunal
1309 4344 1683 4413 agnoscimus;
1720 4354 1773 4398 et

203 4424 358 4478 gesta
397 4413 584 4466 vicarii
618 4411 783 4481 ipsius
816 4414 1048 4479 episcopi
1090 4424 1237 4481 gesta
1270 4411 1659 4481 nuncupantus.
1694 4415 1769 4467 Ita

202 4483 574 4537 Combefisius
597 4484 735 4535 hunc
753 4482 1220 4535 anachronismum
1252 4497 1509 4536 excusare
1540 4485 1764 4537 nititur:

1878 2116 2049 2182 inquit
2079 2116 2184 2174 ille.
2212 2124 2302 2167 aut
2333 2114 2569 2175 latentis,
2598 2122 2689 2165 aut
2718 2112 2875 2167 aliter
2926 2112 3186 2167 absentis.
3223 2112 3435 2166 Absen-

1880 2194 1989 2235 tem
2023 2184 2201 2236 tandiu
2241 2200 2472 2249 unquam
2516 2182 2686 2237 fuisse
2713 2200 2741 2235 a
2782 2197 2880 2237 suo
2928 2182 3236 2248 epise0patu
3266 2182 3433 2237 Euse-

1879 2253 2050 2315 bium,
2076 2262 2133 2321 ut
2163 2254 2365 2305 vicario
2398 2254 2717 2321 indiguerit,
2751 2253 2919 2321 gratis
2974 2253 3234 2306 asseritur
3261 2261 3315 2305 et
3338 2267 3434 2305 ne-

1875 2332 2051 2392 gatur.
2107 2320 2319 2375 Juliano
2372 2320 2769 2387 praeniortuum’
2794 2337 2933 2385 esse,
2987 2322 3175 2374 falsum
3211 2322 3431 2376 omnino

1875 2406 1998 2448 est:
2031 2400 2246 2445 constat
2300 2407 2528 2459 namque
2563 2407 2626 2445 ex
2658 2392 2994 2445 Nazianzeno
3020 2392 3220 2455 vixisse
3279 2392 3426 2443 illum

1876 2464 2034 2517 initio
2062 2462 2325 2516 Valentis.
2355 2461 2492 2527 Quin
2527 2475 2723 2527 capere
2768 2476 2868 2513 non
2895 2475 3133 2526 possunt,
3162 2461 3428 2527 quomodo

1876 2533 2031 2611 id_in
2088 2543 2316 2587 mentem
2375 2532 2591 2611 venerit
2635 2530 2965 2611 Qontbeﬁsiq
2998 2547 3016 2611 ε
3055 2540 3427 2611 argumentum

1875 2603 2042 2670 enim,
2080 2617 2185 2670 quo
2223 2603 2523 2657 ostenditur
2552 2600 2784 2656 Basilius
2805 2616 2906 2654 non
2938 2600 3104 2654 fuisse
3133 2600 3429 2670 imperante

1876 2666 2110 2725 Juliano
2139 2675 2444 2740 episcopus,
2481 2672 2603 2725 inde
2659 2672 2980 2733 desumitur,
3000 2672 3172 2740 _quod
3204 2666 3304 2722 Sub
3330 2666 3430 2719 Va-

1874 2742 2017 2795 lente
2054 2742 2225 2794 adhne
2260 2738 2479 2795 in_vivis
2510 2750 2655 2794 esset
2686 2741 2966 2793 Eusebius.
2999 2738 3107 2792 Nec
3137 2740 3311 2805 aptius
3346 2746 3431 2790 est

1876 2810 2127 2880 effugium
2161 2825 2258 2879 per
2282 2811 2495 2880 Eusebii
2534 2812 2768 2880 latebras
2798 2828 2811 2863 :
2841 2824 2937 2862 cur
2967 2810 3109 2863 enim
3134 2809 3220 2861 hic
3242 2807 3429 2880 latuis-

1876 2890 1961 2938 set
1989 2877 2239 2941 veniente
2276 2879 2578 2935 Caesaream
2611 2877 2869 2933 Juliano?
2918 2880 3260 2933 lncurrerant
3308 2878 3429 2945 qui-

1876 2954 1996 3005 dem
2022 2952 2294 3020 Apostataa
2324 2952 2503 3005 odium
2536 2949 2929 3012 Caesareeuses,
2952 2963 3157 3020 reverso
3178 2948 3428 3001 Fortunae

1878 3018 2115 3088 templo;
2152 3026 2246 3074 sed
2284 3021 2442 3074 minis
2468 3031 2520 3073 et
2547 3020 2712 3072 multa
2774 3019 3078 3086 pecuniaria
3109 3018 3427 3088 plerumque

1880 3086 2135 3145 saviebat
2163 3091 2274 3154 ille,
2314 3099 2371 3143 ut
2413 3106 2520 3156 prae
2558 3089 2781 3159 reliquis
2811 3088 3264 3151 Cresareensibus,
3289 3086 3428 3159 nihil

1880 3160 1979 3215 sibi
2018 3161 2206 3214 timere
2254 3160 2472 3213 deberet
2500 3156 2780 3213 Eusebius.
2810 3160 2960 3223 Quod
2989 3160 3031 3211 si
3077 3168 3253 3209 tamen
3280 3156 3425 3224 judi-

1876 3240 2051 3286 casset
2076 3230 2330 3297 expedire
2363 3231 2621 3296 tantisper
2653 3230 2893 3281 iracundi
2934 3225 3273 3297 imperatoris
3307 3240 3429 3279 ocu-

1872 3301 1953 3355 los
1986 3296 2358 3367 subterfugere
2381 3340 2396 3363 ,
2441 3300 2629 3352 saltent
2658 3298 2790 3351 nihil
2811 3312 2943 3366 opus
2972 3307 3090 3351 erat
3114 3296 3282 3351 latere
3304 3306 3427 3363 post

1873 3372 2172 3427 discessum
2219 3366 2450 3435 Juliani,
2490 3370 2597 3422 imo
2648 3376 2768 3438 post
2798 3383 2983 3423 necem
3029 3366 3197 3437 ipsius
3225 3405 3239 3429 ,
3265 3380 3425 3433 quam

1871 3440 2069 3495 dicitur
2116 3442 2392 3495 nuntiasse
2424 3438 2716 3505 Libanius;
2774 3448 2828 3493 et
2884 3452 2982 3506 pro
3029 3454 3136 3506 quo
3188 3447 3429 3503 tempore

1871 3509 2097 3564 Basilius
2171 3522 2390 3564 vocatur
2452 3509 2731 3578 pontifex,
2804 3524 2909 3561 non
2977 3507 3049 3559 ita
3121 3519 3253 3561 sane
3316 3519 3428 3578 _ap~

1872 3580 2146 3644 pellandus
2211 3581 2278 3633 ab
2356 3572 2768 3645 Am-pltilocltio,
2842 3578 2885 3631 si
2951 3578 3185 3630 vicarius
3249 3572 3425 3628 solum

1872 3648 2085 3703 fuisset.
2134 3648 2266 3701 Nam
2319 3663 2426 3700 non
2456 3647 2789 3716 distinguere
2818 3647 2957 3701 inter
3008 3646 3314 3716 episcopum
3373 3652 3428 3697 et

1872 3717 1987 3786 ejus
2010 3717 2268 3771 vicarium
2304 3718 2566 3785 imperitis
2594 3715 2910 3786 quandoque
2936 3715 3113 3786 posSit
3140 3715 3423 3782 continge-

1874 3785 1953 3851 re,
1990 3804 2092 3841 non
2127 3802 2255 3840 vero
2281 3803 2457 3841 rerum
2493 3785 2978 3841 ecclesiasticarum
3014 3788 3260 3853 apprime
3293 3798 3425 3849 gna-

1874 3873 1955 3911 ro.
1988 3857 2217 3912 Librarii
2243 3872 2499 3930 errorem
2526 3859 2665 3930 quod
2703 3864 2944 3930 spectat,
2975 3856 3144 3930 gratis
3168 3854 3258 3906 hic
3285 3866 3421 3930 quo-

1871 3942 1974 3995 que
2032 3929 2365 3997 supponitur,
2398 3924 2947 3980 nullo’allato'codice
3004 3924 3061 3997 i_n_
3109 3924 3428 3997 quo_atiter

1873 3992 2110 4065 legatur,
2134 3992 2281 4052 nullo
2340 4005 2561 4064 urgente
2624 4005 2960 4064 argumento.
3015 3993 3192 4046 Manet
3241 3992 3425 4058 itaque

1874 4068 2318 4119 anachronismus
2346 4108 2360 4131 ,
2389 4066 2620 4133 prodens
2664 4080 2823 4133 quam
2856 4065 3193 4133 impudenter
3238 4072 3425 4116 auctor

1872 4136 2305 4201 Amphilochium
2342 4135 2595 4188 mentitus
2630 4135 2719 4187 sit.

1946 4200 2055 4275 (39)
2094 4224 2111 4256 ‹
2152 4204 2377 4275 Videtur
2402 4203 2801 4275 consuetudinis
2852 4202 3086 4275 fuisse...
3122 4210 3178 4255 ut
3213 4200 3298 4275 vel
3331 4215 3421 4275 ac-

1874 4271 2051 4342 ceptio
2110 4274 2189 4328 vel
2249 4274 2464 4327 traditio
2495 4274 2865 4327 nonnullarum
2922 4274 3133 4342 frugum
3188 4271 3424 4339 cujusvis

1877 4343 2048 4405 fundi,
2077 4346 2140 4395 ad
2169 4360 2325 4413 quem
2350 4346 2642 4411 imperator
2678 4345 3005 4407 advenisset,
3029 4350 3120 4394 aut
3144 4342 3423 4413 occupatio

1874 4411 2199 4479 haberetur,
2233 4422 2323 4466 aut
2356 4415 2539 4468 missio
2592 4417 2645 4467 in
2689 4414 3082 4481 possessionem
3118 4429 3129 4463 :
3163 4422 3241 4481 ut;
3267 4411 3421 4481 dein-

1876 4498 2000 4550 ceps
2026 4486 2104 4537 vel
2131 4484 2357 4551 principi
2382 4486 2617 4549 cederet,
2642 4479 2756 4536 si‘is
2780 4482 3067 4550 quidquam
3101 4482 3166 4535 de
3195 4479 3420 4543 alicujus

203 4568 369 4621 quam
416 4553 647 4606 feliciter
690 4553 895 4619 judicet
934 4552 1120 4606 lector.
1174 4551 1344 4606 Nemo
1391 4552 1578 4607 saltem
1638 4554 1767 4607 mihi
1800 4543 1843 4596 Ι)
1874 4543 2063 4621 privati
2099 4543 2223 4622 agro
2252 4543 2614 4622 sumpsisset;
2638 4551 2722 4604 vel
2767 4543 2818 4622 in
2850 4543 2952 4622 jus'r
2985 4551 3424 4622 alterius,velut

203 4624 366 4678 facile
414 4624 778 4689 persuadebit,
818 4638 924 4677 non
979 4623 1146 4675 fuisse
1186 4633 1417 4677 mentem
1452 4624 1685 4676 auctoris
1716 4624 1769 4675 itt

204 4694 303 4747 hac
342 4691 465 4745 Vita
512 4692 856 4745 describenda
889 4733 903 4758 ,
938 4706 1159 4747 servare
1208 4693 1450 4746 ordinem
1495 4694 1767 4759 temporis.

200 4760 368 4815 Certe
404 4762 581 4830 capita
629 4763 891 4831 capitibus
924 4772 1285 4817 annectuntur
1338 4762 1771 4829 inchoanturque

203 4837 269 4888 iis
300 4832 561 4898 loquendi
592 4831 857 4894 formulis,
883 4834 1080 4899 quibus
1112 4833 1186 4885 uti
1226 4832 1462 4887 solemus
1482 4847 1603 4885 cum
1633 4835 1771 4885 inter

202 4903 544 4957 narrandum
620 4902 863 4955 ordinem
938 4905 1189 4969 temporis
1246 4903 1642 4971 prosequimur.
1695 4903 1767 4955 lta

202 4986 435 5027 numero
475 4971 579 5033 52,
630 4983 905 5039 postquam
944 4971 1077 5025 dixit
1122 4989 1149 5025 a
1180 4972 1379 5025 Basilio
1415 4982 1767 5026 convocatum

202 5044 461 5113 populqu
488 5042 552 5093 ad
588 5043 866 5113 ecclesiam
922 5042 1224 5095 auditurum
1254 5043 1621 5113 verbanei,
1683 5058 1769 5096 se-

199 5111 460 5183 quentem
494 5126 771 5183 numerum
800 5111 890 5175 55,
922 5127 1027 5179 quo
1052 5121 1304 5163 narratur
1325 5111 1493 5165 Judaei
1540 5127 1767 5165 conver-

198 5179 300 5248 sio,
337 5184 421 5236 sic
444 5179 662 5233 inchoat
698 5198 752 5233 ε(
793 5182 922 5235 Cum
958 5182 1136 5248 itaque
1158 5195 1244 5234 res
1272 5197 1421 5234 sacra
1453 5192 1718 5248 ageretur,
1743 5202 1761 5233 ι

199 5266 306 5308 etc.
342 5250 482 5318 Quis
510 5265 614 5320 non
654 5250 867 5320 colliget
903 5267 963 5305 ex
1004 5253 1105 5304 hoc
1138 5251 1386 5318 loquendi
1420 5254 1594 5315 modo,
1638 5266 1766 5304 cou-

201 5324 517 5380 versionem
549 5319 718 5375 Judari
742 5319 981 5374 evenisse
1010 5322 1149 5374 inter
1174 5336 1284 5374 rem
1321 5320 1553 5373 divinam
1576 5360 1590 5384 ,
1651 5330 1769 5388 post

202 5395 449 5447 habitum
479 5391 545 5442 ad
581 5390 832 5457 populum
868 5390 1208 5444 sermonem?
1237 5391 1302 5444 Et
1324 5400 1602 5458 postquam
1624 5390 1765 5444 hunc

201 5476 488 5516 numerum
526 5459 579 5513 in
613 5460 781 5514 Judaei
802 5460 1116 5522 baptismate
1140 5462 1420 5525 conclusit,
1447 5461 1512 5512 ad
1545 5475 1768 5527 sequen-

203 5545 303 5585 tem
326 5532 398 5586 54
424 5532 507 5583 sic
539 5530 770 5585 transit:
809 5548 826 5582 ‹
855 5530 1093 5597 Cumque
1111 5542 1329 5585 sanctus
1346 5531 1706 5599 egrederetur.
1741 5550 1759 5582 ι

200 5603 493 5655 ιὲοιιιεηάὶι
518 5610 697 5655 tamen
734 5599 1108 5663 Combelisius,
1138 5602 1393 5669 quidquid
1417 5601 1516 5654 hoc
1542 5615 1765 5654 numero

203 5682 482 5731 narratur,
537 5671 605 5723 ad
651 5672 919 5723 anteriora
972 5680 1210 5738 tempora
1262 5686 1421 5736 posse
1456 5681 1510 5725 et
1569 5672 1767 5725 debere

207 5743 420 5796 referri.
446 5742 515 5793 At
552 5741 866 5808 quomodo?
902 5742 1004 5793 nisi
1058 5750 1241 5796 contra
1277 5744 1485 5794 modum
1516 5741 1764 5808 loquendi

200 5816 481 5877 adlatum,
517 5812 623 5865 ritu
670 5810 845 5864 verbis
891 5811 1199 5867 inferamus.
1239 5811 1374 5880 Quin
1412 5823 1463 5865 ut
1492 5810 1542 5864 id
1570 5828 1763 5867 concc-

1875 4620 2113 4692 principe
2136 4620 2388 4676 donante
2421 4622 2694 4685 transiret,
2723 4622 2768 4674 si
2796 4621 2906 4690 ipse
2928 4621 2990 4674 de
3013 4636 3140 4692 agro
3162 4620 3233 4692 ad
3252 4620 3420 4687 ipsum

1873 4688 2171 4760 spectante,
2204 4708 2267 4747 eo
2307 4692 2465 4745 modo
2491 4692 2690 4759 aliquid
2718 4688 2988 4744 donasset.
3028 4688 3161 4743 {Ita
3196 4688 3422 4743 Cumbe-

1872 4764 2061 4827 fisius,
2124 4765 2358 4831 probans
2428 4761 2673 4830 exemplo
2736 4761 3032 4825 Eudoxiaz,
3090 4760 3253 4813 simili
3327 4774 3420 4831 ra-

1874 4834 2019 4887 tione
2050 4828 2402 4897 excusantis,
2447 4828 2681 4885 ablatam
2736 4831 2904 4885 vidua:
2950 4831 3289 4899 Theognisue
3338 4828 3421 4881 vi-

1871 4918 2043 4957 neant.

1941 4971 2051 5044 (40)
2081 4971 2182 5044 Vix
2234 4970 2451 5044 dubito,
2487 4971 2614 5044 quin
2655 4978 2841 5025 auctor
2877 4969 3042 5044 hujus
3083 4967 3239 5031 Vita’,
3263 4966 3419 5044 quis-

1871 5038 2081 5112 cunque
2102 5043 2316 5096 demum
2346 5038 2527 5106 fuerit,
2578 5042 2783 5094 incerto
2806 5039 2983 5112 relatu
3009 5047 3062 5091 et
3089 5038 3303 5112 mutatis
3331 5053 3417 5092 re-

1869 5107 2013 5167 rum-
2043 5112 2461 5166 circumstantiis
2485 5128 2547 5165 ea
2579 5110 2863 5173 audiverit,
2899 5124 3018 5178 qua:
3046 5124 3075 5160 a
3114 5107 3420 5163 Sozomeno

1870 5185 1943 5236 ita
1991 5194 2301 5245 narrantur,
2358 5181 2451 5234 lib.
2480 5197 2532 5245 v,
2570 5196 2692 5250 cap.
2724 5180 2757 5232 4
2787 5196 2802 5233 :
2842 5196 2861 5231 ι
2900 5179 3009 5232 Sub
3038 5178 3175 5232 idem
3208 5188 3421 5250 tempus

1870 5253 2165 5321 imperator
2211 5250 2455 5305 Julianus
2476 5292 2489 5317 ,
2515 5249 2813 5321 Cmsaream
2848 5251 2913 5303 ad
2937 5256 3170 5321 montem
3197 5249 3416 5321 Argjum

1869 5316 2051 5383 sitam,
2086 5321 2269 5374 urbem
2293 5322 2547 5389 amplam,
2579 5320 2915 5385 locupletem,
2939 5328 2992 5373 et
3024 5316 3418 5389 regionl_s_Cap-

1871 5392 2107 5462 padociae
2147 5386 2478 5460 primariam,
2533 5406 2599 5444 ex
2634 5405 2853 5462 numero
2884 5386 3164 5462 civitatum
3200 5386 3417 5449 delevit,

1868 5459 1921 5516 et
1970 5459 2199 5515 Caesaris
2250 5463 2482 5531 privavit
2521 5460 2766 5531 nomine;
2799 5460 2937 5531 quod
2970 5459 3183 5525 quidem
3223 5470 3416 5531 nomen

1870 5544 2127 5600 regnante
2160 5524 2382 5584 Claudio
2411 5571 2426 5595 ,
2461 5546 2584 5585 cum
2642 5524 2786 5581 nm
2813 5524 2935 5597 'jam
2988 5524 3115 5600 ante
3155 5524 3416 5600 appellata

1866 5595 2074 5663 fui—sset,
2103 5602 2429 5655 obtinuerat.
2477 5601 2605 5652 Nam
2640 5595 3003 5653 contra-cives
3026 5598 3139 5664 ejus
3171 5595 3408 5649 civitatis

1868 5674 2063 5725 dudum
2091 5672 2469 5741 gravissimum
2501 5672 2681 5723 odium
2704 5676 3060 5741 conceperat;
3121 5675 3232 5720 tum
3274 5666 3413 5741 quod

1867 5756 2053 5796 omnes
2087 5734 2242 5794 fidem
2276 5741 2635 5794 Christianam
2673 5734 3074 5806 profiterentur,
3122 5747 3233 5789 tum
3276 5734 3415 5806 quod

1868 5814 1993 5868 olim
2024 5812 2217 5881 templa
2246 5811 2390 5868 Jovis
2426 5812 2571 5867 urbis
2614 5805 2843 5879 patroni,
2870 5818 2924 5863 ct
2956 5807 3113 5878 patrii
3157 5805 3416 5876 Apollinis
