4086 6318
676 373 825 415 CCCIV

680 490 784 535 tein
812 478 970 533 dictis
996 479 1129 534 abiit
1150 479 1203 534 in
1240 477 1517 546 Persidem
1554 497 1568 534 :

680 586 771 627 sus
802 570 1096 636 civitatem,
1124 570 1403 641 accitaque
1447 570 1694 625 universa
1727 567 1901 640 populi
1934 572 2233 627 multitudi~

677 679 769 731 ne,
801 663 1141 719 denuntiavit
1180 664 1522 732 imperatoris
1553 662 1737 725 verba,
1800 662 2033 733 bonique
2059 666 2235 721 consi-

677 755 734 809 lii
766 764 955 810 auctor
985 754 1215 811 ellicitur
1247 755 1469 809 dicens:
1505 773 1524 807 (
1578 753 1779 821 Nihili,
1816 755 2030 823 fratres,
2076 771 2234 825 pecu-

676 846 819 900 niam
872 845 1155 913 facientes,
1206 856 1441 901 vestram
1496 854 1679 903 curate
1714 849 1976 915 salutem;
2024 859 2123 911 ut,
2188 850 2233 905 si

673 936 839 992 etiam
899 947 1127 1010 tyranno
1160 937 1232 992 illi
1277 937 1587 1008 imperatori
1644 940 1972 995 concedatur
2004 950 2232 1010 tempus,

674 1041 797 1081 eum
850 1028 1165 1085 muneribus
1200 1028 1525 1084 molliamus.
1568 1049 1587 1083 ι
1625 1028 1695 1083 At
1735 1030 1806 1084 illi
1854 1032 1907 1084 iii
1932 1047 2057 1087 suas
2086 1032 2234 1102 quis-

676 1130 780 1185 que
811 1118 1073 1173 abeuntes
1103 1119 1311 1184 domos,
1344 1134 1437 1173 sua
1461 1117 1693 1190 singuli,
1728 1127 1837 1173 tum
1892 1120 1945 1174 in
1999 1138 2133 1179 auro
2182 1133 2236 1179 et

675 1218 919 1279 argento,
946 1207 1248 1277 lapillorum
1292 1210 1417 1263 item
1454 1209 1769 1266 immensam
1815 1212 2232 1282 multitudinem,

676 1301 789 1354 suis
821 1299 920 1369 ipsi
955 1299 1206 1355 manibus
1231 1298 1547 1354 attulerunt.
1573 1302 1623 1355 ls
1643 1316 1771 1355 vero
1803 1317 1990 1357 eorum
2024 1320 2238 1376 perspe-

675 1399 762 1445 cta
818 1391 1102 1447 alacritate
1147 1393 1437 1461 animoque
1491 1394 1559 1447 ad
1605 1394 2015 1462 obsequendum
2047 1396 2236 1463 facili,

676 1493 896 1553 accepta
928 1484 1172 1553 deposuit
1202 1484 1253 1538 in
1302 1484 1548 1540 ecclesia:
1596 1485 1853 1551 armario,
1904 1489 2237 1561 singulorum

683 1573 962 1643 inscriptis
988 1575 1317 1640 nominibus,
1362 1577 1549 1632 dicens
1585 1576 1813 1633 :Potest
1839 1578 2235 1636 destinatorum

681 1664 945 1720 Dominus
970 1674 1027 1720 et
1052 1665 1202 1721 illum
1233 1667 1559 1733 interﬁcere,
1590 1676 1642 1722 et
1668 1678 1906 1727 vestram
1930 1672 2082 1728 vobis
2114 1673 2239 1728 sub—

676 1755 934 1810 stantiam
962 1759 1272 1812 restituere.

2016 363 2545 423 PROLEGOMENA.

1620 475 1847 532 Basilius
1873 492 2000 533 vero
2026 481 2235 551 ingres-
2268 486 2312 544 Α
2348 482 2561 538 scelesti
2594 480 2933 551 imperatoris
2965 482 3247 539 consilium
3282 484 3526 555 dissipet,
3562 484 3883 552 rogent.lltis

2346 575 2532 643 itaque
2570 575 2876 640 orantibus,
2905 581 2959 627 et
2992 576 3224 630 contrito
3280 576 3443 632 corde
3505 574 3883 644 pervigilibus,

2338 666 2483 719 videt
2508 667 2558 720 in
2594 664 2706 733 (Η)
2730 666 2929 720 somnis
2959 662 3189 720 Basilius
3235 666 3627 722 multitudinem
3656 663 3886 721 ccelestis

2345 758 2574 820 militiae,
2606 755 2693 809 hic
2736 755 2844 811 illic
2868 759 2919 812 in
2945 763 3164 821 monte;
3194 755 3531 828 mediamque
3559 756 3797 819 illorum,
3836 755 3884 807 in

2339 849 2473 904 sede
2501 848 2756 920 gloriosa,
2778 849 3026 905 muliebri
3050 846 3233 903 habitu
3254 846 3528 917 feminam,
3543 851 3621 905 sic
3641 845 3884 902 affantein

2342 951 2586 995 astantes
2635 938 2754 995 illos
2818 940 2967 993 viros
3030 937 3343 1011 magnificos
3390 959 3403 993 :
3455 960 3476 991 ι
3524 940 3727 996 Vocate
3764 938 3884 992 mihi

2356 1033 2695 1096 Mercurium,
2724 1030 2923 1100 ibitque
2956 1041 3013 1086 ut
3052 1032 3320 1088 lulianum
3352 1031 3649 1089 interﬁciat
3673 1075 3689 1099 ,
3719 1033 3805 1103 qui
3836 1030 3886 1084 in

2344 1124 2535 1181 Filium
2555 1138 2732 1179 meum
2759 1131 2815 1179 et
2840 1123 3121 1178 Dominum
3145 1123 3323 1180 Jesum
3347 1122 3526 1191 inique
3548 1126 3678 1194 egit.
3711 1144 3731 1177 ι
3763 1124 3888 1179 San-

2343 1231 2467 1275 ctus
2505 1231 2657 1281 vero,
2687 1217 2801 1271 suis
2830 1214 3077 1270 omnibus
3132 1216 3297 1271 armis
3329 1215 3647 1281 instructus,
3679 1218 3889 1285 jubeiite

2341 1313 2461 1379 illa,
2511 1318 2714 1381 prmsto
2773 1308 3091 1369 adveniens,
3130 1308 3407 1363 confestim
3442 1307 3556 1360 ivit.
3612 1309 3890 1366 Accersito

2344 1415 2532 1460 autem
2563 1401 2760 1456 Basilio
2801 1398 3019 1453 tradidit
3048 1397 3096 1451 ei
3127 1396 3337 1464 librum,
3372 1413 3476 1469 quo
3504 1406 3615 1452 tota
3668 1404 3890 1457 creatio-

2343 1496 2429 1550 nis
2480 1490 2724 1547 narratio
2750 1487 2951 1557 scripta
2983 1496 3147 1552 esset,
3197 1497 3632 1557 postremumque
3668 1490 3891 1548 hominis

2341 1596 2370 1633 a
2408 1580 2516 1633 Deo
2568 1574 2838 1630 formatio.
2880 1573 3049 1629 Porro
3100 1574 3217 1629 libri
3272 1574 3422 1628 initio
3468 1575 3584 1631 haec
3609 1589 3731 1631 erat
3760 1584 3888 1634 scri-

2341 1671 2449 1739 ptio
2484 1685 2497 1720 :
2533 1682 2552 1717 (
2594 1665 2723 1731 Dic,
2761 1683 2781 1717 ι
2814 1664 2865 1717 ἰη
2900 1662 3004 1718 fine
3030 1675 3224 1727 autem,
3255 1661 3339 1717 ubi
3374 1663 3604 1718 hominis
3648 1665 3892 1721 formatio

2346 1760 2643 1816 habebatur
2668 1781 2677 1814 :
2718 1778 2737 1810 ε
2764 1756 2952 1812 Parce.
2986 1776 3005 1807 ι
3028 1756 3335 1827 Suscipiens
3352 1767 3526 1813 autem
3550 1757 3746 1813 librum
3771 1760 3895 1830 legit

752 1844 872 1899 Mox
902 1860 1031 1914 ergo
1049 1845 1203 1915 jubet
1252 1856 1310 1900 ut
1342 1846 1517 1903 clerus
1557 1849 1946 1919 universusque
1997 1850 2236 1910 civitatis
2271 1830 2313 1884 Β
2343 1863 2525 1906 coram
2548 1848 2659 1913 illa,
2679 1863 2845 1919 usque
2867 1847 2933 1899 ad
2954 1845 3094 1899 illam
3118 1848 3591 1917 subscriptionem.
3610 1868 3630 1901 ι
3656 1848 3891 1915 Parce”

675 1938 922 2006 populiis,
950 1953 1072 1992 cum
1110 1938 1427 1996 mulieribus
1454 1952 1510 1997 et
1553 1944 1790 2013 parvulis
1819 1981 1835 2007 ,
1890 1943 1943 1996 in
1999 1954 2233 2001 montem

679 2028 931 2099 Didymi,
989 2030 1078 2085 ubi
1130 2046 1389 2100 perquam
1437 2034 1741 2088 venerabile
1800 2033 1892 2088 Dei
1956 2038 2235 2105 genitricis

679 2122 934 2193 templum
991 2125 1184 2180 honori
1255 2126 1480 2179 habetur
1533 2136 1589 2180 et
1638 2127 1858 2194 colitur,
1903 2133 2233 2197 ascendant;

677 2222 897 2283 tresque
924 2213 1041 2268 dies
1067 2212 1258 2280 jejuni,
1286 2213 1522 2267 orationi
1554 2215 1793 2283 instent;
1830 2232 1894 2272 ac
1946 2216 2133 2282 Deum,
2179 2226 2238 2269 ut

676 2394 990 2453 diruissem.
1016 2394 1153 2463 Quin
1174 2397 1333 2451 etiam
1359 2396 1625 2455 universa:
1642 2399 1845 2455 civitati
1868 2397 2098 2467 graviter
2118 2409 2240 2467 suc-

677 2468 891 2537 censuit
925 2467 1199 2530 iratusque
1228 2477 1331 2532 est,
1384 2468 1732 2537 miiiatusqiie
1795 2465 1935 2535 quod
1991 2465 2241 2533 templum

678 2535 968 2607 Fortuna},
999 2536 1139 2603 quod
1170 2537 1340 2589 solum
1398 2552 1462 2591 eo
1514 2535 1771 2607 regnante
1824 2543 2156 2607 supererat,
2214 2549 2243 2586 a

676 2602 1267 2677 Christianiseversum
1301 2616 1445 2658 esset
1481 2624 1494 2658 :
1529 2602 1688 2675 atque
1718 2602 1961 2677 gentiles,
1990 2602 2077 2677 qui
2109 2604 2159 2655 in
2182 2619 2241 2677 ea

678 2671 813 2727 urbe
856 2672 1013 2741 pauci
1062 2686 1285 2725 numero
1329 2684 1507 2733 erant.
1566 2671 2055 2734 valde'incusarit,
2100 2674 2243 2741 quod

679 2744 813 2797 illud
842 2742 1054 2798 facinus
1080 2743 1174 2797 iilti
1216 2757 1319 2798 non
1354 2742 1587 2800 fuissent
1612 2764 1624 2801 :
1654 2756 1709 2802 et
1732 2745 1775 2800 si
1804 2744 1940 2797 forte
1964 2742 2242 2796 calamita-

681 2816 753 2867 tis
788 2812 991 2885 aliqiiid
1023 2813 1145 2885 ideo
1171 2814 1511 2885 subeundum
1542 2826 1724 2884 esset,
1750 2815 1892 2885 quod
1939 2813 1991 2867 id
2024 2829 2127 2867 non
2178 2812 2240 2865 Ii-

682 2884 935 2937 bentibiis
990 2884 1185 2938 animis
1238 2900 1334 2953 pro
1383 2884 1621 2943 Fortuna
1691 2884 1933 2941 tulissent
1995 2902 2008 2936 :
2057 2898 2244 2938 omnes

683 2963 949 3026 przeterea
1004 2969 1134 3020 opes
1184 2968 1508 3023 omnemque
1549 2959 1834 3026 pecuniam
1867 2954 2243 3026 ecclesiarum,

684 3032 795 3096 t_i_i_i_n
823 3022 875 3073 in
910 3021 1157 3096 Caesarea
1185 3062 1198 3083 ,
1236 3033 1345 3096 tum
1382 3021 1434 3076 iri
1466 3021 1715 3082 confiniis
1762 3027 1893 3096 ejus;
1926 3024 2243 3091 positarum,

679 3089 970 3158 diligenter
1006 3090 1269 3161 vestigari
1310 3092 1471 3159 inque
1524 3099 1758 3148 medium
1789 3089 1997 3146 "alieni
2024 3133 2038 3154 ,
2084 3104 2245 3161 atque

683 3157 1183 3231 statim_treeentas
1220 3157 1530 3231 libras'auri
1581 3166 1773 3217 mrario
1821 3162 2031 3231 publi-to
2085 3157 2242 3231 solvi,

683 3238 736 3282 et
764 3228 992 3283 clericos
1018 3243 1206 3283 omnes
1238 3228 1288 3283 in
1336 3244 1617 3286 numerum
1648 3228 1901 3293 militum,
1938 3230 2027 3298 qui
2055 3229 2245 3295 pra-fe-

682 3311 776 3352 cio
809 3299 952 3369 illius
978 3298 1213 3369 regionis
1237 3299 1529 3367 parebant,
1562 3303 1758 3356 ascribi
1782 3301 1946 3368 jussit
1972 3317 1985 3364 ;
2014 3313 2131 3369 quae
2160 3313 2245 3352 res

684 3377 738 3419 et
776 3367 1063 3439 plurimum
1114 3379 1359 3437 sumptus
1416 3372 1684 3439 requirit,
1729 3367 1790 3424 et
1826 3372 1876 3423 in
1912 3367 2243 3439 exercitibus

684 3437 942 3507 Romanis
978 3452 1171 3507 magno
1195 3442 1391 3506 probro
1445 3437 1677 3494 ducitur.
1710 3440 1947 3507 itemque
2000 3437 2244 3491 multitu-

683 3509 860 3561 dinem
887 3506 1342 3573 Christianorum,
1368 3523 1473 3562 una
1501 3526 1621 3564 cum
1668 3506 1926 3564 uxoribus
1959 3519 2011 3562 et
2040 3507 2242 3574 liberis,

684 3577 934 3650 censeri;
971 3588 1027 3632 et
1061 3594 1183 3650 non
1244 3578 1401 3632 aliter
1442 3590 1604 3650 atque
1650 3584 1701 3635 in
1737 3580 1890 3650 pagis
1921 3579 2033 3632 fieri
2066 3578 2198 3632 solet
2228 3618 2243 3641 ,

686 3649 887 3721 tributa
925 3648 1195 3717 pensitare
1224 3648 1533 3721 mandavit;
1565 3668 1685 3705 cum
1729 3648 2078 3721 jurejurando
2101 3664 2247 3703 com-

688 3718 925 3788 minatus
951 3758 969 3783 ,
999 3732 1173 3785 neque
1203 3718 1271 3771 ab
1302 3719 1379 3770 ira
1420 3736 1500 3781 se,
1532 3737 1705 3788 neque
1732 3718 1808 3773 ab
1836 3719 2116 3788 affligenda
2172 3724 2247 3771 ci-

690 3787 857 3857 vitate
886 3795 1332 3857 teinperaturiim,
1392 3804 1565 3857 neque
1600 3786 1983 3857 permissurum
2010 3786 2244 3857 Gzililieis

685 3856 783 3925 (sic
811 3854 954 3912 enim
1003 3854 1343 3910 Christianos
1402 3854 1497 3925 per
1558 3854 1935 3912 contumeliam
1973 3856 2244 3925 appellare

686 3924 915 3994 solebat)
945 3926 1122 3996 capita
1146 3941 1241 3981 sua
1277 3923 1580 3981 cervicibus
1610 3927 1863 3992 retinere,
1891 3926 1989 3978 nisi
2022 3923 2240 3996 delubra

688 3992 951 4067 idolorum
986 3992 1381 4064 quamprimum
1422 4000 1487 4051 de.
1514 4000 1719 4067 integro
1736 3992 2235 4067 exstruereii_t._Cu‘

682 4067 771 4133 jus
803 4066 960 4118 minae
996 4069 1229 4120 fortasse
1261 4068 1434 4135 reipsa
1487 4064 1710 4135 expleta:
1740 4067 1984 4129 fuissent,
2014 4064 2115 4117 nisi
2153 4079 2241 4117 ce-

685 4135 849 4188 lerius
887 4150 927 4205 _e
958 4136 1067 4188 vita
1122 4134 1430 4205 riiigraSSet.
1478 4158 1496 4189 ι
1536 4134 1684 4202 llmc,
1721 4138 1973 4205 inquam,
2018 4134 2244 4201 pseudo-

682 4203 1085 4275 AlllphilochiO.
1113 4203 1354 4271 dittpost
1398 4225 1507 4260 rem
1557 4219 1762 4275 gestam
1800 4203 2089 4266 Scribenti,
2116 4220 2243 4258 con-

684 4274 806 4327 fuso
861 4290 1076 4328 rumore
1135 4276 1315 4327 audita
1345 4316 1361 4337 ,
1392 4274 1739 4330 occasionem
1800 4280 1927 4330 dare
1960 4285 2244 4343 potuerunt

682 4344 1124 4398 comminiscendi
1184 4360 1245 4398 ea
1284 4358 1402 4412 quae
1465 4346 1531 4400 de
1580 4348 1809 4399 adventu
1841 4343 2243 4397 JuliaiiiCzesa-

686 4428 831 4466 ri-am
860 4424 915 4467 et
940 4413 1123 4485 Basilii
1158 4430 1277 4468 cum
1302 4430 1367 4469 eo
1414 4429 1710 4485 congressu
1742 4424 1960 4467 narrata
1997 4426 2143 4485 sunt.
2174 4414 2243 4466 At

2341 1940 2637 1998 statimque
2676 1950 2817 1996 metu
2846 1939 3046 1997 pariter
3071 1948 3127 1993 et
3149 1940 3343 2007 gaudio
3364 1950 3538 2004 actus,
3569 1952 3773 1998 tomum
3808 1944 3896 2000 de-

2340 2028 2522 2083 cussit.

2421 2120 2672 2188 Ejusdem
2705 2134 2865 2190 porro
2898 2118 3141 2183 rationis,
3185 2119 3345 2173 etiam
3369 2117 3626 2172 Libanius
3654 2130 3766 2189 (η)
3812 2134 3895 2175 so-

2343 2212 2543 2282 phista,
2572 2213 2685 2282 ipsa
2720 2224 2875 2268 nocte
2904 2212 3167 2269 somnium
3198 2210 3329 2266 vidit
3356 2250 3371 2277 ,
3413 2225 3534 2266 eum
3563 2208 3786 2267 Juliano
3842 2214 3891 2266 in

2352 2405 2481 2457 tam,
2515 2406 2632 2464 post
2690 2410 2874 2451 necem
2926 2396 3039 2463 ejus
3064 2439 3077 2463 ,
3107 2396 3303 2465 scripta
3341 2409 3436 2449 sua
3484 2394 3851 2450 eliicubrariiit
3876 2433 3890 2452 .

2347 2467 2616 2533 quomodo
2665 2468 2715 2520 id
2770 2475 3015 2533 poterant
3062 2466 3334 2533 pra:terire
3389 2465 3704 2525 silentio,si
3764 2465 3892 2532 quid

2349 2536 2606 2604 ejusmodi
2668 2534 3522 2604 factiiinfuisset?Apparitioﬁnis
3568 2544 3748 2586 autem
3809 2535 3895 2587 hic

2349 2603 2579 2659 iiarratie
2617 2603 2830 2657 vacillat
2863 2603 2993 2657 fides
3024 2646 3039 2669 ,
3092 2614 3312 2671 propter
3363 2603 3705 2669 episcopatus
3757 2619 3891 2657 ana-

2348 2674 2739 2736 chronismum,
2769 2673 2858 2741 qui
2884 2673 3043 2726 etiam
3092 2671 3358 2740 reperitur
3387 2686 3453 2724 ex
3482 2673 3581 2724 alia
3626 2673 3791 2727 simili
3818 2674 3895 2729 le-

2349 2745 2541 2813 genda,
2568 2745 2618 2795 in
2648 2743 2904 2796 Chronico
2931 2743 3284 2796 Alexandrino
3322 2742 3386 2795 ad
3411 2756 3605 2813 annum
3640 2744 3768 2810 565,
3794 2746 3895 2800 hoc

2351 2810 2531 2869 ieiiore
2566 2832 2578 2868 :
2611 2834 2626 2862 ς
2661 2813 2855 2866 Eadem
2913 2823 3065 2869 nocte
3110 2814 3250 2881 (quin
3282 2821 3398 2881 post
3435 2810 3631 2867 Juliani
3666 2828 3893 2870 mortem

2350 2886 2517 2953 prima
2574 2884 2999 2956 fiiit)soinnium
3049 2885 3183 2956 vidit
3233 2882 3610 2956 sniictissiinns
3635 2883 3893 2956 Basilius,

2351 2958 2607 3011 (Imsareae
2645 2954 2925 3024 episcOpus
2951 2996 2966 3020 ,
2996 2955 3161 3011 corios
3201 2962 3414 3023 apertos
3458 2962 3512 3007 et
3558 2954 3892 3007 Salvatorem

2351 3026 2625 3080 Christum
2660 3026 2710 3077 iii
2748 3026 2940 3078 throno
2972 3029 3244 3080 sedentem
3267 3064 3282 3084 .
3330 3039 3629 3089 magnoque
3662 3026 3896 3077 clamore

2351 3099 2616 3147 dicentem
2652 3116 2663 3147 :
2702 3093 2953 3157 Mercuri,
2986 3096 3093 3154 abi,
3128 3094 3310 3147 occide
3337 3091 3603 3144 Juliaiiuiii
3656 3093 3888 3157 impera-

2351 3174 2555 3228 torem,
2600 3166 2748 3216 iIlum
2802 3164 3009 3217 hostem
3045 3162 3489 3216 Christianorum.
3533 3160 3770 3213 Sanctus
3798 3177 3893 3214 au-

2350 3242 2452 3283 tem
2483 3231 2798 3294 Mercurius,
2839 3242 2991 3285 stans
3026 3246 3207 3284 coram
3247 3230 3472 3282 Domino
3502 3229 3671 3283 lorica
3718 3230 3892 3285 ferrea

2346 3302 2584 3363 indutus,
2639 3301 2820 3353 audito
2878 3301 3133 3355 mandato
3184 3300 3419 3352 evanuit.
3458 3298 3672 3352 Rursus
3702 3301 3896 3355 deinde

2347 3373 2492 3424 visus
2515 3383 2599 3425 est
2623 3381 2803 3424 astare
2836 3386 3016 3425 coram
3054 3370 3299 3433 Domino,
3341 3370 3653 3423 exclamans
3684 3390 3695 3423 :
3724 3371 3897 3425 Julia-

2347 3458 2447 3495 nus
2487 3444 2779 3511 imperator
2802 3440 3146 3511 interfectus,
3174 3452 3416 3493 mortiiiis
3439 3450 3542 3504 est,
3570 3454 3632 3493 nt
3655 3443 3893 3507 impera-

2347 3512 2435 3574 sti,
2492 3510 2736 3565 Domine.
2772 3510 3019 3565 Territus
3043 3527 3106 3566 eo
3142 3511 3379 3564 clamore
3424 3512 3713 3577 epismpns
3745 3512 3897 3564 Basi-

2348 3581 2449 3637 lius
2478 3599 2508 3636 e
2542 3597 2732 3635 somno
2758 3583 3029 3636 excitatur
3069 3598 3082 3635 :
3118 3582 3263 3633 illum
3307 3581 3445 3632 enim
3489 3580 3701 3631 colebat
3734 3580 3898 3633 Julia-

2348 3669 2450 3707 niis
2498 3655 2809 3720 imperator,
2857 3665 2911 3703 iit
2957 3653 3127 3703 virum
3165 3650 3426 3720 eruditum
3480 3656 3532 3720 et
3594 3650 3898 3703 studiOriim

2346 3717 2593 3784 socium,
2644 3722 2992 3785 crebriusque
3025 3720 3089 3771 ad
3145 3719 3290 3769 illum
3343 3717 3596 3784 epistolas
3626 3720 3896 3772 mittebat.

2347 3791 2689 3844 Descendens
2742 3789 2937 3842 deinde
3014 3790 3151 3840 idem
3212 3786 3443 3842 Basilius
3496 3789 3792 3857 episc0pus
3849 3791 3900 3843 iii

2344 3862 2511 3911 ardent
2550 3873 2757 3911 sacram
2791 3858 2855 3909 ad
2888 3872 3074 3925 preces
3106 3858 3398 3909 matutinas
3426 3896 3441 3916 ,
3479 3859 3739 3914 universo
3802 3863 3900 3912 ad-

2345 3937 2534 3998 vocato
2597 3929 2742 3980 clero
2767 3966 2781 3990 ,
2813 3928 3037 3998 visionis
3075 3942 3326 3998 arcanum
3379 3929 3610 3995 aperuit,
3644 3942 3701 3982 et
3756 3930 3901 3998 quod

2345 3997 2665 4050 interfectus
2697 4007 2836 4051 esset
2867 3996 3112 4051 Julianus
3143 3997 3455 4063 imperator,
3485 3998 3696 4067 liaeque
3746 3996 3903 4054 nocte

2341 4067 2565 4121 obiisset
2597 4086 2612 4121 :
2647 4068 2680 4120 ii
2710 4081 2838 4121 vero
2871 4068 3177 4135 episcopum
3216 4079 3474 4136 rogarunt
3529 4079 3586 4121 ut
3621 4071 3738 4125 haec
3768 4071 3901 4124 reti-

2343 4149 2490 4189 ceret
2528 4139 2835 4207 neniiniqtie
2859 4139 3186 4193 enuntiaret.
3220 4155 3239 4187 ι

2414 4207 2527 4277 (42)
2559 4205 2841 4262 Libanium
2879 4209 3172 4276 sophistain
3203 4222 3323 4261 cum
3354 4205 3565 4261 Juliano
3592 4208 3645 4261 in
3683 4207 3904 4262 Perside

2344 4277 2537 4338 fuisse,
2577 4294 2681 4330 non
2732 4277 2888 4331 facile
2919 4280 3171 4343 credam;
3210 4280 3377 4331 multo
3412 4279 3586 4330 minus
3612 4280 3902 4343 qiiiestmis

2348 4364 2541 4402 muniis
2565 4349 2766 4402 obiisse
2796 4362 2809 4399 :
2844 4361 3019 4414 neque
3052 4348 3194 4399 enim
3232 4348 3294 4398 ad
3353 4348 3455 4398 tale
3489 4361 3686 4399 munus
3741 4357 3902 4415 aptus

2350 4418 2516 4471 fuisse
2564 4418 2779 4470 videtur
2816 4417 3105 4476 Libanius,
3169 4416 3529 4483 sophistarum
3586 4430 3740 4468 more
3778 4418 3902 4470 talia

684 4498 855 4552 neque
882 4499 965 4555 ex_
999 4483 1303 4555 Sozmneno
1352 4479 1601 4555 sequit'iir
1651 4484 1918 4541 Julianum
1990 4484 2247 4555 Caesareae
2278 4479 2322 4533 D
2352 4504 2539 4555 parum
2569 4503 2790 4549 curans,
2816 4489 3110 4539 dummodo
3137 4479 3243 4537 sibi
3266 4494 3412 4537 esset
3432 4485 3567 4538 bene
3602 4503 3613 4538 :
3648 4489 3904 4552 quamvis

684 4569 917 4620 unquam
942 4553 1150 4608 fuisse:
1185 4552 1478 4622 potuerunt
1518 4556 1663 4609 enim
1698 4556 1903 4617 omnia,
1933 4568 2052 4621 qua:
2085 4552 2251 4607 Sozo-

685 4639 875 4678 mentis
908 4622 1047 4677 facta
1071 4624 1222 4687 dicit,
1256 4625 1323 4677 ab
1372 4627 1696 4694 imperatore
1740 4632 1992 4694 apostata
2028 4637 2124 4691 per
2166 4624 2252 4676 lit-

687 4703 831 4747 teras
885 4698 953 4747 ad
1007 4694 1289 4763 praefectos
1340 4692 1581 4749 niaiidari
1616 4735 1629 4758 ,
1665 4704 1720 4748 et
1752 4696 1819 4747 ab
1855 4694 1938 4747 his
1965 4692 2153 4745 deduci
2184 4694 2250 4747 ad

684 4764 1112 4817 exsecutionem.
1148 4764 1279 4829 lmo,
1317 4767 1363 4818 si
1400 4765 1701 4831 Nicephoro
1727 4763 1926 4819 Calisto
1958 4764 2246 4826 credimus.

684 4848 791 4885 non
823 4844 910 4889 est
946 4835 1279 4899 verosiniile,
1336 4834 1604 4889 lulianum
1669 4850 1901 4902 unquatn
1938 4833 2101 4886 fuisse
2138 4833 2252 4886 Cte-

683 4916 854 4957 Sarete
890 4920 905 4955 :
938 4904 1009 4957 ita
1066 4906 1210 4959 enim
1267 4906 1369 4959 iste
1425 4906 1493 4959 de
1524 4904 1687 4974 impio
1745 4905 1835 4957 lib.
1870 4919 1934 4956 si.
1957 4943 1972 4967 ,
1998 4917 2133 4974 cap.
2161 4904 2195 4957 4
2232 4921 2246 4955 :

686 4991 705 5021 ii
768 4974 915 5039 Quas
969 4987 1148 5028 antem
1201 4975 1452 5029 civitates
1512 4976 1562 5027 in
1603 4973 1808 5029 Christi
1864 4973 2115 5043 religione
2167 4989 2251 5026 ar—

683 5044 958 5098 deiitiores
1021 5057 1143 5096 esse
1198 5047 1363 5098 Sciret
1395 5086 1410 5106 ,
1472 5044 1701 5103 infestus
1750 5048 1828 5097 eis
1882 5044 2026 5108 fuit,
2079 5059 2250 5111 neque

684 5114 749 5164 ad
800 5128 894 5167 eas
939 5114 1209 5167 divertere
1263 5116 1450 5169 voluit.
1514 5116 1577 5167 Ει
1634 5130 1876 5183 persiepe
1931 5130 2049 5167 cum
2102 5114 2245 5182 lega-

687 5194 857 5236 tiones
907 5186 971 5235 ad
1027 5196 1445 5254 eiiiii,pi*0pter
1478 5200 1662 5239 casum
1693 5188 1921 5252 aliquem
1978 5184 2069 5252 qui
2120 5185 2249 5236 inci-

684 5255 868 5331 disset,
907 5253 1269 5324 provinciales
1300 5253 1599 5321 mitterent,
1650 5270 1843 5324 preces
1892 5269 2077 5308 eorum
2108 5255 2247 5321 reje-

684 5336 775 5375 ιιι.
820 5343 838 5375 ι

756 5391 869 5463 (it)
894 5392 1027 5447 Cum
1054 5392 1300 5461 pluribus
1331 5395 1532 5449 sanctis
1562 5408 1653 5462 per
1686 5396 1863 5448 varias
1892 5394 2042 5448 orbis
2070 5404 2249 5462 partes

683 5460 882 5517 Juliatii
950 5460 1201 5518 interitus
1254 5466 1513 5518 divinitus
1563 5460 1891 5525 innotuerit;
1950 5460 2251 5518 lion—foret

683 5536 891 5587 creditu
923 5534 1158 5595 difﬁcile,
1184 5535 1345 5588 etiam
1377 5534 1594 5599 Basilio,
1629 5538 1677 5588 in
1710 5536 2005 5588 solitudine
2032 5536 2246 5588 Pontica

684 5604 945 5669 versanti,
977 5605 1125 5673 impii
1151 5606 1426 5659 interitum
1462 5622 1553 5673 per
1579 5606 1961 5659 revelationem
1990 5606 2250 5658 innotuis-

684 5689 772 5737 se,
817 5675 915 5728 nisi
951 5676 1285 5728 contrarium
1318 5678 1570 5731 suaderet
1620 5678 1789 5743 ipsius
1821 5677 1993 5729 sancti
2040 5685 2093 5729 et
2146 5675 2251 5727 Na-

686 5746 929 5800 :iauzeiii
958 5745 1258 5800 silentium.
1287 5744 1417 5800 Nam
1462 5763 1578 5801 rum
1623 5748 1778 5801 simul
1804 5754 1989 5801 contra
2025 5747 2245 5814 Aposta-

2357 4554 2494 4632 teste
2530 4558 2773 4625 Eunapio
2803 4572 2905 4632 non
2935 4564 3079 4632 esset
3118 4556 3287 4632 impar
3320 4554 3760 4632 aditiiiiistrandic
3795 4560 3902 4610 rei-

2356 4629 2601 4695 publica),
2628 4623 2891 4681 etcausis
2914 4623 3161 4677 civilibus
3196 4623 3438 4695 idoneus,
3462 4624 3624 4695 etiam
3661 4627 3729 4677 ad
3798 4644 3898 4680 au-

2352 4694 2585 4751 dendum
2639 4696 3126 4763 perficienilumque
3182 4694 3283 4746 alia
3335 4694 3631 4756 nonnulla,
3672 4710 3797 4763 quae
3850 4699 3903 4752 iu

2352 4769 2564 4820 theatro
2616 4775 2976 4834 spectatorum
3022 4766 3230 4818 animos
3254 4763 3477 4818 delinire
3530 4780 3593 4817 ac
3645 4781 3905 4823 recreare

2351 4838 2757 4908 possentttjuin
2786 4836 2928 4908 enim
2961 4844 3247 4908 sequentes
3296 4834 3643 4908 imperatores
3673 4840 3875 4908 amplis

2351 4903 2545 4960 Sinium
2573 4906 2648 4960 illi
2676 4906 2948 4975 dignitatis
2971 4906 3192 4974 gradum
3220 4903 3526 4975 detulissent
3558 4906 3707 4972 (nam
3756 4903 3904 4961 salii-

2354 4972 3071 5047 tatiim,palatio'praefectiiin
3098 4990 3160 5029 eo
3177 4976 3375 5047 honore
3406 4972 3563 5047 fungi
3579 4976 3901 5047 iusserant),

2352 5047 2521 5099 noluit
2556 5048 2821 5113 accipere,
2856 5046 3113 5098 dictitans
3137 5084 3151 5109 ,
3182 5044 3476 5110 sopbistain
3512 5046 3603 5099 illo
3637 5044 3902 5113 majorem

2350 5130 2489 5171 esse.
2527 5116 2784 5183 Equidem
2813 5116 2992 5168 nescio
3013 5129 3115 5182 qua
3140 5115 3456 5168 auctoritate
3485 5127 3695 5169 asserat
3721 5119 3903 5169 Enna-

2351 5192 2488 5255 pius,
2524 5198 2811 5255 sequentes
2861 5183 3127 5239 lulianum
3158 5184 3509 5255 imperatores
3534 5187 3904 5252 amplissimas

2351 5251 2641 5322 dignitates
2659 5255 2881 5310 Libanio
2911 5255 3165 5310 obtulisse
3187 5291 3203 5317 ,
3230 5270 3349 5307 cum
3378 5251 3690 5324 J_oviiiianns
3718 5257 3903 5324 ipsum

2350 5330 2600 5383 oecidere
2629 5328 2896 5392 voluerit,
2936 5335 2989 5377 et
3040 5325 3337 5392 imperante
3385 5322 3685 5378 Theodosio
3734 5322 3903 5381 Senes

2351 5410 2516 5452 esset.
2558 5398 2689 5465 Quis
2716 5406 2889 5449 autem
2915 5396 3097 5447 credat
3121 5400 3259 5461 quod
3289 5395 3375 5465 hic
3404 5395 3641 5459 ultimus,
3667 5400 3765 5462 qui
3806 5416 3871 5450 ac

2352 5463 2595 5521 militem
2637 5469 2687 5521 in
2732 5466 2962 5519 exercitu
3014 5465 3210 5535 habere
3255 5463 3463 5517 volebat
3503 5480 3608 5515 non
3651 5468 3871 5535 baptiza

2356 5550 2489 5601 tum,
2522 5538 2779 5591 \‘oluissel
2808 5536 3024 5601 iiiipiuni
3070 5534 3404 5587 idololatraiii
3436 5536 3668 5589 evehere
3699 5534 3769 5590 ait
3825 5560 3904 5589 tt."

2352 5610 2612 5675 giiitates?
2634 5607 2745 5660 Ἰηρο
2775 5608 2837 5658 de
2870 5604 3107 5667 Valente,
3132 5606 3372 5670 quamvis
3392 5604 3616 5668 Ariaiio,
3640 5610 3905 5661 credibili:

2351 5680 2600 5745 estquod
2649 5677 2901 5745 voluisset
2933 5676 3226 5745 honoribus
3268 5675 3541 5745 cumulare
3590 5686 3701 5728 tam
3741 5677 3904 5732 fami-

2360 5744 2545 5799 liarem
2574 5748 2799 5801 amicum
2830 5744 3023 5798 .liiliaiii
3056 5744 3353 5814 Apostatae,
3387 5744 3538 5814 cujus
3568 5745 3907 5815 impietatem
