4086 6318
605 377 964 434 EXCERPTA
1007 377 1092 434 EX
1138 378 1337 436 ACTIS
1376 381 1431 437 S.
1477 379 1723 436 BASILII
1766 382 2347 442 Bt)LL.\NDIANlS.—
2378 381 2538 441 VITA
2575 387 3014 445 APOCRYPIIA.

3276 410 3405 453 ερον

192 496 406 550 Perside
433 495 719 558 exsistetts.
754 513 816 553 ac
866 500 1148 567 quaestoris
1189 514 1379 553 munus
1404 498 1612 553 obiens.
1647 499 1747 553 Ba-
1776 510 1818 562 Α
1849 502 2009 556 citius
2038 505 2105 556 ad
2139 513 2371 557 montent
2408 521 2420 557 :
2454 503 2802 573 excitansque
2836 520 2973 575 quos
3008 505 3116 563 illic
3174 508 3405 577 relique-

191 589 337 644 silius
375 604 504 659 ergo
533 604 599 644 ex
632 590 838 645 visione
860 601 1106 660 stupens,
1138 590 1359 659 soloque
1405 591 1613 646 Eubulo
1643 607 1739 646 ex-

188 681 369 745 citato,
412 682 687 735 descendit
720 697 841 737 cum
869 698 933 737 eo
967 684 1018 736 in
1050 683 1346 747 civitatem,
1398 685 1652 752 venitque
1676 685 1740 738 ad

186 772 358 823 sancti
392 772 643 842 martyris
675 772 923 827 Mercurii
951 774 1266 843 martyrium
1289 814 1304 839 ,
1341 775 1392 827 in
1413 789 1520 843 quo
1546 785 1602 829 et
1630 776 1744 843 ipse

186 872 233 915 et
265 876 419 915 arma
440 862 555 928 ejus
581 865 751 932 posita
791 872 943 919 erant
979 880 992 916 :
1021 879 1253 932 cumque
1290 866 1594 932 qutesisset,
1633 882 1736 919 non

186 966 303 1009 sunt
344 956 583 1011 inventa.
611 958 880 1012 Advocato
929 969 1105 1011 autem
1154 960 1395 1023 custode,
1428 968 1745 1027 percuncta-

185 1046 339 1099 batur
372 1050 588 1102 ubinam
640 1050 871 1115 gentinm
903 1059 1102 1103 essent.
1130 1048 1179 1105 ls
1228 1067 1355 1103 vero
1397 1062 1738 1106 sacramento

184 1142 481 1207 respondit,
538 1141 701 1194 fuisse
748 1142 980 1209 vesperi,
1014 1140 1099 1195 ubi
1155 1156 1251 1210 pro
1304 1156 1451 1197 more
1482 1144 1740 1197 continue

184 1242 552 1287 servarentur.
580 1233 735 1286 Certo
759 1231 920 1301 igitur
946 1248 1234 1299 persuasus
1264 1234 1521 1298 Basilius,
1555 1251 1737 1289 veram

184 1338 300 1379 esse
326 1325 610 1389 visionem,
639 1324 854 1393 Deoque
887 1327 1006 1379 data
1032 1326 1224 1395 gloria,
1258 1328 1347 1396 qui
1380 1342 1480 1381 non
1511 1329 1739 1395 despicit

183 1419 514 1472 confidentes
547 1418 596 1470 in
617 1418 787 1486 ipsum
815 1459 830 1483 ,
856 1420 1051 1475 ardore
1074 1420 1237 1475 ntulto
1266 1421 1565 1489 gaudioqne
1588 1422 1741 1477 inex-

183 1512 441 1582 pliCabili.
466 1512 850 1567 dormientibus
884 1512 1058 1566 adhuc
1082 1512 1353 1576 omnibus,
1391 1514 1551 1567 rediit
1575 1529 1735 1582 quant

1845 602 1927 647 rat
1954 603 2008 649 et
2035 595 2101 647 ad
2138 609 2326 663 preces
2358 594 2626 659 hortatus,
2656 594 2892 650 faustum
2934 598 2985 652 in
3012 614 3141 655 voce
3162 602 3403 656 exsulta-

1846 687 2006 740 tionis
2031 686 2187 741 factae
2224 686 2325 742 sibi
2366 687 2625 741 divinitus
2677 688 3020 744 revelationis
3053 694 3301 749 nuntium
3327 706 3407 751 at-

1847 778 1967 831 tulit
1994 817 2009 843 ,
2045 780 2188 847 quod
2240 790 2400 833 nocte
2457 779 2543 833 illa
2581 788 2840 849 tyrannus
2879 781 3117 838 sublatus
3157 784 3346 841 fuisset
3389 804 3403 840 :

1846 871 2187 939 peractisque
2218 871 2593 926 communibus
2621 873 2857 927 omnium
2894 875 3054 940 votis,
3110 877 3402 943 gratiarum

1847 963 2171 1030 actionibus,
2207 977 2456 1017 reversus
2488 974 2574 1017 est
2596 965 2648 1019 in
2672 964 2942 1022 civitatem
2965 1006 2980 1032 ,
3005 968 3202 1035 jubens
3225 970 3403 1024 omni-

1846 1054 1946 1107 bus
1975 1094 1992 1115 ,
2037 1063 2096 1106 ut
2126 1054 2178 1107 in
2218 1068 2409 1123 magna
2435 1054 2664 1109 ecclesia
2700 1056 2903 1125 positi,
2932 1057 3126 1112 divinae
3172 1058 3403 1130 liturgia:

1847 1145 2135 1216 participes
2172 1146 2379 1200 fierent.

1920 1238 2029 1291 Hoc
2056 1247 2235 1292 autent
2277 1237 2353 1291 ita
2396 1246 2638 1307 peracto,
2680 1239 2899 1307 ipsoque
2925 1239 3173 1297 elevante
3216 1254 3402 1299 sancta

1847 1328 1958 1398 (4⁵5)
1980 1368 1995 1392 ,
2021 1343 2124 1383 non
2158 1327 2461 1382 estfactum
2489 1329 2723 1398 signum.
2760 1340 2817 1384 ttt
2839 1333 3002 1387 moris
3029 1344 3176 1398 erat,
3206 1347 3263 1389 ttt
3314 1338 3399 1389 ni-

1849 1420 2044 1473 mirum
2113 1419 2360 1474 columba
2421 1430 2746 1474 moveretur.
2794 1422 2912 1492 Ipso
2968 1439 3094 1479 vero
3136 1427 3404 1495 cogitante

1847 1513 2102 1580 quidnam
2159 1512 2234 1565 rei
2291 1520 2468 1576 esset,
2524 1512 2655 1565 vidit
2690 1528 2853 1567 unum
2903 1517 2967 1569 de
3018 1518 3402 1573 ventilantibus

184 1699 253 1748 ita
289 1698 586 1752 detestatus
628 1697 819 1761 fuerat,
850 1706 908 1749 ut
961 1694 1296 1765 praeelegerit
1346 1695 1558 1763 cingqu
1592 1695 1730 1747 mili-
1766 1702 1807 1759 Β
1837 1693 2084 1765 acerbior
2140 1692 2284 1765 omni
2320 1692 2653 1765 jugulatioue
2678 1693 2851 1747 futura
2901 1708 3057 1751 esset.
3090 1718 3108 1749 ι
3144 1698 3215 1752 lta
3242 1698 3399 1754 Liba-

182 1769 277 1819 tari
315 1771 518 1835 potius,
551 1782 709 1837 quam
749 1766 1059 1821 Christiano
1092 1765 1290 1818 noutini
1318 1767 1645 1837 renuntiare.
1675 1765 1730 1837 Si

182 1849 358 1891 tamen
419 1835 696 1893 credamus
738 1838 1353 1904 Eunapio,recusatam
1414 1852 1443 1887 a
1502 1835 1728 1889 Libanio

182 1909 553 1971 przefecturam
609 1908 827 1976 palatii,
880 1907 1145 1976 quomodo
1193 1905 1279 1957 hic
1310 1905 1596 1958 admittere
1639 1920 1731 1956 vo-

180 1979 369 2032 luisset
410 1975 692 2047 quzesto’ris
724 1975 937 2047 mimus?
958 1976 1433 2047 Audiamusnunc
1452 1976 1732 2047 Ade_seipso

180 2044 488 2116 loquentem
521 2049 819 2107 Libanium,
847 2045 971 2116 quid
996 2044 1095 2098 sibi
1120 2044 1421 2116 contigerit
1451 2045 1502 2097 in
1528 2044 1727 2099 Juliaui

181 2114 395 2173 Persica
429 2120 832 2186 expeditione.i
868 2114 1020 2186 Quod
1068 2115 1133 2169 ad
1198 2116 1462 2183 reliquum
1500 2127 1725 2184 tempus,

181 2190 319 2256 quod
376 2185 718 2242 bittcefllnxit
749 2226 762 2249 ,
799 2185 966 2256 inquit
987 2224 1014 2256 ,ν
1035 2200 1209 2254 usque
1233 2187 1299 2239 ad
1328 2187 1724 2256 expeditionem

180 2254 440 2313 adversus
499 2256 685 2311 Persas
717 2294 731 2317 ,
777 2254 914 2326 alios
973 2255 1079 2311 alio
1134 2264 1291 2326 pacto
1340 2255 1514 2309 all'ecit
1568 2275 1582 2309 :
1624 2255 1727 2326 sed

182 2330 307 2382 mihi
344 2327 517 2395 majus
565 2326 699 2395 apud
738 2325 883 2380 illuttt
939 2324 1151 2380 amoris
1174 2326 1351 2380 attulit
1397 2343 1410 2379 :
1452 2324 1726 2395 rsiqnidem

182 2392 546 2460 perseveravit
577 2392 674 2451 hoc
719 2398 770 2449 in
804 2410 898 2449 ore
933 2397 1171 2450 habere:
1203 2395 1393 2448 Munus
1426 2394 1517 2447 tibi
1536 2392 1727 2447 confe-

184 2484 290 2521 ram
317 2468 609 2530 excedens,
646 2467 787 2536 quod
821 2482 923 2519 non
948 2464 1389 2536 quemadmodum
1424 2463 1522 2515 alia
1546 2464 1727 2536 fugere

180 2553 413 2606 possent.
470 2532 809 2604 Quare-CIIII!
845 2532 1265 2589 cenavissemus
1300 2532 1539 2602 (coactus
1582 2534 1725 2587 enim

180 2608 368 2661 abillo
418 2610 670 2675 fueram),
722 2606 787 2659 Illi
839 2608 1019 2669 homo,
1051 2606 1495 2672 inquit.tentpus
1522 2613 1605 2658 est
1670 2613 1728 2657 ut

182 2693 378 2731 munus
407 2679 656 2745 accipias.
694 2676 950 2743 Equidem
1006 2676 1274 2743 conjicere
1314 2688 1429 2745 non
1484 2684 1724 2745 poteram

178 2748 435 2822 quidnam
487 2741 624 2801 istud
685 2741 850 2822 foret;
903 2744 992 2822 ille
1033 2741 1162 2799 vero
1210 2743 1433 2822 subjecit
1462 2741 1727 2822 {Videris

180 2818 307 2871 utibi
347 2822 398 2870 in
442 2828 709 2869 oratorum
736 2816 910 2868 album
944 2816 1012 2869 ob
1043 2828 1313 2868 sermones
1348 2816 1723 2875 transcriptus,

176 2890 244 2940 ob
268 2890 516 2941 actiones
555 2901 681 2940 vero
712 2890 761 2939 in
795 2886 1243 2953 philosophorum
1272 2897 1551 2953 numerum
1589 2882 1722 2953 rela-

177 2969 281 3011 tus.
317 2959 410 3010 llis
434 2958 589 3011 dictis
616 2948 914 3011 nltlectatus
948 2948 1087 3016 sunt,
1115 2964 1171 3005 ut
1200 2952 1325 3004 olim
1358 2948 1631 3021 Lycurgus
1655 2952 1724 3004 ob

180 3043 501 3097 responsum
550 3026 592 3078 Ι)
629 3029 641 3079 i
675 3025 951 3097 maculare
1011 3021 1077 3075 de
1123 3037 1183 3076 se
1226 3022 1350 3097 ipso
1387 3036 1401 3074 :
1444 3021 1719 3097 enimvero

179 3090 289 3151 base
342 3100 410 3150 ab
441 3114 524 3159 eo,
558 3098 646 3163 qui
676 3110 795 3149 cunt
826 3094 927 3146 diis
962 3095 1401 3155 conversabatur,
1436 3093 1574 3146 dicta
1604 3090 1713 3144 fue-

1841 1762 1989 1841 nius'
2099 1763 2347 1841 oratione
2374 1763 2449 1816 De
2474 1763 2581 1816 vita
2614 1779 2731 1817 sua.
2766 1766 2941 1841 Atque
2979 1782 3043 1841 ex
3074 1770 3171 1841 his
3196 1771 3396 1841 colligi-

1844 1841 1930 1885 tur
1969 1831 2277 1896 Libanium,
2321 1849 2419 1887 nec
2472 1843 2792 1902 quagstorem
2828 1831 3025 1890 Iuliani
3067 1840 3250 1902 fuisse,
3301 1831 3397 1896 nec

1838 1903 2087 1957 comitem
2123 1903 2173 1957 in
2205 1900 2546 1971 expeditione
2574 1900 2789 1957 Persica
2815 1946 2828 1971 ,
2872 1920 2969 1959 nec
3006 1909 3205 1964 vidisse
3238 1900 3396 1966 solu-

1841 1972 1986 2048 nium
2022 1973 2212 2048 mortis
2233 1972 2351 2040 ejus
2376 1974 2733 2048 praesagiunt;
2773 1977 2877 2048 sed
2908 1992 3093 2032 necem
3124 1980 3394 2048 Apostatat

1837 2053 1889 2095 et
1925 2042 2130 2095 cladem
2178 2042 2542 2097 Romanorum
2574 2044 2875 2099 Antiochiae
2899 2042 3393 2104 dmttaxat'intellv-

1837 2114 2004 2176 xisse,
2032 2112 2296 2185 simulque
2330 2112 2971 2185 spectasselngsandapila
2997 2117 3192 2172 deferri
3224 2123 3381 2173 cada-

1840 2198 1951 2245 ver,
1992 2182 2416 2258 _sepeliend_um_
2454 2183 2606 2258 Tarsi
2672 2182 2894 2258 Ciliciae.
2954 2185 3179 2258 Videtur
3236 2206 3394 2258 porro

1874 2252 2487 2330 sentio-Amphilochius
2519 2252 2784 2330 ejusmodi
2816 2259 3081 2330 somnium
3111 2252 3405 2330 affingendi'

1882 2323 2061 2396 ibanio
2097 2322 2791 2396 occa‘sionetttsumpsisseA
2813 2340 2883 2396 ex,
2932 2322 3265 2390 Sozomeno:
3300 2346 3389 2396 qm

1834 2392 1927 2445 lib.
1962 2408 2039 2455 vr,
2066 2405 2185 2461 cap.
2214 2392 2268 2455 2,
2300 2394 2364 2445 de
2385 2393 2566 2459 aliquo
2587 2406 2651 2446 ex
2687 2392 2887 2449 Juliaui
2917 2398 3237 2452 necessariis
3288 2392 3389 2453 ista

1836 2472 2021 2536 nar_rat
2051 2480 2065 2536 ς
2091 2478 2117 2536 ⁸ι
2157 2461 2361 2536 Dicitur
2410 2477 2532 2515 eum
2558 2503 2573 2528 ,
2604 2467 2828 2536 eumad
2858 2464 3129 2521 lulianum
3156 2468 3245 2536 qui
3276 2481 3393 2523 erat

1835 2532 1885 2605 in
1917 2529 2167 2605 Perside.
2187 2532 2267 2586 ire
2302 2540 2619 2605 maturaret,
2656 2532 2710 2585 itt
2742 2534 2859 2589 loco
2885 2537 3136 2602 quodam,
3165 2529 3254 2605 qui
3277 2553 3392 2593 erat

1834 2601 1887 2674 in
1916 2603 1998 2654 via
2026 2601 2236 2670 publica
2261 2671 2273 2674 _
2295 2602 2456 2674 situs,
2511 2601 2876 2674 diversatum;
2905 2601 2981 2657 iet
3007 2601 3197 2659 aedium
3232 2623 3393 2674 penu-

1834 2671 1911 2723 ria
1938 2681 2206 2736 coactum,
2260 2671 2314 2725 in
2348 2671 2575 2725 ecclesia
2620 2686 2740 2740 quae
2773 2672 2843 2727 ibi
2891 2685 3009 2728 erat
3050 2671 3387 2738 dorutivisse.

1832 2742 2217 2813 et_secuudum
2248 2742 2502 2813 quietem
2537 2742 2619 2813 vel
2648 2758 2758 2797 rem
2789 2754 2994 2813 gestam
3029 2743 3246 2808 vidisse,
3308 2748 3390 2802 \'t'l

1832 2809 2021 2888 saltem
2048 2879 2059 2888 _
2088 2811 2384 2864 somniasse
2424 2812 2727 2888 complures
2775 2809 2840 2888 ex
2886 2814 3141 2888 apostolis
3180 2826 3233 2871 et
3258 2834 3384 2888 prn-

1831 2881 2005 2946 pltetis
2048 2879 2118 2951 in
2158 2895 2318 2951 unum
2370 2879 2571 2933 coactis
2606 2922 2620 2951 ,
2654 2885 2888 2949 graviter
2922 2879 3000 2936 'de
3046 2879 3387 2951 imperatoris

1831 2948 2156 3024 contumelia
2195 2949 2453 3004 adversus
2507 2948 2765 3024 ecclesias
2802 2952 2959 3024 facta
2990 2992 3006 3017 ,
3057 2948 3387 3024 conquestos

1831 3031 1950 3091 esse
1974 3059 1988 3079 ,
2023 3018 2351 3091 inivisseque
2374 3020 2679 3086 consilium,
2723 3023 2849 3091 quid
2885 3024 2937 3076 in
2970 3024 3072 3078 hac
3114 3018 3272 3079 causa
3309 3025 3390 3080 fa-

1833 3087 2086 3162 ciendum
2115 3098 2278 3141 esset.
2318 3088 2533 3162 Aecum
2568 3107 2629 3162 ea
2671 3087 2817 3162 dere
2840 3104 2983 3147 esset
3012 3092 3385 3162 deliberatum,

178 3178 315 3220 mut.
344 3169 511 3219 Porro
539 3160 828 3234 praemissis
855 3179 885 3216 e
914 3172 1101 3217 senatu
1130 3206 1143 3227 ,
1175 3163 1263 3231 qtti
1294 3170 1643 3234 precarentur
1667 3172 1719 3213 ut
1752 3168 1795 3227 ο
1830 3168 1884 3211 et
1904 3161 2079 3213 adhuc
2098 3173 2284 3234 eorum
2326 3160 2489 3234 animi
2518 3161 2665 3214 velut
2699 3161 2749 3213 in
2788 3162 2951 3215 dubio
2983 3163 3184 3217 versari
3238 3160 3382 3220 vide-'-

176 3232 552 3288 Tarsensibus'
572 3235 966 3287 dimitterentur
990 3234 1212 3286 crimina
1234 3272 1249 3296 ,
1286 3232 1452 3294 dixit,
1484 3246 1543 3285 se
1594 3245 1724 3284 con-

173 3322 457 3360 cessurum
489 3304 605 3358 urbi
633 3303 878 3368 Cilicum,
914 3304 957 3357 si
981 3303 1121 3357 Deus
1148 3304 1320 3371 ipsum
1350 3311 1588 3354 servaret
1621 3314 1635 3348 :
1671 3309 1725 3352 et

175 3375 419 3437 profecto
451 3377 577 3430 mihi
616 3375 951 3446 perspicuum
995 3383 1099 3446 est,
1126 3372 1319 3446 inquit,
1353 3370 1477 3439 quid
1514 3371 1578 3423 ad
1609 3372 1724 3423 lucc

172 3456 492 3521 eventurum
535 3442 642 3508 sit',
694 3456 751 3521 ut
787 3445 837 3497 itt
880 3443 1140 3521 legatione
1165 3442 1413 3521 functum
1442 3454 1587 3521 spent
1627 3456 1724 3521 ,νε-ς

173 3530 342 3570 stram
380 3516 652 3571 coltocetis
684 3534 697 3567 :
726 3517 863 3568 hunc
892 3511 1069 3566 autem
1095 3513 1265 3579 ipsum
1297 3511 1422 3564 illuc
1456 3511 1722 3578 proficisci

174 3602 387 3641 meeum
450 3586 734 3652 oportebit.
777 3583 909 3652 Tum
963 3581 1297 3652 amplexatus
1338 3580 1720 3648 lacryutantem

174 3674 275 3709 non
322 3648 651 3729 lacryt'nans,
686 3652 799 3729 j_am_
835 3648 1118 3729 Persarum
1162 3648 1296 3729 mala
1338 3662 1583 3729 cernens,
1630 3662 1723 3715 po-

172 3719 599 3780 stremisli'tteris
620 3719 851 3787 scriptis,
875 3719 1284 3788 finibusimperii
1301 3719 1549 3781 excessit,
1570 3732 1723 3788 agros

171 3795 528 3864 depopulans,
554 3793 774 3848 castella
804 3802 858 3847 et
886 3786 1279 3864 propugnacula
1313 3791 1529 3857 capiens
1557 3828 1573 3853 ,
1614 3786 1721 3840 llu-

173 3862 287 3921 vios
315 3862 616 3935 trajiciens.
634 3878 813 3935 muros
834 3862 1169 3935 concutiens,
1190 3862 1349 3935 urbes
1376 3874 1717 3935 expugnans:

170 3951 335 4007 atque
365 3930 781 4007 borumsntgula
814 3931 987 4007 nullus
1022 3930 1320 3995 nuntiavit;
1345 3934 1438 4007 sed
1465 3944 1721 4007 nos_gau—

170 3999 259 4059 dio
310 3999 688 4073 spectantiuuf
703 4000 1082 4073 gaudebamus,
1114 4014 1175 4053 ea
1205 4014 1323 4067 qua:
1361 4001 1471 4073 jam
1501 3999 1720 4073 flebant,

170 4069 360 4142 porro'
388 4075 553 4126 etiam
602 4069 794 4142 factum
846 4069 912 4142 iri
948 4069 1249 4130 credentes,
1303 4082 1425 4122 Cum
1458 4069 1513 4142 in
1549 4070 1720 4142 vi_t_'utn

171 4136 587 4215 inspiceremus.
614 4141 808 4215 Verum
839 4138 1051 4215 fortuna
1080 4153 1207 4215 suas
1233 4149 1411 4206 partes
1436 4139 1563 4205 egit.
1586 4136 1720 4192 Nam

168 4209 290 4269 runt
321 4214 593 4267 exercitus
617 4212 849 4266 aedibus
894 4219 946 4263 et
997 4209 1113 4279 fuga
1157 4209 1437 4263 Persarum
1490 4220 1716 4271 ovaret,

166 4284 563 4341 certaminibus
589 4282 850 4352 gyutuicis
879 4281 1310 4352 etAequestribus
1329 4319 1358 4352 ,_
1386 4292 1504 4352 quae
1536 4295 1563 4329 a
1598 4292 1719 4344 pro-

168 4356 489 4425 pugnaculis
546 4348 873 4425 spectabant
926 4348 1291 4425 Ctesiphontis
1349 4348 1716 4409 habitatores,

166 4416 291 4478 ἰιιιᾶι
346 4425 485 4477 muri
538 4416 875 4476 crassitudini
928 4416 1321 4473 couliderenon
1369 4426 1617 4486 possent,
1666 4429 1720 4470 et

166 4493 357 4548 ﬂedus
388 4491 713 4546 decrevisset
766 4490 1032 4559 legatione
1068 4498 1122 4542 et
1153 4491 1464 4543 muneribus
1511 4487 1712 4556 suppli-

163 4578 295 4619 care
335 4563 554 4633 (quippe
576 4575 605 4613 a
631 4560 835 4633 ratione
862 4560 1092 4613 alienum
1116 4572 1234 4611 esse
1264 4562 1538 4633 censebat,
1580 4574 1699 4633 eum

165 4636 309 4699 viro,
342 4626 435 4703 qui
456 4626 596 4685 deus
624 4630 836 4703 quidam
865 4639 1001 4691 erat,
1031 4626 1309 4703 pugnare),
1368 4628 1479 4696 jam
1526 4628 1712 4694 legatis

162 4698 340 4775 eques
358 4698 872 4775 conscendentibus,
906 4698 1302 4775 prudentissinn
1326 4703 1485 4775 regis
1518 4709 1706 4775 virtus,

164 4767 325 4831 basta
366 4774 547 4827 lumbo
577 4770 842 4841 proscisso
862 4807 889 4841 ,_
909 4767 1113 4841 rigavit
1153 4767 1408 4837 sanguine
1436 4770 1503 4821 ab
1528 4782 1590 4823 eo
1621 4770 1709 4841 qui

166 4851 377 4900 vicerat
428 4838 615 4907 etfuso,
654 4852 849 4895 terram
878 4838 1109 4893 hostium
1140 4846 1548 4906 superatorum:
1584 4838 1711 4892 ell'c-

161 4918 352 4985 eitque
379 4927 501 4966 eum
526 4914 614 4981 qui
647 4922 855 4985 terrore
875 4912 1244 4985 coborruera},
1276 4909 1707 4985 persequentium

161 4977 487 5039 dominum:
521 4977 944 5051 quandoquidem
980 4996 1010 5031 a
1038 4977 1309 5051 transfuga
1342 4983 1569 5046 quodam
1623 4980 1707 5031 di-

160 5072 325 5110 scere
351 5047 805 5114 Persze'licuera't,
846 5051 897 5105 in
932 5064 1055 5119 quo,
1080 5047 1305 5100 fortuna:
1352 5059 1492 5101 statu
1544 5056 1706 5101 esset.

160 5128 337 5179 Nobis
366 5135 545 5177 autem
571 5118 1018 5175 Antiochensibus
1046 5118 1316 5172 hominum
1344 5128 1487 5171 certe
1532 5132 1707 5180 nemo,

160 5198 263 5249 sed
313 5205 647 5249 terrazmotus
685 5188 1009 5244 calamitatis
1058 5189 1255 5241 iudices
1311 5188 1563 5251 fuerant,
1618 5189 1708 5254 qui

161 5268 332 5320 nrbes
360 5262 654 5319 Palazstinae
682 5261 855 5331 Syriae
874 5262 1131 5331 quasdam
1152 5273 1216 5311 ex
1245 5268 1417 5331 parte,
1447 5258 1705 5331 quasdam

162 5348 316 5388 tutas
366 5326 764 5390 subverterani.
820 5330 1029 5382 Etenim
1080 5330 1218 5382 Deus
1269 5328 1421 5379 nobis
1464 5326 1706 5383 cladibus

162 5407 383 5473 magnis
413 5417 663 5471 magnum
694 5399 1041 5473 infortunium
1066 5398 1366 5473 significare
1387 5399 1703 5451 videbatur:

155 5472 473 5543 optantibus
506 5486 629 5524 vero
672 5472 888 5524 nobisne
912 5483 1035 5523 vera
1062 5472 1423 5543 opinarentur,
1455 5473 1705 5543 acerbum

158 5537 339 5599 tristis
369 5545 535 5596 nuntii
557 5544 718 5595 teluttt
738 5555 893 5591 aures
925 5542 1254 5606 penetravit,
1279 5537 1541 5590 Julianutu
1563 5541 1707 5591 illum

156 5618 215 5667 in
272 5614 547 5680 διιιιόειρίίπ
576 5612 729 5675 ferri,
759 5621 811 5663 et
852 5621 1120 5680 sceptrum
1151 5626 1177 5659 a
1214 5610 1394 5661 nescio
1421 5622 1529 5675 quo
1576 5611 1707 5661 obti-

156 5688 313 5743 neri;
362 5679 671 5736 Armeniam
726 5689 898 5732 autem
950 5679 1228 5731 Ρωελιτιιιιι
1263 5693 1383 5731 esse
1412 5719 1426 5746 ,
1457 5690 1509 5748 et
1538 5693 1702 5748 quau-

154 5768 487 5823 tumeunque
537 5765 783 5818 agrorum
835 5749 1159 5823 reliquorum
1191 5750 1402 5823 vellent.
1456 5747 1701 5823 Quapro-

152 5839 278 5897 pter
323 5820 504 5881 statim
564 5838 617 5873 tu
667 5836 847 5875 ensem
897 5821 1077 5874 oculos
1116 5820 1352 5886 c0njeei,
1390 5821 1543 5889 quasi
1596 5820 1703 5873 vita

1832 3238 2052 3292 rentur,
2092 3230 2227 3281 duos
2274 3243 2303 3282 e
2341 3232 2515 3282 medio
2547 3240 2829 3298 surgentes
2866 3234 3179 3287 cobortatos
3238 3234 3366 3290 reli-

1826 3312 1960 3373 quos
1988 3298 2245 3373 _ut_bono_
2281 3300 2695 3373 anitnoessertt,
2737 3314 3087 3369 propereque,
3132 3312 3385 3373 tanquam

1826 3363 1890 3435 ad
1916 3365 2197 3420 delendum
2220 3363 2418 3420 Juliani
2461 3363 2768 3435 imperium,
2795 3363 3083 3425 e'cone'il'to
3116 3363 3382 3435 egressos.

1828 3434 2110 3491 llominem
2146 3437 2316 3503 illum,
2346 3437 2436 3506 qui
2464 3434 2565 3490 has
2595 3452 2679 3491 res
2727 3449 2834 3491 tam
2874 3434 3222 3499 admirabiles
3252 3459 3384 3499 con-

1826 3509 2117 3583 t‘entplatus
2153 3509 2346 3583 fuerat,
2374 3508 2573 3583 itergde
2606 3519 2809 3583 caetero
2839 3510 3139 3583 neglexisse
3170 3530 3184 3567 :
3224 3523 3385 3583 atque

1823 3577 1949 3629 dunt
1994 3587 2135 3647 metu
2163 3580 2463 3642 perculsus,
2492 3577 2785 3639 haesitaret,
2818 3577 2939 3646 quis
2978 3581 3137 3647 hujus
3161 3577 3382 3639 visionis

1824 3647 1999 3697 exitus
2044 3645 2254 3697 futurus
2305 3658 2469 3711 esset,
2503 3651 2737 3702 secundo
2771 3645 2955 3703 eodem
2991 3645 3062 3703 ini
3084 3651 3200 3705 loco
3233 3667 3379 3707 som-

1824 3716 1969 3767 ttiunt
2023 3715 2252 3783 cepisse,
2297 3716 2601 3786 vidisseqne
2645 3719 2891 3771 eumdem
2932 3721 3292 3785 apostolorum
3322 3731 3379 3777 et

1825 3786 2204 3853 prophetarum
2230 3798 2551 3839 conventum
2587 3801 2602 3839 :
2637 3799 2797 3854 atque
2819 3803 2881 3841 ex
2910 3790 3378 3856 improviso,velnt

1822 3874 1852 3909 e
1884 3859 1964 3907 via
2014 3858 2063 3928 in
2101 3857 2399 3928 concilium
2454 3857 2719 3928 ingressos
2772 3857 2893 3911 illos
2919 3896 2935 3920 ,
2974 3861 3062 3927 qui
3098 3861 3378 3928 superiore

1824 3934 1979 3978 nocte
2002 3926 2065 3977 ad
2093 3923 2361 3978 Juliauunt
2386 3923 2798 3995 expugnandum
2833 3923 3101 3989 abierant.
3133 3923 3359 3984 cieteris-

1823 4009 1926 4061 que
1978 3996 2257 4047 nuntiasse
2288 4009 2409 4048 eunt
2445 3999 2681 4049 occisum
2716 4009 2855 4049 esse.
2890 4015 2908 4047 t
2946 3995 3152 4051 Putarit
3194 3998 3376 4054 forsan

1824 4064 2493 4138 pseudo-amphilocbius,
2522 4067 2683 4121 istum
2721 4070 2788 4120 de
2817 4082 2929 4138 quo
2962 4069 3047 4123 ltic
3068 4071 3178 4138 agit
3212 4071 3379 4125 Sozo-

1824 4147 2032 4209 ntenus,
2068 4132 2264 4209 Juliani
2309 4138 2709 4209 necessarium;
2743 4132 2984 4209 eui'talis
3012 4132 3141 4194 visio
3169 4140 3375 4209 obtige-

1826 4212 1927 4276 rat,
1951 4201 2117 4258 fuisse
2152 4202 2435 4260 Libanium
2483 4206 2818 4276 sopltistam;
2858 4208 2909 4259 itt
2951 4222 3056 4274 quo
3086 4201 3307 4276 ipsum,"
3328 4211 3375 4263 si

1822 4273 1925 4327 hoc
1956 4276 2204 4338 senserit,
2225 4289 2438 4329 errasse
2465 4273 2807 4329 manifestum
2834 4286 2916 4330 est
2944 4273 3008 4329 ex
3039 4273 3225 4332 eodem
3270 4280 3370 4335 So-

1820 4358 2076 4418 zomepo,
2111 4347 2200 4414 qui
2235 4344 2348 4418 lib.
2401 4361 2473 4408 v1,
2502 4360 2619 4413 cap.
2648 4346 2702 4407 1,
2733 4345 2894 4418 aliam
2929 4345 3134 4401 Libanii
3162 4351 3373 4418 opinio-

1821 4430 1941 4466 nem
1966 4415 2029 4467 de
2054 4413 2250 4486 Juliatti
2292 4426 2463 4486 morte
2502 4419 2689 4469 refert.
2721 4413 3032 4470 Contbetisii
3057 4413 3365 4486 conjectura

1818 4492 1922 4549 est,
1948 4486 2081 4537 duos
2111 4484 2274 4537 fuisse
2315 4483 2569 4539 Libauios
2595 4524 2611 4551 ,
2647 4496 2965 4553 quaestorem
2998 4483 3180 4552 unum,
3241 4490 3375 4543 alte-

1744 4533 1787 4589 ο
1817 4533 1935 4606 res.
1955 4533 2287 4623 septena
2315 4533 2840 4625 urinatosist-s
2887 4533 3374 4625 ῑιοιηέὶῑάᾱεεξίδῑε

1817 4630 2019 4693 temere
2054 4625 2291 4676 additum
2327 4638 2356 4675 a
2386 4623 2607 4679 librario
2644 4623 2894 4693 quodam.
2930 4628 3004 4680 lta
3032 4626 3120 4682 ille
3137 4623 3373 4683 credibi-

1813 4691 1919 4746 lem
1971 4696 2109 4765 banc
2136 4694 2500 4765 narrationem
2558 4691 2780 4765 reddere
2821 4696 3029 4760 nititur,
3062 4700 3371 4765 temeraria,

1815 4773 1873 4836 ut
1928 4763 2055 4836 mibi
2117 4763 2341 4836 quidem
2392 4766 2619 4827 videtur,
2655 4764 2965 4831 conjectura
2995 4806 3010 4830 ,
3051 4783 3154 4836 qua
3191 4763 3375 4836 plures

1813 4833 2023 4888 fabella:
2051 4850 2077 4883 a
2118 4833 2457 4888 l‘abulositate
2491 4836 2876 4890 eximerentur.
2928 4833 3145 4891 Interim
3174 4833 3374 4892 fatetur

1812 4906 1951 4973 ipse,
1988 4903 2099 4957 haec
2136 4904 2280 4958 nullo
2307 4905 2466 4958 modo
2499 4908 2565 4959 de
2593 4903 2818 4959 Libanio
2854 4908 3094 4974 sophista
3148 4908 3367 4978 intelligi

1846 4987 1991 5027 OSSC.

1809 4988 1991 5113 Ροῗῗὲί
2019 5042 2314 5114 Ettigmati
2382 5042 2510 5097 mihi
2563 5045 2738 5099 simile
2772 5057 2877 5109 est,
2913 5045 3038 5099 duttt
3068 5046 3216 5100 locus
3268 5060 3367 5100 au-

1810 5114 2090 5178 dientium,
2124 5126 2229 5166 tam
2261 5128 2423 5182 prope
2462 5115 2529 5168 ad
2567 5116 2738 5168 altare
2772 5116 3045 5179 statuitur,
3079 5126 3136 5170 ut
3169 5117 3289 5171 inde
3317 5118 3369 5171 itt

1808 5190 2105 5239 Sacrat'iunt
2158 5192 2351 5237 tnutter
2399 5196 2577 5250 posset
2626 5187 3003 5253 introspicere.
3036 5186 3185 5242 Unde
3210 5186 3370 5241 Com-

1811 5254 2030 5309 betisius
2056 5264 2206 5321 putat
2236 5256 2503 5321 designari
2542 5259 2743 5319 lttCttttt,
2780 5257 3022 5309 Ιίιίυιὼυὸ
3053 5257 3368 5311 mulieribus

1808 5326 2129 5377 destinatum
2162 5341 2175 5376 :
2206 5327 2297 5375 sed
2338 5340 2508 5390 neque
2537 5326 2671 5395 rltie,
2730 5326 2919 5377 saltent
2965 5327 3016 5395 in
3076 5326 3371 5395 majoribus

1808 5395 2073 5457 ecclesiis,
2111 5402 2216 5446 tam
2278 5407 2442 5461 prope
2483 5394 2547 5447 ad
2581 5395 2752 5448 altare
2805 5405 2942 5447 erat.
2978 5394 3052 5450 De
3084 5394 3224 5449 motu
3282 5412 3371 5450 co-

1808 5463 2001 5518 luntbte
2035 5470 2084 5515 tu
2111 5468 2320 5532 signum
2360 5464 2623 5533 adventus
2652 5464 2885 5533 Spiritus
2910 5468 3107 5527 sancti,
3132 5466 3254 5518 alibi
3289 5482 3370 5517 tn-

1810 5532 1882 5604 ltil
1914 5536 2145 5596 invenio,
2182 5545 2278 5583 nec
2301 5532 2430 5585 satis
2462 5532 2704 5604 intelligo
2729 5551 2795 5587 att
2834 5546 3026 5604 sponte
3054 5548 3107 5590 et
3136 5537 3369 5588 miracu-

1807 5602 1921 5656 lose
1954 5611 2281 5663 moveretur,
2310 5614 2375 5653 an
2413 5618 2540 5657 vero
2583 5622 2609 5658 ξι
2644 5602 2895 5658 ministro
2917 5647 2930 5668 ,
2981 5617 3036 5659 ut
3070 5606 3207 5674 apud
3269 5620 3370 5658 nos

1806 5676 2048 5742 pulsatur
2076 5685 2384 5741 campana;
2430 5686 2485 5727 et
2536 5676 2580 5728 si
2630 5676 2974 5741 miraeulose,
3019 5692 3084 5727 an
3116 5677 3369 5729 omnibus

1807 5746 2003 5812 passim
2032 5744 2081 5797 id
2111 5743 2287 5809 fleret,
2322 5758 2387 5796 an
2427 5742 2626 5797 Basilio
2657 5754 2890 5800 tantum.
2932 5750 2986 5798 Si
3022 5746 3215 5797 Basilio
3248 5758 3368 5812 tan-

1809 5811 1957 5870 tum.
1989 5819 2153 5871 miror
2196 5818 2327 5870 nihil
2385 5826 2489 5867 tant
2535 5818 2826 5886 singularis
2879 5816 3120 5872 miraculi
3176 5811 3368 5870 memi-
