4066 6314
684 305 836 363 cccvr

2047 284 2416 341 PllULEGOM
2425 283 2555 337 ENA
2566 322 2578 334 .

686 405 928 461 draconis
957 416 1279 462 annuenteni
1308 405 1519 461 mulieri
1547 447 1561 473 ,
1597 408 1880 478 aspicienti
1912 411 1978 464 de
2007 411 2252 480 superio-
2281 418 2327 471 Α
2359 420 2488 477 tem,
2529 408 2828 477 captivitati
2882 410 3292 478 mancipandam
3324 450 3338 476 ,
3373 410 3610 465 liberasti
3636 452 3651 475 ,
3711 410 3911 480 Deique

693 499 843 551 ribus
868 499 1136 564 deorsum,
1157 514 1219 553 ac
1255 499 1531 552 inclinauti
1560 499 1612 552 in
1631 516 1752 555 eum
1789 520 1801 554 :
1834 515 1991 569 quem
2017 500 2061 554 is
2090 499 2256 570 gradu

695 601 922 653 motum,
954 590 1094 645 intra
1126 591 1409 645 ecclesiam
1451 594 1655 647 servari
1699 593 1971 662 praecepit.
2015 593 2259 661 Cumque

694 684 771 738 sic
833 683 1069 751 Spiritus
1121 684 1296 738 sancti
1329 684 1619 739 adventum
1653 684 1805 755 signo
1838 685 2035 740 visibili
2067 700 2258 755 perce-

694 775 886 841 pisset,
911 774 1075 843 jussit
1104 786 1161 828 ut
1207 776 1430 845 pepulus
1471 776 1751 832 universus
1783 777 1901 832 dies
1940 786 2143 846 septem
2202 777 2257 831 in

690 868 915 922 ecclesia
948 878 1306 938 permaneret.
1341 870 1579 924 Diaeono
1628 880 1807 925 autem
1837 869 2057 938 jejuniis
2087 879 2142 924 et
2168 870 2253 924 vi-

686 960 833 1030 giliis
864 962 1191 1030 mancipato,
1227 963 1372 1033 quod
1406 963 1455 1017 ei
1500 963 1867 1018 abundantius
1896 974 2014 1019 erat
2041 964 2107 1018 ad
2131 978 2255 1034 ege-

688 1068 876 1105 norum
904 1054 1285 1108 sublevandam
1317 1055 1553 1125 inopiam
1583 1056 1697 1111 dari
1736 1056 2047 1123 mandavit;
2085 1065 2251 1123 utque

686 1142 763 1195 sic
793 1140 1055 1197 offensum
1087 1142 1295 1197 Numen
1347 1144 1616 1213 placaret,
1665 1144 1857 1212 hisque
1892 1142 2106 1196 demum
2161 1156 2256 1195 ex-

684 1234 863 1300 piatus
895 1275 909 1299 ,
966 1234 1322 1289 ministerium
1379 1251 1592 1291 sacrum
1646 1244 2019 1306 praesumeret,
2071 1233 2251 1301 jussit.

684 1323 983 1379 Confestim
1011 1340 1141 1379 vero
1168 1327 1423 1395 praecepit
1450 1326 1704 1396 suspendi
1735 1324 1850 1379 vela
1889 1325 1941 1378 in
1986 1324 2105 1377 loco
2159 1338 2255 1375 au-

685 1416 969 1481 dientium,
1020 1416 1300 1487 injungens
1353 1419 1708 1481 mulieribus,
1752 1425 1808 1470 ut
1838 1417 2027 1483 siqua:
2059 1414 2253 1480 depre-

688 1510 850 1562 hensa
874 1520 1037 1574 esset,
1074 1511 1306 1579 quandiu
1337 1526 1488 1565 sacra
1519 1519 1922 1579 peragerentur,
1956 1517 2110 1562 extra
2135 1506 2251 1559 vela

686 1600 989 1670 despicere,
1020 1601 1086 1655 de
1122 1601 1347 1655 ecclesia
1384 1602 1676 1667 pelleretur
1724 1612 1778 1654 et
1806 1610 1954 1653 extra
2003 1614 2254 1653 commu-

688 1692 903 1745 nionem
957 1690 1132 1746 ﬁeret.
1168 1692 1278 1745 Sub
1330 1692 1490 1745 ﬁnem
1544 1706 1707 1760 porro
1744 1702 1946 1759 septem
2000 1690 2251 1751 dierum,

2363 503 2435 556 tui
2494 503 2747 572 templum
2796 504 3327 571 magniﬁcentissime
3380 504 3687 569 exornasti;
3742 519 3909 556 unum

2361 605 2601 663 superest
2634 636 2647 660 ,
2697 606 2753 648 ut
2812 595 3021 663 plenam
3081 597 3235 651 nobis
3276 596 3491 650 virtutis
3515 597 3707 649 divina:
3741 594 3911 649 iacias

2360 686 2539 741 ﬁdem.
2571 706 2589 737 ι
2629 689 2697 741 At
2728 687 2851 751 ille,
2885 688 2972 741 ubi
3008 689 3155 742 brevi
3184 703 3431 742 sermone
3457 696 3669 741 ostensa
3703 687 3785 739 via
3821 700 3911 737 sa-

2359 776 2509 841 lutis,
2538 779 2796 832 suasisset
2823 788 2876 831 et
2904 778 3026 832 ﬁdei
3064 779 3382 832 rudimentis
3430 779 3766 840 instituisset,
3818 776 3912 829 ba-

2357 870 2554 937 ptismo
2622 869 2797 924 tinxit.
2852 870 2986 923 Cum
3045 880 3219 923 autem
3274 884 3427 923 sacra
3484 868 3907 935 Quadragesiina

2359 958 2703 1023 advenisset,
2736 960 2966 1013 divinam
3003 960 3148 1013 illam
3184 959 3365 1030 operis
3406 975 3497 1013 sex
3551 960 3757 1014 dierum
3817 974 3911 1012 ex-

2355 1050 2674 1118 positionem
2712 1052 2903 1119 populo
2957 1067 3258 1117 enarrans,
3304 1054 3586 1121 plurimam
3641 1062 3748 1104 tum
3809 1048 3915 1104 He-

2358 1140 2626 1196 braeorum
2659 1153 2767 1196 tum
2801 1146 3077 1213 gentilium
3126 1146 3525 1200 multitudinem
3554 1144 3764 1199 Christo
3816 1146 3911 1197 ob-

2357 1232 2495 1287 tulit.

2963 1346 3191 1402 CAPUT
3237 1346 3323 1405 lll.

2357 1455 2629 1510 Decretum
2674 1458 2843 1513 exsilii
2891 1460 2983 1512 sub
3032 1458 3243 1513 Valente
3274 1460 3603 1527 impeditum,
3635 1458 3790 1525 Imjus
3817 1458 3915 1525 filii

2425 1531 2683 1582 interitus.
2719 1528 3138 1598 Chirographum
3183 1532 3438 1599 magicum
3471 1531 3696 1583 (immani
3742 1542 3915 1599 extor-

2430 1608 2559 1669 tum.
2586 1601 2859 1652 Anastasii
2884 1596 3174 1669 presbyteri
3211 1596 3483 1654 sanctitas.
3543 1602 3809 1653 Adventus
3852 1596 3910 1652 S.

2426 1668 2655 1734 Ephrem
2691 1672 2757 1722 ad
2785 1668 3065 1723 Bari/ium.

685 1784 883 1839 celebri
916 1784 1081 1839 totius
1132 1786 1314 1856 populi
1363 1796 1651 1849 conventu,
1685 1800 1806 1838 cum
1831 1784 2023 1837 festum
2063 1796 2254 1850 agere-
2284 1770 2327 1824 Β
2425 1782 2653 1847 Quidam
2701 1783 2863 1852 igitur
2889 1785 2955 1838 de
2976 1782 3179 1839 relictis
3214 1782 3502 1851 gentilibus
3529 1783 3665 1851 (ιϐ),
3698 1784 3822 1853 quin
3858 1791 3915 1835 et

690 1887 797 1941 tur,
857 1886 1152 1946 essentque
1208 1891 1394 1931 omnes
1444 1879 1494 1932 in
1522 1876 1746 1929 ecclesia
1787 1876 2136 1944 congregati;
2184 1888 2251 1927 en

685 1966 801 2037 (Μ)
850 1966 944 2021 tibi
994 1965 1274 2033 Libanius,
1324 1967 1521 2021 Juliani
1560 1976 1817 2036 quaestor,
1866 1965 1989 2036 fuga
2042 1969 2247 2034 lapsus,

689 2061 963 2114 civitatem
999 2060 1295 2129 ingressus,
1326 2062 1413 2113 ubi
1447 2060 1623 2129 populi
1654 2062 1704 2114 in
1739 2059 1969 2115 ecclesia
1998 2058 2246 2125 frequen-

690 2153 819 2204 tiam
856 2152 1063 2216 didicit,
1101 2165 1165 2205 eo
1192 2152 1462 2215 accessit,
1498 2151 1890 2205 odiosissimam
1920 2146 2116 2203 Juliani
2172 2158 2254 2216 ty-

693 2244 844 2296 ranni
898 2254 1125 2297 mortem
1165 2243 1537 2305 annuntians;
1591 2243 1929 2311 genibusque
1986 2239 2256 2309 pontiﬁcis

689 2335 1205 2401 advolutus,Cbristi
1233 2335 1561 2403 signaculum
1595 2341 1744 2405 rogat
1779 2335 2027 2401 accipere
2064 2348 2075 2382 :
2111 2332 2254 2401 quod

690 2437 1047 2492 consecutus,
1110 2428 1284 2481 factus
1320 2435 1401 2481 est
1441 2424 1636 2481 Basilio
1684 2425 2086 2481 contubernalis
2146 2440 2251 2478 una

690 2538 815 2576 cum
848 2522 1073 2576 Eubulo.

762 2615 1018 2685 Sequenti
1085 2624 1259 2668 autem
1330 2614 1413 2668 die
1444 2613 1603 2681 jussit
1661 2613 1948 2676 omnibus,
2006 2622 2065 2664 ut
2134 2626 2259 2665 suas

691 2709 920 2775 quisque
986 2707 1243 2775 pecunias
1320 2704 1641 2773 reciperent.
1710 2703 1779 2756 At
1833 2704 1909 2757 illi
1966 2719 2067 2757 una
2126 2718 2258 2758 voce

693 2800 760 2852 ad
816 2800 1048 2867 ipsum:
1105 2815 1125 2849 ε
1177 2794 1381 2863 Quibus
1448 2796 1631 2849 animo
1687 2795 2037 2849 constitutum
2102 2804 2256 2859 erat,

697 2900 756 2943 ut
802 2892 869 2944 ad
915 2890 1152 2944 civitatis
1216 2888 1572 2943 amoliendum
1626 2890 1983 2953 eversionem,
2058 2899 2259 2943 morta-

694 2984 728 3036 li
780 2997 875 3037 eas
926 2981 1235 3051 imperatori
1297 2982 1692 3050 praeberemus,
1732 2983 1926 3049 potiori
1986 2980 2109 3047 jure
2166 2983 2257 3036 de-

693 3073 966 3127 huerimus
999 3070 1192 3125 offerre
1225 3072 1515 3125 immortali
1554 3071 1889 3139 imperatori,
1937 3071 2025 3138 qui
2094 3086 2190 3124 nos
2231 3087 2257 3122 a

695 3173 846 3217 tanto
873 3164 1109 3232 periculo
1142 3162 1387 3216 redemit.
1422 3161 1560 3216 Ecce
1596 3176 1725 3216 vero
1756 3172 1882 3215 sunt
1913 3162 2162 3214 universa
2201 3162 2253 3215 in

697 3249 945 3303 inanibus
973 3248 1099 3313 tuis,
1128 3248 1288 3304 facito
1320 3260 1376 3303 ut
1407 3250 1497 3303 tibi
1535 3249 1795 3305 Dominus
1819 3249 2068 3318 jusserit.
2106 3270 2125 3305 ι
2156 3251 2249 3305 llle

694 3345 920 3397 miratus
952 3357 1203 3412 magnum
1246 3342 1541 3397 ﬁdelissimi
1589 3343 1768 3412 populi
1819 3345 2099 3408 animum,
2156 3354 2259 3398 ter-

696 3434 823 3486 tiam
856 3443 1061 3500 partem
1093 3434 1197 3487 illis
1227 3432 1485 3501 prmbuit;
1524 3448 1593 3485 ex
1652 3434 1872 3500 reliquis
1910 3448 2037 3487 vero
2066 3449 2257 3488 sacra-

697 3527 835 3577 rium
865 3532 1034 3577 totum
1068 3539 1188 3578 cum
1214 3524 1325 3594 (45)
1357 3525 1561 3578 ciborio
1590 3524 1798 3587 induit;
1833 3539 2063 3593 cumque
2090 3530 2259 3581 altare

694 3629 827 3669 auro
878 3614 1078 3669 mundo
1110 3622 1164 3668 et.
1196 3614 1391 3683 lapillis
1431 3624 1717 3677 ornasset,
1774 3614 2031 3667 advocata
2063 3616 2255 3669 civium

697 3705 1073 3769 multitudine,
1106 3720 1402 3770 mensaque
1456 3720 1614 3759 sacra
1665 3703 1999 3759 sanctiﬁcata
2032 3743 2045 3765 ,
2096 3704 2259 3772 jussit.

696 3799 874 3852 triduo
908 3796 1103 3851 festum
1139 3796 1244 3863 agi.
1285 3796 1415 3849 Cum
1461 3808 1635 3850 autem
1679 3797 1792 3851 haec
1824 3798 1894 3850 ita
1929 3812 2244 3866 perageren-

699 3889 1040 3959 tur,quidam
1070 3891 1295 3942 necdum
1325 3888 1589 3957 gentilitio
1630 3903 1817 3943 errore
1848 3890 2104 3953 absoluti,
2129 3904 2252 3942 eum

696 3979 1041 4044 conveniunt,
1076 3978 1353 4031 dicentes:
1393 3996 1411 4027 ι
1447 3978 1582 4032 Ecce
1608 3979 1856 4034 nrecibus
1898 3981 2005 4033 tuis
2058 3980 2255 4032 Civita-

697 4206 843 4258 nisse
884 4202 1278 4256 Nazianzenum
1334 4212 1389 4256 et
1447 4204 1743 4273 Nyssenum
1798 4222 1812 4258 :
1859 4205 1901 4258 si
1949 4206 2197 4259 omnibus
2231 4251 2243 4271 ,

700 4274 869 4341 magis
908 4275 1121 4336 mirum,
1149 4275 1346 4327 nullam
1384 4275 1509 4329 alibi
1540 4287 1759 4331 exstare
1790 4275 1909 4346 ejus
1941 4276 2014 4329 rei
2046 4292 2250 4330 ιηριιιοο

700 4360 857 4398 Plain.

771 4412 881 4484 (εΗ)
932 4412 1172 4485 Seposita
1219 4432 1336 4485 qua:
1374 4418 1544 4482 gratis
1585 4417 1805 4471 aﬂertur
1846 4432 1873 4470 a
1922 4414 2244 4470 Comheﬁsio

700 4485 1006 4549 conjectura
1032 4483 1097 4537 de
1124 4483 1331 4539 duobus
1376 4489 1613 4543 Libaniis
1641 4527 1656 4552 ,
1697 4488 1912 4541 omnino
1940 4485 2127 4537 falsum
2160 4494 2243 4538 est

701 4554 997 4621 sophistam
1062 4569 1293 4623 unquam
1355 4572 1667 4611 conversum
1723 4556 1923 4618 fuisse,
1977 4568 2069 4607 aut
2126 4564 2246 4622 post

702 4633 928 4679 mortem
960 4623 1154 4679 Juiiani
1196 4629 1405 4683 venisse
1426 4627 1722 4682 Cmsaream
1751 4648 1763 4681 :
1798 4643 1917 4679 nam
1950 4626 2243 4678 Antiochia:

702 4695 819 4761 ejus
849 4696 1145 4766 orationem
1173 4696 1447 4752 funebrem
1476 4700 1630 4758 dixit,
1672 4708 1729 4749 ut
1769 4698 1878 4766 ipse
1910 4697 1979 4751 de
1999 4711 2054 4748 se
2083 4705 2245 4748 testa-

705 4773 830 4838 tura
852 4783 871 4814 ‹
907 4764 1085 4838 Visum
1114 4764 1216 4830 est,
1247 4768 1512 4836 inquiens,
1555 4764 1801 4838 partiuur
1833 4782 2071 4822 mearum
2098 4780 2243 4826 esse,

704 4842 763 4885 ut
804 4831 1010 4887 funebri
1042 4841 1281 4891 oratione
1322 4831 1434 4892 fato
1471 4831 1713 4893 functum
1738 4839 2163 4890 cohonestarem.
2220 4854 2237 4885 ι

704 4902 968 4978 P_r:rterea
995 4918 1175 4978 narrat
1198 4923 1255 4961 se
1278 4910 1400 4963 vita:
1426 4911 1716 4978 periculum
1753 4907 2242 4978 Jovinianoiucur-

703 4975 839 5027 risse
866 5014 880 5038 ,
914 4977 1037 5042 quia
1095 4979 1314 5032 nimium
1369 4975 1619 5033 laudabat
1667 4979 1954 5033 lulianum.
1989 4995 2006 5028 ι
2050 4976 2243 5029 Postea

704 5059 910 5119 rursus,
939 5046 1130 5119 inquit,
1164 5049 1243 5099 vir
1266 5052 1523 5105 barbarus
1576 5049 1907 5119 irritavitiiu
1945 5046 2245 5119 meprincif

702 5129 821 5185 pem
844 5118 868 5177 ;⁷
913 5131 1032 5168 cum
1076 5118 1317 5182 diceret,
1353 5137 1435 5174 me
1483 5120 1638 5171 ﬁnem
1676 5136 1780 5173 non
1819 5118 1995 5171 facere
2031 5118 2243 5185 lugendi

703 5184 911 5253 plagam
934 5186 1049 5254 ejus
1073 5189 1161 5254 qui
1180 5192 1523 5245 occubuerat.
1541 5188 1769 5244 Proinde
1793 5190 2082 5256 imperator
2100 5184 2244 5239 male

705 5269 808 5328 me,
833 5258 1052 5328 perdere
1084 5259 1386 5326 cOgitabat,
1438 5260 1685 5313 muaroris
1746 5273 1960 5328 pmnain
2003 5258 2240 5328 exigens.

704 5327 810 5398 Sed
840 5325 920 5377 Vir
964 5328 1178 5393 quidam
1230 5335 1425 5398 probus
1468 5325 1798 5398 Cappadox“,
1839 5327 2240 5391 condiscipulus

701 5394 835 5470 olim
856 5409 1052 5470 meus_._
1105 5399 1193 5466 qui
1230 5394 1448 5469 inaguus
1480 5394 1596 5455 erat
1635 5404 1771 5470 apud
1816 5400 1961 5452 illum
1993 5441 2006 5461 ,
2073 5398 2240 5470 inter-

703 5466 885 5539 cessit.
930 5485 950 5516 ο
988 5464 1177 5521 Mirum
1232 5464 1404 5524 tanien
1452 5487 1556 5524 non
1606 5464 1692 5536 sit",
1730 5467 2245 5539 pseudo-Amphilo—

704 5535 881 5587 chium
942 5538 1251 5609 credidisse,
1288 5541 1566 5593 Lib-auium
1606 5535 1898 5609 sopliislum
1953 5543 2019 5593 ad
2080 5537 2236 5609 ﬁdem

705 5618 1051 5670 conversum,
1077 5608 1146 5662 ob
1173 5611 1463 5663 amicitiam
1498 5608 1915 5679 quam'Basilius
1946 5626 2041 5679 per
2104 5608 2245 5660 litte-

709 5688 947 5797 rasdcum
982 5693 1046 5733 eo
1071 5680 1266 5743 coluit,
1301 5690 1551 5750 tauquam
1587 5698 1704 5736 cum
1735 5682 1971 5737 souhista
2024 5690 2079 5735 et
2128 5680 2243 5734 viro

709 5758 801 5797 eru
843 5756 932 5797 ito.

703 5756 932 5800 ετυαηο.

2356 1889 2421 1927 ex
2454 1872 2669 1925 Arianis
2696 1873 3020 1927 calumniam
3045 1873 3181 1943 apud
3214 1872 3490 1929 Valentem
3526 1874 3912 1941 imperatorem

2355 1964 2556 2018 Basilio
2612 1973 2871 2028 struunt,
2924 1976 3180 2035 tanquam
3228 1965 3385 2020 ﬁdem
3434 1964 3917 2019 ConsubStantialis

2356 2056 2525 2126 gloria
2556 2053 2795 2117 efferret,
2822 2056 3139 2110 Arianorum
3168 2068 3344 2111 autem
3363 2057 3606 2111 lueresim
3641 2056 3915 2110 abomina-

2358 2158 2509 2202 retur
2541 2158 2595 2202 et
2633 2149 2937 2216 despucret.
2970 2145 3037 2201 Iis
3090 2152 3158 2202 oh
3190 2150 3352 2202 animi
3385 2150 3658 2203 levitatem
3686 2163 3910 2216 persua-

2361 2256 2453 2297 sus
2472 2239 2692 2304 Valens,
2724 2239 2876 2292 illum
2917 2240 2981 2291 ad
3012 2254 3070 2293 se
3113 2242 3449 2296 Antiochiam
3482 2243 3731 2297 accersit.
3782 2240 3917 2293 Cum

2359 2342 2537 2388 autem
2578 2332 2895 2386 Anastasius
2941 2331 3052 2401 (47)
3105 2346 3336 2401 quaestor
3381 2334 3689 2391 advenisset
3739 2334 3920 2389 Caesa-

2364 2436 2533 2484 ream,
2563 2419 2866 2487 Basilioque
2890 2420 3127 2489 injuncta
3157 2422 3256 2475 sibi
3294 2423 3362 2476 ab
3396 2426 3719 2492 imperatore
3751 2441 3917 2494 expo-

2361 2514 2601 2578 suisset,
2637 2514 2711 2565 ait
2754 2511 2983 2567 Basilius
3017 2533 3031 2567 :
3069 2532 3086 2564 ‹
3146 2514 3320 2567 Etiam
3344 2530 3463 2582 ego,
3498 2518 3571 2569 fili
3599 2558 3614 2581 ,
3639 2528 3763 2572 ante
3816 2533 3916 2568 non

2362 2617 2562 2672 paucos
2590 2602 2704 2656 dies
2754 2604 3019 2670 cognovi,
3050 2604 3317 2671 quomodo
3368 2605 3682 2674 imperator,
3742 2608 3920 2661 stultis

2360 2694 2667 2748 hominibus
2697 2692 2853 2745 ﬁdem
2877 2693 3106 2757 habens,
3142 2694 3529 2762 deportatimiis
3570 2711 3702 2749 mea:
3736 2707 3917 2765 typum

2360 2794 2705 2846 exaraturus,
2736 2792 2845 2837 tres
2876 2784 3194 2839 contriverit
3235 2784 3503 2847 calamos;
3554 2794 3716 2853 atque
3744 2787 3921 2839 insen-

2360 2876 2461 2930 sat-i
2491 2874 2707 2939 calami,
2750 2874 3103 2944 impotentem
3134 2874 3276 2929 illius
3300 2876 3559 2943 impetum
3586 2875 3919 2929 inbibueriut

2361 2967 2537 3037 (cuius
2562 2974 2673 3019 tota
2707 2966 2971 3035 cupiditas
3000 2976 3102 3031 est,
3143 2976 3199 3020 ut
3251 2969 3447 3021 veritas
3482 2968 3830 3029 obscuretur,
3871 2976 3925 3017 et

2363 3059 2699 3111 mendacium
2737 3060 3032 3128 obtineat),
3060 3075 3241 3114 secum
3285 3060 3478 3114 melius
3501 3069 3681 3115 actum
3713 3061 3776 3113 iri
3805 3060 3919 3113 exi-

2365 3147 2671 3210 stimantes,
2705 3158 2763 3200 ut
2785 3149 3275 3217 confringerentur,
3307 3167 3467 3219 quam
3499 3162 3556 3206 ut
3587 3151 3786 3221 iniquae
3810 3150 3921 3218 ejus

2365 3241 2648 3295 sententiae
2678 3240 3029 3293 deservirent.
3070 3260 3087 3291 ι

2437 3332 2537 3389 Ubi
2571 3333 2733 3401 igitur
2782 3332 2999 3386 advenit
3033 3333 3371 3387 Antiochiam
3405 3374 3419 3397 ,
3455 3336 3519 3389 ad
3544 3336 3918 3403 praefectorum

2367 3430 2601 3483 tribunal
2656 3430 2961 3484 adducitur.
2998 3425 3370 3499 Interrogatus
3395 3440 3599 3493 autem,
3631 3446 3733 3484 cur
3764 3432 3918 3484 ﬁdem

2366 3522 2709 3590 imperatoris
2739 3522 2919 3575 minus
2957 3521 3408 3588 amplecteretur,
3458 3523 3734 3592 respondit
3761 3523 3920 3575 multa

2367 3630 2486 3668 cum
2514 3612 2760 3666 libertate
2785 3614 2877 3667 Dei
2907 3616 3232 3671 hierarcha:
3266 3634 3284 3667 ι
3315 3616 3466 3670 Absit
3492 3626 3548 3670 ut
3592 3616 3737 3669 viam
3786 3613 3920 3667 veri-

2367 3706 2492 3759 tatis
2524 3705 2771 3760 deseram
2793 3744 2807 3767 ,
2844 3705 3275 3774 Arianorumque
3306 3722 3544 3761 errorem
3586 3718 3640 3761 et
3673 3708 3918 3761 haeresim

2365 3797 2697 3863 amplectar:
2730 3796 2929 3866 quippe
2969 3797 3131 3851 didici
3162 3812 3191 3851 a
3242 3797 3513 3863 Patribus,
3549 3797 3920 3853 Consubstan-

2368 3887 2508 3941 tialis
2544 3889 2701 3943 ﬁdem
2730 3891 3005 3959 amplecti,
3034 3899 3090 3945 et
3119 3892 3308 3946 honori
3335 3891 3553 3947 habere.
3590 3910 3609 3942 ι
3643 3891 3748 3946 Ubi
3786 3907 3919 3962 prm-

2367 3978 2539 4034 fectus
2566 3991 2790 4035 mortem
2821 3985 2868 4038 ei
2897 3985 3130 4040 minatus
3158 3995 3301 4040 esset
3364 3986 3439 4039 ait
3462 3983 3694 4039 Basilius
3722 4003 3736 4039 :
3763 4002 3782 4035 ι
3821 3983 3917 4036 Fa-

2430 4206 2541 4277 (45)
2574 4206 2871 4272 Ciborium,
2899 4206 3274 4277 umbraculum
3318 4204 3539 4277 altaris,
3562 4214 3916 4277 quatuorirn-

2359 4274 2555 4331 lumnis
2587 4279 2827 4331 innixum
2853 4318 2867 4341 ,
2896 4276 3048 4343 cujus
3096 4279 3235 4346 apud
3292 4274 3634 4346 Anastasium
3669 4276 3723 4346 in
3794 4276 3915 4329 Vilis

2356 4348 2660 4413 pontiﬁcum
2714 4349 3041 4402 creberrima
3068 4344 3291 4413 mentio,
3307 4348 3372 4401 de
3400 4348 3498 4399 hoc
3521 4344 3639 4397 vide
3658 4345 3916 4415 Cangium

2280 4428 2322 4483 ι)
2357 4418 2409 4469 in
2460 4432 2688 4485 utroque
2740 4419 3016 4473 Glossario
3043 4460 3059 4485 ,
3103 4418 3296 4472 Graeco
3326 4433 3391 4471 ac
3422 4415 3914 4477 Latino-Barbare.

2352 4502 2491 4553 saepe
2523 4490 2683 4539 etiam
2721 4490 3011 4558 Cyhorium
3048 4490 3342 4552 scribitur;
3382 4497 3435 4541 et
3489 4488 3626 4559 hanc
3681 4490 3914 4559 origina-

2352 4559 2485 4626 riam
2523 4572 2643 4610 esse
2689 4555 3039 4626 scriptioucm
3104 4559 3186 4609 vix
3236 4560 3441 4617 dubito,
3496 4555 3605 4608 ἀπὸ
3665 4555 3913 4612 ’ποῦ’Κύ-

2344 4625 2460 4681 ϐου.
2486 4646 2503 4677 ι
2550 4630 2711 4692 cubo,
2733 4645 2753 4680 ι
2787 4625 3006 4697 propter
3032 4628 3258 4683 formam
3287 4628 3551 4694 cuhicain,
3579 4629 3627 4683 id
3649 4640 3759 4692 est,
3792 4645 3915 4697 qua-

2348 4700 2579 4749 dratain.

2420 4766 2636 4835 (46)Αά
2666 4768 2893 4837 gentiles
2954 4782 3141 4836 parum
3197 4769 3496 4833 spectabat,
3538 4770 3650 4822 sive
3678 4766 3907 4821 consub-

2345 4839 2614 4891 stantialis
2642 4838 2799 4890 ﬁdem
2835 4837 3149 4893 defenderet
3196 4838 3431 4893 Basilius
3452 4880 3466 4902 ,
3498 4842 3611 4891 sive
3643 4853 3772 4890 non.
3801 4837 3911 4891 (ia--

2347 4918 2518 4958 terum
2568 4922 2685 4975 qum
2719 4909 2803 4960 hic
2858 4920 2974 4963 acta
3005 4919 3301 4961 narrantur
3345 4908 3616 4963 Valentem
3655 4908 3803 4961 inter
3862 4918 3909 4958 ct

2345 4976 2599 5029 Basilium
2637 4976 2881 5047 illiusque
2913 4980 3190 5031 minisuos
3216 4977 3600 5032 desiderantur
3633 4979 3774 5044 apud
3805 4977 3900 5029 Ro-

2344 5047 2638 5118 sweyduu},
2671 5058 2723 5100 et
2750 5050 2902 5118 longe
2933 5051 3092 5101 aliter
3118 5051 3243 5103 datu
3279 5052 3495 5103 fuerunt
3541 5063 3607 5101 ex
3670 5048 3897 5102 Nazian-

2346 5133 2481 5170 zeno
2514 5117 2564 5167 in
2597 5116 2732 5173 Vita.

2419 5186 2526 5254 (4⁷)
2564 5186 2902 5241 Αηειειξιεὶυηι
2938 5189 3248 5257 praefectum
3298 5190 3378 5244 vel
3409 5198 3762 5257 citizestorem,
3817 5186 3897 5238 ubi

2347 5258 2679 5311 nominatum
2713 5260 2976 5311 invenerit
3010 5274 3221 5325 auctor,
3263 5261 3515 5327 equidem
3545 5264 3758 5328 ignoro.
3795 5258 3888 5308 Alii

2345 5342 2531 5380 onincs
2593 5330 2902 5395 praefectum
2960 5330 3257 5383 Modestum
3325 5344 3559 5392 vocant,
3597 5334 3752 5395 isque
3800 5340 3895 5378 lam

2348 5405 2504 5450 notus
2530 5399 2626 5450 fuit
2659 5414 2785 5451 vero
2809 5400 3204 5466 Amphilochio,
3244 5409 3299 5449 ut
3328 5399 3377 5451 in
3430 5404 3648 5453 nomine
3687 5400 3805 5467 ejus
3827 5411 3903 5449 er-

2348 5484 2469 5519 rare
2497 5485 2598 5519 non
2627 5472 2880 5535 pomerit.
2906 5472 2974 5523 At
3005 5470 3383 5531 Couihctisius.
3415 5488 3535 5522 cum
3567 5470 3764 5537 surpius
3796 5481 3903 5519 tene

2350 5548 2453 5590 tata
2490 5542 2559 5591 sit
2596 5542 2693 5592 sub
2724 5539 2939 5593 Valente
2980 5540 3161 5593 Basilii
3189 5544 3492 5595 constantia
3528 5583 3542 5604 ,
3569 5552 3745 5609 putat,
3773 5542 3899 5591 inter

2347 5609 2525 5662 varios
2550 5609 2817 5663 adhibitos
2851 5611 3128 5665 ministros
3153 5649 3167 5672 ,
3200 5610 3436 5676 aliquem
3491 5623 3584 5663 aut
3624 5624 3898 5679 praetorem

2350 5689 2440 5729 aut
2471 5691 2776 5731 exactorem
2814 5684 2999 5734 fuisse.
3024 5682 3397 5749 Auastasium,
3426 5684 3495 5736 ob
3535 5690 3899 5737 auctoritatem

2351 5749 2553 5802 scilicet
2582 5748 2936 5820 Amphiluclili
