  <div class='ocr_page' id='page_1' title='image "/cluster/home/n/w/nwhite01/storage/ocr_20150623/29/pst.000005712274/314.png"; bbox 0 0 4066 6314; ppageno 0'>
   <div class='ocr_carea' id='block_1_1' title="bbox 544 358 2968 421">
    <p class='ocr_par' dir='ltr' id='par_1_1' title="bbox 544 358 2968 421">
     <span class='ocr_line' id='line_1_1' title="bbox 544 358 2968 421; baseline -0.003 0"><span class='ocrx_word' id='word_1_1' title='bbox 544 366 905 421; x_wconf 73' lang='lat' dir='ltr'><strong>EXCERPTA</strong></span> <span class='ocrx_word' id='word_1_2' title='bbox 946 366 1036 419; x_wconf 74' lang='lat' dir='ltr'><strong>EX</strong></span> <span class='ocrx_word' id='word_1_3' title='bbox 1077 366 1274 420; x_wconf 83' lang='lat' dir='ltr'><strong>ACTIS</strong></span> <span class='ocrx_word' id='word_1_4' title='bbox 1315 368 1372 419; x_wconf 90' lang='lat' dir='ltr'><strong>S.</strong></span> <span class='ocrx_word' id='word_1_5' title='bbox 1412 365 1653 421; x_wconf 76' lang='lat' dir='ltr'><strong>BASILII</strong></span> <span class='ocrx_word' id='word_1_6' title='bbox 1697 360 2220 417; x_wconf 68' lang='lat' dir='ltr'><strong>BOLLANDIANIS.</strong></span> <span class='ocrx_word' id='word_1_7' title='bbox 2246 393 2293 401; x_wconf 90' lang='lat'><strong>-</strong></span> <span class='ocrx_word' id='word_1_8' title='bbox 2330 363 2488 416; x_wconf 68' lang='lat' dir='ltr'><strong>V&#39;l&#39;l‘A</strong></span> <span class='ocrx_word' id='word_1_9' title='bbox 2532 358 2968 416; x_wconf 69' lang='lat' dir='ltr'><strong>APOCllYl’llA.</strong></span> 
     </span>
    </p>
   </div>
   <div class='ocr_carea' id='block_1_2' title="bbox 3163 381 3326 421">
    <p class='ocr_par' dir='ltr' id='par_1_2' title="bbox 3163 381 3326 421">
     <span class='ocr_line' id='line_1_2' title="bbox 3163 381 3326 421; baseline 0.018 -3"><span class='ocrx_word' id='word_1_10' title='bbox 3163 381 3326 421; x_wconf 73' lang='lat' dir='ltr'><strong>CCCVI</strong></span> 
     </span>
    </p>
   </div>
   <div class='ocr_carea' id='block_1_3' title="bbox 143 474 3329 553">
    <p class='ocr_par' dir='ltr' id='par_1_3' title="bbox 143 474 3329 553">
     <span class='ocr_line' id='line_1_3' title="bbox 143 474 3329 553; baseline -0.004 -14"><span class='ocrx_word' id='word_1_11' title='bbox 143 487 205 540; x_wconf 73' lang='lat' dir='ltr'><strong>xit</strong></span> <span class='ocrx_word' id='word_1_12' title='bbox 236 483 460 553; x_wconf 86' lang='lat' dir='ltr'><strong>Deus,ut</strong></span> <span class='ocrx_word' id='word_1_13' title='bbox 488 498 586 552; x_wconf 93' lang='lat' dir='ltr'><strong>pro</strong></span> <span class='ocrx_word' id='word_1_14' title='bbox 610 483 835 539; x_wconf 89' lang='lat' dir='ltr'><strong>veritate</strong></span> <span class='ocrx_word' id='word_1_15' title='bbox 860 482 1108 537; x_wconf 90' lang='lat' dir='ltr'><strong>absolvar</strong></span> <span class='ocrx_word' id='word_1_16' title='bbox 1134 482 1361 547; x_wconf 78' lang='lat' dir='ltr'><strong>vinculis</strong></span> <span class='ocrx_word' id='word_1_17' title='bbox 1390 481 1631 550; x_wconf 88' lang='lat' dir='ltr'><strong>corporis</strong></span> <span class='ocrx_word' id='word_1_18' title='bbox 1658 498 1670 533; x_wconf 91' lang='lat'><strong>:</strong></span> <span class='ocrx_word' id='word_1_19' title='bbox 1704 484 1749 539; x_wconf 83' lang='grc' dir='ltr'><strong>Α</strong></span> <span class='ocrx_word' id='word_1_20' title='bbox 1779 476 1883 533; x_wconf 89' lang='lat' dir='ltr'><strong>ﬁlia</strong></span> <span class='ocrx_word' id='word_1_21' title='bbox 1909 492 2002 532; x_wconf 84' lang='lat' dir='ltr'><strong>sua</strong></span> <span class='ocrx_word' id='word_1_22' title='bbox 2029 476 2352 545; x_wconf 82' lang='lat' dir='ltr'><strong>perrexisset</strong></span> <span class='ocrx_word' id='word_1_23' title='bbox 2375 514 2389 539; x_wconf 94' lang='lat'><strong>,</strong></span> <span class='ocrx_word' id='word_1_24' title='bbox 2420 478 2684 543; x_wconf 82' lang='lat' dir='ltr'><strong>velletque</strong></span> <span class='ocrx_word' id='word_1_25' title='bbox 2708 474 2815 528; x_wconf 91' lang='lat' dir='ltr'><strong>illic</strong></span> <span class='ocrx_word' id='word_1_26' title='bbox 2838 474 3067 544; x_wconf 81' lang='lat' dir='ltr'><strong>puellam</strong></span> <span class='ocrx_word' id='word_1_27' title='bbox 3094 475 3329 539; x_wconf 78' lang='lat' dir='ltr'><strong>tondere,</strong></span> 
     </span>
    </p>
   </div>
   <div class='ocr_carea' id='block_1_4' title="bbox 140 572 1675 643">
    <p class='ocr_par' dir='ltr' id='par_1_4' title="bbox 140 572 1675 643">
     <span class='ocr_line' id='line_1_4' title="bbox 140 572 1675 643; baseline -0.003 -15"><span class='ocrx_word' id='word_1_28' title='bbox 140 591 244 632; x_wconf 74' lang='lat' dir='ltr'><strong>nam</strong></span> <span class='ocrx_word' id='word_1_29' title='bbox 276 579 363 632; x_wconf 91' lang='lat' dir='ltr'><strong>diu</strong></span> <span class='ocrx_word' id='word_1_30' title='bbox 396 585 479 631; x_wconf 85' lang='lat' dir='ltr'><strong>est</strong></span> <span class='ocrx_word' id='word_1_31' title='bbox 511 589 577 627; x_wconf 78' lang='lat' dir='ltr'><strong>ex</strong></span> <span class='ocrx_word' id='word_1_32' title='bbox 608 589 714 643; x_wconf 91' lang='lat' dir='ltr'><strong>quo</strong></span> <span class='ocrx_word' id='word_1_33' title='bbox 743 576 793 630; x_wconf 89' lang='lat' dir='ltr'><strong>id</strong></span> <span class='ocrx_word' id='word_1_34' title='bbox 825 574 1015 641; x_wconf 88' lang='lat' dir='ltr'><strong>cupio;</strong></span> <span class='ocrx_word' id='word_1_35' title='bbox 1066 576 1164 630; x_wconf 84' lang='lat' dir='ltr'><strong>nisi</strong></span> <span class='ocrx_word' id='word_1_36' title='bbox 1204 584 1379 627; x_wconf 89' lang='lat' dir='ltr'><strong>tamen</strong></span> <span class='ocrx_word' id='word_1_37' title='bbox 1410 572 1509 639; x_wconf 89' lang='lat' dir='ltr'><strong>ipsi</strong></span> <span class='ocrx_word' id='word_1_38' title='bbox 1541 572 1675 625; x_wconf 86' lang='lat' dir='ltr'><strong>mol-</strong></span> 
     </span>
    </p>
   </div>
   <div class='ocr_carea' id='block_1_5' title="bbox 140 662 1676 737">
    <p class='ocr_par' dir='ltr' id='par_1_5' title="bbox 140 662 1676 737">
     <span class='ocr_line' id='line_1_5' title="bbox 140 662 1676 737; baseline -0.005 -14"><span class='ocrx_word' id='word_1_39' title='bbox 140 670 281 726; x_wconf 84' lang='lat' dir='ltr'><strong>liores</strong></span> <span class='ocrx_word' id='word_1_40' title='bbox 313 668 443 723; x_wconf 91' lang='lat' dir='ltr'><strong>estis</strong></span> <span class='ocrx_word' id='word_1_41' title='bbox 497 667 548 720; x_wconf 92' lang='lat' dir='ltr'><strong>in</strong></span> <span class='ocrx_word' id='word_1_42' title='bbox 608 666 926 737; x_wconf 74' lang='lat' dir='ltr'><strong>prmstandis</strong></span> <span class='ocrx_word' id='word_1_43' title='bbox 952 665 1253 734; x_wconf 85' lang='lat' dir='ltr'><strong>promissis.</strong></span> <span class='ocrx_word' id='word_1_44' title='bbox 1291 682 1309 715; x_wconf 77' lang='grc'><strong>1</strong></span> <span class='ocrx_word' id='word_1_45' title='bbox 1342 662 1509 715; x_wconf 84' lang='lat' dir='ltr'><strong>Porro</strong></span> <span class='ocrx_word' id='word_1_46' title='bbox 1540 678 1676 731; x_wconf 81' lang='lat' dir='ltr'><strong>prac-</strong></span> 
     </span>
    </p>
   </div>
   <div class='ocr_carea' id='block_1_6' title="bbox 143 750 1672 826">
    <p class='ocr_par' dir='ltr' id='par_1_6' title="bbox 143 750 1672 826">
     <span class='ocr_line' id='line_1_6' title="bbox 143 750 1672 826; baseline -0.009 -10"><span class='ocrx_word' id='word_1_47' title='bbox 143 763 293 816; x_wconf 83' lang='lat' dir='ltr'><strong>iectus</strong></span> <span class='ocrx_word' id='word_1_48' title='bbox 329 770 624 826; x_wconf 76' lang='lat' dir='ltr'><strong>pugnacem</strong></span> <span class='ocrx_word' id='word_1_49' title='bbox 660 759 758 809; x_wconf 91' lang='lat' dir='ltr'><strong>viri</strong></span> <span class='ocrx_word' id='word_1_50' title='bbox 789 754 1130 809; x_wconf 86' lang='lat' dir='ltr'><strong>renitentiam</strong></span> <span class='ocrx_word' id='word_1_51' title='bbox 1158 762 1213 807; x_wconf 91' lang='lat' dir='ltr'><strong>et</strong></span> <span class='ocrx_word' id='word_1_52' title='bbox 1236 750 1672 807; x_wconf 89' lang='lat' dir='ltr'><strong>immobilitatem</strong></span> 
     </span>
    </p>
   </div>
   <div class='ocr_carea' id='block_1_7' title="bbox 140 844 1673 922">
    <p class='ocr_par' dir='ltr' id='par_1_7' title="bbox 140 844 1673 922">
     <span class='ocr_line' id='line_1_7' title="bbox 140 844 1673 922; baseline -0.005 -16"><span class='ocrx_word' id='word_1_53' title='bbox 140 849 377 922; x_wconf 88' lang='lat' dir='ltr'><strong>propositi</strong></span> <span class='ocrx_word' id='word_1_54' title='bbox 409 848 719 919; x_wconf 78' lang='lat' dir='ltr'><strong>imperatori</strong></span> <span class='ocrx_word' id='word_1_55' title='bbox 745 845 1173 916; x_wconf 86' lang='lat' dir='ltr'><strong>signiticans,ait</strong></span> <span class='ocrx_word' id='word_1_56' title='bbox 1203 858 1218 897; x_wconf 90' lang='lat'><strong>:</strong></span> <span class='ocrx_word' id='word_1_57' title='bbox 1261 863 1279 896; x_wconf 80' lang='grc' dir='ltr'>ι</span> <span class='ocrx_word' id='word_1_58' title='bbox 1316 844 1450 897; x_wconf 90' lang='lat' dir='ltr'><strong>Victi</strong></span> <span class='ocrx_word' id='word_1_59' title='bbox 1471 858 1673 908; x_wconf 91' lang='lat' dir='ltr'><strong>sumus,</strong></span> 
     </span>
    </p>
   </div>
   <div class='ocr_carea' id='block_1_8' title="bbox 140 934 1677 1011">
    <p class='ocr_par' dir='ltr' id='par_1_8' title="bbox 140 934 1677 1011">
     <span class='ocr_line' id='line_1_8' title="bbox 140 934 1677 1011; baseline -0.003 -15"><span class='ocrx_word' id='word_1_60' title='bbox 140 947 415 1011; x_wconf 84' lang='lat' dir='ltr'><strong>imperator</strong></span> <span class='ocrx_word' id='word_1_61' title='bbox 444 962 457 996; x_wconf 92' lang='lat'>:</span> <span class='ocrx_word' id='word_1_62' title='bbox 488 943 570 995; x_wconf 87' lang='lat' dir='ltr'><strong>vir</strong></span> <span class='ocrx_word' id='word_1_63' title='bbox 603 938 747 993; x_wconf 85' lang='lat' dir='ltr'><strong>enim</strong></span> <span class='ocrx_word' id='word_1_64' title='bbox 780 940 943 994; x_wconf 85' lang='lat' dir='ltr'><strong>minis</strong></span> <span class='ocrx_word' id='word_1_65' title='bbox 995 937 1237 1007; x_wconf 87' lang='lat' dir='ltr'><strong>superior</strong></span> <span class='ocrx_word' id='word_1_66' title='bbox 1270 948 1375 1003; x_wconf 89' lang='lat' dir='ltr'><strong>est,</strong></span> <span class='ocrx_word' id='word_1_67' title='bbox 1402 934 1677 991; x_wconf 75' lang='lat' dir='ltr'><strong>inﬂexibili</strong></span> 
     </span>
    </p>
   </div>
   <div class='ocr_carea' id='block_1_9' title="bbox 139 1035 908 1105">
    <p class='ocr_par' dir='ltr' id='par_1_9' title="bbox 139 1035 908 1105">
     <span class='ocr_line' id='line_1_9' title="bbox 139 1035 908 1105; baseline -0.004 -16"><span class='ocrx_word' id='word_1_68' title='bbox 139 1038 361 1105; x_wconf 86' lang='lat' dir='ltr'><strong>duroque</strong></span> <span class='ocrx_word' id='word_1_69' title='bbox 391 1049 445 1091; x_wconf 89' lang='lat' dir='ltr'><strong>et</strong></span> <span class='ocrx_word' id='word_1_70' title='bbox 474 1049 640 1090; x_wconf 81' lang='lat' dir='ltr'><strong>saxeo</strong></span> <span class='ocrx_word' id='word_1_71' title='bbox 666 1035 863 1090; x_wconf 90' lang='lat' dir='ltr'><strong>animo.</strong></span> <span class='ocrx_word' id='word_1_72' title='bbox 891 1054 908 1086; x_wconf 82' lang='grc'><strong>1</strong></span> 
     </span>
    </p>
   </div>
   <div class='ocr_carea' id='block_1_10' title="bbox 196 1122 1678 1196">
    <p class='ocr_par' dir='ltr' id='par_1_10' title="bbox 196 1122 1678 1196">
     <span class='ocr_line' id='line_1_10' title="bbox 196 1122 1678 1196; baseline -0.004 -13"><span class='ocrx_word' id='word_1_73' title='bbox 196 1128 321 1183; x_wconf 87' lang='lat' dir='ltr'><strong>Cum</strong></span> <span class='ocrx_word' id='word_1_74' title='bbox 354 1140 532 1183; x_wconf 89' lang='lat' dir='ltr'><strong>autem</strong></span> <span class='ocrx_word' id='word_1_75' title='bbox 567 1127 866 1196; x_wconf 81' lang='lat' dir='ltr'><strong>imperator</strong></span> <span class='ocrx_word' id='word_1_76' title='bbox 908 1126 985 1177; x_wconf 89' lang='lat' dir='ltr'><strong>ira</strong></span> <span class='ocrx_word' id='word_1_77' title='bbox 1031 1122 1389 1179; x_wconf 72' lang='lat' dir='ltr'><strong>eﬁ‘ervesccns</strong></span> <span class='ocrx_word' id='word_1_78' title='bbox 1417 1122 1678 1177; x_wconf 78' lang='lat' dir='ltr'><strong>delibera-</strong></span> 
     </span>
    </p>
   </div>
   <div class='ocr_carea' id='block_1_11' title="bbox 139 1216 1676 1290">
    <p class='ocr_par' dir='ltr' id='par_1_11' title="bbox 139 1216 1676 1290">
     <span class='ocr_line' id='line_1_11' title="bbox 139 1216 1676 1290; baseline -0.005 -16"><span class='ocrx_word' id='word_1_79' title='bbox 139 1231 247 1287; x_wconf 91' lang='lat' dir='ltr'><strong>ret,</strong></span> <span class='ocrx_word' id='word_1_80' title='bbox 287 1236 393 1290; x_wconf 92' lang='lat' dir='ltr'><strong>quo</strong></span> <span class='ocrx_word' id='word_1_81' title='bbox 440 1234 562 1273; x_wconf 91' lang='lat' dir='ltr'><strong>eum</strong></span> <span class='ocrx_word' id='word_1_82' title='bbox 611 1217 800 1273; x_wconf 90' lang='lat' dir='ltr'><strong>mortis</strong></span> <span class='ocrx_word' id='word_1_83' title='bbox 843 1230 1038 1283; x_wconf 78' lang='lat' dir='ltr'><strong>genere</strong></span> <span class='ocrx_word' id='word_1_84' title='bbox 1079 1216 1461 1271; x_wconf 79' lang='lat' dir='ltr'><strong>interfecturus</strong></span> <span class='ocrx_word' id='word_1_85' title='bbox 1490 1222 1676 1279; x_wconf 83' lang='lat' dir='ltr'><strong>esset;</strong></span> 
     </span>
    </p>
   </div>
   <div class='ocr_carea' id='block_1_12' title="bbox 140 1304 1677 1382">
    <p class='ocr_par' dir='ltr' id='par_1_12' title="bbox 140 1304 1677 1382">
     <span class='ocr_line' id='line_1_12' title="bbox 140 1304 1677 1382; baseline -0.006 -16"><span class='ocrx_word' id='word_1_86' title='bbox 140 1314 340 1382; x_wconf 81' lang='lat' dir='ltr'><strong>contigit</strong></span> <span class='ocrx_word' id='word_1_87' title='bbox 398 1321 457 1364; x_wconf 87' lang='lat' dir='ltr'><strong>ut</strong></span> <span class='ocrx_word' id='word_1_88' title='bbox 482 1311 598 1380; x_wconf 84' lang='lat' dir='ltr'><strong>ejus</strong></span> <span class='ocrx_word' id='word_1_89' title='bbox 629 1310 771 1363; x_wconf 89' lang='lat' dir='ltr'><strong>ﬁlius</strong></span> <span class='ocrx_word' id='word_1_90' title='bbox 819 1307 869 1360; x_wconf 93' lang='lat' dir='ltr'><strong>in</strong></span> <span class='ocrx_word' id='word_1_91' title='bbox 912 1311 1153 1363; x_wconf 87' lang='lat' dir='ltr'><strong>morbum</strong></span> <span class='ocrx_word' id='word_1_92' title='bbox 1187 1306 1444 1362; x_wconf 84' lang='lat' dir='ltr'><strong>divinitus</strong></span> <span class='ocrx_word' id='word_1_93' title='bbox 1476 1304 1677 1360; x_wconf 91' lang='lat' dir='ltr'><strong>illatum</strong></span> 
     </span>
    </p>
   </div>
   <div class='ocr_carea' id='block_1_13' title="bbox 140 1394 1669 1469">
    <p class='ocr_par' dir='ltr' id='par_1_13' title="bbox 140 1394 1669 1469">
     <span class='ocr_line' id='line_1_13' title="bbox 140 1394 1669 1469; baseline -0.004 -14"><span class='ocrx_word' id='word_1_94' title='bbox 140 1404 422 1466; x_wconf 90' lang='lat' dir='ltr'><strong>incideret,</strong></span> <span class='ocrx_word' id='word_1_95' title='bbox 462 1402 536 1455; x_wconf 87' lang='lat' dir='ltr'><strong>ita</strong></span> <span class='ocrx_word' id='word_1_96' title='bbox 567 1410 625 1454; x_wconf 92' lang='lat' dir='ltr'><strong>ut</strong></span> <span class='ocrx_word' id='word_1_97' title='bbox 684 1399 877 1453; x_wconf 90' lang='lat' dir='ltr'><strong>medici</strong></span> <span class='ocrx_word' id='word_1_98' title='bbox 927 1415 1076 1469; x_wconf 88' lang='lat' dir='ltr'><strong>spem</strong></span> <span class='ocrx_word' id='word_1_99' title='bbox 1120 1399 1309 1451; x_wconf 89' lang='lat' dir='ltr'><strong>salutis</strong></span> <span class='ocrx_word' id='word_1_100' title='bbox 1350 1394 1669 1462; x_wconf 89' lang='lat' dir='ltr'><strong>abjicerent.</strong></span> 
     </span>
    </p>
   </div>
   <div class='ocr_carea' id='block_1_14' title="bbox 142 1487 1674 1559">
    <p class='ocr_par' dir='ltr' id='par_1_14' title="bbox 142 1487 1674 1559">
     <span class='ocr_line' id='line_1_14' title="bbox 142 1487 1674 1559; baseline -0.005 -13"><span class='ocrx_word' id='word_1_101' title='bbox 142 1496 289 1547; x_wconf 83' lang='lat' dir='ltr'><strong>Porro</strong></span> <span class='ocrx_word' id='word_1_102' title='bbox 326 1502 499 1547; x_wconf 87' lang='lat' dir='ltr'><strong>mater</strong></span> <span class='ocrx_word' id='word_1_103' title='bbox 529 1492 842 1559; x_wconf 85' lang='lat' dir='ltr'><strong>imperatori</strong></span> <span class='ocrx_word' id='word_1_104' title='bbox 892 1489 1117 1559; x_wconf 78' lang='lat' dir='ltr'><strong>supplex</strong></span> <span class='ocrx_word' id='word_1_105' title='bbox 1144 1490 1398 1543; x_wconf 90' lang='lat' dir='ltr'><strong>accidens</strong></span> <span class='ocrx_word' id='word_1_106' title='bbox 1430 1527 1444 1551; x_wconf 95' lang='lat'><strong>,</strong></span> <span class='ocrx_word' id='word_1_107' title='bbox 1486 1487 1620 1540; x_wconf 81' lang='lat' dir='ltr'><strong>dixit</strong></span> <span class='ocrx_word' id='word_1_108' title='bbox 1662 1506 1674 1539; x_wconf 91' lang='lat'>:</span> 
     </span>
    </p>
   </div>
   <div class='ocr_carea' id='block_1_15' title="bbox 146 1577 1679 1653">
    <p class='ocr_par' dir='ltr' id='par_1_15' title="bbox 146 1577 1679 1653">
     <span class='ocr_line' id='line_1_15' title="bbox 146 1577 1679 1653; baseline -0.002 -20"><span class='ocrx_word' id='word_1_109' title='bbox 146 1602 161 1633; x_wconf 78' lang='grc' dir='ltr'>ι</span> <span class='ocrx_word' id='word_1_110' title='bbox 200 1584 358 1650; x_wconf 87' lang='lat' dir='ltr'><strong>Quam</strong></span> <span class='ocrx_word' id='word_1_111' title='bbox 416 1581 556 1637; x_wconf 89' lang='lat' dir='ltr'><strong>male</strong></span> <span class='ocrx_word' id='word_1_112' title='bbox 593 1596 720 1653; x_wconf 87' lang='lat' dir='ltr'><strong>erga</strong></span> <span class='ocrx_word' id='word_1_113' title='bbox 759 1584 926 1637; x_wconf 89' lang='lat' dir='ltr'><strong>Deum</strong></span> <span class='ocrx_word' id='word_1_114' title='bbox 957 1581 1178 1648; x_wconf 83' lang='lat' dir='ltr'><strong>ejusque</strong></span> <span class='ocrx_word' id='word_1_115' title='bbox 1206 1579 1540 1635; x_wconf 83' lang='lat' dir='ltr'><strong>sacerdotem</strong></span> <span class='ocrx_word' id='word_1_116' title='bbox 1576 1577 1679 1631; x_wconf 89' lang='lat' dir='ltr'><strong>Ba-</strong></span> 
     </span>
    </p>
   </div>
   <div class='ocr_carea' id='block_1_16' title="bbox 143 1670 1681 1741">
    <p class='ocr_par' dir='ltr' id='par_1_16' title="bbox 143 1670 1681 1741">
     <span class='ocr_line' id='line_1_16' title="bbox 143 1670 1681 1741; baseline -0.005 -11"><span class='ocrx_word' id='word_1_117' title='bbox 143 1678 297 1731; x_wconf 90' lang='lat' dir='ltr'><strong>silium</strong></span> <span class='ocrx_word' id='word_1_118' title='bbox 328 1676 497 1731; x_wconf 85' lang='lat' dir='ltr'><strong>habes</strong></span> <span class='ocrx_word' id='word_1_119' title='bbox 527 1676 539 1727; x_wconf 83' lang='lat' dir='ltr'><strong>i</strong></span> <span class='ocrx_word' id='word_1_120' title='bbox 572 1676 647 1729; x_wconf 85' lang='lat' dir='ltr'><strong>En</strong></span> <span class='ocrx_word' id='word_1_121' title='bbox 690 1674 917 1727; x_wconf 91' lang='lat' dir='ltr'><strong>moritur</strong></span> <span class='ocrx_word' id='word_1_122' title='bbox 940 1682 994 1727; x_wconf 92' lang='lat' dir='ltr'><strong>et</strong></span> <span class='ocrx_word' id='word_1_123' title='bbox 1024 1672 1138 1741; x_wconf 90' lang='lat' dir='ltr'><strong>ipse</strong></span> <span class='ocrx_word' id='word_1_124' title='bbox 1171 1687 1317 1740; x_wconf 87' lang='lat' dir='ltr'><strong>puer.</strong></span> <span class='ocrx_word' id='word_1_125' title='bbox 1357 1691 1375 1721; x_wconf 76' lang='grc'><strong>1</strong></span> <span class='ocrx_word' id='word_1_126' title='bbox 1408 1670 1501 1723; x_wconf 86' lang='lat' dir='ltr'><strong>llis</strong></span> <span class='ocrx_word' id='word_1_127' title='bbox 1530 1672 1681 1723; x_wconf 82' lang='lat' dir='ltr'><strong>audi-</strong></span> 
     </span>
    </p>
   </div>
   <div class='ocr_carea' id='block_1_17' title="bbox 146 1760 1679 1838">
    <p class='ocr_par' dir='ltr' id='par_1_17' title="bbox 146 1760 1679 1838">
     <span class='ocr_line' id='line_1_17' title="bbox 146 1760 1679 1838; baseline -0.003 -20"><span class='ocrx_word' id='word_1_128' title='bbox 146 1768 221 1831; x_wconf 85' lang='lat' dir='ltr'><strong>tis,</strong></span> <span class='ocrx_word' id='word_1_129' title='bbox 255 1769 550 1838; x_wconf 85' lang='lat' dir='ltr'><strong>imperator.</strong></span> <span class='ocrx_word' id='word_1_130' title='bbox 567 1766 819 1819; x_wconf 80' lang='lat' dir='ltr'><strong>Basiliam</strong></span> <span class='ocrx_word' id='word_1_131' title='bbox 844 1764 1153 1825; x_wconf 85' lang='lat' dir='ltr'><strong>accersivit,</strong></span> <span class='ocrx_word' id='word_1_132' title='bbox 1186 1762 1365 1830; x_wconf 87' lang='lat' dir='ltr'><strong>aitque</strong></span> <span class='ocrx_word' id='word_1_133' title='bbox 1395 1762 1460 1814; x_wconf 89' lang='lat' dir='ltr'><strong>ad</strong></span> <span class='ocrx_word' id='word_1_134' title='bbox 1484 1760 1631 1814; x_wconf 91' lang='lat' dir='ltr'><strong>illum</strong></span> <span class='ocrx_word' id='word_1_135' title='bbox 1666 1777 1679 1813; x_wconf 91' lang='lat'>:</span> 
     </span>
    </p>
   </div>
   <div class='ocr_carea' id='block_1_18' title="bbox 152 1854 1681 1925">
    <p class='ocr_par' dir='ltr' id='par_1_18' title="bbox 152 1854 1681 1925">
     <span class='ocr_line' id='line_1_18' title="bbox 152 1854 1681 1925; baseline -0.003 -15"><span class='ocrx_word' id='word_1_136' title='bbox 152 1878 166 1910; x_wconf 79' lang='grc' dir='ltr'><strong><em>ι</em></strong></span> <span class='ocrx_word' id='word_1_137' title='bbox 193 1860 242 1913; x_wconf 90' lang='lat' dir='ltr'><strong>Si</strong></span> <span class='ocrx_word' id='word_1_138' title='bbox 275 1876 396 1914; x_wconf 81' lang='lat' dir='ltr'><strong>vera</strong></span> <span class='ocrx_word' id='word_1_139' title='bbox 428 1866 557 1912; x_wconf 89' lang='lat' dir='ltr'><strong>sunt</strong></span> <span class='ocrx_word' id='word_1_140' title='bbox 586 1870 705 1924; x_wconf 76' lang='lat' dir='ltr'><strong>quze</strong></span> <span class='ocrx_word' id='word_1_141' title='bbox 727 1856 908 1923; x_wconf 91' lang='lat' dir='ltr'><strong>doces,</strong></span> <span class='ocrx_word' id='word_1_142' title='bbox 960 1856 1134 1925; x_wconf 89' lang='lat' dir='ltr'><strong>iisque</strong></span> <span class='ocrx_word' id='word_1_143' title='bbox 1160 1854 1297 1909; x_wconf 87' lang='lat' dir='ltr'><strong>Deus</strong></span> <span class='ocrx_word' id='word_1_144' title='bbox 1331 1854 1630 1909; x_wconf 85' lang='lat' dir='ltr'><strong>delectatur</strong></span> <span class='ocrx_word' id='word_1_145' title='bbox 1667 1892 1681 1915; x_wconf 92' lang='lat'><strong>,</strong></span> 
     </span>
    </p>
   </div>
   <div class='ocr_carea' id='block_1_19' title="bbox 145 1947 1681 2019">
    <p class='ocr_par' dir='ltr' id='par_1_19' title="bbox 145 1947 1681 2019">
     <span class='ocr_line' id='line_1_19' title="bbox 145 1947 1681 2019; baseline -0.003 -14"><span class='ocrx_word' id='word_1_146' title='bbox 145 1951 369 2019; x_wconf 87' lang='lat' dir='ltr'><strong>precibus</strong></span> <span class='ocrx_word' id='word_1_147' title='bbox 420 1950 531 2004; x_wconf 88' lang='lat' dir='ltr'><strong>tuis</strong></span> <span class='ocrx_word' id='word_1_148' title='bbox 575 1950 668 2004; x_wconf 89' lang='lat' dir='ltr'><strong>ﬁlii</strong></span> <span class='ocrx_word' id='word_1_149' title='bbox 702 1951 803 2005; x_wconf 91' lang='lat' dir='ltr'><strong>mei</strong></span> <span class='ocrx_word' id='word_1_150' title='bbox 848 1952 1093 2004; x_wconf 88' lang='lat' dir='ltr'><strong>morbum</strong></span> <span class='ocrx_word' id='word_1_151' title='bbox 1139 1948 1428 2017; x_wconf 91' lang='lat' dir='ltr'><strong>depuleris.</strong></span> <span class='ocrx_word' id='word_1_152' title='bbox 1472 1968 1490 1999; x_wconf 79' lang='grc'><strong>1</strong></span> <span class='ocrx_word' id='word_1_153' title='bbox 1525 1947 1681 2001; x_wconf 80' lang='lat' dir='ltr'><strong>Tunc</strong></span> 
     </span>
    </p>
   </div>
   <div class='ocr_carea' id='block_1_20' title="bbox 148 2042 1681 2108">
    <p class='ocr_par' dir='ltr' id='par_1_20' title="bbox 148 2042 1681 2108">
     <span class='ocr_line' id='line_1_20' title="bbox 148 2042 1681 2108; baseline -0.001 -15"><span class='ocrx_word' id='word_1_154' title='bbox 148 2045 248 2096; x_wconf 87' lang='lat' dir='ltr'><strong>ille:</strong></span> <span class='ocrx_word' id='word_1_155' title='bbox 272 2059 289 2093; x_wconf 79' lang='grc' dir='ltr'>ι</span> <span class='ocrx_word' id='word_1_156' title='bbox 323 2042 377 2095; x_wconf 90' lang='lat' dir='ltr'><strong>Si</strong></span> <span class='ocrx_word' id='word_1_157' title='bbox 409 2043 706 2098; x_wconf 76' lang='lat' dir='ltr'><strong>credideris</strong></span> <span class='ocrx_word' id='word_1_158' title='bbox 738 2052 898 2097; x_wconf 68' lang='lat' dir='ltr'><strong>rectae</strong></span> <span class='ocrx_word' id='word_1_159' title='bbox 949 2042 1114 2104; x_wconf 89' lang='lat' dir='ltr'><strong>ﬁdei,</strong></span> <span class='ocrx_word' id='word_1_160' title='bbox 1170 2042 1479 2108; x_wconf 88' lang='lat' dir='ltr'><strong>imperator,</strong></span> <span class='ocrx_word' id='word_1_161' title='bbox 1524 2049 1681 2107; x_wconf 91' lang='lat' dir='ltr'><strong>teque</strong></span> 
     </span>
    </p>
   </div>
   <div class='ocr_carea' id='block_1_21' title="bbox 146 2130 1683 2202">
    <p class='ocr_par' dir='ltr' id='par_1_21' title="bbox 146 2130 1683 2202">
     <span class='ocr_line' id='line_1_21' title="bbox 146 2130 1683 2202; baseline -0.002 -16"><span class='ocrx_word' id='word_1_162' title='bbox 146 2131 375 2189; x_wconf 67' lang='lat' dir='ltr'><strong>Ecclesiae</strong></span> <span class='ocrx_word' id='word_1_163' title='bbox 394 2136 491 2188; x_wconf 90' lang='lat' dir='ltr'><strong>Dei</strong></span> <span class='ocrx_word' id='word_1_164' title='bbox 509 2134 837 2202; x_wconf 79' lang='lat' dir='ltr'><strong>adjunxeris,</strong></span> <span class='ocrx_word' id='word_1_165' title='bbox 872 2132 1015 2186; x_wconf 87' lang='lat' dir='ltr'><strong>vivet</strong></span> <span class='ocrx_word' id='word_1_166' title='bbox 1036 2130 1175 2186; x_wconf 85' lang='lat' dir='ltr'><strong>ﬁlius</strong></span> <span class='ocrx_word' id='word_1_167' title='bbox 1210 2140 1352 2184; x_wconf 91' lang='lat' dir='ltr'><strong>tuus.</strong></span> <span class='ocrx_word' id='word_1_168' title='bbox 1384 2149 1400 2180; x_wconf 81' lang='grc'><strong>1</strong></span> <span class='ocrx_word' id='word_1_169' title='bbox 1435 2131 1529 2183; x_wconf 89' lang='lat' dir='ltr'><strong>Illo</strong></span> <span class='ocrx_word' id='word_1_170' title='bbox 1557 2146 1683 2198; x_wconf 88' lang='lat' dir='ltr'><strong>pro-</strong></span> 
     </span>
    </p>
   </div>
   <div class='ocr_carea' id='block_1_22' title="bbox 148 2221 1683 2295">
    <p class='ocr_par' dir='ltr' id='par_1_22' title="bbox 148 2221 1683 2295">
     <span class='ocr_line' id='line_1_22' title="bbox 148 2221 1683 2295; baseline 0 -18"><span class='ocrx_word' id='word_1_171' title='bbox 148 2226 383 2291; x_wconf 86' lang='lat' dir='ltr'><strong>mittente,</strong></span> <span class='ocrx_word' id='word_1_172' title='bbox 414 2227 589 2295; x_wconf 92' lang='lat' dir='ltr'><strong>primo</strong></span> <span class='ocrx_word' id='word_1_173' title='bbox 634 2240 733 2279; x_wconf 87' lang='lat' dir='ltr'><strong>suo</strong></span> <span class='ocrx_word' id='word_1_174' title='bbox 764 2222 1252 2291; x_wconf 82' lang='lat' dir='ltr'><strong>adventu,Magnus</strong></span> <span class='ocrx_word' id='word_1_175' title='bbox 1272 2221 1520 2287; x_wconf 87' lang='lat' dir='ltr'><strong>Basilius,</strong></span> <span class='ocrx_word' id='word_1_176' title='bbox 1542 2222 1683 2277; x_wconf 87' lang='lat' dir='ltr'><strong>nulla</strong></span> 
     </span>
    </p>
   </div>
   <div class='ocr_carea' id='block_1_23' title="bbox 148 2314 1685 2384">
    <p class='ocr_par' dir='ltr' id='par_1_23' title="bbox 148 2314 1685 2384">
     <span class='ocr_line' id='line_1_23' title="bbox 148 2314 1685 2384; baseline 0 -15"><span class='ocrx_word' id='word_1_177' title='bbox 148 2331 296 2381; x_wconf 90' lang='lat' dir='ltr'><strong>mora,</strong></span> <span class='ocrx_word' id='word_1_178' title='bbox 332 2320 579 2373; x_wconf 90' lang='lat' dir='ltr'><strong>morbum</strong></span> <span class='ocrx_word' id='word_1_179' title='bbox 623 2318 879 2372; x_wconf 79' lang='lat' dir='ltr'><strong>ieviorem</strong></span> <span class='ocrx_word' id='word_1_180' title='bbox 920 2316 1067 2372; x_wconf 81' lang='lat' dir='ltr'><strong>fecit.</strong></span> <span class='ocrx_word' id='word_1_181' title='bbox 1102 2314 1200 2383; x_wconf 87' lang='lat' dir='ltr'><strong>Qui</strong></span> <span class='ocrx_word' id='word_1_182' title='bbox 1229 2324 1409 2370; x_wconf 88' lang='lat' dir='ltr'><strong>autem</strong></span> <span class='ocrx_word' id='word_1_183' title='bbox 1452 2316 1685 2384; x_wconf 91' lang='lat' dir='ltr'><strong>impera-</strong></span> 
     </span>
    </p>
   </div>
   <div class='ocr_carea' id='block_1_24' title="bbox 152 2408 1680 2478">
    <p class='ocr_par' dir='ltr' id='par_1_24' title="bbox 152 2408 1680 2478">
     <span class='ocr_line' id='line_1_24' title="bbox 152 2408 1680 2478; baseline -0.002 -14"><span class='ocrx_word' id='word_1_184' title='bbox 152 2411 235 2464; x_wconf 92' lang='lat' dir='ltr'><strong>tori</strong></span> <span class='ocrx_word' id='word_1_185' title='bbox 258 2411 471 2464; x_wconf 76' lang='lat' dir='ltr'><strong>asseclae</strong></span> <span class='ocrx_word' id='word_1_186' title='bbox 498 2420 653 2464; x_wconf 88' lang='lat' dir='ltr'><strong>erant</strong></span> <span class='ocrx_word' id='word_1_187' title='bbox 678 2409 914 2464; x_wconf 63' lang='lat' dir='ltr'><strong>hazretici</strong></span> <span class='ocrx_word' id='word_1_188' title='bbox 966 2408 1224 2478; x_wconf 90' lang='lat' dir='ltr'><strong>episcopi,</strong></span> <span class='ocrx_word' id='word_1_189' title='bbox 1274 2408 1510 2463; x_wconf 79' lang='lat' dir='ltr'><strong>victoriae</strong></span> <span class='ocrx_word' id='word_1_190' title='bbox 1554 2423 1680 2477; x_wconf 87' lang='lat' dir='ltr'><strong>pro-</strong></span> 
     </span>
    </p>
   </div>
   <div class='ocr_carea' id='block_1_25' title="bbox 149 2500 1683 2564">
    <p class='ocr_par' dir='ltr' id='par_1_25' title="bbox 149 2500 1683 2564">
     <span class='ocr_line' id='line_1_25' title="bbox 149 2500 1683 2564; baseline 0 -10"><span class='ocrx_word' id='word_1_191' title='bbox 149 2500 281 2554; x_wconf 76' lang='lat' dir='ltr'><strong>brum</strong></span> <span class='ocrx_word' id='word_1_192' title='bbox 311 2516 412 2554; x_wconf 89' lang='lat' dir='ltr'><strong>non</strong></span> <span class='ocrx_word' id='word_1_193' title='bbox 450 2502 713 2564; x_wconf 77' lang='lat' dir='ltr'><strong>ferentes,</strong></span> <span class='ocrx_word' id='word_1_194' title='bbox 748 2507 996 2553; x_wconf 88' lang='lat' dir='ltr'><strong>auctores</strong></span> <span class='ocrx_word' id='word_1_195' title='bbox 1018 2500 1239 2552; x_wconf 84' lang='lat' dir='ltr'><strong>fuerunt</strong></span> <span class='ocrx_word' id='word_1_196' title='bbox 1270 2514 1337 2553; x_wconf 91' lang='lat' dir='ltr'><strong>ne</strong></span> <span class='ocrx_word' id='word_1_197' title='bbox 1369 2515 1397 2551; x_wconf 90' lang='lat' dir='ltr'><strong>a</strong></span> <span class='ocrx_word' id='word_1_198' title='bbox 1420 2502 1683 2554; x_wconf 88' lang='lat' dir='ltr'><strong>sententia</strong></span> 
     </span>
    </p>
   </div>
   <div class='ocr_carea' id='block_1_26' title="bbox 153 2586 1686 2657">
    <p class='ocr_par' dir='ltr' id='par_1_26' title="bbox 153 2586 1686 2657">
     <span class='ocr_line' id='line_1_26' title="bbox 153 2586 1686 2657; baseline -0.003 -14"><span class='ocrx_word' id='word_1_199' title='bbox 153 2590 441 2654; x_wconf 86' lang='lat' dir='ltr'><strong>discederet,</strong></span> <span class='ocrx_word' id='word_1_200' title='bbox 474 2589 569 2644; x_wconf 88' lang='lat' dir='ltr'><strong>sed</strong></span> <span class='ocrx_word' id='word_1_201' title='bbox 598 2602 657 2645; x_wconf 89' lang='lat' dir='ltr'><strong>se</strong></span> <span class='ocrx_word' id='word_1_202' title='bbox 700 2586 947 2657; x_wconf 83' lang='lat' dir='ltr'><strong>religioni</strong></span> <span class='ocrx_word' id='word_1_203' title='bbox 978 2601 1165 2641; x_wconf 91' lang='lat' dir='ltr'><strong>eorum</strong></span> <span class='ocrx_word' id='word_1_204' title='bbox 1192 2586 1526 2656; x_wconf 73' lang='lat' dir='ltr'><strong>adiungeret,</strong></span> <span class='ocrx_word' id='word_1_205' title='bbox 1570 2602 1686 2655; x_wconf 91' lang='lat' dir='ltr'><strong>per-</strong></span> 
     </span>
    </p>
   </div>
   <div class='ocr_carea' id='block_1_27' title="bbox 152 2680 1685 2755">
    <p class='ocr_par' dir='ltr' id='par_1_27' title="bbox 152 2680 1685 2755">
     <span class='ocr_line' id='line_1_27' title="bbox 152 2680 1685 2755; baseline -0.005 -16"><span class='ocrx_word' id='word_1_206' title='bbox 152 2699 238 2755; x_wconf 87' lang='lat' dir='ltr'><strong>que</strong></span> <span class='ocrx_word' id='word_1_207' title='bbox 269 2685 407 2752; x_wconf 91' lang='lat' dir='ltr'><strong>ipsos</strong></span> <span class='ocrx_word' id='word_1_208' title='bbox 436 2698 607 2752; x_wconf 89' lang='lat' dir='ltr'><strong>puero</strong></span> <span class='ocrx_word' id='word_1_209' title='bbox 638 2685 922 2737; x_wconf 87' lang='lat' dir='ltr'><strong>sanitatem</strong></span> <span class='ocrx_word' id='word_1_210' title='bbox 961 2690 1197 2751; x_wconf 88' lang='lat' dir='ltr'><strong>pararet.</strong></span> <span class='ocrx_word' id='word_1_211' title='bbox 1221 2680 1336 2748; x_wconf 88' lang='lat' dir='ltr'><strong>Quo</strong></span> <span class='ocrx_word' id='word_1_212' title='bbox 1369 2681 1531 2743; x_wconf 84' lang='lat' dir='ltr'><strong>iacto,</strong></span> <span class='ocrx_word' id='word_1_213' title='bbox 1561 2694 1685 2733; x_wconf 84' lang='lat' dir='ltr'><strong>mox</strong></span> 
     </span>
    </p>
   </div>
   <div class='ocr_carea' id='block_1_28' title="bbox 152 2767 1684 2843">
    <p class='ocr_par' dir='ltr' id='par_1_28' title="bbox 152 2767 1684 2843">
     <span class='ocr_line' id='line_1_28' title="bbox 152 2767 1684 2843; baseline -0.005 -15"><span class='ocrx_word' id='word_1_214' title='bbox 152 2789 265 2843; x_wconf 88' lang='lat' dir='ltr'><strong>puer</strong></span> <span class='ocrx_word' id='word_1_215' title='bbox 305 2774 356 2829; x_wconf 89' lang='lat' dir='ltr'><strong>in</strong></span> <span class='ocrx_word' id='word_1_216' title='bbox 421 2772 676 2827; x_wconf 88' lang='lat' dir='ltr'><strong>manibus</strong></span> <span class='ocrx_word' id='word_1_217' title='bbox 754 2771 964 2825; x_wconf 82' lang='lat' dir='ltr'><strong>illorum</strong></span> <span class='ocrx_word' id='word_1_218' title='bbox 1018 2770 1253 2823; x_wconf 90' lang='lat' dir='ltr'><strong>animam</strong></span> <span class='ocrx_word' id='word_1_219' title='bbox 1308 2767 1526 2822; x_wconf 87' lang='lat' dir='ltr'><strong>eﬁlavit.</strong></span> <span class='ocrx_word' id='word_1_220' title='bbox 1581 2767 1684 2822; x_wconf 86' lang='lat' dir='ltr'><strong>Ubi</strong></span> 
     </span>
    </p>
   </div>
   <div class='ocr_carea' id='block_1_29' title="bbox 153 2859 1681 2937">
    <p class='ocr_par' dir='ltr' id='par_1_29' title="bbox 153 2859 1681 2937">
     <span class='ocr_line' id='line_1_29' title="bbox 153 2859 1681 2937; baseline -0.007 -14"><span class='ocrx_word' id='word_1_221' title='bbox 153 2868 290 2935; x_wconf 80' lang='lat' dir='ltr'><strong>po&#39;rro</strong></span> <span class='ocrx_word' id='word_1_222' title='bbox 315 2876 549 2937; x_wconf 66' lang='lat' dir='ltr'><strong>quaestor</strong></span> <span class='ocrx_word' id='word_1_223' title='bbox 576 2868 689 2921; x_wconf 68' lang='lat' dir='ltr'><strong>haec</strong></span> <span class='ocrx_word' id='word_1_224' title='bbox 714 2866 961 2929; x_wconf 88' lang='lat' dir='ltr'><strong>vidisset,</strong></span> <span class='ocrx_word' id='word_1_225' title='bbox 994 2873 1115 2932; x_wconf 91' lang='lat' dir='ltr'><strong>post</strong></span> <span class='ocrx_word' id='word_1_226' title='bbox 1153 2872 1376 2916; x_wconf 89' lang='lat' dir='ltr'><strong>mortem</strong></span> <span class='ocrx_word' id='word_1_227' title='bbox 1424 2859 1681 2927; x_wconf 82' lang='lat' dir='ltr'><strong>Valentis,</strong></span> 
     </span>
    </p>
   </div>
   <div class='ocr_carea' id='block_1_30' title="bbox 157 2953 1683 3029">
    <p class='ocr_par' dir='ltr' id='par_1_30' title="bbox 157 2953 1683 3029">
     <span class='ocr_line' id='line_1_30' title="bbox 157 2953 1683 3029; baseline -0.005 -16"><span class='ocrx_word' id='word_1_228' title='bbox 157 2960 348 3013; x_wconf 85' lang='lat' dir='ltr'><strong>resviri</strong></span> <span class='ocrx_word' id='word_1_229' title='bbox 404 2958 670 3029; x_wconf 66' lang='lat' dir='ltr'><strong>praeclare</strong></span> <span class='ocrx_word' id='word_1_230' title='bbox 723 2967 906 3025; x_wconf 78' lang='lat' dir='ltr'><strong>gestas</strong></span> <span class='ocrx_word' id='word_1_231' title='bbox 940 2955 1318 3009; x_wconf 78' lang='lat' dir='ltr'><strong>Valentiniano</strong></span> <span class='ocrx_word' id='word_1_232' title='bbox 1371 2953 1683 3021; x_wconf 87' lang='lat' dir='ltr'><strong>imperatori</strong></span> 
     </span>
    </p>
   </div>
   <div class='ocr_carea' id='block_1_31' title="bbox 156 3045 1686 3118">
    <p class='ocr_par' dir='ltr' id='par_1_31' title="bbox 156 3045 1686 3118">
     <span class='ocr_line' id='line_1_31' title="bbox 156 3045 1686 3118; baseline -0.003 -15"><span class='ocrx_word' id='word_1_233' title='bbox 156 3048 248 3118; x_wconf 60' lang='lat' dir='ltr'><strong>(i8)</strong></span> <span class='ocrx_word' id='word_1_234' title='bbox 267 3050 546 3103; x_wconf 86' lang='lat' dir='ltr'><strong>nuntiavit.</strong></span> <span class='ocrx_word' id='word_1_235' title='bbox 580 3048 671 3103; x_wconf 84' lang='lat' dir='ltr'><strong>ille</strong></span> <span class='ocrx_word' id='word_1_236' title='bbox 702 3048 923 3102; x_wconf 89' lang='lat' dir='ltr'><strong>audiens</strong></span> <span class='ocrx_word' id='word_1_237' title='bbox 977 3055 1322 3115; x_wconf 88' lang='lat' dir='ltr'><strong>stupensque,</strong></span> <span class='ocrx_word' id='word_1_238' title='bbox 1361 3045 1686 3111; x_wconf 83' lang='lat' dir='ltr'><strong>gloriﬁcavit</strong></span> 
     </span>
    </p>
   </div>
   <div class='ocr_carea' id='block_1_32' title="bbox 157 3136 1683 3210">
    <p class='ocr_par' dir='ltr' id='par_1_32' title="bbox 157 3136 1683 3210">
     <span class='ocr_line' id='line_1_32' title="bbox 157 3136 1683 3210; baseline -0.005 -14"><span class='ocrx_word' id='word_1_239' title='bbox 157 3141 297 3198; x_wconf 86' lang='lat' dir='ltr'><strong>Deum</strong></span> <span class='ocrx_word' id='word_1_240' title='bbox 330 3161 342 3197; x_wconf 93' lang='lat'>:</span> <span class='ocrx_word' id='word_1_241' title='bbox 374 3142 561 3198; x_wconf 91' lang='lat' dir='ltr'><strong>multis</strong></span> <span class='ocrx_word' id='word_1_242' title='bbox 586 3155 745 3210; x_wconf 87' lang='lat' dir='ltr'><strong>porro</strong></span> <span class='ocrx_word' id='word_1_243' title='bbox 773 3139 1017 3210; x_wconf 84' lang='lat' dir='ltr'><strong>pecuniis</strong></span> <span class='ocrx_word' id='word_1_244' title='bbox 1044 3139 1215 3192; x_wconf 91' lang='lat' dir='ltr'><strong>eidem</strong></span> <span class='ocrx_word' id='word_1_245' title='bbox 1239 3136 1494 3207; x_wconf 86' lang='lat' dir='ltr'><strong>quaestori</strong></span> <span class='ocrx_word' id='word_1_246' title='bbox 1523 3136 1683 3199; x_wconf 83' lang='lat' dir='ltr'><strong>datis,</strong></span> 
     </span>
    </p>
   </div>
   <div class='ocr_carea' id='block_1_33' title="bbox 157 3224 1683 3296">
    <p class='ocr_par' dir='ltr' id='par_1_33' title="bbox 157 3224 1683 3296">
     <span class='ocr_line' id='line_1_33' title="bbox 157 3224 1683 3296; baseline -0.003 -13"><span class='ocrx_word' id='word_1_247' title='bbox 157 3233 282 3286; x_wconf 88' lang='lat' dir='ltr'><strong>misit</strong></span> <span class='ocrx_word' id='word_1_248' title='bbox 312 3232 376 3286; x_wconf 85' lang='lat' dir='ltr'><strong>ad</strong></span> <span class='ocrx_word' id='word_1_249' title='bbox 404 3231 664 3285; x_wconf 89' lang='lat' dir='ltr'><strong>Basilium</strong></span> <span class='ocrx_word' id='word_1_250' title='bbox 702 3229 755 3283; x_wconf 89' lang='lat' dir='ltr'><strong>in</strong></span> <span class='ocrx_word' id='word_1_251' title='bbox 784 3244 936 3281; x_wconf 90' lang='lat' dir='ltr'><strong>usum</strong></span> <span class='ocrx_word' id='word_1_252' title='bbox 959 3241 1251 3296; x_wconf 86' lang='lat' dir='ltr'><strong>egenorum</strong></span> <span class='ocrx_word' id='word_1_253' title='bbox 1277 3224 1415 3295; x_wconf 74' lang='grc'><strong>(49).</strong></span> <span class='ocrx_word' id='word_1_254' title='bbox 1450 3224 1683 3278; x_wconf 89' lang='lat' dir='ltr'><strong>Basilius</strong></span> 
     </span>
    </p>
   </div>
   <div class='ocr_carea' id='block_1_34' title="bbox 159 3316 1687 3393">
    <p class='ocr_par' dir='ltr' id='par_1_34' title="bbox 159 3316 1687 3393">
     <span class='ocr_line' id='line_1_34' title="bbox 159 3316 1687 3393; baseline -0.004 -18"><span class='ocrx_word' id='word_1_255' title='bbox 159 3332 309 3377; x_wconf 82' lang='lat' dir='ltr'><strong>autem</strong></span> <span class='ocrx_word' id='word_1_256' title='bbox 378 3336 632 3393; x_wconf 89' lang='lat' dir='ltr'><strong>magnum</strong></span> <span class='ocrx_word' id='word_1_257' title='bbox 686 3318 1030 3387; x_wconf 87' lang='lat' dir='ltr'><strong>imperatoris</strong></span> <span class='ocrx_word' id='word_1_258' title='bbox 1090 3316 1327 3369; x_wconf 90' lang='lat' dir='ltr'><strong>animum</strong></span> <span class='ocrx_word' id='word_1_259' title='bbox 1389 3316 1687 3383; x_wconf 85' lang='lat' dir='ltr'><strong>suspiciens</strong></span> 
     </span>
    </p>
   </div>
   <div class='ocr_carea' id='block_1_35' title="bbox 158 3408 1687 3482">
    <p class='ocr_par' dir='ltr' id='par_1_35' title="bbox 158 3408 1687 3482">
     <span class='ocr_line' id='line_1_35' title="bbox 158 3408 1687 3482; baseline -0.003 -16"><span class='ocrx_word' id='word_1_260' title='bbox 158 3414 483 3482; x_wconf 86' lang='lat' dir='ltr'><strong>probansque,</strong></span> <span class='ocrx_word' id='word_1_261' title='bbox 513 3413 630 3482; x_wconf 89' lang='lat' dir='ltr'><strong>pias</strong></span> <span class='ocrx_word' id='word_1_262' title='bbox 651 3412 836 3466; x_wconf 87' lang='lat' dir='ltr'><strong>domos</strong></span> <span class='ocrx_word' id='word_1_263' title='bbox 857 3419 967 3465; x_wconf 91' lang='lat' dir='ltr'><strong>tum</strong></span> <span class='ocrx_word' id='word_1_264' title='bbox 994 3410 1045 3463; x_wconf 92' lang='lat' dir='ltr'><strong>in</strong></span> <span class='ocrx_word' id='word_1_265' title='bbox 1074 3409 1225 3475; x_wconf 92' lang='lat' dir='ltr'><strong>urbe,</strong></span> <span class='ocrx_word' id='word_1_266' title='bbox 1250 3417 1359 3462; x_wconf 91' lang='lat' dir='ltr'><strong>tum</strong></span> <span class='ocrx_word' id='word_1_267' title='bbox 1385 3408 1437 3461; x_wconf 94' lang='lat' dir='ltr'><strong>in</strong></span> <span class='ocrx_word' id='word_1_268' title='bbox 1461 3408 1687 3477; x_wconf 79' lang='lat' dir='ltr'><strong>singulis</strong></span> 
     </span>
    </p>
   </div>
   <div class='ocr_carea' id='block_1_36' title="bbox 159 3500 1682 3576">
    <p class='ocr_par' dir='ltr' id='par_1_36' title="bbox 159 3500 1682 3576">
     <span class='ocr_line' id='line_1_36' title="bbox 159 3500 1682 3576; baseline -0.001 -18"><span class='ocrx_word' id='word_1_269' title='bbox 159 3506 416 3572; x_wconf 75' lang='lat' dir='ltr'><strong>provinciae</strong></span> <span class='ocrx_word' id='word_1_270' title='bbox 434 3505 683 3576; x_wconf 89' lang='lat' dir='ltr'><strong>partibus</strong></span> <span class='ocrx_word' id='word_1_271' title='bbox 698 3503 987 3572; x_wconf 81' lang='lat' dir='ltr'><strong>exstruxit,</strong></span> <span class='ocrx_word' id='word_1_272' title='bbox 1018 3502 1377 3558; x_wconf 85' lang='lat' dir='ltr'><strong>refeciiiandis</strong></span> <span class='ocrx_word' id='word_1_273' title='bbox 1419 3500 1682 3568; x_wconf 78' lang='lat' dir='ltr'><strong>infirmis;</strong></span> 
     </span>
    </p>
   </div>
   <div class='ocr_carea' id='block_1_37' title="bbox 166 3594 1687 3663">
    <p class='ocr_par' dir='ltr' id='par_1_37' title="bbox 166 3594 1687 3663">
     <span class='ocr_line' id='line_1_37' title="bbox 166 3594 1687 3663; baseline 0 -16"><span class='ocrx_word' id='word_1_274' title='bbox 166 3595 313 3663; x_wconf 89' lang='lat' dir='ltr'><strong>iisque</strong></span> <span class='ocrx_word' id='word_1_275' title='bbox 334 3597 475 3651; x_wconf 90' lang='lat' dir='ltr'><strong>viros</strong></span> <span class='ocrx_word' id='word_1_276' title='bbox 500 3596 701 3650; x_wconf 90' lang='lat' dir='ltr'><strong>multos</strong></span> <span class='ocrx_word' id='word_1_277' title='bbox 725 3632 741 3661; x_wconf 90' lang='lat'><strong>,</strong></span> <span class='ocrx_word' id='word_1_278' title='bbox 768 3604 821 3650; x_wconf 92' lang='lat' dir='ltr'><strong>et</strong></span> <span class='ocrx_word' id='word_1_279' title='bbox 851 3596 1105 3650; x_wconf 89' lang='lat' dir='ltr'><strong>mulieres</strong></span> <span class='ocrx_word' id='word_1_280' title='bbox 1154 3608 1479 3663; x_wconf 90' lang='lat' dir='ltr'><strong>puerosque,</strong></span> <span class='ocrx_word' id='word_1_281' title='bbox 1520 3594 1687 3662; x_wconf 90' lang='lat' dir='ltr'><strong>pluri-</strong></span> 
     </span>
    </p>
   </div>
   <div class='ocr_carea' id='block_1_38' title="bbox 161 3685 1691 3755">
    <p class='ocr_par' dir='ltr' id='par_1_38' title="bbox 161 3685 1691 3755">
     <span class='ocr_line' id='line_1_38' title="bbox 161 3685 1691 3755; baseline 0.002 -18"><span class='ocrx_word' id='word_1_282' title='bbox 161 3700 277 3739; x_wconf 83' lang='lat' dir='ltr'><strong>mam</strong></span> <span class='ocrx_word' id='word_1_283' title='bbox 306 3687 382 3741; x_wconf 87' lang='lat' dir='ltr'><strong>eis</strong></span> <span class='ocrx_word' id='word_1_284' title='bbox 410 3702 599 3741; x_wconf 91' lang='lat' dir='ltr'><strong>curam</strong></span> <span class='ocrx_word' id='word_1_285' title='bbox 634 3686 982 3755; x_wconf 90' lang='lat' dir='ltr'><strong>levamenque</strong></span> <span class='ocrx_word' id='word_1_286' title='bbox 1016 3687 1303 3750; x_wconf 84' lang='lat' dir='ltr'><strong>adhibens,</strong></span> <span class='ocrx_word' id='word_1_287' title='bbox 1333 3686 1386 3739; x_wconf 91' lang='lat' dir='ltr'><strong>in</strong></span> <span class='ocrx_word' id='word_1_288' title='bbox 1412 3685 1565 3740; x_wconf 92' lang='lat' dir='ltr'><strong>lectis</strong></span> <span class='ocrx_word' id='word_1_289' title='bbox 1602 3700 1691 3753; x_wconf 90' lang='lat' dir='ltr'><strong>po-</strong></span> 
     </span>
    </p>
   </div>
   <div class='ocr_carea' id='block_1_39' title="bbox 160 3775 1688 3846">
    <p class='ocr_par' dir='ltr' id='par_1_39' title="bbox 160 3775 1688 3846">
     <span class='ocr_line' id='line_1_39' title="bbox 160 3775 1688 3846; baseline 0.002 -18"><span class='ocrx_word' id='word_1_290' title='bbox 160 3778 261 3830; x_wconf 87' lang='lat' dir='ltr'><strong>suit.</strong></span> <span class='ocrx_word' id='word_1_291' title='bbox 296 3775 389 3833; x_wconf 91' lang='lat' dir='ltr'><strong>Ubi</strong></span> <span class='ocrx_word' id='word_1_292' title='bbox 443 3792 574 3833; x_wconf 89' lang='lat' dir='ltr'><strong>vero</strong></span> <span class='ocrx_word' id='word_1_293' title='bbox 623 3779 915 3846; x_wconf 89' lang='lat' dir='ltr'><strong>imperator</strong></span> <span class='ocrx_word' id='word_1_294' title='bbox 955 3778 1194 3843; x_wconf 86' lang='lat' dir='ltr'><strong>audivit,</strong></span> <span class='ocrx_word' id='word_1_295' title='bbox 1250 3777 1446 3831; x_wconf 89' lang='lat' dir='ltr'><strong>multos</strong></span> <span class='ocrx_word' id='word_1_296' title='bbox 1485 3778 1688 3831; x_wconf 89' lang='lat' dir='ltr'><strong>reditus</strong></span> 
     </span>
    </p>
   </div>
   <div class='ocr_carea' id='block_1_40' title="bbox 161 3865 1689 3940">
    <p class='ocr_par' dir='ltr' id='par_1_40' title="bbox 161 3865 1689 3940">
     <span class='ocr_line' id='line_1_40' title="bbox 161 3865 1689 3940; baseline 0.001 -20"><span class='ocrx_word' id='word_1_297' title='bbox 161 3867 202 3921; x_wconf 92' lang='lat' dir='ltr'><strong>in</strong></span> <span class='ocrx_word' id='word_1_298' title='bbox 226 3883 394 3924; x_wconf 89' lang='lat' dir='ltr'><strong>eorum</strong></span> <span class='ocrx_word' id='word_1_299' title='bbox 424 3878 673 3940; x_wconf 89' lang='lat' dir='ltr'><strong>sumptus</strong></span> <span class='ocrx_word' id='word_1_300' title='bbox 702 3877 758 3924; x_wconf 92' lang='lat' dir='ltr'><strong>et</strong></span> <span class='ocrx_word' id='word_1_301' title='bbox 809 3870 1258 3924; x_wconf 87' lang='lat' dir='ltr'><strong>sustentationem</strong></span> <span class='ocrx_word' id='word_1_302' title='bbox 1288 3908 1303 3934; x_wconf 93' lang='lat'><strong>,</strong></span> <span class='ocrx_word' id='word_1_303' title='bbox 1335 3865 1535 3923; x_wconf 89' lang='lat' dir='ltr'><strong>Christi</strong></span> <span class='ocrx_word' id='word_1_304' title='bbox 1575 3868 1689 3922; x_wconf 81' lang='lat' dir='ltr'><strong>hie-</strong></span> 
     </span>
    </p>
   </div>
   <div class='ocr_carea' id='block_1_41' title="bbox 161 3962 1678 4031">
    <p class='ocr_par' dir='ltr' id='par_1_41' title="bbox 161 3962 1678 4031">
     <span class='ocr_line' id='line_1_41' title="bbox 161 3962 1678 4031; baseline 0.003 -20"><span class='ocrx_word' id='word_1_305' title='bbox 161 3962 375 4016; x_wconf 85' lang='lat' dir='ltr'><strong>rarcham</strong></span> <span class='ocrx_word' id='word_1_306' title='bbox 404 3974 458 4017; x_wconf 92' lang='lat' dir='ltr'><strong>et</strong></span> <span class='ocrx_word' id='word_1_307' title='bbox 484 3962 795 4031; x_wconf 90' lang='lat' dir='ltr'><strong>pontiﬁcem</strong></span> <span class='ocrx_word' id='word_1_308' title='bbox 828 3976 927 4017; x_wconf 92' lang='lat' dir='ltr'><strong>ceu</strong></span> <span class='ocrx_word' id='word_1_309' title='bbox 980 3970 1185 4023; x_wconf 88' lang='lat' dir='ltr'><strong>patrem</strong></span> <span class='ocrx_word' id='word_1_310' title='bbox 1232 3962 1422 4016; x_wconf 87' lang='lat' dir='ltr'><strong>honori</strong></span> <span class='ocrx_word' id='word_1_311' title='bbox 1454 3962 1678 4027; x_wconf 90' lang='lat' dir='ltr'><strong>habens,</strong></span> 
     </span>
    </p>
   </div>
   <div class='ocr_carea' id='block_1_42' title="bbox 163 4050 615 4121">
    <p class='ocr_par' dir='ltr' id='par_1_42' title="bbox 163 4050 615 4121">
     <span class='ocr_line' id='line_1_42' title="bbox 163 4050 615 4121; baseline 0.02 -20"><span class='ocrx_word' id='word_1_312' title='bbox 163 4050 412 4121; x_wconf 81' lang='lat' dir='ltr'><strong>largitione</strong></span> <span class='ocrx_word' id='word_1_313' title='bbox 448 4056 615 4110; x_wconf 87' lang='lat' dir='ltr'><strong>dedit.</strong></span> 
     </span>
    </p>
   </div>
   <div class='ocr_carea' id='block_1_43' title="bbox 218 4141 1689 4217">
    <p class='ocr_par' dir='ltr' id='par_1_43' title="bbox 218 4141 1689 4217">
     <span class='ocr_line' id='line_1_43' title="bbox 218 4141 1689 4217; baseline 0.005 -23"><span class='ocrx_word' id='word_1_314' title='bbox 218 4141 476 4201; x_wconf 87' lang='lat' dir='ltr'><strong>Helladius</strong></span> <span class='ocrx_word' id='word_1_315' title='bbox 532 4146 647 4217; x_wconf 82' lang='lat'><strong>(50)</strong></span> <span class='ocrx_word' id='word_1_316' title='bbox 699 4157 900 4202; x_wconf 65' lang='lat' dir='ltr'><strong>sanctae</strong></span> <span class='ocrx_word' id='word_1_317' title='bbox 946 4148 1376 4209; x_wconf 87' lang='lat' dir='ltr'><strong>recordationis,</strong></span> <span class='ocrx_word' id='word_1_318' title='bbox 1429 4148 1519 4215; x_wconf 89' lang='lat' dir='ltr'><strong>qui</strong></span> <span class='ocrx_word' id='word_1_319' title='bbox 1578 4147 1689 4213; x_wconf 86' lang='lat' dir='ltr'><strong>ipse</strong></span> 
     </span>
    </p>
   </div>
   <div class='ocr_carea' id='block_1_44' title="bbox 163 4232 1689 4307">
    <p class='ocr_par' dir='ltr' id='par_1_44' title="bbox 163 4232 1689 4307">
     <span class='ocr_line' id='line_1_44' title="bbox 163 4232 1689 4307; baseline 0.003 -23"><span class='ocrx_word' id='word_1_320' title='bbox 163 4232 401 4302; x_wconf 87' lang='lat' dir='ltr'><strong>inspector</strong></span> <span class='ocrx_word' id='word_1_321' title='bbox 426 4247 479 4292; x_wconf 91' lang='lat' dir='ltr'><strong>et</strong></span> <span class='ocrx_word' id='word_1_322' title='bbox 502 4238 751 4293; x_wconf 91' lang='lat' dir='ltr'><strong>minister</strong></span> <span class='ocrx_word' id='word_1_323' title='bbox 792 4240 893 4291; x_wconf 83' lang='lat' dir='ltr'><strong>fuit</strong></span> <span class='ocrx_word' id='word_1_324' title='bbox 925 4238 1303 4292; x_wconf 85' lang='lat' dir='ltr'><strong>miraculorum</strong></span> <span class='ocrx_word' id='word_1_325' title='bbox 1355 4237 1423 4290; x_wconf 91' lang='lat' dir='ltr'><strong>ab</strong></span> <span class='ocrx_word' id='word_1_326' title='bbox 1458 4240 1572 4307; x_wconf 89' lang='lat' dir='ltr'><strong>ipso</strong></span> <span class='ocrx_word' id='word_1_327' title='bbox 1598 4252 1689 4306; x_wconf 83' lang='lat' dir='ltr'><strong>pa-</strong></span> 
     </span>
    </p>
   </div>
   <div class='ocr_carea' id='block_1_45' title="bbox 162 4330 1694 4398">
    <p class='ocr_par' dir='ltr' id='par_1_45' title="bbox 162 4330 1694 4398">
     <span class='ocr_line' id='line_1_45' title="bbox 162 4330 1694 4398; baseline 0.005 -23"><span class='ocrx_word' id='word_1_328' title='bbox 162 4333 411 4392; x_wconf 87' lang='lat' dir='ltr'><strong>tratorum,</strong></span> <span class='ocrx_word' id='word_1_329' title='bbox 433 4330 634 4398; x_wconf 89' lang='lat' dir='ltr'><strong>quique</strong></span> <span class='ocrx_word' id='word_1_330' title='bbox 651 4340 766 4397; x_wconf 92' lang='lat' dir='ltr'><strong>post</strong></span> <span class='ocrx_word' id='word_1_331' title='bbox 782 4331 983 4383; x_wconf 92' lang='lat' dir='ltr'><strong>obitum</strong></span> <span class='ocrx_word' id='word_1_332' title='bbox 1012 4332 1243 4385; x_wconf 87' lang='lat' dir='ltr'><strong>conserti</strong></span> <span class='ocrx_word' id='word_1_333' title='bbox 1264 4331 1463 4384; x_wconf 90' lang='lat' dir='ltr'><strong>honore</strong></span> <span class='ocrx_word' id='word_1_334' title='bbox 1481 4340 1694 4398; x_wconf 78' lang='lat' dir='ltr'><strong>aposto-</strong></span> 
     </span>
    </p>
   </div>
   <div class='ocr_carea' id='block_1_46' title="bbox 162 4415 1689 4490">
    <p class='ocr_par' dir='ltr' id='par_1_46' title="bbox 162 4415 1689 4490">
     <span class='ocr_line' id='line_1_46' title="bbox 162 4415 1689 4490; baseline 0.003 -22"><span class='ocrx_word' id='word_1_335' title='bbox 162 4415 213 4471; x_wconf 89' lang='lat' dir='ltr'><strong>lis</strong></span> <span class='ocrx_word' id='word_1_336' title='bbox 242 4416 426 4487; x_wconf 82' lang='lat' dir='ltr'><strong>Basilii,</strong></span> <span class='ocrx_word' id='word_1_337' title='bbox 460 4422 580 4489; x_wconf 86' lang='lat' dir='ltr'><strong>ejus</strong></span> <span class='ocrx_word' id='word_1_338' title='bbox 616 4422 796 4475; x_wconf 85' lang='lat' dir='ltr'><strong>sedem</strong></span> <span class='ocrx_word' id='word_1_339' title='bbox 820 4437 1103 4477; x_wconf 88' lang='lat' dir='ltr'><strong>successor</strong></span> <span class='ocrx_word' id='word_1_340' title='bbox 1134 4424 1378 4490; x_wconf 89' lang='lat' dir='ltr'><strong>accepit,</strong></span> <span class='ocrx_word' id='word_1_341' title='bbox 1417 4423 1498 4475; x_wconf 92' lang='lat' dir='ltr'><strong>vir</strong></span> <span class='ocrx_word' id='word_1_342' title='bbox 1517 4423 1689 4475; x_wconf 89' lang='lat' dir='ltr'><strong>admi-</strong></span> 
     </span>
    </p>
   </div>
   <div class='ocr_carea' id='block_1_47' title="bbox 1779 566 3332 638">
    <p class='ocr_par' dir='ltr' id='par_1_47' title="bbox 1779 566 3332 638">
     <span class='ocr_line' id='line_1_47' title="bbox 1779 566 3332 638; baseline -0.003 -18"><span class='ocrx_word' id='word_1_343' title='bbox 1779 580 1937 638; x_wconf 88' lang='lat' dir='ltr'><strong>atque</strong></span> <span class='ocrx_word' id='word_1_344' title='bbox 1970 570 2021 622; x_wconf 93' lang='lat' dir='ltr'><strong>in</strong></span> <span class='ocrx_word' id='word_1_345' title='bbox 2071 581 2283 621; x_wconf 90' lang='lat' dir='ltr'><strong>sacram</strong></span> <span class='ocrx_word' id='word_1_346' title='bbox 2328 568 2559 635; x_wconf 87' lang='lat' dir='ltr'><strong>aliquam</strong></span> <span class='ocrx_word' id='word_1_347' title='bbox 2601 568 2953 621; x_wconf 87' lang='lat' dir='ltr'><strong>monasticam</strong></span> <span class='ocrx_word' id='word_1_348' title='bbox 2981 566 3146 619; x_wconf 84' lang='lat' dir='ltr'><strong>:edem</strong></span> <span class='ocrx_word' id='word_1_349' title='bbox 3176 570 3332 619; x_wconf 82' lang='lat' dir='ltr'><strong>tradi-</strong></span> 
     </span>
    </p>
   </div>
   <div class='ocr_carea' id='block_1_48' title="bbox 1780 658 3335 722">
    <p class='ocr_par' dir='ltr' id='par_1_48' title="bbox 1780 658 3335 722">
     <span class='ocr_line' id='line_1_48' title="bbox 1780 658 3335 722; baseline -0.002 -10"><span class='ocrx_word' id='word_1_350' title='bbox 1780 668 1884 714; x_wconf 92' lang='lat' dir='ltr'><strong>tam</strong></span> <span class='ocrx_word' id='word_1_351' title='bbox 1934 662 2042 714; x_wconf 87' lang='lat' dir='ltr'><strong>Deo</strong></span> <span class='ocrx_word' id='word_1_352' title='bbox 2094 658 2421 712; x_wconf 82' lang='lat' dir='ltr'><strong>sacriﬁcium</strong></span> <span class='ocrx_word' id='word_1_353' title='bbox 2480 658 2711 722; x_wconf 77' lang='lat' dir='ltr'><strong>oﬁ‘erre;</strong></span> <span class='ocrx_word' id='word_1_354' title='bbox 2766 658 3335 712; x_wconf 67' lang='lat' dir='ltr'><strong>mniuiatuslmtnicina</strong></span> 
     </span>
    </p>
   </div>
   <div class='ocr_carea' id='block_1_49' title="bbox 1778 749 3337 818">
    <p class='ocr_par' dir='ltr' id='par_1_49' title="bbox 1778 749 3337 818">
     <span class='ocr_line' id='line_1_49' title="bbox 1778 749 3337 818; baseline -0.001 -15"><span class='ocrx_word' id='word_1_355' title='bbox 1778 751 1865 806; x_wconf 91' lang='lat' dir='ltr'><strong>ille</strong></span> <span class='ocrx_word' id='word_1_356' title='bbox 1898 753 1964 806; x_wconf 89' lang='lat' dir='ltr'><strong>ab</strong></span> <span class='ocrx_word' id='word_1_357' title='bbox 2013 750 2167 804; x_wconf 91' lang='lat' dir='ltr'><strong>initio</strong></span> <span class='ocrx_word' id='word_1_358' title='bbox 2215 749 2459 803; x_wconf 87' lang='lat' dir='ltr'><strong>diabolus</strong></span> <span class='ocrx_word' id='word_1_359' title='bbox 2505 750 2717 805; x_wconf 88' lang='lat' dir='ltr'><strong>divinos</strong></span> <span class='ocrx_word' id='word_1_360' title='bbox 2750 751 2849 803; x_wconf 90' lang='lat' dir='ltr'><strong>viri</strong></span> <span class='ocrx_word' id='word_1_361' title='bbox 2898 766 3076 805; x_wconf 90' lang='lat' dir='ltr'><strong>mores</strong></span> <span class='ocrx_word' id='word_1_362' title='bbox 3120 749 3337 818; x_wconf 88' lang='lat' dir='ltr'><strong>Deoqne</strong></span> 
     </span>
    </p>
   </div>
   <div class='ocr_carea' id='block_1_50' title="bbox 1779 842 3337 913">
    <p class='ocr_par' dir='ltr' id='par_1_50' title="bbox 1779 842 3337 913">
     <span class='ocr_line' id='line_1_50' title="bbox 1779 842 3337 913; baseline -0.002 -18"><span class='ocrx_word' id='word_1_363' title='bbox 1779 856 2055 913; x_wconf 88' lang='lat' dir='ltr'><strong>acceptmn</strong></span> <span class='ocrx_word' id='word_1_364' title='bbox 2085 843 2415 911; x_wconf 90' lang='lat' dir='ltr'><strong>propositum</strong></span> <span class='ocrx_word' id='word_1_365' title='bbox 2439 858 2453 906; x_wconf 91' lang='lat'><strong>;</strong></span> <span class='ocrx_word' id='word_1_366' title='bbox 2482 844 3055 898; x_wconf 84' lang='lat' dir='ltr'><strong>concitavitsenatoris</strong></span> <span class='ocrx_word' id='word_1_367' title='bbox 3081 842 3337 897; x_wconf 79' lang='lat' dir='ltr'><strong>famulum</strong></span> 
     </span>
    </p>
   </div>
   <div class='ocr_carea' id='block_1_51' title="bbox 1778 933 3341 1004">
    <p class='ocr_par' dir='ltr' id='par_1_51' title="bbox 1778 933 3341 1004">
     <span class='ocr_line' id='line_1_51' title="bbox 1778 933 3341 1004; baseline -0.001 -17"><span class='ocrx_word' id='word_1_368' title='bbox 1778 937 2105 1004; x_wconf 87' lang='lat' dir='ltr'><strong>quemdam,</strong></span> <span class='ocrx_word' id='word_1_369' title='bbox 2165 934 2329 1003; x_wconf 88' lang='lat' dir='ltr'><strong>inque</strong></span> <span class='ocrx_word' id='word_1_370' title='bbox 2389 934 2578 1003; x_wconf 69' lang='lat' dir='ltr'><strong>puellae</strong></span> <span class='ocrx_word' id='word_1_371' title='bbox 2640 951 2875 989; x_wconf 91' lang='lat' dir='ltr'><strong>amorem</strong></span> <span class='ocrx_word' id='word_1_372' title='bbox 2935 937 3229 989; x_wconf 88' lang='lat' dir='ltr'><strong>succendit.</strong></span> <span class='ocrx_word' id='word_1_373' title='bbox 3291 933 3341 986; x_wconf 83' lang='lat' dir='ltr'><strong>Is</strong></span> 
     </span>
    </p>
   </div>
   <div class='ocr_carea' id='block_1_52' title="bbox 1778 1026 3339 1095">
    <p class='ocr_par' dir='ltr' id='par_1_52' title="bbox 1778 1026 3339 1095">
     <span class='ocr_line' id='line_1_52' title="bbox 1778 1026 3339 1095; baseline -0.001 -17"><span class='ocrx_word' id='word_1_374' title='bbox 1778 1040 1959 1093; x_wconf 91' lang='lat' dir='ltr'><strong>porro,</strong></span> <span class='ocrx_word' id='word_1_375' title='bbox 1989 1028 2237 1095; x_wconf 89' lang='lat' dir='ltr'><strong>indignus</strong></span> <span class='ocrx_word' id='word_1_376' title='bbox 2259 1026 2349 1094; x_wconf 90' lang='lat' dir='ltr'><strong>qui</strong></span> <span class='ocrx_word' id='word_1_377' title='bbox 2375 1040 2487 1079; x_wconf 90' lang='lat' dir='ltr'><strong>rem</strong></span> <span class='ocrx_word' id='word_1_378' title='bbox 2512 1034 2713 1079; x_wconf 85' lang='lat' dir='ltr'><strong>tantam</strong></span> <span class='ocrx_word' id='word_1_379' title='bbox 2746 1027 3023 1080; x_wconf 91' lang='lat' dir='ltr'><strong>moliretur</strong></span> <span class='ocrx_word' id='word_1_380' title='bbox 3047 1070 3061 1093; x_wconf 91' lang='lat'><strong>,</strong></span> <span class='ocrx_word' id='word_1_381' title='bbox 3103 1028 3339 1079; x_wconf 71' lang='lat' dir='ltr'><strong>veritus—</strong></span> 
     </span>
    </p>
   </div>
   <div class='ocr_carea' id='block_1_53' title="bbox 1778 1119 3341 1188">
    <p class='ocr_par' dir='ltr' id='par_1_53' title="bbox 1778 1119 3341 1188">
     <span class='ocr_line' id='line_1_53' title="bbox 1778 1119 3341 1188; baseline -0.001 -17"><span class='ocrx_word' id='word_1_382' title='bbox 1778 1132 1883 1185; x_wconf 89' lang='lat' dir='ltr'><strong>que</strong></span> <span class='ocrx_word' id='word_1_383' title='bbox 1915 1121 1994 1172; x_wconf 86' lang='lat' dir='ltr'><strong>vel</strong></span> <span class='ocrx_word' id='word_1_384' title='bbox 2024 1121 2287 1188; x_wconf 88' lang='lat' dir='ltr'><strong>attingere</strong></span> <span class='ocrx_word' id='word_1_385' title='bbox 2312 1119 2454 1187; x_wconf 89' lang='lat' dir='ltr'><strong>quod</strong></span> <span class='ocrx_word' id='word_1_386' title='bbox 2490 1127 2609 1171; x_wconf 89' lang='lat' dir='ltr'><strong>erat</strong></span> <span class='ocrx_word' id='word_1_387' title='bbox 2647 1122 2979 1188; x_wconf 91' lang='lat' dir='ltr'><strong>propositum</strong></span> <span class='ocrx_word' id='word_1_388' title='bbox 3002 1161 3017 1185; x_wconf 91' lang='lat'><strong>,</strong></span> <span class='ocrx_word' id='word_1_389' title='bbox 3050 1120 3341 1188; x_wconf 87' lang='lat' dir='ltr'><strong>alloquitur</strong></span> 
     </span>
    </p>
   </div>
   <div class='ocr_carea' id='block_1_54' title="bbox 1782 1210 3340 1273">
    <p class='ocr_par' dir='ltr' id='par_1_54' title="bbox 1782 1210 3340 1273">
     <span class='ocr_line' id='line_1_54' title="bbox 1782 1210 3340 1273; baseline 0 -11"><span class='ocrx_word' id='word_1_390' title='bbox 1782 1226 1941 1262; x_wconf 91' lang='lat' dir='ltr'><strong>unum</strong></span> <span class='ocrx_word' id='word_1_391' title='bbox 1981 1227 2043 1263; x_wconf 78' lang='lat' dir='ltr'><strong>ex</strong></span> <span class='ocrx_word' id='word_1_392' title='bbox 2086 1211 2416 1265; x_wconf 85' lang='lat' dir='ltr'><strong>detestandis</strong></span> <span class='ocrx_word' id='word_1_393' title='bbox 2469 1210 2762 1273; x_wconf 87' lang='lat' dir='ltr'><strong>maleﬁcis,</strong></span> <span class='ocrx_word' id='word_1_394' title='bbox 2815 1213 3032 1264; x_wconf 90' lang='lat' dir='ltr'><strong>multam</strong></span> <span class='ocrx_word' id='word_1_395' title='bbox 3076 1226 3340 1266; x_wconf 86' lang='lat' dir='ltr'><strong>summam</strong></span> 
     </span>
    </p>
   </div>
   <div class='ocr_carea' id='block_1_55' title="bbox 1782 1300 3340 1371">
    <p class='ocr_par' dir='ltr' id='par_1_55' title="bbox 1782 1300 3340 1371">
     <span class='ocr_line' id='line_1_55' title="bbox 1782 1300 3340 1371; baseline 0.001 -17"><span class='ocrx_word' id='word_1_396' title='bbox 1782 1301 1900 1354; x_wconf 88' lang='lat' dir='ltr'><strong>auri</strong></span> <span class='ocrx_word' id='word_1_397' title='bbox 1954 1304 2298 1368; x_wconf 64' lang='lat' dir='ltr'><strong>praebiturum</strong></span> <span class='ocrx_word' id='word_1_398' title='bbox 2336 1300 2605 1369; x_wconf 88' lang='lat' dir='ltr'><strong>pollicitus</strong></span> <span class='ocrx_word' id='word_1_399' title='bbox 2631 1343 2645 1367; x_wconf 95' lang='lat'><strong>,</strong></span> <span class='ocrx_word' id='word_1_400' title='bbox 2680 1302 2838 1356; x_wconf 89' lang='lat' dir='ltr'><strong>modo</strong></span> <span class='ocrx_word' id='word_1_401' title='bbox 2875 1304 2991 1371; x_wconf 84' lang='lat' dir='ltr'><strong>ipso</strong></span> <span class='ocrx_word' id='word_1_402' title='bbox 3041 1314 3229 1371; x_wconf 86' lang='lat' dir='ltr'><strong>agente</strong></span> <span class='ocrx_word' id='word_1_403' title='bbox 3288 1304 3340 1356; x_wconf 89' lang='lat' dir='ltr'><strong>in</strong></span> 
     </span>
    </p>
   </div>
   <div class='ocr_carea' id='block_1_56' title="bbox 1780 1393 3340 1462">
    <p class='ocr_par' dir='ltr' id='par_1_56' title="bbox 1780 1393 3340 1462">
     <span class='ocr_line' id='line_1_56' title="bbox 1780 1393 3340 1462; baseline 0.001 -18"><span class='ocrx_word' id='word_1_404' title='bbox 1780 1399 2100 1462; x_wconf 87' lang='lat' dir='ltr'><strong>potestatem</strong></span> <span class='ocrx_word' id='word_1_405' title='bbox 2144 1393 2375 1460; x_wconf 89' lang='lat' dir='ltr'><strong>puellam</strong></span> <span class='ocrx_word' id='word_1_406' title='bbox 2428 1394 2719 1461; x_wconf 89' lang='lat' dir='ltr'><strong>acciperet.</strong></span> <span class='ocrx_word' id='word_1_407' title='bbox 2754 1394 3037 1449; x_wconf 79' lang='lat' dir='ltr'><strong>Veneﬁcus</strong></span> <span class='ocrx_word' id='word_1_408' title='bbox 3086 1408 3211 1447; x_wconf 85' lang='lat' dir='ltr'><strong>vero</strong></span> <span class='ocrx_word' id='word_1_409' title='bbox 3264 1397 3340 1448; x_wconf 89' lang='lat' dir='ltr'><strong>ait</strong></span> 
     </span>
    </p>
   </div>
   <div class='ocr_carea' id='block_1_57' title="bbox 1782 1482 3337 1554">
    <p class='ocr_par' dir='ltr' id='par_1_57' title="bbox 1782 1482 3337 1554">
     <span class='ocr_line' id='line_1_57' title="bbox 1782 1482 3337 1554; baseline 0.001 -16"><span class='ocrx_word' id='word_1_410' title='bbox 1782 1485 1848 1538; x_wconf 89' lang='lat' dir='ltr'><strong>ad</strong></span> <span class='ocrx_word' id='word_1_411' title='bbox 1874 1499 1994 1538; x_wconf 89' lang='lat' dir='ltr'><strong>eum</strong></span> <span class='ocrx_word' id='word_1_412' title='bbox 2040 1502 2053 1536; x_wconf 89' lang='lat'>:</span> <span class='ocrx_word' id='word_1_413' title='bbox 2096 1502 2113 1533; x_wconf 85' lang='grc'><em>‹</em></span> <span class='ocrx_word' id='word_1_414' title='bbox 2149 1482 2192 1537; x_wconf 92' lang='grc' dir='ltr'>Ο</span> <span class='ocrx_word' id='word_1_415' title='bbox 2216 1482 2399 1549; x_wconf 91' lang='lat' dir='ltr'><strong>homo,</strong></span> <span class='ocrx_word' id='word_1_416' title='bbox 2431 1485 2606 1554; x_wconf 87' lang='lat' dir='ltr'><strong>impar</strong></span> <span class='ocrx_word' id='word_1_417' title='bbox 2635 1487 2699 1536; x_wconf 89' lang='lat' dir='ltr'><strong>ad</strong></span> <span class='ocrx_word' id='word_1_418' title='bbox 2732 1486 2831 1539; x_wconf 89' lang='lat' dir='ltr'><strong>hoc</strong></span> <span class='ocrx_word' id='word_1_419' title='bbox 2866 1487 3056 1540; x_wconf 89' lang='lat' dir='ltr'><strong>virium</strong></span> <span class='ocrx_word' id='word_1_420' title='bbox 3092 1487 3337 1540; x_wconf 83' lang='lat' dir='ltr'><strong>exsisto:</strong></span> 
     </span>
    </p>
   </div>
   <div class='ocr_carea' id='block_1_58' title="bbox 1782 1576 3343 1647">
    <p class='ocr_par' dir='ltr' id='par_1_58' title="bbox 1782 1576 3343 1647">
     <span class='ocr_line' id='line_1_58' title="bbox 1782 1576 3343 1647; baseline 0 -14"><span class='ocrx_word' id='word_1_421' title='bbox 1782 1578 1873 1633; x_wconf 89' lang='lat' dir='ltr'><strong>sed</strong></span> <span class='ocrx_word' id='word_1_422' title='bbox 1926 1578 1969 1631; x_wconf 85' lang='lat' dir='ltr'><strong>si</strong></span> <span class='ocrx_word' id='word_1_423' title='bbox 2010 1576 2090 1629; x_wconf 90' lang='lat' dir='ltr'><strong>vis</strong></span> <span class='ocrx_word' id='word_1_424' title='bbox 2139 1576 2345 1629; x_wconf 87' lang='lat' dir='ltr'><strong>mittam</strong></span> <span class='ocrx_word' id='word_1_425' title='bbox 2395 1588 2445 1631; x_wconf 93' lang='lat' dir='ltr'><strong>te</strong></span> <span class='ocrx_word' id='word_1_426' title='bbox 2476 1578 2542 1631; x_wconf 87' lang='lat' dir='ltr'><strong>ad</strong></span> <span class='ocrx_word' id='word_1_427' title='bbox 2576 1577 2906 1647; x_wconf 81' lang='lat' dir='ltr'><strong>provisorem</strong></span> <span class='ocrx_word' id='word_1_428' title='bbox 2949 1594 3122 1633; x_wconf 92' lang='lat' dir='ltr'><strong>meum</strong></span> <span class='ocrx_word' id='word_1_429' title='bbox 3154 1579 3343 1633; x_wconf 82' lang='lat' dir='ltr'><strong>diabo-</strong></span> 
     </span>
    </p>
   </div>
   <div class='ocr_carea' id='block_1_59' title="bbox 1782 1666 3345 1732">
    <p class='ocr_par' dir='ltr' id='par_1_59' title="bbox 1782 1666 3345 1732">
     <span class='ocr_line' id='line_1_59' title="bbox 1782 1666 3345 1732; baseline 0.003 -12"><span class='ocrx_word' id='word_1_430' title='bbox 1782 1669 1914 1732; x_wconf 90' lang='lat' dir='ltr'><strong>lum,</strong></span> <span class='ocrx_word' id='word_1_431' title='bbox 1945 1678 1999 1724; x_wconf 91' lang='lat' dir='ltr'><strong>et</strong></span> <span class='ocrx_word' id='word_1_432' title='bbox 2032 1667 2119 1721; x_wconf 91' lang='lat' dir='ltr'><strong>ille</strong></span> <span class='ocrx_word' id='word_1_433' title='bbox 2155 1666 2316 1721; x_wconf 83' lang='lat' dir='ltr'><strong>faciet</strong></span> <span class='ocrx_word' id='word_1_434' title='bbox 2354 1666 2681 1722; x_wconf 89' lang='lat' dir='ltr'><strong>voluntatem</strong></span> <span class='ocrx_word' id='word_1_435' title='bbox 2711 1682 2881 1732; x_wconf 86' lang='lat' dir='ltr'><strong>tuam,</strong></span> <span class='ocrx_word' id='word_1_436' title='bbox 2914 1668 2957 1722; x_wconf 93' lang='lat' dir='ltr'><strong>si</strong></span> <span class='ocrx_word' id='word_1_437' title='bbox 2988 1678 3041 1721; x_wconf 90' lang='lat' dir='ltr'><strong>tu</strong></span> <span class='ocrx_word' id='word_1_438' title='bbox 3071 1673 3225 1725; x_wconf 92' lang='lat' dir='ltr'><strong>modo</strong></span> <span class='ocrx_word' id='word_1_439' title='bbox 3251 1686 3345 1724; x_wconf 89' lang='lat' dir='ltr'><strong>vo-</strong></span> 
     </span>
    </p>
   </div>
   <div class='ocr_carea' id='block_1_60' title="bbox 1785 1758 3343 1828">
    <p class='ocr_par' dir='ltr' id='par_1_60' title="bbox 1785 1758 3343 1828">
     <span class='ocr_line' id='line_1_60' title="bbox 1785 1758 3343 1828; baseline 0.006 -18"><span class='ocrx_word' id='word_1_440' title='bbox 1785 1758 2043 1813; x_wconf 78' lang='lat' dir='ltr'><strong>luntatem</strong></span> <span class='ocrx_word' id='word_1_441' title='bbox 2077 1758 2192 1827; x_wconf 84' lang='lat' dir='ltr'><strong>ejus</strong></span> <span class='ocrx_word' id='word_1_442' title='bbox 2222 1758 2435 1813; x_wconf 84' lang='lat' dir='ltr'><strong>feceris.</strong></span> <span class='ocrx_word' id='word_1_443' title='bbox 2474 1777 2491 1809; x_wconf 80' lang='grc'><strong>1</strong></span> <span class='ocrx_word' id='word_1_444' title='bbox 2524 1759 2622 1824; x_wconf 88' lang='lat' dir='ltr'><strong>Qui</strong></span> <span class='ocrx_word' id='word_1_445' title='bbox 2647 1762 2781 1814; x_wconf 80' lang='lat' dir='ltr'><strong>dixit</strong></span> <span class='ocrx_word' id='word_1_446' title='bbox 2817 1761 3028 1814; x_wconf 88' lang='lat' dir='ltr'><strong>adeum</strong></span> <span class='ocrx_word' id='word_1_447' title='bbox 3059 1779 3073 1814; x_wconf 91' lang='lat'><strong>:</strong></span> <span class='ocrx_word' id='word_1_448' title='bbox 3108 1780 3125 1810; x_wconf 78' lang='grc' dir='ltr'>ι</span> <span class='ocrx_word' id='word_1_449' title='bbox 3183 1764 3343 1828; x_wconf 71' lang='lat' dir='ltr'><strong>Quae-</strong></span> 
     </span>
    </p>
   </div>
   <div class='ocr_carea' id='block_1_61' title="bbox 1716 1848 3343 1914">
    <p class='ocr_par' dir='ltr' id='par_1_61' title="bbox 1716 1848 3343 1914">
     <span class='ocr_line' id='line_1_61' title="bbox 1716 1848 3343 1914; baseline 0.004 -14"><span class='ocrx_word' id='word_1_450' title='bbox 1716 1859 1757 1913; x_wconf 80' lang='grc' dir='ltr'><strong>Β</strong></span> <span class='ocrx_word' id='word_1_451' title='bbox 1788 1864 1997 1914; x_wconf 87' lang='lat' dir='ltr'><strong>cunque</strong></span> <span class='ocrx_word' id='word_1_452' title='bbox 2025 1849 2222 1903; x_wconf 80' lang='lat' dir='ltr'><strong>dixerit</strong></span> <span class='ocrx_word' id='word_1_453' title='bbox 2258 1849 2411 1913; x_wconf 90' lang='lat' dir='ltr'><strong>mihi,</strong></span> <span class='ocrx_word' id='word_1_454' title='bbox 2441 1848 2657 1902; x_wconf 81' lang='lat' dir='ltr'><strong>faciam.</strong></span> <span class='ocrx_word' id='word_1_455' title='bbox 2690 1868 2708 1899; x_wconf 79' lang='grc'><strong>1</strong></span> <span class='ocrx_word' id='word_1_456' title='bbox 2736 1851 2824 1904; x_wconf 89' lang='lat' dir='ltr'><strong>Ait</strong></span> <span class='ocrx_word' id='word_1_457' title='bbox 2850 1853 2939 1906; x_wconf 92' lang='lat' dir='ltr'><strong>ille</strong></span> <span class='ocrx_word' id='word_1_458' title='bbox 2971 1867 2982 1902; x_wconf 91' lang='lat'>:</span> <span class='ocrx_word' id='word_1_459' title='bbox 3014 1870 3032 1901; x_wconf 72' lang='grc'><strong>1</strong></span> <span class='ocrx_word' id='word_1_460' title='bbox 3060 1852 3343 1907; x_wconf 85' lang='lat' dir='ltr'><strong>Abrenun-</strong></span> 
     </span>
    </p>
   </div>
   <div class='ocr_carea' id='block_1_62' title="bbox 1788 1940 3347 2010">
    <p class='ocr_par' dir='ltr' id='par_1_62' title="bbox 1788 1940 3347 2010">
     <span class='ocr_line' id='line_1_62' title="bbox 1788 1940 3347 2010; baseline 0.003 -18"><span class='ocrx_word' id='word_1_461' title='bbox 1788 1941 1887 1993; x_wconf 90' lang='lat' dir='ltr'><strong>tias</strong></span> <span class='ocrx_word' id='word_1_462' title='bbox 1909 1940 2125 1996; x_wconf 90' lang='lat' dir='ltr'><strong>Christo</strong></span> <span class='ocrx_word' id='word_1_463' title='bbox 2156 1943 2207 1995; x_wconf 91' lang='lat' dir='ltr'><strong>in</strong></span> <span class='ocrx_word' id='word_1_464' title='bbox 2235 1943 2494 2010; x_wconf 77' lang='lat' dir='ltr'><strong>scriptis?</strong></span> <span class='ocrx_word' id='word_1_465' title='bbox 2528 1962 2545 1993; x_wconf 80' lang='grc'><strong>1</strong></span> <span class='ocrx_word' id='word_1_466' title='bbox 2589 1943 2796 1996; x_wconf 91' lang='lat' dir='ltr'><strong>Dicitei</strong></span> <span class='ocrx_word' id='word_1_467' title='bbox 2832 1963 2844 1997; x_wconf 91' lang='lat'><strong>:</strong></span> <span class='ocrx_word' id='word_1_468' title='bbox 2878 1963 2896 1994; x_wconf 71' lang='grc' dir='ltr'>ι</span> <span class='ocrx_word' id='word_1_469' title='bbox 2929 1945 3129 1999; x_wconf 79' lang='lat' dir='ltr'><strong>Etiam.</strong></span> <span class='ocrx_word' id='word_1_470' title='bbox 3161 1965 3180 1997; x_wconf 81' lang='grc'><strong>1</strong></span> <span class='ocrx_word' id='word_1_471' title='bbox 3217 1945 3347 2000; x_wconf 88' lang='lat' dir='ltr'><strong>Por-</strong></span> 
     </span>
    </p>
   </div>
   <div class='ocr_carea' id='block_1_63' title="bbox 1788 2034 3347 2107">
    <p class='ocr_par' dir='ltr' id='par_1_63' title="bbox 1788 2034 3347 2107">
     <span class='ocr_line' id='line_1_63' title="bbox 1788 2034 3347 2107; baseline 0.004 -22"><span class='ocrx_word' id='word_1_472' title='bbox 1788 2047 1847 2086; x_wconf 91' lang='lat' dir='ltr'><strong>ro</strong></span> <span class='ocrx_word' id='word_1_473' title='bbox 1880 2034 1945 2086; x_wconf 90' lang='lat' dir='ltr'><strong>ad</strong></span> <span class='ocrx_word' id='word_1_474' title='bbox 1976 2047 2096 2086; x_wconf 89' lang='lat' dir='ltr'><strong>cum</strong></span> <span class='ocrx_word' id='word_1_475' title='bbox 2130 2034 2433 2104; x_wconf 89' lang='lat' dir='ltr'><strong>iniquitatis</strong></span> <span class='ocrx_word' id='word_1_476' title='bbox 2457 2034 2735 2103; x_wconf 85' lang='lat' dir='ltr'><strong>cperarius</strong></span> <span class='ocrx_word' id='word_1_477' title='bbox 2763 2052 2774 2086; x_wconf 90' lang='lat'><strong><em>:</em></strong></span> <span class='ocrx_word' id='word_1_478' title='bbox 2813 2052 2831 2085; x_wconf 71' lang='lat' dir='ltr'><strong>c</strong></span> <span class='ocrx_word' id='word_1_479' title='bbox 2870 2036 2925 2089; x_wconf 89' lang='lat' dir='ltr'><strong>Si</strong></span> <span class='ocrx_word' id='word_1_480' title='bbox 2955 2039 3017 2090; x_wconf 91' lang='lat' dir='ltr'><strong>ad</strong></span> <span class='ocrx_word' id='word_1_481' title='bbox 3054 2039 3154 2093; x_wconf 91' lang='lat' dir='ltr'><strong>hoc</strong></span> <span class='ocrx_word' id='word_1_482' title='bbox 3183 2054 3347 2107; x_wconf 83' lang='lat' dir='ltr'><strong>para-</strong></span> 
     </span>
    </p>
   </div>
   <div class='ocr_carea' id='block_1_64' title="bbox 1788 2125 3346 2199">
    <p class='ocr_par' dir='ltr' id='par_1_64' title="bbox 1788 2125 3346 2199">
     <span class='ocr_line' id='line_1_64' title="bbox 1788 2125 3346 2199; baseline 0.003 -21"><span class='ocrx_word' id='word_1_483' title='bbox 1788 2134 1872 2179; x_wconf 87' lang='lat' dir='ltr'><strong>tus</strong></span> <span class='ocrx_word' id='word_1_484' title='bbox 1900 2140 1958 2179; x_wconf 90' lang='lat' dir='ltr'><strong>es</strong></span> <span class='ocrx_word' id='word_1_485' title='bbox 1984 2164 2000 2189; x_wconf 93' lang='lat'><strong>,</strong></span> <span class='ocrx_word' id='word_1_486' title='bbox 2041 2137 2361 2193; x_wconf 89' lang='lat' dir='ltr'><strong>cooperator</strong></span> <span class='ocrx_word' id='word_1_487' title='bbox 2402 2127 2495 2182; x_wconf 92' lang='lat' dir='ltr'><strong>tibi</strong></span> <span class='ocrx_word' id='word_1_488' title='bbox 2528 2125 2749 2180; x_wconf 82' lang='lat' dir='ltr'><strong>elﬁciar.</strong></span> <span class='ocrx_word' id='word_1_489' title='bbox 2789 2146 2806 2179; x_wconf 82' lang='grc'><strong>1</strong></span> <span class='ocrx_word' id='word_1_490' title='bbox 2838 2126 2931 2182; x_wconf 81' lang='lat' dir='ltr'><strong>Ille</strong></span> <span class='ocrx_word' id='word_1_491' title='bbox 2955 2140 3133 2182; x_wconf 89' lang='lat' dir='ltr'><strong>autem</strong></span> <span class='ocrx_word' id='word_1_492' title='bbox 3166 2133 3232 2183; x_wconf 88' lang='lat' dir='ltr'><strong>ad</strong></span> <span class='ocrx_word' id='word_1_493' title='bbox 3267 2133 3346 2199; x_wconf 85' lang='lat' dir='ltr'><strong>ip-</strong></span> 
     </span>
    </p>
   </div>
   <div class='ocr_carea' id='block_1_65' title="bbox 1785 2212 3347 2288">
    <p class='ocr_par' dir='ltr' id='par_1_65' title="bbox 1785 2212 3347 2288">
     <span class='ocr_line' id='line_1_65' title="bbox 1785 2212 3347 2288; baseline 0.004 -19"><span class='ocrx_word' id='word_1_494' title='bbox 1785 2230 1902 2269; x_wconf 90' lang='lat' dir='ltr'><strong>sum</strong></span> <span class='ocrx_word' id='word_1_495' title='bbox 1932 2235 1945 2270; x_wconf 91' lang='lat'>:</span> <span class='ocrx_word' id='word_1_496' title='bbox 1994 2234 2011 2266; x_wconf 86' lang='grc'><em>‹</em></span> <span class='ocrx_word' id='word_1_497' title='bbox 2053 2216 2275 2273; x_wconf 84' lang='lat' dir='ltr'><strong>Paratus</strong></span> <span class='ocrx_word' id='word_1_498' title='bbox 2299 2234 2443 2285; x_wconf 90' lang='lat' dir='ltr'><strong>sum,</strong></span> <span class='ocrx_word' id='word_1_499' title='bbox 2473 2228 2679 2273; x_wconf 85' lang='lat' dir='ltr'><strong>tantum</strong></span> <span class='ocrx_word' id='word_1_500' title='bbox 2705 2228 2762 2271; x_wconf 90' lang='lat' dir='ltr'><strong>ut</strong></span> <span class='ocrx_word' id='word_1_501' title='bbox 2789 2212 3092 2288; x_wconf 80' lang='lat' dir='ltr'><strong>consequar</strong></span> <span class='ocrx_word' id='word_1_502' title='bbox 3135 2221 3347 2275; x_wconf 85' lang='lat' dir='ltr'><strong>deside-</strong></span> 
     </span>
    </p>
   </div>
   <div class='ocr_carea' id='block_1_66' title="bbox 1786 2324 2002 2363">
    <p class='ocr_par' dir='ltr' id='par_1_66' title="bbox 1786 2324 2002 2363">
     <span class='ocr_line' id='line_1_66' title="bbox 1786 2324 2002 2363; baseline -0.009 -1"><span class='ocrx_word' id='word_1_503' title='bbox 1786 2324 1944 2363; x_wconf 87' lang='lat' dir='ltr'><strong>num.</strong></span> <span class='ocrx_word' id='word_1_504' title='bbox 1984 2327 2002 2360; x_wconf 74' lang='grc' dir='ltr'><strong>Ι</strong></span> 
     </span>
    </p>
   </div>
   <div class='ocr_carea' id='block_1_67' title="bbox 1853 2399 3345 2471">
    <p class='ocr_par' dir='ltr' id='par_1_67' title="bbox 1853 2399 3345 2471">
     <span class='ocr_line' id='line_1_67' title="bbox 1853 2399 3345 2471; baseline 0.004 -16"><span class='ocrx_word' id='word_1_505' title='bbox 1853 2400 1986 2455; x_wconf 91' lang='lat' dir='ltr'><strong>Cum</strong></span> <span class='ocrx_word' id='word_1_506' title='bbox 2012 2400 2191 2470; x_wconf 90' lang='lat' dir='ltr'><strong>itaque</strong></span> <span class='ocrx_word' id='word_1_507' title='bbox 2221 2399 2470 2456; x_wconf 89' lang='lat' dir='ltr'><strong>maleﬁcii</strong></span> <span class='ocrx_word' id='word_1_508' title='bbox 2493 2402 2737 2456; x_wconf 89' lang='lat' dir='ltr'><strong>minister</strong></span> <span class='ocrx_word' id='word_1_509' title='bbox 2772 2404 3054 2471; x_wconf 87' lang='lat' dir='ltr'><strong>epistolam</strong></span> <span class='ocrx_word' id='word_1_510' title='bbox 3101 2407 3345 2461; x_wconf 90' lang='lat' dir='ltr'><strong>conscri-</strong></span> 
     </span>
    </p>
   </div>
   <div class='ocr_carea' id='block_1_68' title="bbox 1783 2490 3351 2563">
    <p class='ocr_par' dir='ltr' id='par_1_68' title="bbox 1783 2490 3351 2563">
     <span class='ocr_line' id='line_1_68' title="bbox 1783 2490 3351 2563; baseline 0.006 -20"><span class='ocrx_word' id='word_1_511' title='bbox 1783 2494 1980 2563; x_wconf 72' lang='lat' dir='ltr'><strong>psisset</strong></span> <span class='ocrx_word' id='word_1_512' title='bbox 2008 2494 2073 2547; x_wconf 89' lang='lat' dir='ltr'><strong>ad</strong></span> <span class='ocrx_word' id='word_1_513' title='bbox 2102 2490 2391 2557; x_wconf 88' lang='lat' dir='ltr'><strong>diabolum,</strong></span> <span class='ocrx_word' id='word_1_514' title='bbox 2421 2492 2469 2547; x_wconf 91' lang='lat' dir='ltr'><strong>ei</strong></span> <span class='ocrx_word' id='word_1_515' title='bbox 2489 2493 2704 2547; x_wconf 89' lang='lat' dir='ltr'><strong>tradidit</strong></span> <span class='ocrx_word' id='word_1_516' title='bbox 2725 2494 2825 2548; x_wconf 88' lang='lat' dir='ltr'><strong>hoc</strong></span> <span class='ocrx_word' id='word_1_517' title='bbox 2853 2504 3034 2550; x_wconf 91' lang='lat' dir='ltr'><strong>tenore</strong></span> <span class='ocrx_word' id='word_1_518' title='bbox 3052 2506 3105 2550; x_wconf 92' lang='lat' dir='ltr'><strong>et</strong></span> <span class='ocrx_word' id='word_1_519' title='bbox 3134 2506 3351 2552; x_wconf 83' lang='lat' dir='ltr'><strong>senten-</strong></span> 
     </span>
    </p>
   </div>
   <div class='ocr_carea' id='block_1_69' title="bbox 1787 2585 3351 2654">
    <p class='ocr_par' dir='ltr' id='par_1_69' title="bbox 1787 2585 3351 2654">
     <span class='ocr_line' id='line_1_69' title="bbox 1787 2585 3351 2654; baseline 0.002 -16"><span class='ocrx_word' id='word_1_520' title='bbox 1787 2587 1855 2638; x_wconf 90' lang='lat' dir='ltr'><strong>tia</strong></span> <span class='ocrx_word' id='word_1_521' title='bbox 1891 2605 1903 2641; x_wconf 87' lang='lat'><strong>:</strong></span> <span class='ocrx_word' id='word_1_522' title='bbox 1945 2606 1962 2637; x_wconf 71' lang='grc' dir='ltr'>ς</span> <span class='ocrx_word' id='word_1_523' title='bbox 1999 2585 2264 2652; x_wconf 84' lang='lat' dir='ltr'><strong>Quoniam</strong></span> <span class='ocrx_word' id='word_1_524' title='bbox 2316 2600 2415 2654; x_wconf 87' lang='lat' dir='ltr'><strong>par</strong></span> <span class='ocrx_word' id='word_1_525' title='bbox 2457 2593 2541 2639; x_wconf 88' lang='lat' dir='ltr'><strong>est</strong></span> <span class='ocrx_word' id='word_1_526' title='bbox 2567 2624 2582 2648; x_wconf 89' lang='lat'><strong>,</strong></span> <span class='ocrx_word' id='word_1_527' title='bbox 2614 2595 2672 2638; x_wconf 93' lang='lat' dir='ltr'><strong>ut</strong></span> <span class='ocrx_word' id='word_1_528' title='bbox 2729 2596 2985 2654; x_wconf 87' lang='lat' dir='ltr'><strong>tanquam</strong></span> <span class='ocrx_word' id='word_1_529' title='bbox 3021 2586 3238 2641; x_wconf 88' lang='lat' dir='ltr'><strong>domino</strong></span> <span class='ocrx_word' id='word_1_530' title='bbox 3295 2599 3351 2641; x_wconf 89' lang='lat' dir='ltr'><strong>et</strong></span> 
     </span>
    </p>
   </div>
   <div class='ocr_carea' id='block_1_70' title="bbox 1785 2679 3348 2747">
    <p class='ocr_par' dir='ltr' id='par_1_70' title="bbox 1785 2679 3348 2747">
     <span class='ocr_line' id='line_1_70' title="bbox 1785 2679 3348 2747; baseline 0.002 -18"><span class='ocrx_word' id='word_1_531' title='bbox 1785 2680 2053 2746; x_wconf 89' lang='lat' dir='ltr'><strong>provisori</strong></span> <span class='ocrx_word' id='word_1_532' title='bbox 2088 2695 2207 2733; x_wconf 90' lang='lat' dir='ltr'><strong>meo</strong></span> <span class='ocrx_word' id='word_1_533' title='bbox 2254 2681 2520 2742; x_wconf 90' lang='lat' dir='ltr'><strong>studeam,</strong></span> <span class='ocrx_word' id='word_1_534' title='bbox 2567 2679 2856 2747; x_wconf 91' lang='lat' dir='ltr'><strong>enitarque</strong></span> <span class='ocrx_word' id='word_1_535' title='bbox 2896 2690 3006 2733; x_wconf 90' lang='lat' dir='ltr'><strong>uta</strong></span> <span class='ocrx_word' id='word_1_536' title='bbox 3036 2680 3348 2734; x_wconf 88' lang='lat' dir='ltr'><strong>Christiana</strong></span> 
     </span>
    </p>
   </div>
   <div class='ocr_carea' id='block_1_71' title="bbox 1788 2767 3351 2838">
    <p class='ocr_par' dir='ltr' id='par_1_71' title="bbox 1788 2767 3351 2838">
     <span class='ocr_line' id='line_1_71' title="bbox 1788 2767 3351 2838; baseline 0.001 -17"><span class='ocrx_word' id='word_1_537' title='bbox 1788 2768 2046 2836; x_wconf 88' lang='lat' dir='ltr'><strong>religione</strong></span> <span class='ocrx_word' id='word_1_538' title='bbox 2078 2768 2380 2821; x_wconf 88' lang='lat' dir='ltr'><strong>abstractus</strong></span> <span class='ocrx_word' id='word_1_539' title='bbox 2417 2767 2666 2821; x_wconf 76' lang='lat' dir='ltr'><strong>amicitim</strong></span> <span class='ocrx_word' id='word_1_540' title='bbox 2718 2779 2821 2823; x_wconf 77' lang='lat' dir='ltr'><strong>une</strong></span> <span class='ocrx_word' id='word_1_541' title='bbox 2875 2772 3210 2833; x_wconf 86' lang='lat' dir='ltr'><strong>admoveam,</strong></span> <span class='ocrx_word' id='word_1_542' title='bbox 3245 2785 3351 2838; x_wconf 88' lang='lat' dir='ltr'><strong>quo</strong></span> 
     </span>
    </p>
   </div>
   <div class='ocr_carea' id='block_1_72' title="bbox 1786 2858 3348 2929">
    <p class='ocr_par' dir='ltr' id='par_1_72' title="bbox 1786 2858 3348 2929">
     <span class='ocr_line' id='line_1_72' title="bbox 1786 2858 3348 2929; baseline -0.001 -15"><span class='ocrx_word' id='word_1_543' title='bbox 1786 2871 1877 2915; x_wconf 88' lang='lat' dir='ltr'><strong>tua</strong></span> <span class='ocrx_word' id='word_1_544' title='bbox 1908 2875 2031 2929; x_wconf 90' lang='lat' dir='ltr'><strong>pars</strong></span> <span class='ocrx_word' id='word_1_545' title='bbox 2061 2858 2378 2928; x_wconf 86' lang='lat' dir='ltr'><strong>impleatur;</strong></span> <span class='ocrx_word' id='word_1_546' title='bbox 2415 2859 2532 2912; x_wconf 87' lang='lat' dir='ltr'><strong>misi</strong></span> <span class='ocrx_word' id='word_1_547' title='bbox 2562 2862 2625 2911; x_wconf 89' lang='lat' dir='ltr'><strong>ad</strong></span> <span class='ocrx_word' id='word_1_548' title='bbox 2662 2868 2712 2912; x_wconf 87' lang='lat' dir='ltr'><strong>te</strong></span> <span class='ocrx_word' id='word_1_549' title='bbox 2730 2861 3075 2926; x_wconf 67' lang='lat' dir='ltr'><strong>praesentium</strong></span> <span class='ocrx_word' id='word_1_550' title='bbox 3100 2859 3348 2924; x_wconf 88' lang='lat' dir='ltr'><strong>latorem,</strong></span> 
     </span>
    </p>
   </div>
   <div class='ocr_carea' id='block_1_73' title="bbox 1786 2949 3354 3023">
    <p class='ocr_par' dir='ltr' id='par_1_73' title="bbox 1786 2949 3354 3023">
     <span class='ocr_line' id='line_1_73' title="bbox 1786 2949 3354 3023; baseline 0.001 -18"><span class='ocrx_word' id='word_1_551' title='bbox 1786 2952 1973 3023; x_wconf 69' lang='lat' dir='ltr'><strong>puella:</strong></span> <span class='ocrx_word' id='word_1_552' title='bbox 2001 2951 2293 3020; x_wconf 88' lang='lat' dir='ltr'><strong>cupiditate</strong></span> <span class='ocrx_word' id='word_1_553' title='bbox 2312 2949 2613 3003; x_wconf 88' lang='lat' dir='ltr'><strong>sauciatum</strong></span> <span class='ocrx_word' id='word_1_554' title='bbox 2638 2967 2652 3015; x_wconf 89' lang='lat'><strong>;</strong></span> <span class='ocrx_word' id='word_1_555' title='bbox 2705 2950 3105 3020; x_wconf 90' lang='lat' dir='ltr'><strong>impensiusque</strong></span> <span class='ocrx_word' id='word_1_556' title='bbox 3137 2966 3264 3022; x_wconf 92' lang='lat' dir='ltr'><strong>rogo</strong></span> <span class='ocrx_word' id='word_1_557' title='bbox 3294 2963 3354 3006; x_wconf 89' lang='lat' dir='ltr'><strong>ut</strong></span> 
     </span>
    </p>
   </div>
   <div class='ocr_carea' id='block_1_74' title="bbox 1787 3040 3346 3112">
    <p class='ocr_par' dir='ltr' id='par_1_74' title="bbox 1787 3040 3346 3112">
     <span class='ocr_line' id='line_1_74' title="bbox 1787 3040 3346 3112; baseline 0 -16"><span class='ocrx_word' id='word_1_558' title='bbox 1787 3045 1891 3097; x_wconf 85' lang='lat' dir='ltr'><strong>voti</strong></span> <span class='ocrx_word' id='word_1_559' title='bbox 1922 3057 2143 3111; x_wconf 84' lang='lat' dir='ltr'><strong>compos</strong></span> <span class='ocrx_word' id='word_1_560' title='bbox 2174 3042 2263 3095; x_wconf 89' lang='lat' dir='ltr'><strong>ﬁat</strong></span> <span class='ocrx_word' id='word_1_561' title='bbox 2290 3060 2303 3108; x_wconf 90' lang='lat'><strong>;</strong></span> <span class='ocrx_word' id='word_1_562' title='bbox 2335 3057 2442 3112; x_wconf 93' lang='lat' dir='ltr'><strong>quo</strong></span> <span class='ocrx_word' id='word_1_563' title='bbox 2471 3049 2525 3094; x_wconf 90' lang='lat' dir='ltr'><strong>et</strong></span> <span class='ocrx_word' id='word_1_564' title='bbox 2572 3040 2624 3094; x_wconf 90' lang='lat' dir='ltr'><strong>in</strong></span> <span class='ocrx_word' id='word_1_565' title='bbox 2660 3040 2762 3095; x_wconf 85' lang='lat' dir='ltr'><strong>hoc</strong></span> <span class='ocrx_word' id='word_1_566' title='bbox 2792 3041 3010 3111; x_wconf 86' lang='lat' dir='ltr'><strong>glorier,</strong></span> <span class='ocrx_word' id='word_1_567' title='bbox 3042 3041 3346 3111; x_wconf 87' lang='lat' dir='ltr'><strong>majorique</strong></span> 
     </span>
    </p>
   </div>
   <div class='ocr_carea' id='block_1_75' title="bbox 1787 3134 3348 3203">
    <p class='ocr_par' dir='ltr' id='par_1_75' title="bbox 1787 3134 3348 3203">
     <span class='ocr_line' id='line_1_75' title="bbox 1787 3134 3348 3203; baseline 0.002 -16"><span class='ocrx_word' id='word_1_568' title='bbox 1787 3136 2065 3187; x_wconf 88' lang='lat' dir='ltr'><strong>alacritate</strong></span> <span class='ocrx_word' id='word_1_569' title='bbox 2092 3144 2208 3188; x_wconf 88' lang='lat' dir='ltr'><strong>tuos</strong></span> <span class='ocrx_word' id='word_1_570' title='bbox 2253 3145 2523 3188; x_wconf 89' lang='lat' dir='ltr'><strong>amatores</strong></span> <span class='ocrx_word' id='word_1_571' title='bbox 2552 3149 2897 3203; x_wconf 78' lang='lat' dir='ltr'><strong>congregem.</strong></span> <span class='ocrx_word' id='word_1_572' title='bbox 2936 3153 2954 3185; x_wconf 78' lang='grc' dir='ltr'><strong><em>ι</em></strong></span> <span class='ocrx_word' id='word_1_573' title='bbox 2994 3134 3123 3188; x_wconf 89' lang='lat' dir='ltr'><strong>Data</strong></span> <span class='ocrx_word' id='word_1_574' title='bbox 3152 3150 3279 3191; x_wconf 90' lang='lat' dir='ltr'><strong>vero</strong></span> <span class='ocrx_word' id='word_1_575' title='bbox 3300 3140 3348 3190; x_wconf 91' lang='lat' dir='ltr'><strong>ei</strong></span> 
     </span>
    </p>
   </div>
   <div class='ocr_carea' id='block_1_76' title="bbox 1787 3224 3350 3296">
    <p class='ocr_par' dir='ltr' id='par_1_76' title="bbox 1787 3224 3350 3296">
     <span class='ocr_line' id='line_1_76' title="bbox 1787 3224 3350 3296; baseline 0.001 -18"><span class='ocrx_word' id='word_1_576' title='bbox 1787 3225 2034 3294; x_wconf 87' lang='lat' dir='ltr'><strong>epistola,</strong></span> <span class='ocrx_word' id='word_1_577' title='bbox 2070 3224 2239 3279; x_wconf 79' lang='lat' dir='ltr'><strong>dixit:</strong></span> <span class='ocrx_word' id='word_1_578' title='bbox 2277 3242 2294 3273; x_wconf 72' lang='grc' dir='ltr'>ι</span> <span class='ocrx_word' id='word_1_579' title='bbox 2328 3224 2473 3278; x_wconf 88' lang='lat' dir='ltr'><strong>Vade</strong></span> <span class='ocrx_word' id='word_1_580' title='bbox 2497 3226 2587 3278; x_wconf 90' lang='lat' dir='ltr'><strong>tali</strong></span> <span class='ocrx_word' id='word_1_581' title='bbox 2622 3226 2763 3283; x_wconf 81' lang='lat' dir='ltr'><strong>hora.</strong></span> <span class='ocrx_word' id='word_1_582' title='bbox 2781 3226 2976 3290; x_wconf 86' lang='lat' dir='ltr'><strong>noctis,</strong></span> <span class='ocrx_word' id='word_1_583' title='bbox 3000 3237 3053 3280; x_wconf 88' lang='lat' dir='ltr'><strong>et</strong></span> <span class='ocrx_word' id='word_1_584' title='bbox 3073 3237 3156 3281; x_wconf 88' lang='lat' dir='ltr'><strong>sta</strong></span> <span class='ocrx_word' id='word_1_585' title='bbox 3188 3242 3350 3296; x_wconf 83' lang='lat' dir='ltr'><strong>supra</strong></span> 
     </span>
    </p>
   </div>
   <div class='ocr_carea' id='block_1_77' title="bbox 1788 3315 3351 3386">
    <p class='ocr_par' dir='ltr' id='par_1_77' title="bbox 1788 3315 3351 3386">
     <span class='ocr_line' id='line_1_77' title="bbox 1788 3315 3351 3386; baseline 0 -16"><span class='ocrx_word' id='word_1_586' title='bbox 1788 3329 2195 3372; x_wconf 89' lang='lat' dir='ltr'><strong>monumentum</strong></span> <span class='ocrx_word' id='word_1_587' title='bbox 2221 3315 2421 3386; x_wconf 87' lang='lat' dir='ltr'><strong>Pagani</strong></span> <span class='ocrx_word' id='word_1_588' title='bbox 2453 3318 2707 3381; x_wconf 89' lang='lat' dir='ltr'><strong>hominis,</strong></span> <span class='ocrx_word' id='word_1_589' title='bbox 2742 3318 3100 3385; x_wconf 86' lang='lat' dir='ltr'><strong>chartamque</strong></span> <span class='ocrx_word' id='word_1_590' title='bbox 3142 3319 3268 3372; x_wconf 92' lang='lat' dir='ltr'><strong>tolle</strong></span> <span class='ocrx_word' id='word_1_591' title='bbox 3297 3320 3351 3371; x_wconf 89' lang='lat' dir='ltr'><strong>in</strong></span> 
     </span>
    </p>
   </div>
   <div class='ocr_carea' id='block_1_78' title="bbox 1787 3409 3354 3479">
    <p class='ocr_par' dir='ltr' id='par_1_78' title="bbox 1787 3409 3354 3479">
     <span class='ocr_line' id='line_1_78' title="bbox 1787 3409 3354 3479; baseline 0.001 -17"><span class='ocrx_word' id='word_1_592' title='bbox 1787 3426 1943 3476; x_wconf 89' lang='lat' dir='ltr'><strong>aera;</strong></span> <span class='ocrx_word' id='word_1_593' title='bbox 1966 3420 2018 3465; x_wconf 90' lang='lat' dir='ltr'><strong>et</strong></span> <span class='ocrx_word' id='word_1_594' title='bbox 2047 3419 2245 3478; x_wconf 60' lang='lat' dir='ltr'><strong>praesto</strong></span> <span class='ocrx_word' id='word_1_595' title='bbox 2276 3419 2455 3475; x_wconf 91' lang='lat' dir='ltr'><strong>erunt,</strong></span> <span class='ocrx_word' id='word_1_596' title='bbox 2484 3409 2574 3479; x_wconf 91' lang='lat' dir='ltr'><strong>qui</strong></span> <span class='ocrx_word' id='word_1_597' title='bbox 2604 3420 2653 3463; x_wconf 90' lang='lat' dir='ltr'><strong>te</strong></span> <span class='ocrx_word' id='word_1_598' title='bbox 2673 3410 2887 3463; x_wconf 87' lang='lat' dir='ltr'><strong>ducturi</strong></span> <span class='ocrx_word' id='word_1_599' title='bbox 2921 3418 3048 3461; x_wconf 93' lang='lat' dir='ltr'><strong>sunt</strong></span> <span class='ocrx_word' id='word_1_600' title='bbox 3080 3410 3142 3461; x_wconf 90' lang='lat' dir='ltr'><strong>ad</strong></span> <span class='ocrx_word' id='word_1_601' title='bbox 3167 3409 3354 3463; x_wconf 71' lang='lat' dir='ltr'><strong>diaboo</strong></span> 
     </span>
    </p>
   </div>
   <div class='ocr_carea' id='block_1_79' title="bbox 1788 3495 3348 3566">
    <p class='ocr_par' dir='ltr' id='par_1_79' title="bbox 1788 3495 3348 3566">
     <span class='ocr_line' id='line_1_79' title="bbox 1788 3495 3348 3566; baseline 0 -15"><span class='ocrx_word' id='word_1_602' title='bbox 1788 3498 1918 3554; x_wconf 91' lang='lat' dir='ltr'><strong>lum.</strong></span> <span class='ocrx_word' id='word_1_603' title='bbox 1963 3517 1981 3551; x_wconf 79' lang='grc'><strong>1</strong></span> <span class='ocrx_word' id='word_1_604' title='bbox 2021 3498 2068 3552; x_wconf 92' lang='lat' dir='ltr'><strong>ls</strong></span> <span class='ocrx_word' id='word_1_605' title='bbox 2097 3508 2206 3553; x_wconf 87' lang='lat' dir='ltr'><strong>tota</strong></span> <span class='ocrx_word' id='word_1_606' title='bbox 2232 3498 2657 3566; x_wconf 88' lang='lat' dir='ltr'><strong>promptitudine</strong></span> <span class='ocrx_word' id='word_1_607' title='bbox 2700 3498 2843 3565; x_wconf 91' lang='lat' dir='ltr'><strong>quod</strong></span> <span class='ocrx_word' id='word_1_608' title='bbox 2876 3495 3172 3564; x_wconf 90' lang='lat' dir='ltr'><strong>injunctum</strong></span> <span class='ocrx_word' id='word_1_609' title='bbox 3230 3510 3348 3551; x_wconf 85' lang='lat' dir='ltr'><strong>erat</strong></span> 
     </span>
    </p>
   </div>
   <div class='ocr_carea' id='block_1_80' title="bbox 1787 3589 3336 3661">
    <p class='ocr_par' dir='ltr' id='par_1_80' title="bbox 1787 3589 3336 3661">
     <span class='ocr_line' id='line_1_80' title="bbox 1787 3589 3336 3661; baseline -0.001 -16"><span class='ocrx_word' id='word_1_610' title='bbox 1787 3608 1996 3661; x_wconf 86' lang='lat' dir='ltr'><strong>gerens,</strong></span> <span class='ocrx_word' id='word_1_611' title='bbox 2034 3592 2085 3645; x_wconf 90' lang='lat' dir='ltr'><strong>in</strong></span> <span class='ocrx_word' id='word_1_612' title='bbox 2106 3590 2466 3644; x_wconf 88' lang='lat' dir='ltr'><strong>miserabilem</strong></span> <span class='ocrx_word' id='word_1_613' title='bbox 2506 3589 2651 3642; x_wconf 89' lang='lat' dir='ltr'><strong>illam</strong></span> <span class='ocrx_word' id='word_1_614' title='bbox 2685 3591 2865 3658; x_wconf 88' lang='lat' dir='ltr'><strong>erupit</strong></span> <span class='ocrx_word' id='word_1_615' title='bbox 2898 3604 3103 3656; x_wconf 90' lang='lat' dir='ltr'><strong>vocem,</strong></span> <span class='ocrx_word' id='word_1_616' title='bbox 3136 3592 3336 3646; x_wconf 89' lang='lat' dir='ltr'><strong>diaboli</strong></span> 
     </span>
    </p>
   </div>
   <div class='ocr_carea' id='block_1_81' title="bbox 1788 3679 3349 3751">
    <p class='ocr_par' dir='ltr' id='par_1_81' title="bbox 1788 3679 3349 3751">
     <span class='ocr_line' id='line_1_81' title="bbox 1788 3679 3349 3751; baseline 0.001 -16"><span class='ocrx_word' id='word_1_617' title='bbox 1788 3684 2032 3736; x_wconf 90' lang='lat' dir='ltr'><strong>invocata</strong></span> <span class='ocrx_word' id='word_1_618' title='bbox 2055 3696 2174 3751; x_wconf 90' lang='lat' dir='ltr'><strong>ope.</strong></span> <span class='ocrx_word' id='word_1_619' title='bbox 2222 3679 2488 3735; x_wconf 89' lang='lat' dir='ltr'><strong>Continuo</strong></span> <span class='ocrx_word' id='word_1_620' title='bbox 2528 3690 2705 3734; x_wconf 90' lang='lat' dir='ltr'><strong>autem</strong></span> <span class='ocrx_word' id='word_1_621' title='bbox 2754 3680 3028 3735; x_wconf 90' lang='lat' dir='ltr'><strong>astiterunt</strong></span> <span class='ocrx_word' id='word_1_622' title='bbox 3072 3682 3349 3751; x_wconf 86' lang='lat' dir='ltr'><strong>principes</strong></span> 
     </span>
    </p>
   </div>
   <div class='ocr_carea' id='block_1_82' title="bbox 1789 3772 3349 3843">
    <p class='ocr_par' dir='ltr' id='par_1_82' title="bbox 1789 3772 3349 3843">
     <span class='ocr_line' id='line_1_82' title="bbox 1789 3772 3349 3843; baseline 0 -15"><span class='ocrx_word' id='word_1_623' title='bbox 1789 3774 2071 3843; x_wconf 91' lang='lat' dir='ltr'><strong>potestatis</strong></span> <span class='ocrx_word' id='word_1_624' title='bbox 2117 3773 2460 3827; x_wconf 82' lang='lat' dir='ltr'><strong>tenebrarum</strong></span> <span class='ocrx_word' id='word_1_625' title='bbox 2495 3811 2513 3838; x_wconf 96' lang='lat'><strong>,</strong></span> <span class='ocrx_word' id='word_1_626' title='bbox 2544 3772 2767 3841; x_wconf 87' lang='lat' dir='ltr'><strong>spiritus</strong></span> <span class='ocrx_word' id='word_1_627' title='bbox 2806 3775 3087 3841; x_wconf 71' lang='lat' dir='ltr'><strong>nequitiae;</strong></span> <span class='ocrx_word' id='word_1_628' title='bbox 3121 3788 3349 3843; x_wconf 80' lang='lat' dir='ltr'><strong>magno-</strong></span> 
     </span>
    </p>
   </div>
   <div class='ocr_carea' id='block_1_83' title="bbox 1790 3865 3350 3937">
    <p class='ocr_par' dir='ltr' id='par_1_83' title="bbox 1790 3865 3350 3937">
     <span class='ocr_line' id='line_1_83' title="bbox 1790 3865 3350 3937; baseline -0.001 -18"><span class='ocrx_word' id='word_1_629' title='bbox 1790 3882 1893 3936; x_wconf 92' lang='lat' dir='ltr'><strong>que</strong></span> <span class='ocrx_word' id='word_1_630' title='bbox 1916 3867 2109 3937; x_wconf 87' lang='lat' dir='ltr'><strong>gaudio</strong></span> <span class='ocrx_word' id='word_1_631' title='bbox 2132 3867 2416 3936; x_wconf 90' lang='lat' dir='ltr'><strong>deceptum</strong></span> <span class='ocrx_word' id='word_1_632' title='bbox 2452 3866 2809 3934; x_wconf 86' lang='lat' dir='ltr'><strong>suscipientes</strong></span> <span class='ocrx_word' id='word_1_633' title='bbox 2834 3908 2849 3931; x_wconf 93' lang='lat'><strong>,</strong></span> <span class='ocrx_word' id='word_1_634' title='bbox 2892 3867 2944 3918; x_wconf 92' lang='lat' dir='ltr'><strong>in</strong></span> <span class='ocrx_word' id='word_1_635' title='bbox 2979 3865 3150 3918; x_wconf 93' lang='lat' dir='ltr'><strong>locum</strong></span> <span class='ocrx_word' id='word_1_636' title='bbox 3179 3868 3350 3920; x_wconf 49' lang='lat' dir='ltr'><strong>abdno</strong></span> 
     </span>
    </p>
   </div>
   <div class='ocr_carea' id='block_1_84' title="bbox 1790 3958 3353 4025">
    <p class='ocr_par' dir='ltr' id='par_1_84' title="bbox 1790 3958 3353 4025">
     <span class='ocr_line' id='line_1_84' title="bbox 1790 3958 3353 4025; baseline -0.003 -12"><span class='ocrx_word' id='word_1_637' title='bbox 1790 3970 1985 4015; x_wconf 81' lang='lat' dir='ltr'><strong>xerunt</strong></span> <span class='ocrx_word' id='word_1_638' title='bbox 2013 3960 2101 4013; x_wconf 90' lang='lat' dir='ltr'><strong>ubi</strong></span> <span class='ocrx_word' id='word_1_639' title='bbox 2123 3958 2367 4013; x_wconf 87' lang='lat' dir='ltr'><strong>diabolus</strong></span> <span class='ocrx_word' id='word_1_640' title='bbox 2390 3966 2531 4023; x_wconf 90' lang='lat' dir='ltr'><strong>erat,</strong></span> <span class='ocrx_word' id='word_1_641' title='bbox 2570 3967 2731 4025; x_wconf 87' lang='lat' dir='ltr'><strong>atque</strong></span> <span class='ocrx_word' id='word_1_642' title='bbox 2762 3959 3051 4011; x_wconf 88' lang='lat' dir='ltr'><strong>ostendunt</strong></span> <span class='ocrx_word' id='word_1_643' title='bbox 3078 3959 3353 4012; x_wconf 87' lang='lat' dir='ltr'><strong>sedentem</strong></span> 
     </span>
    </p>
   </div>
   <div class='ocr_carea' id='block_1_85' title="bbox 1789 4048 3349 4117">
    <p class='ocr_par' dir='ltr' id='par_1_85' title="bbox 1789 4048 3349 4117">
     <span class='ocr_line' id='line_1_85' title="bbox 1789 4048 3349 4117; baseline 0 -13"><span class='ocrx_word' id='word_1_644' title='bbox 1789 4051 1842 4104; x_wconf 92' lang='lat' dir='ltr'><strong>in</strong></span> <span class='ocrx_word' id='word_1_645' title='bbox 1883 4050 2015 4105; x_wconf 90' lang='lat' dir='ltr'><strong>solio</strong></span> <span class='ocrx_word' id='word_1_646' title='bbox 2047 4049 2282 4112; x_wconf 80' lang='lat' dir='ltr'><strong>excelso,</strong></span> <span class='ocrx_word' id='word_1_647' title='bbox 2323 4063 2484 4117; x_wconf 84' lang='lat' dir='ltr'><strong>quem</strong></span> <span class='ocrx_word' id='word_1_648' title='bbox 2534 4048 2759 4117; x_wconf 88' lang='lat' dir='ltr'><strong>spiritus</strong></span> <span class='ocrx_word' id='word_1_649' title='bbox 2800 4062 3029 4117; x_wconf 89' lang='lat' dir='ltr'><strong>nequam</strong></span> <span class='ocrx_word' id='word_1_650' title='bbox 3057 4051 3108 4103; x_wconf 89' lang='lat' dir='ltr'><strong>in</strong></span> <span class='ocrx_word' id='word_1_651' title='bbox 3163 4052 3349 4106; x_wconf 84' lang='lat' dir='ltr'><strong>orbem</strong></span> 
     </span>
    </p>
   </div>
   <div class='ocr_carea' id='block_1_86' title="bbox 1789 4139 3349 4209">
    <p class='ocr_par' dir='ltr' id='par_1_86' title="bbox 1789 4139 3349 4209">
     <span class='ocr_line' id='line_1_86' title="bbox 1789 4139 3349 4209; baseline 0.001 -14"><span class='ocrx_word' id='word_1_652' title='bbox 1789 4142 2225 4196; x_wconf 86' lang='lat' dir='ltr'><strong>circumstarent.</strong></span> <span class='ocrx_word' id='word_1_653' title='bbox 2260 4140 2513 4209; x_wconf 83' lang='lat' dir='ltr'><strong>Acceptis</strong></span> <span class='ocrx_word' id='word_1_654' title='bbox 2542 4154 2668 4193; x_wconf 79' lang='lat' dir='ltr'><strong>vero</strong></span> <span class='ocrx_word' id='word_1_655' title='bbox 2712 4139 2934 4194; x_wconf 87' lang='lat' dir='ltr'><strong>veneﬁci</strong></span> <span class='ocrx_word' id='word_1_656' title='bbox 2988 4140 3185 4196; x_wconf 89' lang='lat' dir='ltr'><strong>litteris</strong></span> <span class='ocrx_word' id='word_1_657' title='bbox 3210 4182 3224 4205; x_wconf 95' lang='lat'><strong>,</strong></span> <span class='ocrx_word' id='word_1_658' title='bbox 3271 4145 3349 4197; x_wconf 89' lang='lat' dir='ltr'><strong>ait</strong></span> 
     </span>
    </p>
   </div>
   <div class='ocr_carea' id='block_1_87' title="bbox 1790 4230 3355 4287">
    <p class='ocr_par' dir='ltr' id='par_1_87' title="bbox 1790 4230 3355 4287">
     <span class='ocr_line' id='line_1_87' title="bbox 1790 4230 3355 4287; baseline -0.001 0"><span class='ocrx_word' id='word_1_659' title='bbox 1790 4232 1855 4287; x_wconf 88' lang='lat' dir='ltr'><strong>ad</strong></span> <span class='ocrx_word' id='word_1_660' title='bbox 1886 4234 2139 4286; x_wconf 90' lang='lat' dir='ltr'><strong>miserum</strong></span> <span class='ocrx_word' id='word_1_661' title='bbox 2168 4249 2181 4284; x_wconf 91' lang='lat'>:</span> <span class='ocrx_word' id='word_1_662' title='bbox 2206 4250 2225 4282; x_wconf 85' lang='grc'><strong><em>‹</em></strong></span> <span class='ocrx_word' id='word_1_663' title='bbox 2257 4231 2446 4285; x_wconf 88' lang='lat' dir='ltr'><strong>Credis</strong></span> <span class='ocrx_word' id='word_1_664' title='bbox 2473 4230 2525 4284; x_wconf 89' lang='lat' dir='ltr'><strong>in</strong></span> <span class='ocrx_word' id='word_1_665' title='bbox 2548 4246 2631 4285; x_wconf 87' lang='lat' dir='ltr'><strong>me</strong></span> <span class='ocrx_word' id='word_1_666' title='bbox 2662 4230 2723 4284; x_wconf 66' lang='grc' dir='ltr'><strong><em>τι</em></strong></span> <span class='ocrx_word' id='word_1_667' title='bbox 2758 4233 2846 4286; x_wconf 86' lang='lat' dir='ltr'><strong>Ait</strong></span> <span class='ocrx_word' id='word_1_668' title='bbox 2876 4251 2890 4287; x_wconf 94' lang='lat'>:</span> <span class='ocrx_word' id='word_1_669' title='bbox 2929 4252 2945 4283; x_wconf 79' lang='grc' dir='ltr'>ι</span> <span class='ocrx_word' id='word_1_670' title='bbox 2983 4232 3177 4287; x_wconf 88' lang='lat' dir='ltr'><strong>Credo.</strong></span> <span class='ocrx_word' id='word_1_671' title='bbox 3213 4253 3232 4284; x_wconf 73' lang='grc' dir='ltr'><strong>ι</strong></span> <span class='ocrx_word' id='word_1_672' title='bbox 3265 4233 3355 4286; x_wconf 85' lang='lat' dir='ltr'><strong>Ait</strong></span> 
     </span>
    </p>
   </div>
   <div class='ocr_carea' id='block_1_88' title="bbox 1794 4322 3347 4393">
    <p class='ocr_par' dir='ltr' id='par_1_88' title="bbox 1794 4322 3347 4393">
     <span class='ocr_line' id='line_1_88' title="bbox 1794 4322 3347 4393; baseline -0.001 -17"><span class='ocrx_word' id='word_1_673' title='bbox 1794 4323 1918 4377; x_wconf 90' lang='lat' dir='ltr'><strong>ille:</strong></span> <span class='ocrx_word' id='word_1_674' title='bbox 1952 4341 1970 4373; x_wconf 77' lang='grc' dir='ltr'>ι</span> <span class='ocrx_word' id='word_1_675' title='bbox 2006 4322 2148 4392; x_wconf 84' lang='lat' dir='ltr'><strong>Nega</strong></span> <span class='ocrx_word' id='word_1_676' title='bbox 2187 4323 2459 4377; x_wconf 89' lang='lat' dir='ltr'><strong>Christum</strong></span> <span class='ocrx_word' id='word_1_677' title='bbox 2491 4332 2658 4377; x_wconf 94' lang='lat' dir='ltr'><strong>tuum.</strong></span> <span class='ocrx_word' id='word_1_678' title='bbox 2687 4340 2707 4374; x_wconf 74' lang='grc' dir='ltr'><strong><em>ι</em></strong></span> <span class='ocrx_word' id='word_1_679' title='bbox 2747 4322 2889 4377; x_wconf 79' lang='lat' dir='ltr'><strong>Dixit</strong></span> <span class='ocrx_word' id='word_1_680' title='bbox 2920 4323 3045 4377; x_wconf 89' lang='lat' dir='ltr'><strong>ille:</strong></span> <span class='ocrx_word' id='word_1_681' title='bbox 3090 4341 3109 4373; x_wconf 85' lang='grc'><strong>‹</strong></span> <span class='ocrx_word' id='word_1_682' title='bbox 3142 4324 3303 4393; x_wconf 79' lang='lat' dir='ltr'><strong>Nego.</strong></span> <span class='ocrx_word' id='word_1_683' title='bbox 3328 4343 3347 4375; x_wconf 72' lang='grc' dir='ltr'><strong><em>ι</em></strong></span> 
     </span>
    </p>
   </div>
   <div class='ocr_carea' id='block_1_89' title="bbox 1791 4416 3353 4483">
    <p class='ocr_par' dir='ltr' id='par_1_89' title="bbox 1791 4416 3353 4483">
     <span class='ocr_line' id='line_1_89' title="bbox 1791 4416 3353 4483; baseline 0.002 -15"><span class='ocrx_word' id='word_1_684' title='bbox 1791 4417 1879 4468; x_wconf 89' lang='lat' dir='ltr'><strong>Ait</strong></span> <span class='ocrx_word' id='word_1_685' title='bbox 1909 4416 2009 4483; x_wconf 84' lang='lat' dir='ltr'><strong>ipsi</strong></span> <span class='ocrx_word' id='word_1_686' title='bbox 2036 4416 2277 4468; x_wconf 79' lang='lat' dir='ltr'><strong>diabolus</strong></span> <span class='ocrx_word' id='word_1_687' title='bbox 2312 4434 2323 4469; x_wconf 88' lang='lat'><strong>:</strong></span> <span class='ocrx_word' id='word_1_688' title='bbox 2362 4435 2380 4466; x_wconf 73' lang='grc' dir='ltr'><strong>ε</strong></span> <span class='ocrx_word' id='word_1_689' title='bbox 2412 4416 2637 4471; x_wconf 86' lang='lat' dir='ltr'><strong>Scelesti</strong></span> <span class='ocrx_word' id='word_1_690' title='bbox 2667 4417 2795 4470; x_wconf 91' lang='lat' dir='ltr'><strong>estis</strong></span> <span class='ocrx_word' id='word_1_691' title='bbox 2820 4432 2913 4469; x_wconf 90' lang='lat' dir='ltr'><strong>vos</strong></span> <span class='ocrx_word' id='word_1_692' title='bbox 2941 4417 3257 4482; x_wconf 81' lang='lat' dir='ltr'><strong>Christiani,</strong></span> <span class='ocrx_word' id='word_1_693' title='bbox 3298 4429 3353 4473; x_wconf 91' lang='lat' dir='ltr'><strong>et</strong></span> 
     </span>
    </p>
   </div>
   <div class='ocr_carea' id='block_1_90' title="bbox 164 4506 1681 4589">
    <p class='ocr_par' dir='ltr' id='par_1_90' title="bbox 164 4512 1681 4589">
     <span class='ocr_line' id='line_1_90' title="bbox 164 4512 1681 4589; baseline 0.006 -31"><span class='ocrx_word' id='word_1_694' title='bbox 164 4512 372 4577; x_wconf 81' lang='lat' dir='ltr'><strong>randus,</strong></span> <span class='ocrx_word' id='word_1_695' title='bbox 402 4514 659 4589; x_wconf 81' lang='lat' dir='ltr'><strong>omnique</strong></span> <span class='ocrx_word' id='word_1_696' title='bbox 704 4514 902 4569; x_wconf 88' lang='lat' dir='ltr'><strong>virtute</strong></span> <span class='ocrx_word' id='word_1_697' title='bbox 952 4515 1377 4569; x_wconf 87' lang='lat' dir='ltr'><strong>cumulatissime</strong></span> <span class='ocrx_word' id='word_1_698' title='bbox 1422 4523 1681 4578; x_wconf 88' lang='lat' dir='ltr'><strong>ornatus,</strong></span> 
     </span>
    </p>
   </div>
   <div class='ocr_carea' id='block_1_91' title="bbox 1785 4506 3347 4589">
    <p class='ocr_par' dir='ltr' id='par_1_91' title="bbox 1794 4506 3347 4574">
     <span class='ocr_line' id='line_1_91' title="bbox 1794 4506 3347 4574; baseline 0.001 -16"><span class='ocrx_word' id='word_1_699' title='bbox 1794 4507 2004 4574; x_wconf 89' lang='lat' dir='ltr'><strong>quidem</strong></span> <span class='ocrx_word' id='word_1_700' title='bbox 2040 4507 2253 4574; x_wconf 87' lang='lat' dir='ltr'><strong>quando</strong></span> <span class='ocrx_word' id='word_1_701' title='bbox 2286 4520 2371 4559; x_wconf 89' lang='lat' dir='ltr'><strong>me</strong></span> <span class='ocrx_word' id='word_1_702' title='bbox 2424 4520 2557 4574; x_wconf 91' lang='lat' dir='ltr'><strong>opus</strong></span> <span class='ocrx_word' id='word_1_703' title='bbox 2596 4506 2831 4568; x_wconf 80' lang='lat' dir='ltr'><strong>habetis,</strong></span> <span class='ocrx_word' id='word_1_704' title='bbox 2873 4506 3069 4558; x_wconf 88' lang='lat' dir='ltr'><strong>venitis</strong></span> <span class='ocrx_word' id='word_1_705' title='bbox 3104 4506 3169 4559; x_wconf 90' lang='lat' dir='ltr'><strong>ad</strong></span> <span class='ocrx_word' id='word_1_706' title='bbox 3204 4522 3288 4560; x_wconf 90' lang='lat' dir='ltr'><strong>me</strong></span> <span class='ocrx_word' id='word_1_707' title='bbox 3332 4524 3347 4560; x_wconf 82' lang='lat'><strong>;</strong></span> 
     </span>
    </p>
   </div>
   <div class='ocr_carea' id='block_1_92' title="bbox 164 4600 1686 4675">
    <p class='ocr_par' dir='ltr' id='par_1_92' title="bbox 164 4600 1686 4675">
     <span class='ocr_line' id='line_1_92' title="bbox 164 4600 1686 4675; baseline 0.007 -26"><span class='ocrx_word' id='word_1_708' title='bbox 164 4600 270 4654; x_wconf 76' lang='lat' dir='ltr'><strong>mihi</strong></span> <span class='ocrx_word' id='word_1_709' title='bbox 300 4605 497 4659; x_wconf 90' lang='lat' dir='ltr'><strong>retulit.</strong></span> <span class='ocrx_word' id='word_1_710' title='bbox 540 4604 771 4659; x_wconf 85' lang='lat' dir='ltr'><strong>Senator</strong></span> <span class='ocrx_word' id='word_1_711' title='bbox 793 4606 1034 4675; x_wconf 89' lang='lat' dir='ltr'><strong>quidam,</strong></span> <span class='ocrx_word' id='word_1_712' title='bbox 1066 4607 1149 4657; x_wconf 91' lang='lat' dir='ltr'><strong>vir</strong></span> <span class='ocrx_word' id='word_1_713' title='bbox 1191 4605 1385 4670; x_wconf 87' lang='lat' dir='ltr'><strong>ﬁdelis,</strong></span> <span class='ocrx_word' id='word_1_714' title='bbox 1412 4604 1686 4660; x_wconf 83' lang='lat' dir='ltr'><strong>Proterius</strong></span> 
     </span>
    </p>
   </div>
   <div class='ocr_carea' id='block_1_93' title="bbox 165 4694 1682 4761">
    <p class='ocr_par' dir='ltr' id='par_1_93' title="bbox 165 4694 1682 4761">
     <span class='ocr_line' id='line_1_93' title="bbox 165 4694 1682 4761; baseline 0.008 -20"><span class='ocrx_word' id='word_1_715' title='bbox 165 4694 367 4761; x_wconf 86' lang='lat' dir='ltr'><strong>nomine,</strong></span> <span class='ocrx_word' id='word_1_716' title='bbox 395 4711 518 4750; x_wconf 89' lang='lat' dir='ltr'><strong>cum</strong></span> <span class='ocrx_word' id='word_1_717' title='bbox 544 4697 611 4753; x_wconf 87' lang='lat' dir='ltr'><strong>ad</strong></span> <span class='ocrx_word' id='word_1_718' title='bbox 639 4712 791 4752; x_wconf 85' lang='lat' dir='ltr'><strong>sacra</strong></span> <span class='ocrx_word' id='word_1_719' title='bbox 829 4706 885 4753; x_wconf 90' lang='lat' dir='ltr'><strong>et</strong></span> <span class='ocrx_word' id='word_1_720' title='bbox 912 4697 1214 4751; x_wconf 91' lang='lat' dir='ltr'><strong>veneranda</strong></span> <span class='ocrx_word' id='word_1_721' title='bbox 1244 4696 1359 4751; x_wconf 89' lang='lat' dir='ltr'><strong>loca</strong></span> <span class='ocrx_word' id='word_1_722' title='bbox 1412 4714 1513 4751; x_wconf 92' lang='lat' dir='ltr'><strong>una</strong></span> <span class='ocrx_word' id='word_1_723' title='bbox 1562 4714 1682 4753; x_wconf 92' lang='lat' dir='ltr'><strong>cum</strong></span> 
     </span>
    </p>
   </div>
   <div class='ocr_carea' id='block_1_94' title="bbox 218 4956 1685 5030">
    <p class='ocr_par' dir='ltr' id='par_1_94' title="bbox 218 4956 1685 5030">
     <span class='ocr_line' id='line_1_94' title="bbox 218 4956 1685 5030; baseline 0.003 -19"><span class='ocrx_word' id='word_1_724' title='bbox 218 4956 314 5029; x_wconf 73' lang='grc'>(48)</span> <span class='ocrx_word' id='word_1_725' title='bbox 347 4960 784 5015; x_wconf 80' lang='lat' dir='ltr'><strong>Valentinianum</strong></span> <span class='ocrx_word' id='word_1_726' title='bbox 810 4962 1080 5029; x_wconf 85' lang='lat' dir='ltr'><strong>juniorem</strong></span> <span class='ocrx_word' id='word_1_727' title='bbox 1132 4964 1535 5030; x_wconf 78' lang='lat' dir='ltr'><strong>intelligendum</strong></span> <span class='ocrx_word' id='word_1_728' title='bbox 1598 4962 1685 5015; x_wconf 89' lang='lat' dir='ltr'><strong>hic</strong></span> 
     </span>
    </p>
   </div>
   <div class='ocr_carea' id='block_1_95' title="bbox 164 5032 1681 5149">
    <p class='ocr_par' dir='ltr' id='par_1_95' title="bbox 164 5032 1681 5149">
     <span class='ocr_line' id='line_1_95' title="bbox 164 5032 1681 5149; baseline -0.001 -64"><span class='ocrx_word' id='word_1_729' title='bbox 164 5040 322 5149; x_wconf 45' lang='lat' dir='ltr'><strong>&quot;tinet</strong></span> <span class='ocrx_word' id='word_1_730' title='bbox 359 5033 758 5098; x_wconf 83' lang='lat' dir='ltr'><strong>Combeiisius;</strong></span> <span class='ocrx_word' id='word_1_731' title='bbox 817 5034 999 5087; x_wconf 90' lang='lat' dir='ltr'><strong>senior</strong></span> <span class='ocrx_word' id='word_1_732' title='bbox 1051 5034 1195 5086; x_wconf 91' lang='lat' dir='ltr'><strong>enim</strong></span> <span class='ocrx_word' id='word_1_733' title='bbox 1250 5044 1376 5086; x_wconf 89' lang='lat' dir='ltr'><strong>ante</strong></span> <span class='ocrx_word' id='word_1_734' title='bbox 1410 5032 1681 5086; x_wconf 77' lang='lat' dir='ltr'><strong>Valentem</strong></span> 
     </span>
     <span class='ocr_line' id='line_1_96' title="bbox 164 5109 289 5149; baseline 0.016 -2"><span class='ocrx_word' id='word_1_735' title='bbox 164 5110 188 5147; x_wconf 85' lang='grc' dir='ltr'>ο</span> <span class='ocrx_word' id='word_1_736' title='bbox 223 5109 289 5149; x_wconf 81' lang='grc' dir='ltr'><strong>ιιι.</strong></span> 
     </span>
    </p>
   </div>
   <div class='ocr_carea' id='block_1_96' title="bbox 163 5109 289 5153">
    <p class='ocr_par' dir='ltr' id='par_1_96' title="bbox 163 5109 289 5153">
     <span class='ocr_line' id='line_1_97' title="bbox 163 5109 289 5153; baseline 0.048 -6"><span class='ocrx_word' id='word_1_737' title='bbox 163 5109 289 5153; x_wconf 79' lang='lat' dir='ltr'><strong>Obiit.</strong></span> 
     </span>
    </p>
   </div>
   <div class='ocr_carea' id='block_1_97' title="bbox 225 5168 1676 5240">
    <p class='ocr_par' dir='ltr' id='par_1_97' title="bbox 225 5168 1676 5240">
     <span class='ocr_line' id='line_1_98' title="bbox 225 5168 1676 5240; baseline 0.003 -20"><span class='ocrx_word' id='word_1_738' title='bbox 225 5168 319 5236; x_wconf 66' lang='lat' dir='ltr'><strong>(t9)</strong></span> <span class='ocrx_word' id='word_1_739' title='bbox 362 5169 535 5226; x_wconf 84' lang='lat' dir='ltr'><strong>Fundi</strong></span> <span class='ocrx_word' id='word_1_740' title='bbox 569 5210 583 5233; x_wconf 91' lang='lat'><strong>,</strong></span> <span class='ocrx_word' id='word_1_741' title='bbox 618 5186 647 5224; x_wconf 90' lang='lat' dir='ltr'><strong>a</strong></span> <span class='ocrx_word' id='word_1_742' title='bbox 682 5170 905 5225; x_wconf 85' lang='lat' dir='ltr'><strong>Valente</strong></span> <span class='ocrx_word' id='word_1_743' title='bbox 926 5172 1121 5227; x_wconf 91' lang='lat' dir='ltr'><strong>Basilio</strong></span> <span class='ocrx_word' id='word_1_744' title='bbox 1147 5176 1213 5227; x_wconf 91' lang='lat' dir='ltr'><strong>ad</strong></span> <span class='ocrx_word' id='word_1_745' title='bbox 1248 5171 1527 5240; x_wconf 86' lang='lat' dir='ltr'><strong>hospitalis</strong></span> <span class='ocrx_word' id='word_1_746' title='bbox 1558 5187 1676 5225; x_wconf 88' lang='lat' dir='ltr'><strong>sus-</strong></span> 
     </span>
    </p>
   </div>
   <div class='ocr_carea' id='block_1_98' title="bbox 166 5242 1675 5303">
    <p class='ocr_par' dir='ltr' id='par_1_98' title="bbox 166 5242 1675 5303">
     <span class='ocr_line' id='line_1_99' title="bbox 166 5242 1675 5303; baseline 0.004 -15"><span class='ocrx_word' id='word_1_747' title='bbox 166 5244 478 5295; x_wconf 84' lang='lat' dir='ltr'><strong>tentationem</strong></span> <span class='ocrx_word' id='word_1_748' title='bbox 533 5243 667 5303; x_wconf 82' lang='lat' dir='ltr'><strong>dati,</strong></span> <span class='ocrx_word' id='word_1_749' title='bbox 707 5243 884 5296; x_wconf 79' lang='lat' dir='ltr'><strong>forsan</strong></span> <span class='ocrx_word' id='word_1_750' title='bbox 932 5247 1267 5298; x_wconf 83' lang='lat' dir='ltr'><strong>occasionem</strong></span> <span class='ocrx_word' id='word_1_751' title='bbox 1310 5246 1420 5297; x_wconf 54' lang='lat' dir='ltr'><strong>hac</strong></span> <span class='ocrx_word' id='word_1_752' title='bbox 1452 5242 1675 5295; x_wconf 83' lang='lat' dir='ltr'><strong>commi-</strong></span> 
     </span>
    </p>
   </div>
   <div class='ocr_carea' id='block_1_99' title="bbox 166 5308 1679 5383">
    <p class='ocr_par' dir='ltr' id='par_1_99' title="bbox 166 5308 1679 5383">
     <span class='ocr_line' id='line_1_100' title="bbox 166 5308 1679 5383; baseline 0.005 -26"><span class='ocrx_word' id='word_1_753' title='bbox 166 5308 370 5383; x_wconf 79' lang='lat' dir='ltr'><strong>niscendi</strong></span> <span class='ocrx_word' id='word_1_754' title='bbox 420 5314 768 5380; x_wconf 76' lang='lat' dir='ltr'><strong>praebuerunt</strong></span> <span class='ocrx_word' id='word_1_755' title='bbox 817 5330 829 5365; x_wconf 93' lang='lat'>:</span> <span class='ocrx_word' id='word_1_756' title='bbox 873 5330 1046 5383; x_wconf 84' lang='lat' dir='ltr'><strong>neque</strong></span> <span class='ocrx_word' id='word_1_757' title='bbox 1094 5316 1234 5365; x_wconf 87' lang='lat' dir='ltr'><strong>enim</strong></span> <span class='ocrx_word' id='word_1_758' title='bbox 1286 5324 1406 5381; x_wconf 84' lang='lat' dir='ltr'><strong>post</strong></span> <span class='ocrx_word' id='word_1_759' title='bbox 1446 5310 1679 5365; x_wconf 79' lang='lat' dir='ltr'><strong>Valentis</strong></span> 
     </span>
    </p>
   </div>
   <div class='ocr_carea' id='block_1_100' title="bbox 167 5377 1674 5445">
    <p class='ocr_par' dir='ltr' id='par_1_100' title="bbox 167 5377 1674 5445">
     <span class='ocr_line' id='line_1_101' title="bbox 167 5377 1674 5445; baseline 0.005 -16"><span class='ocrx_word' id='word_1_760' title='bbox 167 5377 338 5432; x_wconf 89' lang='lat' dir='ltr'><strong>obitum</strong></span> <span class='ocrx_word' id='word_1_761' title='bbox 382 5377 565 5435; x_wconf 75' lang='lat' dir='ltr'><strong>tandiu</strong></span> <span class='ocrx_word' id='word_1_762' title='bbox 605 5384 655 5434; x_wconf 90' lang='lat' dir='ltr'><strong>in</strong></span> <span class='ocrx_word' id='word_1_763' title='bbox 688 5384 821 5436; x_wconf 87' lang='lat' dir='ltr'><strong>vivis</strong></span> <span class='ocrx_word' id='word_1_764' title='bbox 870 5377 1096 5436; x_wconf 75' lang='lat' dir='ltr'><strong>Basilius</strong></span> <span class='ocrx_word' id='word_1_765' title='bbox 1143 5377 1371 5445; x_wconf 47' lang='lat' dir='ltr'><strong>fuit,&#39;ut</strong></span> <span class='ocrx_word' id='word_1_766' title='bbox 1404 5396 1462 5436; x_wconf 71' lang='grc' dir='ltr'><strong>θη</strong></span> <span class='ocrx_word' id='word_1_767' title='bbox 1496 5383 1674 5435; x_wconf 80' lang='lat' dir='ltr'><strong>facere</strong></span> 
     </span>
    </p>
   </div>
   <div class='ocr_carea' id='block_1_101' title="bbox 168 5451 1677 5521">
    <p class='ocr_par' dir='ltr' id='par_1_101' title="bbox 168 5451 1677 5521">
     <span class='ocr_line' id='line_1_102' title="bbox 168 5451 1677 5521; baseline 0.007 -26"><span class='ocrx_word' id='word_1_768' title='bbox 168 5451 406 5521; x_wconf 73' lang='lat' dir='ltr'><strong>moraliter</strong></span> <span class='ocrx_word' id='word_1_769' title='bbox 436 5454 694 5519; x_wconf 87' lang='lat' dir='ltr'><strong>potuerit,</strong></span> <span class='ocrx_word' id='word_1_770' title='bbox 712 5467 827 5518; x_wconf 67' lang='lat' dir='ltr'><strong>quas</strong></span> <span class='ocrx_word' id='word_1_771' title='bbox 850 5453 1038 5507; x_wconf 77' lang='lat' dir='ltr'><strong>fecisse</strong></span> <span class='ocrx_word' id='word_1_772' title='bbox 1066 5453 1262 5507; x_wconf 91' lang='lat' dir='ltr'><strong>dicitur</strong></span> <span class='ocrx_word' id='word_1_773' title='bbox 1284 5466 1403 5521; x_wconf 79' lang='lat' dir='ltr'><strong>poSt</strong></span> <span class='ocrx_word' id='word_1_774' title='bbox 1429 5463 1677 5520; x_wconf 89' lang='lat' dir='ltr'><strong>acceptas</strong></span> 
     </span>
    </p>
   </div>
   <div class='ocr_carea' id='block_1_102' title="bbox 168 5517 872 5590">
    <p class='ocr_par' dir='ltr' id='par_1_102' title="bbox 168 5517 872 5590">
     <span class='ocr_line' id='line_1_103' title="bbox 168 5517 872 5590; baseline 0.007 -21"><span class='ocrx_word' id='word_1_775' title='bbox 168 5529 189 5566; x_wconf 82' lang='lat' dir='ltr'><strong>a</strong></span> <span class='ocrx_word' id='word_1_776' title='bbox 220 5517 571 5590; x_wconf 71' lang='lat' dir='ltr'><strong>Valentiniano</strong></span> <span class='ocrx_word' id='word_1_777' title='bbox 602 5517 872 5590; x_wconf 77' lang='lat' dir='ltr'><strong>pecunias.</strong></span> 
     </span>
    </p>
   </div>
   <div class='ocr_carea' id='block_1_103' title="bbox 225 5587 1674 5663">
    <p class='ocr_par' dir='ltr' id='par_1_103' title="bbox 225 5587 1674 5663">
     <span class='ocr_line' id='line_1_104' title="bbox 225 5587 1674 5663; baseline 0.003 -23"><span class='ocrx_word' id='word_1_778' title='bbox 225 5587 322 5656; x_wconf 62' lang='grc' dir='ltr'><strong>(ὅθ)</strong></span> <span class='ocrx_word' id='word_1_779' title='bbox 352 5587 648 5645; x_wconf 82' lang='lat' dir='ltr'><strong>Helladiuin</strong></span> <span class='ocrx_word' id='word_1_780' title='bbox 679 5590 857 5663; x_wconf 75' lang='lat' dir='ltr'><strong>Basilii</strong></span> <span class='ocrx_word' id='word_1_781' title='bbox 886 5594 937 5646; x_wconf 93' lang='lat' dir='ltr'><strong>in</strong></span> <span class='ocrx_word' id='word_1_782' title='bbox 972 5594 1278 5663; x_wconf 72' lang='lat' dir='ltr'><strong>episcopatu</strong></span> <span class='ocrx_word' id='word_1_783' title='bbox 1310 5605 1674 5663; x_wconf 90' lang='lat' dir='ltr'><strong>successorem</strong></span> 
     </span>
    </p>
   </div>
   <div class='ocr_carea' id='block_1_104' title="bbox 170 5652 1678 5720">
    <p class='ocr_par' dir='ltr' id='par_1_104' title="bbox 170 5652 1678 5720">
     <span class='ocr_line' id='line_1_105' title="bbox 170 5652 1678 5720; baseline 0.007 -18"><span class='ocrx_word' id='word_1_784' title='bbox 170 5652 324 5720; x_wconf 44' lang='lat' dir='ltr'><strong>insse,</strong></span> <span class='ocrx_word' id='word_1_785' title='bbox 362 5664 609 5715; x_wconf 88' lang='lat' dir='ltr'><strong>omnibus</strong></span> <span class='ocrx_word' id='word_1_786' title='bbox 636 5672 717 5715; x_wconf 81' lang='lat' dir='ltr'><strong>est</strong></span> <span class='ocrx_word' id='word_1_787' title='bbox 741 5652 1093 5716; x_wconf 72' lang='lat' dir='ltr'><strong>indubitatum</strong></span> <span class='ocrx_word' id='word_1_788' title='bbox 1136 5655 1345 5717; x_wconf 49' lang='lat' dir='ltr'><strong>{Vitam</strong></span> <span class='ocrx_word' id='word_1_789' title='bbox 1378 5662 1678 5714; x_wconf 67' lang='lat' dir='ltr'><strong>decessoris</strong></span> 
     </span>
    </p>
   </div>
   <div class='ocr_carea' id='block_1_105' title="bbox 172 5728 1676 5803">
    <p class='ocr_par' dir='ltr' id='par_1_105' title="bbox 172 5728 1676 5803">
     <span class='ocr_line' id='line_1_106' title="bbox 172 5728 1676 5803; baseline 0.002 -24"><span class='ocrx_word' id='word_1_790' title='bbox 172 5728 318 5803; x_wconf 68' lang='lat' dir='ltr'><strong>abillo</strong></span> <span class='ocrx_word' id='word_1_791' title='bbox 352 5734 731 5799; x_wconf 84' lang='lat' dir='ltr'><strong>conscriptam,</strong></span> <span class='ocrx_word' id='word_1_792' title='bbox 766 5735 1033 5803; x_wconf 81' lang='lat' dir='ltr'><strong>credimus</strong></span> <span class='ocrx_word' id='word_1_793' title='bbox 1056 5736 1135 5803; x_wconf 88' lang='lat' dir='ltr'><strong>(ut</strong></span> <span class='ocrx_word' id='word_1_794' title='bbox 1165 5750 1259 5801; x_wconf 87' lang='lat' dir='ltr'><strong>par</strong></span> <span class='ocrx_word' id='word_1_795' title='bbox 1281 5742 1383 5798; x_wconf 77' lang='lat' dir='ltr'><strong>est)</strong></span> <span class='ocrx_word' id='word_1_796' title='bbox 1426 5732 1482 5783; x_wconf 84' lang='lat' dir='ltr'><strong>S.</strong></span> <span class='ocrx_word' id='word_1_797' title='bbox 1513 5731 1676 5783; x_wconf 79' lang='lat' dir='ltr'><strong>Joan-</strong></span> 
     </span>
    </p>
   </div>
   <div class='ocr_carea' id='block_1_106' title="bbox 172 5799 1675 5873">
    <p class='ocr_par' dir='ltr' id='par_1_106' title="bbox 172 5799 1675 5873">
     <span class='ocr_line' id='line_1_107' title="bbox 172 5799 1675 5873; baseline 0.008 -30"><span class='ocrx_word' id='word_1_798' title='bbox 172 5799 211 5845; x_wconf 87' lang='lat' dir='ltr'><strong>ni</strong></span> <span class='ocrx_word' id='word_1_799' title='bbox 240 5799 570 5867; x_wconf 68' lang='lat' dir='ltr'><strong>Danaas-ceno,</strong></span> <span class='ocrx_word' id='word_1_800' title='bbox 600 5804 689 5873; x_wconf 82' lang='lat' dir='ltr'><strong>qui</strong></span> <span class='ocrx_word' id='word_1_801' title='bbox 716 5802 915 5857; x_wconf 82' lang='lat' dir='ltr'><strong>utinam</strong></span> <span class='ocrx_word' id='word_1_802' title='bbox 955 5804 1020 5858; x_wconf 90' lang='lat' dir='ltr'><strong>ad</strong></span> <span class='ocrx_word' id='word_1_803' title='bbox 1065 5799 1176 5858; x_wconf 74' lang='lat' dir='ltr'><strong>nos</strong></span> <span class='ocrx_word' id='word_1_804' title='bbox 1192 5813 1395 5859; x_wconf 87' lang='lat' dir='ltr'><strong>tantum</strong></span> <span class='ocrx_word' id='word_1_805' title='bbox 1423 5803 1675 5857; x_wconf 81' lang='lat' dir='ltr'><strong>transmi-</strong></span> 
     </span>
    </p>
   </div>
   <div class='ocr_carea' id='block_1_107' title="bbox 1797 4595 3346 4664">
    <p class='ocr_par' dir='ltr' id='par_1_107' title="bbox 1797 4595 3346 4664">
     <span class='ocr_line' id='line_1_108' title="bbox 1797 4595 3346 4664; baseline -0.002 -13"><span class='ocrx_word' id='word_1_806' title='bbox 1797 4600 1883 4652; x_wconf 90' lang='lat' dir='ltr'><strong>ubi</strong></span> <span class='ocrx_word' id='word_1_807' title='bbox 1916 4610 2092 4651; x_wconf 90' lang='lat' dir='ltr'><strong>autem</strong></span> <span class='ocrx_word' id='word_1_808' title='bbox 2142 4598 2373 4652; x_wconf 85' lang='lat' dir='ltr'><strong>assecuti</strong></span> <span class='ocrx_word' id='word_1_809' title='bbox 2405 4599 2539 4651; x_wconf 89' lang='lat' dir='ltr'><strong>estis</strong></span> <span class='ocrx_word' id='word_1_810' title='bbox 2570 4597 2712 4664; x_wconf 90' lang='lat' dir='ltr'><strong>quod</strong></span> <span class='ocrx_word' id='word_1_811' title='bbox 2739 4603 2821 4648; x_wconf 90' lang='lat' dir='ltr'><strong>est</strong></span> <span class='ocrx_word' id='word_1_812' title='bbox 2856 4595 2906 4648; x_wconf 93' lang='lat' dir='ltr'><strong>in</strong></span> <span class='ocrx_word' id='word_1_813' title='bbox 2931 4600 3087 4659; x_wconf 89' lang='lat' dir='ltr'><strong>votis,</strong></span> <span class='ocrx_word' id='word_1_814' title='bbox 3116 4611 3200 4649; x_wconf 88' lang='lat' dir='ltr'><strong>me</strong></span> <span class='ocrx_word' id='word_1_815' title='bbox 3252 4610 3346 4649; x_wconf 88' lang='lat' dir='ltr'><strong>ne-</strong></span> 
     </span>
    </p>
   </div>
   <div class='ocr_carea' id='block_1_108' title="bbox 1795 4689 3344 4760">
    <p class='ocr_par' dir='ltr' id='par_1_108' title="bbox 1795 4689 3344 4760">
     <span class='ocr_line' id='line_1_109' title="bbox 1795 4689 3344 4760; baseline -0.001 -17"><span class='ocrx_word' id='word_1_816' title='bbox 1795 4692 1952 4760; x_wconf 86' lang='lat' dir='ltr'><strong>gatis,</strong></span> <span class='ocrx_word' id='word_1_817' title='bbox 2005 4702 2059 4744; x_wconf 92' lang='lat' dir='ltr'><strong>et</strong></span> <span class='ocrx_word' id='word_1_818' title='bbox 2087 4692 2340 4745; x_wconf 87' lang='lat' dir='ltr'><strong>acceditis</strong></span> <span class='ocrx_word' id='word_1_819' title='bbox 2367 4690 2432 4743; x_wconf 91' lang='lat' dir='ltr'><strong>ad</strong></span> <span class='ocrx_word' id='word_1_820' title='bbox 2464 4689 2736 4743; x_wconf 78' lang='lat' dir='ltr'><strong>Christum</strong></span> <span class='ocrx_word' id='word_1_821' title='bbox 2765 4696 3037 4752; x_wconf 88' lang='lat' dir='ltr'><strong>vestrum;</strong></span> <span class='ocrx_word' id='word_1_822' title='bbox 3072 4690 3164 4755; x_wconf 90' lang='lat' dir='ltr'><strong>qui</strong></span> <span class='ocrx_word' id='word_1_823' title='bbox 3224 4702 3344 4741; x_wconf 88' lang='lat' dir='ltr'><strong>cum</strong></span> 
     </span>
    </p>
   </div>
   <div class='ocr_carea' id='block_1_109' title="bbox 1796 4954 3354 5023">
    <p class='ocr_par' dir='ltr' id='par_1_109' title="bbox 1796 4954 3354 5023">
     <span class='ocr_line' id='line_1_110' title="bbox 1796 4954 3354 5023; baseline -0.004 -10"><span class='ocrx_word' id='word_1_824' title='bbox 1796 4959 2313 5013; x_wconf 85' lang='lat' dir='ltr'><strong>sissetthesauruml</strong></span> <span class='ocrx_word' id='word_1_825' title='bbox 2344 4974 2463 5011; x_wconf 90' lang='lat' dir='ltr'><strong>eum</strong></span> <span class='ocrx_word' id='word_1_826' title='bbox 2494 4957 2633 5010; x_wconf 89' lang='lat' dir='ltr'><strong>enim</strong></span> <span class='ocrx_word' id='word_1_827' title='bbox 2670 4955 2877 5009; x_wconf 87' lang='lat' dir='ltr'><strong>videtur</strong></span> <span class='ocrx_word' id='word_1_828' title='bbox 2922 4970 3028 5023; x_wconf 69' lang='lat' dir='ltr'><strong>prae</strong></span> <span class='ocrx_word' id='word_1_829' title='bbox 3050 4954 3220 5009; x_wconf 90' lang='lat' dir='ltr'><strong>oculis</strong></span> <span class='ocrx_word' id='word_1_830' title='bbox 3257 4954 3354 5008; x_wconf 87' lang='lat' dir='ltr'><strong>ha—</strong></span> 
     </span>
    </p>
   </div>
   <div class='ocr_carea' id='block_1_110' title="bbox 1790 5024 3353 5093">
    <p class='ocr_par' dir='ltr' id='par_1_110' title="bbox 1790 5024 3353 5093">
     <span class='ocr_line' id='line_1_111' title="bbox 1790 5024 3353 5093; baseline -0.003 -10"><span class='ocrx_word' id='word_1_831' title='bbox 1790 5032 1987 5089; x_wconf 89' lang='lat' dir='ltr'><strong>buisse,</strong></span> <span class='ocrx_word' id='word_1_832' title='bbox 2018 5046 2137 5083; x_wconf 88' lang='lat' dir='ltr'><strong>cum</strong></span> <span class='ocrx_word' id='word_1_833' title='bbox 2172 5030 2343 5082; x_wconf 90' lang='lat' dir='ltr'><strong>locum</strong></span> <span class='ocrx_word' id='word_1_834' title='bbox 2379 5028 2503 5081; x_wconf 89' lang='lat' dir='ltr'><strong>inde</strong></span> <span class='ocrx_word' id='word_1_835' title='bbox 2528 5042 2688 5080; x_wconf 90' lang='lat' dir='ltr'><strong>unum</strong></span> <span class='ocrx_word' id='word_1_836' title='bbox 2715 5027 2999 5093; x_wconf 86' lang='lat' dir='ltr'><strong>descripsit</strong></span> <span class='ocrx_word' id='word_1_837' title='bbox 3030 5027 3080 5078; x_wconf 92' lang='grc'><strong>111</strong></span> <span class='ocrx_word' id='word_1_838' title='bbox 3111 5024 3353 5079; x_wconf 86' lang='lat' dir='ltr'><strong>oratione</strong></span> 
     </span>
    </p>
   </div>
   <div class='ocr_carea' id='block_1_111' title="bbox 1791 5097 3348 5168">
    <p class='ocr_par' dir='ltr' id='par_1_111' title="bbox 1791 5097 3348 5168">
     <span class='ocr_line' id='line_1_112' title="bbox 1791 5097 3348 5168; baseline -0.003 -17"><span class='ocrx_word' id='word_1_839' title='bbox 1791 5116 1889 5168; x_wconf 80' lang='lat' dir='ltr'><strong>pro</strong></span> <span class='ocrx_word' id='word_1_840' title='bbox 1906 5102 2077 5152; x_wconf 84' lang='lat' dir='ltr'><strong>sacris</strong></span> <span class='ocrx_word' id='word_1_841' title='bbox 2095 5100 2521 5168; x_wconf 81' lang='lat' dir='ltr'><strong>imaginibus.An</strong></span> <span class='ocrx_word' id='word_1_842' title='bbox 2542 5112 2668 5151; x_wconf 85' lang='lat' dir='ltr'><strong>vero</strong></span> <span class='ocrx_word' id='word_1_843' title='bbox 2688 5111 2771 5168; x_wconf 63' lang='lat' dir='ltr'><strong>ea,</strong></span> <span class='ocrx_word' id='word_1_844' title='bbox 2791 5112 2907 5164; x_wconf 78' lang='lat' dir='ltr'><strong>qua:</strong></span> <span class='ocrx_word' id='word_1_845' title='bbox 2933 5097 3018 5151; x_wconf 89' lang='lat' dir='ltr'><strong>hic</strong></span> <span class='ocrx_word' id='word_1_846' title='bbox 3040 5105 3348 5168; x_wconf 79' lang='lat' dir='ltr'><strong>narrantur,</strong></span> 
     </span>
    </p>
   </div>
   <div class='ocr_carea' id='block_1_112' title="bbox 1790 5165 3354 5234">
    <p class='ocr_par' dir='ltr' id='par_1_112' title="bbox 1790 5165 3354 5234">
     <span class='ocr_line' id='line_1_113' title="bbox 1790 5165 3354 5234; baseline -0.003 -13"><span class='ocrx_word' id='word_1_847' title='bbox 1790 5165 1853 5221; x_wconf 80' lang='lat' dir='ltr'><strong>ex</strong></span> <span class='ocrx_word' id='word_1_848' title='bbox 1891 5170 2125 5223; x_wconf 87' lang='lat' dir='ltr'><strong>llelladio</strong></span> <span class='ocrx_word' id='word_1_849' title='bbox 2158 5165 2283 5232; x_wconf 84' lang='lat' dir='ltr'><strong>sint,</strong></span> <span class='ocrx_word' id='word_1_850' title='bbox 2315 5167 2722 5234; x_wconf 88' lang='lat' dir='ltr'><strong>lectorjudicet.</strong></span> <span class='ocrx_word' id='word_1_851' title='bbox 2748 5166 2928 5219; x_wconf 84' lang='lat' dir='ltr'><strong>Potuit</strong></span> <span class='ocrx_word' id='word_1_852' title='bbox 2951 5169 3094 5218; x_wconf 88' lang='lat' dir='ltr'><strong>enim</strong></span> <span class='ocrx_word' id='word_1_853' title='bbox 3134 5165 3269 5228; x_wconf 86' lang='lat' dir='ltr'><strong>lieri,</strong></span> <span class='ocrx_word' id='word_1_854' title='bbox 3296 5177 3354 5217; x_wconf 88' lang='lat' dir='ltr'><strong>ut</strong></span> 
     </span>
    </p>
   </div>
   <div class='ocr_carea' id='block_1_113' title="bbox 1784 5234 3353 5305">
    <p class='ocr_par' dir='ltr' id='par_1_113' title="bbox 1784 5234 3353 5305">
     <span class='ocr_line' id='line_1_114' title="bbox 1784 5234 3353 5305; baseline -0.005 -11"><span class='ocrx_word' id='word_1_855' title='bbox 1784 5255 1847 5294; x_wconf 87' lang='lat' dir='ltr'><strong>eo</strong></span> <span class='ocrx_word' id='word_1_856' title='bbox 1874 5256 1977 5305; x_wconf 90' lang='lat' dir='ltr'><strong>quo</strong></span> <span class='ocrx_word' id='word_1_857' title='bbox 2006 5238 2644 5305; x_wconf 80' lang='lat' dir='ltr'><strong>pseudo-Amphilochius</strong></span> <span class='ocrx_word' id='word_1_858' title='bbox 2672 5238 2897 5303; x_wconf 87' lang='lat' dir='ltr'><strong>scripsit</strong></span> <span class='ocrx_word' id='word_1_859' title='bbox 2963 5245 3221 5301; x_wconf 83' lang='lat' dir='ltr'><strong>tempore,</strong></span> <span class='ocrx_word' id='word_1_860' title='bbox 3243 5234 3353 5287; x_wconf 81' lang='lat' dir='ltr'><strong>fra-</strong></span> 
     </span>
    </p>
   </div>
   <div class='ocr_carea' id='block_1_114' title="bbox 1791 5306 3354 5377">
    <p class='ocr_par' dir='ltr' id='par_1_114' title="bbox 1791 5306 3354 5377">
     <span class='ocr_line' id='line_1_115' title="bbox 1791 5306 3354 5377; baseline -0.004 -16"><span class='ocrx_word' id='word_1_861' title='bbox 1791 5320 2004 5377; x_wconf 85' lang='lat' dir='ltr'><strong>gmenta</strong></span> <span class='ocrx_word' id='word_1_862' title='bbox 2034 5312 2274 5376; x_wconf 69' lang='lat' dir='ltr'><strong>quasdam</strong></span> <span class='ocrx_word' id='word_1_863' title='bbox 2302 5307 2520 5361; x_wconf 87' lang='lat' dir='ltr'><strong>Helladii</strong></span> <span class='ocrx_word' id='word_1_864' title='bbox 2557 5316 2849 5370; x_wconf 79' lang='lat' dir='ltr'><strong>exstarent,</strong></span> <span class='ocrx_word' id='word_1_865' title='bbox 2877 5306 3354 5377; x_wconf 71' lang='lat' dir='ltr'><strong>quteipse_retule-</strong></span> 
     </span>
    </p>
   </div>
   <div class='ocr_carea' id='block_1_115' title="bbox 1787 5374 3348 5441">
    <p class='ocr_par' dir='ltr' id='par_1_115' title="bbox 1787 5374 3348 5441">
     <span class='ocr_line' id='line_1_116' title="bbox 1787 5374 3348 5441; baseline -0.001 -12"><span class='ocrx_word' id='word_1_866' title='bbox 1787 5374 1859 5430; x_wconf 61' lang='lat' dir='ltr'><strong>fit</strong></span> <span class='ocrx_word' id='word_1_867' title='bbox 1912 5381 1961 5432; x_wconf 92' lang='lat' dir='ltr'><strong>in</strong></span> <span class='ocrx_word' id='word_1_868' title='bbox 2029 5374 2281 5431; x_wconf 82' lang='lat' dir='ltr'><strong>Basilium</strong></span> <span class='ocrx_word' id='word_1_869' title='bbox 2340 5393 2514 5431; x_wconf 86' lang='lat' dir='ltr'><strong>suum.</strong></span> <span class='ocrx_word' id='word_1_870' title='bbox 2574 5378 2725 5441; x_wconf 83' lang='lat' dir='ltr'><strong>Quod</strong></span> <span class='ocrx_word' id='word_1_871' title='bbox 2785 5379 2975 5427; x_wconf 88' lang='lat' dir='ltr'><strong>attinet</strong></span> <span class='ocrx_word' id='word_1_872' title='bbox 3023 5378 3087 5427; x_wconf 88' lang='lat' dir='ltr'><strong>ad</strong></span> <span class='ocrx_word' id='word_1_873' title='bbox 3123 5374 3348 5427; x_wconf 79' lang='lat' dir='ltr'><strong>Proterii</strong></span> 
     </span>
    </p>
   </div>
   <div class='ocr_carea' id='block_1_116' title="bbox 1789 5446 3345 5514">
    <p class='ocr_par' dir='ltr' id='par_1_116' title="bbox 1789 5446 3345 5514">
     <span class='ocr_line' id='line_1_117' title="bbox 1789 5446 3345 5514; baseline -0.003 -14"><span class='ocrx_word' id='word_1_874' title='bbox 1789 5450 1973 5510; x_wconf 86' lang='lat' dir='ltr'><strong>ﬁliam,</strong></span> <span class='ocrx_word' id='word_1_875' title='bbox 2011 5466 2036 5500; x_wconf 80' lang='lat' dir='ltr'><strong>:I</strong></span> <span class='ocrx_word' id='word_1_876' title='bbox 2072 5452 2309 5502; x_wconf 74' lang='lat' dir='ltr'><strong>dtemnue</strong></span> <span class='ocrx_word' id='word_1_877' title='bbox 2362 5449 2411 5500; x_wconf 91' lang='lat' dir='ltr'><strong>in</strong></span> <span class='ocrx_word' id='word_1_878' title='bbox 2455 5462 2691 5500; x_wconf 89' lang='lat' dir='ltr'><strong>amorem</strong></span> <span class='ocrx_word' id='word_1_879' title='bbox 2737 5446 2949 5514; x_wconf 86' lang='lat' dir='ltr'><strong>juvenis</strong></span> <span class='ocrx_word' id='word_1_880' title='bbox 2998 5449 3345 5507; x_wconf 86' lang='lat' dir='ltr'><strong>concitatam,</strong></span> 
     </span>
    </p>
   </div>
   <div class='ocr_carea' id='block_1_117' title="bbox 1788 5514 3341 5587">
    <p class='ocr_par' dir='ltr' id='par_1_117' title="bbox 1788 5514 3341 5587">
     <span class='ocr_line' id='line_1_118' title="bbox 1788 5514 3341 5587; baseline -0.003 -17"><span class='ocrx_word' id='word_1_881' title='bbox 1788 5520 1962 5573; x_wconf 80' lang='lat' dir='ltr'><strong>simile</strong></span> <span class='ocrx_word' id='word_1_882' title='bbox 1987 5520 2113 5587; x_wconf 89' lang='lat' dir='ltr'><strong>quid</strong></span> <span class='ocrx_word' id='word_1_883' title='bbox 2147 5518 2437 5583; x_wconf 76' lang='lat' dir='ltr'><strong>contigisse</strong></span> <span class='ocrx_word' id='word_1_884' title='bbox 2490 5517 2551 5569; x_wconf 89' lang='grc' dir='ltr'><strong>Β.</strong></span> <span class='ocrx_word' id='word_1_885' title='bbox 2588 5516 2766 5568; x_wconf 75' lang='lat' dir='ltr'><strong>Maria:</strong></span> <span class='ocrx_word' id='word_1_886' title='bbox 2796 5517 3149 5587; x_wconf 52' lang='lat' dir='ltr'><strong>Antiochense</strong></span> <span class='ocrx_word' id='word_1_887' title='bbox 3204 5514 3341 5567; x_wconf 83' lang='lat' dir='ltr'><strong>rele-</strong></span> 
     </span>
    </p>
   </div>
   <div class='ocr_carea' id='block_1_118' title="bbox 1790 5585 3345 5654">
    <p class='ocr_par' dir='ltr' id='par_1_118' title="bbox 1790 5585 3345 5654">
     <span class='ocr_line' id='line_1_119' title="bbox 1790 5585 3345 5654; baseline -0.003 -14"><span class='ocrx_word' id='word_1_888' title='bbox 1790 5590 1956 5642; x_wconf 88' lang='lat' dir='ltr'><strong>rimus</strong></span> <span class='ocrx_word' id='word_1_889' title='bbox 1984 5585 2125 5641; x_wconf 74' lang='lat' dir='ltr'><strong>tumo</strong></span> <span class='ocrx_word' id='word_1_890' title='bbox 2166 5588 2249 5641; x_wconf 76' lang='lat' dir='ltr'><strong>VII</strong></span> <span class='ocrx_word' id='word_1_891' title='bbox 2284 5590 2428 5654; x_wconf 77' lang='lat' dir='ltr'><strong>Maii,</strong></span> <span class='ocrx_word' id='word_1_892' title='bbox 2459 5590 2543 5641; x_wconf 88' lang='lat' dir='ltr'><strong>die</strong></span> <span class='ocrx_word' id='word_1_893' title='bbox 2574 5587 2662 5649; x_wconf 72' lang='lat'><strong>‘29,</strong></span> <span class='ocrx_word' id='word_1_894' title='bbox 2714 5602 2833 5654; x_wconf 80' lang='lat' dir='ltr'><strong>pag.</strong></span> <span class='ocrx_word' id='word_1_895' title='bbox 2866 5586 2950 5638; x_wconf 71' lang='lat'><strong>52.</strong></span> <span class='ocrx_word' id='word_1_896' title='bbox 2997 5585 3121 5636; x_wconf 83' lang='lat' dir='ltr'><strong>Mihi</strong></span> <span class='ocrx_word' id='word_1_897' title='bbox 3172 5594 3345 5635; x_wconf 83' lang='lat' dir='ltr'><strong>tamen</strong></span> 
     </span>
    </p>
   </div>
   <div class='ocr_carea' id='block_1_119' title="bbox 1784 5655 3343 5723">
    <p class='ocr_par' dir='ltr' id='par_1_119' title="bbox 1784 5655 3343 5723">
     <span class='ocr_line' id='line_1_120' title="bbox 1784 5655 3343 5723; baseline -0.004 -12"><span class='ocrx_word' id='word_1_898' title='bbox 1784 5661 2144 5712; x_wconf 78' lang='lat' dir='ltr'><strong>verosimilins</strong></span> <span class='ocrx_word' id='word_1_899' title='bbox 2217 5668 2345 5722; x_wconf 90' lang='lat' dir='ltr'><strong>est,</strong></span> <span class='ocrx_word' id='word_1_900' title='bbox 2426 5661 2670 5711; x_wconf 83' lang='lat' dir='ltr'><strong>eumdem</strong></span> <span class='ocrx_word' id='word_1_901' title='bbox 2740 5658 2827 5723; x_wconf 82' lang='lat' dir='ltr'><strong>qui</strong></span> <span class='ocrx_word' id='word_1_902' title='bbox 2910 5655 3343 5723; x_wconf 73' lang='lat' dir='ltr'><strong>Amphilochium</strong></span> 
     </span>
    </p>
   </div>
   <div class='ocr_carea' id='block_1_120' title="bbox 1784 5726 3348 5793">
    <p class='ocr_par' dir='ltr' id='par_1_120' title="bbox 1784 5726 3348 5793">
     <span class='ocr_line' id='line_1_121' title="bbox 1784 5726 3348 5793; baseline -0.004 -10"><span class='ocrx_word' id='word_1_903' title='bbox 1784 5732 2040 5785; x_wconf 84' lang='lat' dir='ltr'><strong>mentitus</strong></span> <span class='ocrx_word' id='word_1_904' title='bbox 2090 5740 2172 5784; x_wconf 88' lang='lat' dir='ltr'><strong>est</strong></span> <span class='ocrx_word' id='word_1_905' title='bbox 2252 5730 2467 5784; x_wconf 88' lang='lat' dir='ltr'><strong>mentiri</strong></span> <span class='ocrx_word' id='word_1_906' title='bbox 2512 5729 2672 5783; x_wconf 86' lang='lat' dir='ltr'><strong>etiam</strong></span> <span class='ocrx_word' id='word_1_907' title='bbox 2735 5727 3035 5780; x_wconf 81' lang='lat' dir='ltr'><strong>Heiladium</strong></span> <span class='ocrx_word' id='word_1_908' title='bbox 3093 5726 3348 5793; x_wconf 80' lang='lat' dir='ltr'><strong>potuisse.</strong></span> 
     </span>
    </p>
   </div>
  </div>
