4066 6314
675 365 768 405 CCC
775 364 870 406 VIII

2020 341 2553 401 PROLECOMENA.

675 474 745 529 sit
785 473 980 535 bonus,
1007 482 1105 525 vos
1138 464 1386 539 suscipit.
1411 466 1701 523 Enimvero
1739 467 1821 522 fac
1867 468 2068 537 scripto
2121 476 2234 522 tum
2266 478 2311 532 Α
2339 466 2711 522 confustoncm
2746 480 2917 521 meam
2949 466 2971 517 ?
3026 465 3137 521 Heu
3168 478 3255 519 me
3282 464 3590 523 infelicem!
3652 462 3708 519 in
3760 466 3899 534 quod

674 558 875 617 Christi
920 560 995 615 tui
1046 567 1101 615 et
1124 558 1470 629 baptismatis
1505 567 1857 628 spontaneam
1888 559 2238 613 abrenuntia—

677 654 917 717 tionem,
955 660 1067 707 tum
1120 650 1348 707 liberam
1376 651 1432 705 in
1481 665 1568 705 me
1606 651 1659 704 in
1693 651 1887 708 saecula
1911 650 2238 717 cautionem,

676 746 927 817 quodque
959 758 1170 800 mecum
1204 745 1282 800 sis
1328 741 1543 797 futurus
1574 743 1627 797 in
1655 744 1742 799 die
1774 742 1985 815 iudicii,
2031 757 2240 798 meeum

676 846 863 906 parata
896 836 1027 891 mihi
1053 846 1253 893 aeterna
1284 843 1643 906 percepturus
1671 835 1960 907 supplicia,
2005 850 2239 905 moxque

676 929 873 998 impleo
911 938 1035 984 vota
1060 936 1171 984 tua.
1216 946 1239 981 ι
1281 929 1349 982 At
1382 928 1470 983 ille
1518 945 1678 985 manu
1730 929 1946 998 propria
1978 928 2239 998 scriptum

675 1020 862 1085 edidit,
884 1022 1041 1091 quale
1064 1022 1240 1076 fuerat
1267 1029 1509 1091 rogatus.

745 1110 883 1170 Post
930 1114 1045 1169 brec
1070 1126 1201 1167 vero
1233 1112 1537 1168 animarum
1562 1111 1785 1169 vitiator
1810 1110 1980 1166 draco
2007 1110 2243 1166 destinat

678 1205 953 1261 daemones
1005 1204 1355 1262 fornicationi
1382 1204 1723 1275 przepositos,
1761 1204 1907 1273 iique
1929 1202 2161 1272 puellam
2190 1202 2243 1256 in

676 1297 778 1349 viri
796 1310 1035 1351 amorem
1069 1296 1383 1351 incendunt.
1411 1294 1503 1349 Illa
1529 1306 1711 1351 autem
1734 1295 1965 1363 seipsam
1996 1294 2048 1347 in
2074 1294 2244 1349 solum

668 1386 906 1454 iactans,
934 1388 1101 1459 ctepit
1126 1386 1362 1442 clamare
1382 1388 1449 1443 ad
1477 1398 1683 1458 patrem
1718 1404 1732 1441 :
1780 1403 1799 1437 ι
1847 1385 2101 1442 Miserere
2140 1386 2245 1441 mei

677 1477 929 1545 infelicis,
979 1494 1144 1548 quam
1174 1478 1342 1550 huius
1392 1481 1545 1549 pueri
1576 1479 1904 1533 desiderium
1928 1478 2103 1533 dirius
2150 1493 2243 1532 ex-

676 1576 903 1630 cruciat.
935 1574 1261 1646 Compatere
1305 1574 1605 1629 visceribus
1634 1573 1773 1637 tuis;
1815 1574 2043 1627 ostende
2076 1572 2127 1625 in
2163 1586 2249 1624 me

677 1665 1008 1737 unigenitam
1065 1676 1253 1730 tuam,
1306 1666 1559 1720 affectum
1619 1674 1953 1735 paternum;
2010 1663 2248 1732 mihique

675 1759 926 1830 coniugio
971 1758 1161 1830 copula
1186 1759 1609 1822 adolescentem,
1642 1772 1802 1827 quem
1832 1759 1997 1829 elegi;
2026 1756 2167 1825 quod
2198 1758 2245 1813 si

676 1850 817 1906 nolis
846 1861 1131 1922 praestare,
1165 1849 1378 1905 videbis
1406 1850 1560 1906 brevi
1592 1849 1930 1905 amarissima
1975 1848 2243 1903 sublatam
2275 1837 2319 1896 Β

679 1952 877 2006 morte,
910 1943 1128 2011 Deoque
1157 1943 1426 1998 rationem
1473 1956 1569 2012 pro
1602 1956 1688 1996 me
1719 1940 1871 1995 dabis
1910 1940 1963 1994 in
1993 1940 2082 1995 die
2104 1940 2249 2013 iudi-

676 2035 768 2090 cii.
806 2054 828 2089 ι
866 2036 1025 2090 Pater
1069 2047 1250 2091 autem
1310 2052 1430 2091 cum
1503 2034 1757 2105 lacrymis
1802 2033 2050 2089 dicebat:
2085 2052 2103 2087 ι
2134 2035 2248 2090 Heu

677 2127 811 2183 mihi
840 2130 1109 2197 peccatori
1135 2129 1148 2182 ι
1182 2128 1321 2193 Quid
1348 2128 1451 2181 hoc
1471 2125 1685 2181 misera:
1711 2140 1845 2181 mea!
1870 2126 1993 2181 filia:
2018 2126 2248 2181 accidit?

677 2219 802 2290 quis
832 2234 1010 2274 meum
1055 2220 1370 2271 thesaurum
1404 2214 1748 2289 depraedatus
1779 2216 1912 2271 eSt?
1970 2218 2094 2287 quis
2127 2217 2249 2270 lilize

681 2325 812 2365 mea:
860 2308 1116 2379 iniuriam
1149 2309 1380 2364 intulit?
1441 2311 1561 2378 quis
1590 2309 1744 2363 dulce
1780 2310 2058 2362 oculorum
2106 2322 2250 2361 meo-

680 2416 801 2455 rum
861 2401 1039 2459 lumen
1097 2402 1392 2458 exstinxit?
1440 2400 1737 2470 Equidem,
1793 2398 1975 2469 quite
2030 2398 2250 2454 Christo

679 2509 882 2565 sponso
908 2496 1116 2551 cmlesti
1159 2495 1493 2563 desponsare
1538 2491 1873 2559 statuissem,
1907 2492 2251 2560 angelorum-

679 2600 785 2653 que
826 2585 1267 2641 contubernalem
1293 2583 1473 2639 facere
1494 2624 1509 2648 ,
1540 2599 1605 2639 ac
1628 2585 1681 2639 in
1710 2599 1774 2641 eo
1801 2584 2104 2656 posuissem
2137 2594 2249 2639 stu-

678 2676 830 2731 dium
861 2686 922 2732 ut
949 2677 1002 2731 in
1030 2676 1255 2748 psalmis
1278 2686 1336 2733 et
1360 2676 1582 2750 hymnis
1609 2686 1665 2733 et
1704 2678 1930 2734 canticis
1958 2678 2254 2749 spirituali-

682 2770 785 2827 bus
811 2780 1067 2828 cantares
1107 2770 1239 2835 Deo,
1265 2784 1362 2841 per
1388 2780 1440 2826 te
1464 2780 1883 2827 consecuturum
1916 2786 2003 2826 me
2024 2772 2251 2826 salutem

682 2864 1004 2931 sperabam;
1041 2872 1099 2917 tu
1140 2871 1319 2918 autem
1371 2862 1426 2917 in
1459 2862 1696 2917 lascivire
1725 2872 1951 2917 oestrum
1981 2862 2250 2917 insanisti.

682 2955 814 3012 Sine
842 2965 921 3021 ut,
954 2955 1098 3011 sicut
1133 2953 1275 3022 volo,
1305 2954 1443 3010 inito
1475 2966 1654 3026 pacto,
1687 2955 1795 3009 Deo
1824 2954 2252 3017 conciliem,nec

684 3064 859 3106 meam
883 3050 951 3105 ad
978 3047 1185 3105 inferos
1212 3062 1336 3106 cum
1367 3046 1591 3105 tristitia
1632 3049 1869 3105 deducas
1898 3057 2251 3112 senectutem,

686 3156 753 3198 ac
786 3155 961 3213 neque
1011 3149 1298 3210 parentum
1327 3149 1544 3195 tuorum
1573 3140 1909 3196 nobilitatem
1941 3140 2254 3197 confusione
2280 3178 2325 3238 ϐ

686 3233 923 3303 operias.
967 3251 986 3284 ι
1018 3232 1089 3287 At
1118 3231 1207 3286 illa
1269 3231 1670 3301 ﬂoccipendens
1716 3232 1884 3302 patris
1918 3231 2103 3294 verba,
2134 3247 2255 3300 per-

686 3323 971 3379 severabat
996 3321 1245 3376 clamans
1296 3341 1309 3376 :
1346 3338 1367 3373 (
1423 3320 1606 3385 Pater,
1652 3330 1746 3375 aut
1793 3320 1880 3374 fac
1924 3320 2251 3374 desiderium

686 3429 892 3481 meum,
917 3424 1013 3469 aut
1038 3421 1163 3485 post
1184 3412 1437 3485 pusillum
1466 3412 1674 3469 videbis
1698 3422 1986 3467 mortuam.
2040 3431 2059 3466 ι
2093 3411 2256 3467 Pater

692 3508 873 3576 itaque
894 3504 950 3559 in
976 3518 1170 3575 magna
1204 3505 1371 3559 animi
1421 3504 1668 3573 angustia
1710 3504 2056 3569 constitutus,
2086 3505 2256 3559 abun-

686 3595 1035 3667 dantiorique
1065 3594 1283 3651 tristitia
1316 3596 1608 3667 absorptus
1635 3636 1651 3663 ,
1688 3597 2099 3666 amicorumque
2123 3609 2258 3651 con-

690 3689 828 3745 siliis
872 3688 1263 3761 acquiescens;
1303 3688 1651 3745 monentibus
1700 3687 1810 3743 illis
1839 3702 1903 3744 ac
1931 3688 2256 3753 dicentibus,

689 3791 951 3851 praestare
979 3782 1090 3838 voti
1119 3792 1421 3853 compotem
1450 3779 1589 3846 ﬁeri,
1613 3796 1773 3851 quam
1805 3789 1864 3836 ut
1887 3781 1989 3836 sibi
2014 3782 2125 3850 ipsa
2154 3781 2259 3835 vim

692 3873 961 3941 inferret;
998 3874 1277 3929 consensit
1302 3872 1582 3943 indulgere
1614 3877 1783 3941 magis
1816 3874 2085 3927 desiderio
2117 3873 2260 3937 tiliae,

690 3980 853 4035 quam
878 3975 937 4021 ut
984 3980 1045 4021 se
1091 3965 1246 4020 malae
1273 3964 1628 4034 exitiosaeque
1683 3964 1801 4018 neci
1841 3965 2096 4017 traderet.
2148 3963 2258 4016 Ad-

694 4061 857 4114 ducto
890 4058 1075 4129 itaque
1105 4055 1335 4128 quaesito
1379 4056 1740 4122 adolescente,
1768 4055 1983 4125 liliaque
2003 4070 2065 4110 ac
2094 4054 2262 4109 facul-

698 4149 899 4205 tatibus
949 4147 1200 4205 omnibus
1238 4164 1360 4204 eum
1414 4147 1722 4220 impertitus
1755 4186 1771 4212 ,
1816 4147 1953 4202 dixit
1989 4163 2004 4200 :
2044 4164 2063 4198 ι
2100 4145 2260 4201 Salva

695 4243 794 4307 sis,
840 4241 969 4307 filia,
1003 4256 1132 4297 vere
1179 4242 1416 4307 misera;
1458 4241 1683 4295 multum
1735 4240 2075 4312 postmodum
2138 4251 2258 4309 pm-

697 4336 877 4392 nitens
911 4335 1302 4406 lacrymaberis
1326 4377 1341 4405 ,
1378 4351 1497 4392 cum
1542 4333 1679 4389 nihil
1721 4334 2038 4404 paenitendo
2099 4332 2263 4403 proli-

698 4443 832 4485 οιθδ.
877 4447 897 4482 Ι

2345 559 2657 630 perditionis
2722 558 3032 614 barathrum
3066 556 3363 615 descendi?
3392 569 3450 615 ut
3482 559 3612 630 quid
3659 570 3780 611 sum
3813 573 3902 609 na-

2346 662 2395 705 ta
2426 650 2450 704 ‘.'
2487 662 2695 705 autcur
2722 660 2869 713 nata.
2899 664 3007 706 non
3040 650 3224 705 statim
3252 648 3473 719 abrepta
3502 667 3623 707 sum
3648 650 3673 705 ἲ
3708 666 3728 701 ι
3771 646 3900 704 Cum

2342 757 2470 812 ergo
2514 744 2597 797 vir
2623 742 2737 813 ejus
2758 783 2774 807 ,
2801 757 2991 798 errore
3031 742 3311 812 deceptus,
3359 742 3439 798 sic
3467 744 3758 810 eiulantem
3809 757 3903 795 no-

2343 836 2529 901 visset,
2599 835 2745 890 venit
2770 836 2835 887 ad
2874 850 3015 901 eam,
3046 848 3369 891 asseverans
3404 850 3508 891 non
3540 836 3615 891 ita
3648 833 3901 893 esse.llla

2345 942 2450 981 non
2482 926 2613 981 nihil
2654 923 2921 994 refrigerii
2953 941 3020 980 ex
3072 924 3257 981 verbis
3306 926 3423 995 eius
3481 925 3770 985 delusoriis
3814 940 3902 982 ca-

2344 1020 2515 1091 piens,
2541 1020 2617 1073 ait
2640 1018 2707 1071 ad
2743 1018 2888 1073 illum
2923 1036 2937 1073 :
2971 1036 2989 1069 t
3022 1020 3078 1073 Si
3111 1032 3196 1073 me
3230 1026 3289 1073 et
3339 1017 3697 1074 miserabilem
3729 1033 3901 1075 meam

2346 1112 2578 1170 animam
2612 1109 2695 1164 vis
2751 1108 3038 1166 certiorem
3103 1110 3366 1177 reddere,
3425 1125 3584 1177 cras,
3642 1114 3905 1169 ambobus

2348 1202 2465 1272 pari
2499 1214 2767 1256 consensu
2790 1202 2841 1255 in
2864 1200 3152 1255 ecclesiam
3185 1199 3467 1271 profectis,
3504 1213 3774 1270 praesente
3824 1220 3907 1259 me

2348 1296 2666 1350 intemerata
2697 1302 3038 1349 sacramenta
3063 1309 3269 1356 sumas,
3286 1294 3469 1362 sicque
3494 1293 3698 1362 poteris
3727 1293 3908 1350 facere

2347 1400 2551 1447 certam
2585 1388 2742 1444 fidem
2789 1396 2846 1441 et
2899 1386 3239 1443 satisfacere.
3283 1407 3301 1439 ι
3341 1387 3494 1443 Tunc
3545 1386 3633 1441 ille
3685 1402 3911 1443 coactus

2346 1485 2482 1541 dixit
2502 1485 2649 1554 quod
2675 1486 2753 1541 rei
2788 1492 2951 1553 caput
2975 1492 3113 1538 erat.

2418 1576 2674 1631 Protinus
2696 1589 2846 1645 ergo,
2883 1573 3131 1628 muliebri
3167 1572 3486 1627 infirmitate
3518 1573 3759 1643 deposita
3814 1575 3912 1628 bo-

2348 1682 2524 1736 noque
2578 1667 2803 1723 consilio
2855 1666 3011 1727 inito,
3070 1665 3242 1720 currit
3281 1664 3371 1718 illa
3430 1665 3497 1718 ad
3543 1674 3819 1734 pastorem
3860 1677 3913 1719 et

2350 1759 2670 1828 discipulum
2698 1758 2901 1814 Christi
2927 1757 3183 1813 Basilium
3211 1799 3227 1818 .
3255 1758 3495 1814 clamore
3524 1759 3787 1812 adversus
3814 1758 3913 1811 im-

2350 1853 2603 1923 pietatem
2635 1852 2846 1908 sublato
2899 1870 2913 1904 :
2952 1868 2972 1903 ι
3011 1850 3265 1907 Miserere
3301 1853 3406 1906 mei
3460 1852 3691 1917 misera,
3725 1862 3916 1906 sancte

2351 1943 2476 2007 Dei;
2526 1945 2789 2000 miserere
2824 1944 2967 2009 mei,
3008 1943 3210 1998 Christi
3258 1945 3527 2014 discipule
3555 1984 3570 2009 ,
3624 1961 3745 2016 quae
3794 1960 3913 2001 cum

2350 2034 2689 2091 daemonibus
2742 2044 3084 2094 contractum
3138 2033 3284 2089 feci:
3318 2035 3575 2090 miserere
3626 2037 3759 2097 mei,
3796 2052 3917 2103 qua:

2348 2129 2488 2194 patri
2520 2144 2639 2185 meo
2666 2130 2977 2186 iuobediens
3021 2128 3117 2185 fui.
3157 2147 3175 2180 ι
3204 2128 3439 2182 Sanctus
3474 2143 3601 2182 vero
3633 2129 3699 2182 ad
3734 2127 3914 2181 illam:

2356 2236 2375 2270 t
2412 2217 2551 2286 Quid
2603 2223 2699 2277 tibi
2755 2221 2975 2288 accidit,
3011 2220 3243 2276 mulier?
3282 2240 3301 2274 ›
3334 2220 3406 2275 At
3437 2219 3523 2275 illa
3581 2220 3742 2275 docet
3788 2220 3917 2289 quid

2354 2326 2442 2366 res
2478 2313 2692 2367 habeat.
2746 2312 2913 2369 Porro
2963 2314 3055 2368 Dei
3101 2323 3340 2377 sanctus,
3399 2312 3666 2369 accersito
3723 2327 3914 2381 puero,

2351 2405 2625 2471 quaerebat
2655 2404 2723 2458 ab
2746 2404 2837 2459 illo
2866 2422 2992 2458 num
3050 2406 3123 2459 ita
3148 2415 3313 2460 esset.
3347 2404 3649 2476 Respondit
3678 2406 3771 2461 ille
3793 2422 3917 2462 cum

2352 2495 2638 2566 lacrymis:
2676 2515 2695 2546 α
2731 2496 2906 2551 Etiam
2934 2536 2951 2558 .
3002 2508 3190 2553 sancte
3230 2497 3322 2553 Dei
3353 2515 3369 2553 :
3407 2514 3528 2554 nam
3560 2499 3661 2555 etsi
3700 2515 3804 2573 ego
3829 2510 3913 2555 ta-

2354 2602 2544 2655 cuero,
2569 2600 2731 2658 opera
2771 2602 2891 2644 mea
2930 2589 3279 2657 clamabunt;
3313 2610 3331 2642 ι
3370 2602 3697 2663 enarratque
3723 2603 3781 2646 et
3804 2592 3922 2661 ipse

2355 2681 2422 2735 ab
2454 2680 2613 2736 initio
2638 2681 2703 2735 ad
2737 2679 2900 2737 linem
2953 2697 3125 2751 usque
3182 2693 3490 2750 provectam
3544 2684 3742 2737 diaboli
3775 2683 3922 2737 frau-

2359 2773 2506 2827 dem.
2539 2773 2690 2828 Tunc
2720 2776 2797 2827 ait
2826 2775 2873 2828 ei
2911 2786 3132 2829 sanctus
3161 2792 3175 2827 :
3218 2793 3236 2825 ι
3270 2774 3362 2828 Vis
3387 2779 3453 2828 ad
3480 2775 3645 2829 Deum
3674 2786 3921 2830 nostrum

2354 2865 2641 2919 converti?
2676 2885 2694 2917 s
2733 2866 2833 2931 Qui
2865 2865 2984 2919 ait:
3026 2885 3045 2917 ι
3085 2865 3258 2919 Etiam
3304 2866 3426 2921 volo
3453 2910 3467 2933 ,
3508 2869 3602 2923 sed
3632 2882 3739 2922 non
3788 2882 3915 2937 pos-

2354 2970 2493 3009 sum.
2536 2973 2555 3008 »
2598 2955 2740 3011 Dicit
2767 2957 2817 3012 ei
2844 2965 3065 3013 sanctus
3103 2976 3116 3013 :
3157 2978 3175 3011 ι
3220 2958 3363 3027 Quid
3405 2960 3520 3015 ita?
3548 2978 3567 3011 s
3606 2958 3911 3030 Respondit

2355 3048 2673 3106 adolescens
2706 3051 2895 3106 dicens
2926 3071 2938 3107 :
2970 3070 2988 3103 α
3030 3050 3249 3122 Scripto
3276 3053 3651 3108 abrenuntiavi
3673 3053 3921 3119 Christo,

2356 3150 2411 3197 et
2460 3141 2637 3198 ftedus
2686 3143 2860 3214 pepigi
2914 3158 3036 3199 eum
3087 3145 3321 3198 diabolo.
3358 3163 3376 3195 ι
3413 3146 3920 3203 Diciteisauctus:

2362 3250 2383 3285 s
2422 3231 2499 3287 Ne
2527 3234 2620 3286 tibi
2652 3235 2722 3288 sit
2748 3248 2892 3287 curae
2927 3252 2940 3286 :
2976 3234 3145 3286 bonus
3172 3244 3255 3287 est
3290 3233 3431 3289 Deus
3458 3242 3513 3288 et
3538 3234 3920 3306 pmnilentiam

2355 3332 2601 3391 agentem
2670 3332 3017 3392 suscepturus
3043 3335 3127 3379 est
3157 3341 3172 3379 :
3198 3323 3309 3396 agit
3344 3324 3487 3380 enim
3540 3327 3924 3396 paenitentiam

2355 3428 2521 3484 super
2568 3413 2789 3468 malitiis
2822 3415 3045 3470 nostris.
3080 3434 3099 3468 ι
3131 3414 3298 3470 Porro
3333 3416 3507 3486 puella
3567 3418 3635 3472 ad
3690 3417 3815 3487 ejus
3868 3432 3928 3473 se

2355 3508 2519 3577 pedes
2567 3505 2900 3577 proiicieus,
2951 3506 3274 3563 obsecrabat
3305 3508 3485 3563 verbis
3537 3510 3868 3581 evangelici:
3908 3526 3925 3565 :

2362 3620 2380 3652 s
2405 3599 2617 3655 Domini
2650 3609 2702 3655 et
2726 3598 2819 3654 Dei
2860 3600 3032 3655 nostri
3058 3600 3344 3671 discipule,
3369 3602 3413 3656 si
3448 3601 3577 3673 quid
3614 3612 3796 3672 potes,
3827 3605 3925 3657 ad-

2353 3690 2479 3761 iuva
2513 3707 2631 3747 nos.
2665 3710 2684 3743 ι
2723 3691 2865 3747 Dicit
2888 3703 3113 3748 sanctus
3143 3695 3209 3748 ad
3234 3709 3457 3765 puerum
3486 3713 3501 3749 :
3532 3712 3552 3747 t
3592 3694 3785 3751 Credis
3809 3696 3891 3752 sal
3911 3728 3925 3736 ο

2363 3797 2460 3837 vus
2489 3782 2643 3838 fieri?
2667 3802 2687 3837 ι
2714 3786 2803 3839 Ait
2828 3782 2916 3840 ille
2959 3802 2973 3839 :
2999 3810 3019 3840 ι
3040 3782 3228 3853 Credo,
3251 3784 3507 3853 Domine;
3536 3790 3731 3852 adiuva
3758 3790 3930 3842 incre-

2359 3873 2641 3928 dulitatem
2665 3892 2834 3929 meum
2868 3878 2965 3945 (α).
3000 3895 3019 3928 ι
3056 3878 3118 3931 Et
3146 3877 3426 3932 confestim
3454 3880 3792 3948 apprehensa
3810 3880 3930 3946 eius

2360 3981 2543 4031 manu,
2576 3976 2631 4021 et
2680 3968 2823 4023 facto
2846 3983 3008 4037 super
3042 3969 3188 4022 illum
3215 3970 3413 4025 Christi
3452 3973 3751 4043 signaculo,
3781 3973 3932 4028 fusa-

2358 4069 2463 4124 que
2517 4056 2767 4111 oratione
2794 4096 2811 4120 ,
2850 4058 3074 4112 reclusit
3133 4061 3365 4129 quodam
3408 4060 3545 4126 loco,
3582 4062 3725 4117 intra
3766 4077 3927 4118 sacra

2359 4156 2510 4218 septa
2542 4166 2556 4203 :
2583 4147 2819 4219 dataque
2848 4152 3029 4221 regula
3057 4193 3073 4217 ,
3107 4167 3229 4206 cum
3267 4162 3377 4208 tres
3406 4153 3525 4209 dies
3545 4169 3649 4208 una
3680 4154 3931 4211 laboras-

2360 4246 2441 4291 set
2466 4246 2519 4291 et
2545 4252 2603 4293 se
2626 4236 2926 4305 amisisset,
2949 4256 3073 4296 eum
3107 4242 3326 4310 invisit,
3356 4245 3537 4315 aitque
3563 4244 3636 4300 illi
3663 4262 3677 4299 :
3718 4264 3738 4296 ι
3776 4244 3927 4313 Quo-

2361 4330 2518 4385 modo
2543 4332 2724 4395 habes,
2755 4333 2873 4386 tlli?
2912 4352 2931 4385 ι
2960 4336 3029 4388 At
3060 4334 3151 4389 ille
3173 4335 3248 4389 ait
3281 4353 3294 4389 :
3330 4355 3348 4388 s
3392 4334 3449 4392 ln
3502 4352 3697 4409 magna
3751 4352 3872 4393 sum
3904 4377 3922 4401 ,

2362 4422 2577 4478 domine
2605 4432 2661 4477 et
2702 4437 2861 4479 serve
2904 4424 3024 4489 Dei,
3076 4427 3402 4483 necessitate
3434 4445 3448 4481 :
3476 4444 3580 4483 non
3614 4429 3756 4483 enim
3807 4429 3928 4485 fero

767 4518 940 4574 Porro
987 4515 1224 4574 nefando
1278 4516 1529 4589 coniugio
1566 4517 1849 4573 celebrato
1875 4557 1890 4582 ,
1934 4516 2260 4587 impletaque
2292 4518 2338 4573 D
2364 4513 2631 4568 clamores
2650 4527 2859 4579 eorum,
2888 4525 2943 4569 et
2975 4524 3211 4572 terrores
3262 4517 3575 4588 iaculaque,
3618 4528 3672 4574 et
3726 4520 3931 4577 missos

698 4610 965 4667 diabolica
989 4610 1193 4676 fabula,
1218 4625 1319 4667 nec
1349 4610 1516 4664 multo
1548 4608 1697 4680 lapso
1742 4618 2021 4679 tempore,
2071 4610 2260 4663 obser-

698 4703 954 4758 vantibus
986 4702 1311 4774 quibusdam
1339 4703 1733 4774 deprehensum
1765 4710 1874 4765 est,
1900 4702 2045 4771 quod
2078 4700 2265 4757 adole-

702 4807 861 4849 scens
903 4808 1011 4849 non
1051 4794 1427 4865 ingrederetur
1458 4793 1743 4849 ecclesiam
1767 4832 1784 4859 ,
1833 4806 2009 4863 neque
2036 4795 2263 4847 immor-

705 4884 830 4942 talia
855 4884 1174 4957 vivificaque
1201 4895 1543 4942 sacramenta
1580 4886 1871 4959 attingeret
1907 4903 1920 4939 :
1949 4886 2261 4955 dictumque

700 4986 788 5033 est
810 4975 1129 5033 miseranda:
1161 4978 1319 5032 uxori
1344 4976 1465 5048 eius
1495 4995 1511 5033 :
1548 4997 1569 5031 s
1608 4978 1835 5035 Noveris
1862 4978 1986 5048 quia
2037 4978 2263 5033 maritus

704 5080 827 5124 tuus
852 5106 873 5136 ,
904 5083 1066 5139 quem
1102 5068 1313 5139 elegisti
1338 5108 1354 5133 ,
1413 5085 1519 5124 non
1548 5080 1630 5125 est
1656 5070 2021 5136 Christianus,
2052 5072 2143 5125 sed
2168 5085 2266 5123 ex-

704 5168 927 5213 traneus
948 5173 977 5211 a
1005 5156 1110 5213 fide
1146 5167 1203 5214 et
1237 5159 1453 5229 penitus
1476 5158 1709 5215 alienus.
1752 5179 1771 5211 ι
1803 5158 1894 5213 llla
1927 5159 2091 5229 igitur
2117 5167 2264 5215 tene-

707 5250 824 5305 bris
856 5259 911 5305 et
940 5250 1121 5307 dolore
1153 5249 1333 5321 plena,
1360 5250 1589 5321 iactavit
1646 5265 1706 5305 se
1752 5252 1806 5306 in
1861 5253 2221 5321 pavimentum
2248 5272 2265 5320 ;

704 5339 984 5411 coepitque
1015 5341 1254 5412 seipsam
1282 5342 1551 5412 unguibus
1578 5341 1806 5407 laniare,
1839 5353 1894 5397 et
1924 5347 2153 5398 tundere
2176 5359 2267 5414 pe-

706 5442 828 5487 ctus
853 5475 868 5500 ,
899 5441 1062 5504 atque
1095 5433 1334 5489 clamare
1372 5452 1388 5490 :
1434 5453 1453 5487 t
1501 5433 1670 5489 Nemo
1719 5450 1955 5504 unquam
1984 5476 2000 5502 ,
2033 5437 2122 5506 qui
2173 5453 2269 5507 pa-

709 5522 949 5579 rentibus
1004 5526 1315 5584 iuobediens
1346 5526 1467 5591 fuit,
1522 5526 1702 5582 salvus
1736 5527 1915 5582 factus
1964 5536 2069 5582 est.
2126 5528 2265 5594 Quid

706 5615 1085 5683 exspectabam
1136 5618 1381 5674 misera?
1423 5618 1555 5685 Quis
1582 5619 1721 5690 patri
1758 5632 1879 5674 meo
1920 5618 2266 5675 annuntiabit

780 5801 863 5874 (ai
893 5802 1056 5858 Marc.
1088 5820 1163 5871 Ix,
1185 5805 1277 5859 23.

2368 4603 2575 4671 lapides
2612 4620 2628 4657 :
2672 4616 2916 4660 tenentes
2943 4605 3089 4660 enim
3119 4622 3276 4662 manu
3304 4612 3517 4680 propria
3538 4608 3735 4664 editam
3760 4613 3929 4667 ecbe-

2366 4695 2489 4748 dam
2521 4735 2537 4761 ,
2587 4710 2797 4750 mecum
2846 4699 3428 4767 pugnant,dicentes:
3474 4701 3553 4755 Tu
3609 4702 3809 4758 venisti
3858 4706 3929 4760 ad

2365 4800 2497 4851 nos;
2530 4801 2633 4840 non
2657 4802 2751 4841 nos
2778 4788 2845 4842 ad
2879 4799 2950 4843 te.
2991 4809 3011 4843 ι
3038 4792 3223 4846 Aitilli
3244 4802 3502 4850 sanctus:
3541 4810 3561 4845 ι
3597 4792 3675 4850 Ne
3707 4794 3928 4863 timeas,

2366 4878 2443 4932 liii
2472 4896 2487 4933 :
2520 4888 2726 4933 tantum
2756 4881 2952 4945 crede;
2977 4892 3032 4937 et
3058 4884 3178 4938 data
3199 4887 3247 4939 ei
3270 4899 3393 4939 esca
3415 4885 3650 4951 modica,
3678 4886 3932 4960 factoque

2369 4985 2585 5026 rursum
2634 4987 2799 5041 super
2841 4989 2963 5030 eum
2992 4974 3195 5033 Christi
3247 4979 3523 5048 signaculo
3550 4990 3605 5036 et
3652 4982 3931 5047 oratione,

2372 5062 2592 5117 inclusit
2624 5066 2825 5121 denuo.
2867 5085 2886 5118 ι
2918 5066 3046 5123 Post
3085 5085 3286 5138 paucos
3342 5085 3473 5127 vero
3520 5074 3634 5128 dies
3688 5075 3937 5132 visitavit

2373 5156 2575 5209 etdixit
2597 5172 2612 5210 :
2634 5174 2652 5207 t
2675 5155 2954 5222 Quomodo
2974 5161 3157 5225 babes,
3187 5162 3323 5217 fili?»
3348 5165 3469 5218 Ait:
3494 5183 3512 5217 t
3537 5164 3695 5221 Pater
3720 5178 3932 5238 sancte,

2371 5261 2401 5301 a
2428 5246 2586 5317 longe
2614 5247 2884 5305 clamores
2916 5252 3126 5307 illorum
3151 5264 3205 5310 et
3235 5257 3410 5314 minas
3432 5258 3590 5313 audio
3620 5277 3633 5313 :
3667 5273 3794 5315 nam
3824 5276 3935 5319 non

2372 5338 2528 5393 video
2551 5355 2664 5396 eos.
2699 5362 2717 5396 ι
2757 5343 2824 5397 Et
2859 5359 3067 5413 rursus,
3104 5346 3233 5402 dato
3263 5349 3313 5404 ei
3345 5350 3467 5405 cibo
3494 5359 3549 5405 et
3592 5348 3725 5406 fusis
3754 5353 3936 5421 preci-

2374 5434 2513 5497 bus,
2550 5433 2745 5491 clausit
2802 5438 3001 5491 ostium
3028 5478 3045 5504 ,
3091 5447 3145 5494 et
3182 5440 3449 5495 discessit.
3507 5440 3938 5514 Quadragesimo

2374 5525 2587 5579 demum
2616 5526 2701 5581 die
2724 5541 2845 5582 eum
2877 5529 3089 5597 adiens,
3118 5532 3195 5586 ait
3220 5531 3296 5586 illi
3332 5549 3346 5585 :
3376 5550 3398 5585 s
3440 5532 3719 5600 Quomodo
3744 5535 3934 5603 habes,

2373 5613 2583 5673 frater?
2626 5637 2646 5670 ι
2680 5618 2977 5691 Respondit
3011 5623 3099 5681 ille
3133 5640 3144 5675 :
3185 5642 3204 5678 ι
3230 5621 3393 5694 Bene,
3432 5637 3619 5683 sancte
3649 5625 3748 5685 Dei
3783 5646 3799 5684 :
3828 5629 3936 5689 vidi
