4086 6318
547 370 913 429 EXCEBPTA
950 371 1043 427 EX
1081 369 1285 426 ACTIS
1326 370 1383 425 S.
1427 367 1668 423 BASILII
1711 362 2238 419 BOLLANDIANIS.
2295 392 2363 401 --
2394 360 2550 413 VITA
2592 364 3028 418 APOCBYPIIA.

3256 383 3411 423 (και

156 488 305 548 enim
360 501 417 549 te
461 493 622 549 hodie
671 492 722 543 in
778 492 982 545 somnis
1034 503 1361 561 pugnantem
1394 503 1490 557 pro
1522 506 1635 555 me,
1683 498 1735 539 et
1768 494 1806 544 Α
1842 499 1961 539 nem
2017 494 2330 537 sanctorum
2386 480 2585 535 Christi
2622 481 2881 537 donorum
2936 478 3179 533 indulsit.
3242 478 3408 535 Facto

159 583 472 639 Vincentem
529 582 819 637 diabolum.
861 602 878 634 ι
926 583 1041 636 Mox
1102 597 1227 651 ergo
1253 623 1269 646 ,
1308 581 1447 633 facta
1482 582 1546 633 de
1577 596 1729 633 more

158 682 451 741 oratione,
479 677 662 732 eduxit
694 678 867 743 illum,
889 688 943 731 et
973 677 1125 731 duxit
1146 676 1520 733 ineubiculum
1548 693 1729 732 suum.

159 770 320 824 Mane
344 779 522 822 autem
555 768 717 834 Iacto,
748 772 835 824 ubi
872 782 1224 827 convocasset
1248 780 1358 823 tum
1399 779 1644 822 sanctum
1680 782 1735 825 et

163 858 529 915 venerabilem
562 862 785 922 clerum,
813 870 921 911 tum
950 862 1273 917 monasteria
1311 858 1731 930 universumque

159 950 372 1005 Christi
403 964 673 1008 amantem
724 955 975 1021 pupulum
1003 995 1017 1019 ,
1048 954 1184 1008 dixit
1223 953 1369 1005 illis:
1408 969 1427 1002 ι
1463 951 1581 1006 Filii
1628 956 1728 1007 mei

159 1045 373 1112 dilecti,
411 1060 633 1117 agamus
663 1059 851 1098 omnes
881 1046 1084 1116 gratias
1114 1043 1339 1100 Domino
1368 1059 1382 1096 :
1411 1057 1538 1099 ecce
1582 1047 1725 1098 enim

158 1153 320 1191 ovem
346 1139 607 1207 perditam
641 1133 830 1190 Pastor
879 1138 1077 1203 bonus,
1124 1136 1427 1203 impositam
1490 1136 1735 1190 humeris

162 1232 492 1285 reducturus
516 1237 599 1281 est
622 1228 688 1281 ad
721 1227 1043 1284 Ecclesiam.
1073 1227 1139 1281 Et
1163 1242 1261 1280 nos
1284 1236 1495 1297 oportet
1553 1228 1729 1293 pervi-

160 1327 328 1392 gill'ln
361 1327 558 1379 ducere
585 1334 817 1391 noctem,
857 1335 905 1379 et
955 1322 1230 1393 deprecari
1260 1323 1378 1390 ejus
1408 1323 1733 1391 booitatem,

161 1427 221 1489 ut
285 1430 352 1469 ne
419 1414 594 1469 vincat
657 1415 748 1469 ille
821 1415 1122 1469 animarum
1190 1426 1497 1485 corruptor.
1546 1433 1564 1464 ι
1627 1413 1739 1468 lloc

161 1515 345 1559 autent
396 1503 558 1572 Iacto,
614 1516 962 1577 prompteque
1010 1514 1064 1560 et
1116 1504 1366 1562 alacriter
1413 1512 1739 1576 congregato

162 1596 399 1664 populo,
454 1607 618 1653 totam
674 1607 918 1659 noctein,
982 1610 1085 1649 una
1130 1612 1250 1651 cum
1296 1598 1435 1652 bono
1480 1606 1694 1665 pastore
1721 1635 1736 1658 ,

164 1685 334 1742 Deum
378 1690 763 1758 deprecantur;
813 1687 1110 1743 clamantes
1152 1704 1249 1758 pro
1293 1704 1358 1743 eo
1407 1704 1528 1741 cum
1564 1687 1738 1756 lavry-

164 1780 313 1834 mis:
365 1780 611 1841 Domine,
672 1778 947 1833 miserere.
997 1777 1172 1843 Atque
1240 1774 1472 1830 diluculo
1517 1776 1736 1830 collecta

1844 588 1970 628 vero
1997 573 2080 625 vir
2117 580 2339 626 sauCtus
2368 584 2562 641 magno
2597 570 2866 634 convivio,
2903 568 3216 624 universum
3252 566 3412 623 Chri-

1840 669 1907 722 sti
1934 676 2207 720 amantem
2251 664 2501 733 populum
2534 662 2773 721 officiose
2808 667 2995 719 habuit
3022 676 3077 719 et
3103 662 3257 717 fovit.
3301 661 3411 717 Dn-

1839 769 1928 813 cto
1956 769 2139 815 autem
2165 756 2532 820 adolescente.
2581 768 2634 813 et
2669 758 2955 818 instructo,
2993 775 3057 814 ac
3092 756 3140 811 ιιι
3171 770 3412 825 congrua

1843 852 1967 906 data
2018 850 2203 923 regula
2231 890 2245 914 ,
2282 849 2515 904 reddidit
2564 850 2720 905 uxori
2750 893 2765 916 ,
2804 850 3175 904 indesinenter
3205 846 3412 919 glorill-

1843 956 2055 999 cantem
2087 956 2140 1000 et
2165 943 2572 999 henediceutem
2606 943 2796 996 Deum.

1912 1034 2085 1089 Etiam
2119 1052 2247 1091 vero
2285 1034 2415 1089 mihi
2449 1034 2549 1087 hoc
2581 1035 2821 1085 narravit
2862 1031 3124 1101 praefatus
3153 1035 3405 1105 egregius

1841 1126 1924 1180 vir
1957 1127 2249 1182 llelladins.
2284 1129 2379 1183 Die
2410 1125 2643 1197 quadam
2674 1133 2896 1179 sanctus
2922 1126 3082 1181 Pater
3148 1137 3334 1179 noster
3357 1134 3409 1179 et

1842 1234 2069 1289 magnus
2093 1217 2343 1283 Basilius,
2381 1221 2651 1273 illustrato
2688 1216 2884 1270 mentis
2918 1217 3095 1283 oculo,
3130 1215 3410 1287 profectus

1840 1309 1907 1365 de
1937 1308 2179 1374 civitate,
2222 1310 2424 1363 nemini
2456 1311 2642 1365 dicens
2665 1323 2772 1378 quo
2794 1318 2944 1362 esset
2968 1308 3146 1364 iturus
3181 1328 3194 1363 :
3228 1309 3410 1378 prior~

1840 1417 1945 1471 que
1976 1402 2088 1472 ipse
2124 1416 2397 1471 egressus,
2450 1412 2505 1454 et
2539 1418 2636 1456 nos
2663 1415 2856 1457 omnes
2904 1398 3237 1469 praecedens.
3272 1401 3413 1456 dixit

1841 1495 1997 1550 nobis
2032 1512 2046 1548 :
2090 1512 2109 1544 ι
2154 1493 2273 1547 Filii
2306 1494 2432 1557 tnei,
2453 1492 2743 1562 sequimini
2771 1509 2878 1560 me,
2908 1503 2965 1548 ut
2987 1507 3197 1547 mecum
3229 1494 3412 1549 videa-

1843 1589 1913 1642 tis
1964 1588 2056 1642 Dei
2088 1584 2315 1658 gloriam
2347 1610 2357 1640 ;
2388 1598 2567 1657 exque
2597 1585 2882 1654 discipulis
2909 1588 3246 1641 admiremur
3300 1603 3416 1640 tua-

1846 1680 2091 1749 gistrum.
2123 1698 2142 1732 ι
2174 1677 2292 1733 Mox
2324 1693 2451 1748 ergo
2484 1688 2541 1733 ut
2570 1678 2875 1733 communis
2914 1679 3075 1733 Pater
3106 1692 3292 1735 noster
3348 1682 3414 1733 da

1845 1782 2028 1824 nostra
2086 1773 2306 1827 civitate
2352 1771 2622 1838 proﬁcisci
2677 1768 2883 1840 cmpit,
2936 1773 3155 1841 agnovit
3212 1774 3413 1827 virtute

161 1890 288 1928 cum
342 1872 460 1941 ipso
519 1871 767 1925 universa
819 1872 1000 1942 populi
1057 1869 1399 1926 multitudine
1433 1913 1448 1935 ,
1512 1871 1732 1925 assumit
1773 1875 1810 1927 Β
1844 1865 2169 1918 sanctissimi
2210 1864 2469 1934 Spiritus,
2508 1864 2827 1917 Anastasius
2873 1864 3157 1933 presbyter
3179 1863 3325 1934 (5i);
3362 1876 3415 1919 et

162 1981 290 2021 eum
361 1973 585 2019 sanctus
637 1978 649 2015 :
696 1972 990 2033 tenensque
1032 1962 1353 2027 dexteram,
1406 1978 1526 2017 eum
1585 1961 1735 2031 psal-

165 2056 274 2112 mis
341 2065 397 2113 et
444 2056 657 2128 hymnis
718 2056 946 2111 ducebat
1007 2055 1075 2110 ad
1130 2064 1375 2111 sanctam
1412 2054 1503 2108 Dei
1558 2054 1734 2109 eccle-

165 2148 325 2201 siam.

235 2242 378 2297 Ecce
403 2258 532 2297 vero
558 2242 822 2309 diabolus,
847 2240 937 2311 qui
993 2255 1206 2311 semper
1235 2240 1462 2303 Invidet,
1500 2254 1599 2294 nec
1659 2240 1736 2292 vi-

162 2344 273 2389 tam
304 2346 544 2391 nostram
571 2353 600 2391 a
632 2336 848 2392 tristitia
889 2335 1113 2389 liberam
1142 2334 1397 2397 sustinet,
1438 2346 1561 2387 cum
1625 2339 1734 2385 tota

160 2428 392 2481 exitiosa
428 2428 624 2482 virtute
659 2443 754 2482 sua
787 2427 975 2489 adest;
1007 2424 1570 2493 comprehensumque
1597 2422 1737 2475 invi—

162 2519 304 2571 sihili
336 2520 569 2587 quadam
596 2519 806 2572 ratione
828 2531 1052 2586 puerum
1078 2514 1250 2568 voluit
1270 2529 1460 2583 rapere
1486 2514 1551 2567 de
1576 2528 1734 2566 manu

162 2609 333 2662 sancti
369 2608 681 2678 :ccepitque
710 2622 844 2679 puer
876 2608 1147 2662 clamare:
1184 2625 1201 2657 ι
1237 2606 1405 2661 Serve
1439 2605 1555 2669 Dei,
1579 2606 1738 2671 adju-

163 2714 225 2750 va
258 2714 368 2753 me.
403 2717 421 2750 ι
448 2697 618 2753 Porro
658 2699 710 2753 in
749 2708 953 2753 tantutu
987 2697 1253 2768 processit
1283 2697 1565 2767 impmlens
1601 2697 1739 2750 reni-

166 2792 362 2853 tentia,
391 2801 451 2843 ut
478 2790 654 2860 ipsum
697 2791 935 2845 divinum
966 2790 1224 2844 Basilium
1273 2804 1377 2843 una
1433 2788 1738 2859 impelleret

160 2893 217 2936 et
253 2892 665 2952 contorqueret.
698 2882 1004 2939 Conversus
1039 2883 1221 2953 itaque
1248 2892 1469 2938 sanctus
1506 2881 1570 2934 ad
1621 2881 1736 2935 dia-

161 2972 344 3027 bolum
369 3013 384 3033 ,
424 2972 534 3027 ait:
566 2990 586 3023 ι
624 2970 1092 3040 Itnpudentissime
1141 2982 1196 3027 et
1238 2972 1541 3027 animarum
1599 2973 1733 3039 lues,

161 3074 317 3134 pater
350 3064 695 3119 tenebrarum
743 3072 798 3116 et
845 3064 1166 3132 perditionis
1194 3103 1210 3128 ,
1242 3079 1347 3118 non
1383 3064 1476 3119 tibi
1511 3063 1731 3127 sullicit,

160 3172 325 3226 quam
367 3156 464 3211 tibi
494 3155 608 3225 ipse
642 3154 848 3226 tibique
879 3154 1143 3223 subjectis
1190 3153 1555 3223 acquisivisti,
1610 3168 1732 3221 per-

161 3249 294 3303 ditio
326 3249 595 3303 tuaInon
622 3264 801 3303 cessas
835 3253 999 3303 etiam
1056 3246 1149 3301 Dei
1200 3246 1455 3317 ﬁgmento
1508 3246 1734 3302 infestus

159 3354 277 3392 esse
310 3339 335 3391 ἓ
370 3358 389 3390 ι
431 3339 681 3393 Diabolus
718 3355 845 3394 vero
870 3340 1009 3392 dixit
1051 3340 1117 3393 ad
1141 3353 1264 3393 eum
1302 3354 1315 3392 :
1352 3356 1371 3387 ι
1408 3338 1538 3393 Mihi
1597 3338 1732 3394 l‘aeis

162 3431 444 3497 injuriam,
484 3427 646 3483 Basili
679 3448 691 3484 :
726 3448 745 3480 ι
786 3434 856 3484 ita
912 3432 1089 3502 plane,
1150 3439 1206 3484 ut
1232 3432 1384 3484 tnulti
1422 3445 1579 3483 voces
1618 3430 1733 3500 ejus

159 3523 429 3577 audirent.
483 3523 554 3577 At
605 3534 825 3577 sanctus
869 3523 958 3577 Dei
1000 3523 1066 3577 ad
1117 3522 1289 3591 ipsum
1341 3538 1353 3574 :
1418 3539 1437 3573 ι
1488 3523 1732 3591 Increpat

160 3626 209 3669 te
243 3616 529 3680 Dominus,
577 3615 806 3669 diabole.
843 3634 863 3666 ι
896 3614 989 3669 Ille
1032 3629 1161 3669 vero
1218 3615 1283 3669 ad
1312 3629 1434 3671 eum
1470 3632 1483 3667 :
1515 3633 1533 3665 ι
1599 3613 1727 3669 Mihi

156 3706 293 3761 facis
325 3707 606 3775 injuriatn,
640 3705 801 3760 Basili
836 3724 849 3759 :
876 3721 979 3761 non
1012 3722 1112 3776 ego
1147 3706 1213 3758 ad
1246 3707 1417 3774 ipsum
1445 3705 1553 3761 abii
1583 3746 1598 3771 ,
1630 3707 1728 3759 sed

158 3798 272 3865 ipse
306 3799 375 3849 ad
400 3812 505 3851 me.
556 3798 962 3851 Abrenuntiavit
1006 3797 1224 3853 Christo
1254 3813 1373 3861 suo,
1408 3812 1727 3865 mecumque

156 3887 277 3941 iniit
317 3887 493 3943 [tedas
517 3902 532 3951 ;
560 3897 614 3940 et
644 3901 770 3941 ecce
815 3887 931 3954 ejus
973 3888 1299 3956 scripturam
1336 3904 1445 3958 pra.-
1476 3888 1724 3943 manibus

157 3982 355 4048 habeo,
386 3980 664 4035 tlelaturus
690 3981 742 4033 itt
771 3981 855 4035 die
877 3980 1066 4050 judicii
1097 3996 1283 4036 coram
1328 3984 1602 4037 communi
1631 3982 1722 4051 ju-

152 4074 295 4130 dice.
335 4092 355 4126 ι
400 4075 640 4129 Sanctus
664 4083 843 4127 autem
870 4072 1079 4129 Domini
1115 4074 1252 4129 dixit
1288 4091 1302 4129 :
1339 4093 1359 4126 ι
1394 4072 1722 4133 Benedictus

155 4168 418 4221 Dominus
446 4167 586 4222 Deus
611 4184 761 4222 meus
794 4185 808 4222 :
835 4183 938 4223 non
964 4168 1189 4236 deponet
1216 4169 1446 4237 populus
1467 4169 1568 4224 iste
1595 4186 1713 4223 ina-

153 4274 253 4314 nus
279 4260 349 4313 de
370 4259 587 4314 excelso
612 4259 754 4319 caeli,
786 4260 956 4314 donec
982 4260 1305 4329 scripturam
1349 4260 1561 4315 reddas.
1599 4280 1618 4311 ι
1649 4260 1714 4314 Ει

151 4363 453 4403 eorrversus
480 4348 615 4401 dixit
645 4348 785 4417 plebi
813 4364 826 4400 :
864 4366 884 4398 ι
915 4346 1109 4404 Tollite
1135 4364 1324 4404 omnes
1354 4360 1561 4405 vestras
1602 4366 1719 4404 ma-

149 4456 251 4495 nus
278 4442 335 4495 in
364 4439 663 4500 excelsum,
687 4439 978 4493 clamantes
1000 4455 1119 4494 cum
1140 4440 1390 4510 lacrymis
1414 4462 1425 4495 :
1458 4440 1705 4507 Domine,

151 4534 430 4588 miserere.
456 4550 475 4585 ι
500 4532 741 4604 Cumque
768 4532 995 4604 populus
1021 4543 1189 4587 staret
1222 4537 1287 4587 ad
1324 4535 1538 4602 longum
1573 4545 1706 4589 tem-

148 4643 247 4695 pus
304 4627 547 4681 extensis
590 4625 837 4680 ntauibus
888 4626 941 4679 in
984 4628 1177 4679 cmlutn
1206 4666 1220 4687 ,
1270 4640 1397 4680 ecce
1444 4627 1701 4695 seriptmn

148 4718 539 4783 adolescentis,
579 4717 631 4771 in
679 4732 804 4772 aere
838 4717 1199 4787 deportatum,
1238 4731 1399 4789 atque
1441 4717 1493 4771 in
1527 4719 1710 4773 eximii

148 4808 385 4878 pastoris
412 4808 586 4863 nostri
642 4823 830 4862 manus
879 4808 1179 4876 depositum
1220 4808 1390 4863 venit.
1438 4808 1705 4881 Suscepto

148 4912 331 4956 autem
361 4901 472 4965 illo,
503 4901 702 4968 gratias
730 4915 893 4970 agens
920 4901 1044 4963 Deo,
1080 4902 1567 4970 vehementiusque
1608 4917 1703 4971 ga-

148 4996 297 5049 visus
316 5008 440 5046 cum
474 4994 667 5062 popqu
692 4994 962 5059 universo,
995 4994 1129 5046 dixit
1159 4992 1226 5048 ad
1256 4992 1655 5049 adolescentem
1688 5012 1699 5045 :

151 5106 169 5138 ι
189 5084 505 5156 Cognoseis,
538 5084 723 5145 frater,
745 5084 1015 5139 libellum?
1043 5104 1061 5136 ι
1098 5085 1187 5141 Ille
1214 5100 1343 5139 vero
1373 5086 1651 5159 adjpsum
1685 5104 1697 5137 :

151 5196 169 5228 ι
214 5177 416 5241 Etiam,
443 5187 626 5231 sancte
661 5175 752 5229 Dei
787 5192 801 5229 :
828 5191 1015 5229 manus
1044 5178 1274 5246 prepria:
1300 5176 1526 5245 scriptio
1545 5186 1646 5232 est.
1677 5196 1696 5229 ι

148 5267 319 5321 Porro
347 5266 589 5335 disrupta
628 5266 892 5334 scriptura
923 5266 1131 5319 induxit
1173 5266 1225 5320 in
1254 5265 1581 5330 ecclesiam,
1610 5268 1704 5320 ad-

146 5360 428 5427 missoque
455 5358 522 5410 ad
551 5371 762 5411 sacram
803 5357 982 5410 missa:
1012 5358 1359 5424 sacrillcium,
1389 5360 1712 5427 perceptio-

215 5472 328 5543 (51)
387 5470 634 5526 Historiae
678 5472 833 5539 hujus
886 5474 1233 5541 impos-turam
1281 5491 1383 5525 non
1426 5474 1694 5527 innuerito

146 5543 389 5615 pateﬁeri
446 5553 709 5615 putamus
740 5560 804 5596 ex
840 5558 926 5608 eo,
956 5548 1096 5610 quod
1129 5546 1324 5615 rontuia
1353 5584 1368 5609 ,
1397 5548 1548 5615 quasi
1598 5561 1694 5614 per

145 5617 262 5680 pios
287 5612 461 5678 dolos,
487 5623 549 5683 ut
576 5614 797 5669 cntuicts
823 5630 937 5668 tuos
974 5624 1075 5678 est,
1107 5614 1372 5683 descripta
1397 5612 1539 5677 sttit;
1572 5612 1689 5683 qua:

146 5701 172 5732 ει
214 5685 483 5752 gravitate
520 5682 699 5737 Basilii
762 5686 811 5736 in
841 5685 1069 5753 agendo,
1096 5693 1151 5738 et
1204 5682 1427 5753 llelladii
1464 5688 1513 5737 in
1548 5682 1683 5739 scri-

145 5753 324 5805 bendo
346 5752 653 5807 abhorrent.
692 5753 829 5820 Quin
855 5752 897 5819 ,7
919 5754 1165 5808 ostendat
1197 5752 1552 5808 Combelisius
1585 5794 1600 5820 ,
1646 5760 1689 5808 si

147 5824 338 5889 possit,
374 5826 641 5893 quomodo
665 5827 979 5879 Anastasius
1008 5826 1308 5894 presbyter.
1338 5836 1444 5877 tam
1475 5838 1693 5879 sanctus

148 5904 198 5947 et
244 5894 357 5949 Deo
415 5894 626 5962 plenus,
677 5896 845 5962 possit
902 5896 1149 5949 excusari
1208 5896 1519 5963 mendacio;
1571 5914 1691 5951 cum

461 5990 732 6052 ΡΔτιιοι.
777 5990 895 6053 (in.
932 5990 1173 6053 XXIX.

1842 1954 1977 2006 dixit
2009 1969 2141 2018 suae,
2169 1956 2322 2012 uxori
2357 1955 2575 2026 quidem
2603 1956 2842 2022 nomine,
2868 1972 2965 2010 usu
2989 1967 3167 2010 autem
3192 1959 3368 2011 sorori
3398 1974 3411 2011 :

1847 2064 1865 2096 ι
1901 2045 2013 2113 Ego
2057 2046 2195 2101 vado
2227 2048 2293 2101 ad
2345 2046 2613 2102 culturam
2654 2047 2804 2117 agri,
2855 2048 3069 2101 domina
3119 2049 3189 2104 nti
3233 2064 3414 2116 soror,

1841 2137 1933 2189 sed
1970 2152 2131 2205 surge
2180 2146 2234 2191 et
2285 2154 2416 2194 orna
2456 2142 2671 2195 domum
2707 2149 2892 2204 tuam;
2933 2150 2985 2195 et
3026 2140 3169 2194 circa
3215 2158 3413 2198 nonam

1841 2240 2063 2295 accepto
2088 2230 2363 2285 thuribulo
2400 2243 2455 2286 et
2482 2235 2676 2299 cereis,
2709 2248 2936 2288 occurre
2967 2233 3080 2288 sola
3119 2234 3176 2290 S.
3215 2233 3416 2289 Basilio

1843 2320 2255 2392 archiepiscopo
2276 2342 2288 2377 :
2309 2323 2455 2376 venit
2479 2324 2645 2389 enim,
2663 2335 2717 2376 ut
2735 2325 2787 2377 in
2807 2338 3045 2380 nostram
3063 2330 3414 2397 peCcatorum

1841 2415 2057 2468 domum
2091 2416 2342 2471 divertat.
2377 2433 2396 2469 ι
2430 2414 2523 2470 Illa
2556 2425 2800 2471 tremens
2827 2433 2999 2487 super.
3022 2421 3292 2475 sermonis
3320 2437 3416 2473 no-

1843 2509 2028 2571 vitate,
2065 2509 2192 2563 fecit
2217 2510 2360 2579 quod
2389 2509 2548 2564 docta
2609 2519 2745 2565 erat.
2779 2509 2907 2564 Erat
2939 2526 3099 2579 porro
3129 2512 3243 2567 base
3264 2513 3417 2581 virgo

1841 2599 2067 2653 honeste
2090 2612 2305 2655 versata
2336 2621 2349 2655 :
2383 2618 2508 2656 nam
2540 2617 2661 2658 cum
2712 2618 2884 2659 annos
2916 2604 3275 2675 quadraginta
3320 2620 3417 2660 ex-

1840 2690 2040 2761 egisset
2090 2691 2143 2745 in
2182 2692 2273 2746 illo
2313 2693 2609 2763 coniugio.
2648 2696 3078 2764 rnysterimnque
3113 2708 3415 2762 servasset,

1840 2785 1894 2838 in
1930 2785 2186 2855 Opinione
2232 2787 2511 2840 heminutn
2544 2788 2748 2841 sterilis
2777 2800 2915 2842 erat.
2946 2789 3079 2843 Cum
3116 2801 3297 2846 autem
3322 2792 3415 2845 de-

1838 2877 1949 2930 bita
2007 2878 2267 2933 modeStia
2339 2878 2498 2933 nobis
2554 2880 2769 2934 obviam
2830 2883 3226 2951 processisset,
3287 2899 3415 2937 eou-

1839 2984 2135 3039 gruamque
2170 2970 2545 3025 adorationem
2603 2974 2971 3039 impertisset;
3014 2974 3247 3042 primum
3287 2975 3411 3043 qui-

1838 3064 1958 3115 dem
1994 3062 2336 3117 benedicitur
2369 3080 2396 3116 a
2448 3073 2643 3118 sancto
2687 3063 2848 3118 Patre
2893 3074 3110 3131 nostro,
3151 3074 3259 3120 tum
3287 3081 3414 3122 vero

1838 3153 1912 3204 ait
1950 3152 2059 3204 illi:
2100 3170 2117 3202 ι
2143 3151 2425 3217 Quomodo
2458 3154 2648 3217 habes,
2682 3154 2898 3208 domina
2929 3154 3245 3228 Theognia?
3271 3177 3288 3209 ι
3321 3157 3414 3212 Illa

1763 3231 1804 3288 C
1846 3252 2071 3310 stupens
2099 3258 2165 3296 ex
2211 3243 2447 3299 nominis
2480 3246 2859 3315 appellatione,
2885 3248 2949 3300 ad
2982 3264 3149 3303 eutn:
3192 3269 3209 3302 ι
3248 3251 3413 3317 Bene,

1840 3344 2025 3387 sancte
2057 3335 2171 3389 Dei.
2214 3354 2233 3386 ι
2275 3334 2415 3390 Dicit
2443 3336 2516 3392 illi
2541 3350 2762 3394 sanctus
2802 3341 2959 3395 Pater
2990 3352 3173 3397 noster
3201 3360 3213 3373 ·
3253 3362 3276 3395 ι
3313 3342 3411 3399 Ubi

1839 3436 1925 3481 est
1966 3427 2215 3482 dominus
2262 3430 2587 3486 Athanasius
2624 3433 2926 3505 presbyter,
2974 3433 3141 3489 frater
3192 3435 3358 3490 tuus?
3388 3454 3409 3488 ι

1842 3518 1983 3575 Dicit
2038 3521 2110 3575 illi
2144 3540 2157 3577 :
2207 3542 2225 3573 ι
2261 3522 2485 3577 Maritus
2510 3541 2657 3580 meus
2697 3536 2807 3591 est,
2845 3527 3079 3593 domine,
3117 3538 3171 3581 et
3214 3529 3311 3582 ivit
3344 3528 3415 3582 ad

1838 3612 2118 3667 colendam
2175 3626 2392 3670 terram.
2438 3635 2457 3667 ι
2514 3619 2583 3669 At
2636 3618 2727 3670 ille
2764 3636 2776 3670 :
2816 3636 2833 3667 ι
2874 3615 2930 3669 In
2962 3618 3125 3672 domo
3179 3630 3269 3673 tua
3301 3633 3403 3681 est.

1838 3718 2012 3772 neque
2038 3705 2299 3775 fatigeris.
2343 3724 2361 3756 ι
2396 3706 2656 3761 Perculsa
2696 3708 2861 3779 igitur
2916 3708 3112 3765 mulier
3157 3710 3208 3765 itt
3244 3715 3410 3768 verbo

1845 3796 1982 3858 isto,
2016 3811 2119 3849 non
2150 3807 2354 3850 tantum
2384 3798 2527 3867 quod
2558 3814 2621 3851 ex
2662 3801 2876 3854 nomine
2917 3800 3280 3871 appellasset,
3312 3805 3407 3857 sed

1838 3885 2001 3939 etiam
2064 3888 2207 3956 quod
2272 3903 2491 3942 uxorem
2526 3889 2745 3959 quidem
2797 3892 3013 3946 nomine
3037 3932 3053 3957 ,
3090 3907 3188 3945 usu
3222 3900 3407 3945 autem

1836 3990 2098 4045 sororem,
2127 3978 2236 4033 Deo
2265 3978 2477 4034 aﬂlatus
2501 3980 2662 4035 I'ater
2716 3992 2901 4035 noster
2942 3982 3212 4047 dixisset;
3245 3982 3409 4037 vehe-

1836 4070 2111 4137 mentique
2145 4072 2504 4125 admiratione
2538 4074 2805 4135 attonita,
2864 4088 2928 4127 ac
2984 4073 3179 4128 timore
3231 4082 3403 4141 tenta,

1833 4165 2029 4216 cecidit
2075 4166 2125 4217 in
2178 4176 2377 4218 terrain
2474 4166 2713 4220 clamans
2766 4177 2819 4219 et
2858 4169 3041 4222 dicens
3080 4185 3092 4219 :
3132 4185 3152 4218 ι
3207 4166 3405 4225 Sancte

1835 4255 1950 4318 Dei,
2000 4269 2092 4308 ora
2148 4269 2246 4324 pro
2280 4270 2364 4309 me
2416 4259 2753 4325 peccatrice.
2791 4260 2915 4326 quia
2949 4275 3034 4313 res
3068 4275 3286 4330 tnagnas
3345 4274 3402 4315 et

1834 4345 2181 4399 admirandas
2220 4347 2269 4399 in
2304 4358 2354 4401 te
2386 4358 2665 4403 contueor.
2692 4366 2711 4401 ι
2754 4346 2887 4403 Tum
2915 4350 3022 4417 ille,
3067 4350 3201 4405 fusis
3236 4368 3405 4421 super

1833 4438 1975 4491 illaut
2034 4440 2306 4506 precibus,
2360 4443 2565 4509 primus
2620 4443 2747 4496 ibat.
2794 4443 3151 4497 Venientihus
3208 4455 3393 4498 autem

1833 4531 1989 4584 nobis
2022 4531 2075 4585 in
2111 4531 2327 4586 dommn
2361 4535 2700 4605 presbyteri,
2733 4541 2899 4592 etiam
2932 4538 3049 4605 ipse
3075 4536 3285 4591 obviam
3314 4540 3398 4595 fat-

1830 4632 1983 4688 ctus;
2034 4624 2380 4680 honorabiles
2428 4628 2530 4681 viri
2586 4628 2748 4697 pedes
2781 4629 3125 4683 deosculatur
3167 4641 3265 4686 :at
3305 4632 3396 4688 ille

1827 4716 1876 4770 ci
1902 4716 1951 4769 in
1988 4715 2213 4772 Domino
2234 4718 2479 4773 osculum
2504 4720 2672 4774 dedit.
2694 4723 2781 4774 Ait
2820 4736 2947 4777 vero
2972 4723 3043 4777 illi
3075 4726 3392 4797 presbyter:

1830 4829 1848 4861 ι
1880 4808 2027 4865 Unde
2054 4813 2154 4865 hor.
2182 4813 2335 4875 tnihi,
2370 4823 2428 4865 ut
2461 4815 2669 4867 venerit
2696 4823 2915 4869 sanctus
2943 4817 3154 4871 Domini
3180 4820 3288 4873 mei
3330 4821 3399 4874 ad

1825 4903 1953 4957 me?
1991 4922 2010 4955 ι
2051 4902 2213 4957 l’ater
2254 4914 2433 4959 autem
2477 4916 2663 4961 noster
2708 4909 2781 4959 ait
2825 4907 2895 4962 illi
2930 4927 2941 4963 :
2975 4926 2994 4961 r
3035 4909 3177 4965 Bene
3220 4922 3271 4965 te
3306 4911 3392 4965 in-

1824 4997 1965 5060 veni,
1997 4995 2199 5050 Christi
2242 4998 2541 5068 discipule:
2579 5015 2765 5054 eanms
2795 5040 2809 5065 ,
2838 5014 2889 5056 et
2922 5018 3033 5057 rem
3075 5018 3288 5057 sacram
3318 5004 3395 5058 Ia-

1822 5088 2048 5144 ciamus.
2088 5106 2108 5142 ι
2164 5090 2295 5145 Erat
2320 5093 2464 5146 enim
2499 5093 2613 5163 ipse
2662 5097 2944 5164 presbyter
2975 5094 3218 5163 quotidie
3241 5093 3390 5164 jeju-

1822 5195 1981 5247 naus,
2034 5191 2091 5236 et
2119 5186 2504 5254 (praeterquam
2562 5184 2800 5239 Sabban
2834 5196 2886 5240 et
2938 5185 3025 5240 die
3082 5184 3386 5255 Dominica)

1823 5274 2295 5345 nihilcontingens
2333 5278 2434 5332 nisi
2463 5294 2653 5347 panem
2692 5289 2987 5349 etaquam.

1889 5365 2130 5435 Cumque
2170 5371 2594 5437 perrexissetnus
2640 5371 2692 5424 in
2754 5380 3002 5425 sanctam
3061 5370 3156 5424 Dei
3218 5369 3393 5425 eccle-

1817 5493 1977 5553 supra
2024 5490 2272 5553 narratur
2322 5482 2522 5537 dixisse
2569 5485 2725 5538 uxori
2779 5500 2889 5539 sine
2930 5501 2943 5537 :
2978 5483 3089 5553 Ego
3140 5485 3275 5537 vado
3319 5484 3389 5537 ad

1816 5549 2077 5601 culturam
2103 5552 2239 5620 agri,
2268 5560 2321 5606 ct
2354 5564 2533 5607 tamen
2568 5556 2743 5610 inscia
2792 5555 2877 5608 illa
2908 5549 3052 5608 dum]
3089 5554 3389 5618 manserit;

1817 5620 1905 5671 ubi
1944 5622 2099 5686 paulo
2158 5621 2293 5675 infra
2366 5624 2563 5678 dicitur
2604 5626 2850 5679 inventus
2916 5642 2945 5678 a
2995 5622 3196 5679 Basilio
3262 5645 3274 5678 :
3333 5634 3391 5678 et

1818 5705 1937 5763 mox
1967 5691 2148 5760 jussus
2174 5696 2501 5749 Anastasius
2550 5696 2761 5763 aperire
2813 5696 3009 5751 ostium
3076 5694 3388 5757 conclavis.

1819 5762 1869 5812 in
1903 5777 2007 5829 quo
2047 5766 2362 5889 sﬁrvabatur
2414 5767 2576 5821 homo
2620 5769 2895 5823 ulcerosus
2918 5808 2933 5833 ,
2965 5766 3103 5822 dixit
3141 5781 3263 5821 esse
3291 5780 3385 5820 ne~

1819 5851 2047 5887 ttasztl'lzt
2110 5853 2281 5889 OlllllS.

1815 5851 2047 5887 t'L'ssut'tzt
2073 5851 2281 5892 domus.

3108 6011 3133 6059 τ
