4086 6318
702 363 827 404 CCC!

2060 346 2593 409 PROLEGOMENA.

703 469 861 528 siam,
912 468 1163 543 ρτακιειιὶι
1197 468 1512 537 presbytero
1570 470 1625 515 ut
1682 463 1899 515 missam
1947 463 2271 517 celebraret.
2306 468 2348 525 Α
2378 468 2654 523 civitatem
2713 486 2833 527 cum
2874 475 3071 543 gaudio
3104 519 3117 543 ,
3158 480 3435 538 laudantes
3475 500 3529 543 et
3561 489 3923 550 benedicenm

701 561 789 615 ille
824 573 1001 618 autem
1055 562 1127 613 ait
1160 561 1226 613 ad
1266 574 1388 612 eum
1423 577 1433 609 :
1481 574 1497 605 ι
1553 555 1756 609 Sancte
1790 554 1928 619 Dei,
1972 565 2027 609 ut
2084 556 2270 618 doces,

700 655 839 720 quod
872 656 1046 709 minus
1076 663 1157 707 est
1217 669 1244 705 a
1299 648 1506 705 meliori
1570 647 1923 701 benedicitur.
1970 667 1988 699 ι
2048 649 2180 702 Dicit
2223 652 2270 703 ei

700 753 919 798 sanctus
968 742 1130 797 Pater
1178 751 1406 796 uoster:
1444 757 1464 791 ι
1504 739 1583 793 Ad
1622 739 1856 807 reliquas
1914 750 2032 795 tuas
2082 756 2272 796 omnes

698 839 963 899 virtutes,
999 838 1305 891 obedientia
1344 832 1587 889 accedat.
1638 853 1655 884 ι
1701 833 2057 888 Consentiens
2087 844 2269 889 autem

700 930 1007 999 presbyter,
1048 929 1220 982 astitit
1253 930 1317 981 ad
1377 940 1529 981 sacra
1575 926 1886 981 missarum.
1922 925 2091 979 Porro
2124 932 2265 981 tem-

702 1036 830 1087 pore
875 1020 1198 1075 elevationis
1262 1018 1463 1073 viviﬁci
1526 1018 1769 1087 corporis
1833 1017 2045 1073 Domini
2102 1017 2268 1072 nostri

700 1112 823 1167 Jesn
847 1112 1068 1174 Christi,
1095 1113 1229 1167 vidit
1263 1121 1486 1166 sanctus
1508 1110 1597 1163 Dei
1625 1118 1678 1163 et
1716 1110 1933 1180 quidam
1968 1107 2033 1163 de
2067 1111 2265 1178 dignis.

700 1208 1099 1260 sanctissimum
1166 1205 1469 1273 Spiritum,
1522 1205 1939 1258 descendentem
1979 1204 2031 1257 in
2088 1203 2267 1269 specie

700 1296 857 1365 ignis,
907 1295 1443 1366 circumdantemque
1502 1298 1882 1366 presbyterum
1913 1307 1968 1350 et
2019 1306 2261 1350 sanctum

699 1374 887 1443 altare.
923 1388 1171 1458 Cumque
1199 1387 1757 1443 communicassemus
1782 1427 1796 1449 ,
1825 1396 1879 1441 et
1935 1390 2039 1442 Deo
2066 1388 2266 1452 egisse-

700 1496 820 1535 mus
844 1481 1069 1548 gratias,
1097 1481 1356 1535 rediimus
1388 1481 1441 1534 in
1477 1482 1691 1535 domum
1755 1481 2077 1551 presbyteri,
2117 1480 2267 1531 cibo-

700 1586 808 1641 que
872 1585 1086 1643 sumpto
1111 1613 1125 1637 ,
1166 1572 1301 1625 dixit
1335 1572 1409 1624 illi
1446 1579 1667 1625 sanctus
1706 1569 1833 1625 Dei:
1873 1590 1890 1622 ι
1927 1569 2083 1623 Refer
2138 1570 2263 1621 mihi

697 1662 839 1717 unde
873 1666 1159 1717 thesaurus
1211 1662 1351 1726 iste;
1388 1672 1441 1716 et
1470 1677 1588 1731 qua:
1631 1674 1716 1716 est
1745 1665 1849 1716 vita
1902 1674 1986 1713 tua
2018 1661 2040 1712 ?
2081 1680 2099 1711 ι
2133 1662 2267 1714 Dicit

697 1753 745 1808 ei
803 1755 1083 1823 presbyter
1117 1773 1131 1808 :
1164 1774 1181 1805 ι
1218 1753 1327 1825 Ego
1354 1792 1368 1817 ,
1410 1761 1597 1807 sancte
1652 1754 1739 1808 Dei
1769 1794 1783 1815 ,
1818 1754 1979 1804 homo
2017 1762 2267 1819 peccator

696 1828 879 1907 sum,‘
901 1844 1131 1913 publicis
1167 1845 1382 1898 tributis
1410 1846 1703 1900 obnoxius.
1740 1864 1758 1895 ι
1804 1843 1941 1897 Sunt
1970 1859 2133 1913 porro
2158 1845 2265 1897 dno

691 1935 816 2006 jnga
842 1938 1032 2001 boum;
1063 1951 1225 1988 unum
1263 1938 1482 2005 quidem
1514 1951 1613 2005 ego
1658 1937 1844 2000 mino;
1875 1936 2103 1989 alterum
2142 1951 2268 1989 vero

696 2044 849 2085 meus
891 2028 1296 2095 mercenarius;
1328 2039 1382 2083 et
1421 2028 1648 2084 alterum
1675 2027 1892 2096 quidem
1938 2028 1988 2079 in
2023 2026 2268 2083 ministe-

696 2121 837 2174 rium
871 2118 1015 2176 cedit
1040 2120 1307 2191 hospitum
1333 2139 1348 2187 ;
1372 2120 1605 2174 alterum
1641 2130 1820 2174 autem
1847 2119 1901 2173 in
1936 2120 2264 2188 obsequium

698 2215 1022 2268 tributorum
1053 2230 1063 2264 :
1097 2223 1287 2279 estque
1309 2209 1619 2265 confamula
1661 2210 1777 2264 haec
1820 2226 1957 2265 uxor
1996 2226 2137 2273 mea,
2165 2211 2265 2265 ho-

693 2306 925 2373 spitibus
988 2304 1301 2357 ministrans
1350 2310 1405 2357 et
1463 2302 1614 2357 mihi.
1669 2321 1687 2355 ι
1747 2303 1837 2357 Ait
1885 2302 1959 2356 illi
2002 2316 2262 2358 sanctus:

698 2416 717 2448 ι
758 2396 897 2451 Voca
964 2396 1105 2450 illam
1145 2410 1412 2460 sororem,
1459 2393 1613 2463 juxta
1672 2397 1813 2465 quod
1872 2406 1990 2459 est;
2026 2396 2265 2463 mihique

693 2489 893 2545 edicito
917 2488 1155 2558 reliquas
1192 2497 1313 2543 tuas
1350 2488 1601 2541 virtutes.
1646 2506 1663 2538 ι
1694 2485 1901 2541 Dicitei
1926 2487 2211 2556 presbyter
2246 2505 2261 2541 :

698 2598 718 2631 s
756 2578 873 2634 Non
901 2582 1073 2635 habeo
1100 2580 1390 2650 quidquam
1421 2580 1543 2633 boui
1572 2592 1735 2647 super
1774 2588 1998 2642 terram,
2028 2577 2097 2631 ab
2118 2580 2263 2632 omni

691 2671 895 2725 virtute
922 2681 1218 2725 cxtraneus
1254 2686 1396 2724 sum.
1452 2690 1470 2720 ι
1502 2671 1636 2724 Dicit
1665 2670 1713 2723 ei
1746 2671 2047 2724 communis
2104 2668 2267 2725 Pater

694 2776 881 2821 noster
913 2783 927 2818 :
961 2783 979 2816 ι
1018 2763 1210 2835 Surge,
1242 2772 1295 2819 et
1320 2780 1505 2820 eamus
1534 2762 1715 2822 simul.
1759 2781 1777 2815 ι
1816 2764 1971 2818 Ducit
2000 2778 2128 2818 vero
2144 2778 2265 2819 eum

692 2856 747 2909 in
790 2855 981 2911 cellam
1007 2871 1166 2908 unam
1198 2854 1389 2908 domus
1416 2853 1556 2920 ejus,
1591 2864 1645 2908 et
1672 2854 1749 2908 ait
1775 2855 1848 2907 illi
1889 2872 1902 2909 :
1941 2871 1961 2906 ι
2002 2853 2163 2925 Aperi
2184 2854 2268 2922 ja-

692 2962 879 3001 nuam.
904 2966 923 2999 ι
952 2948 1020 2999 At
1050 2945 1139 3000 ille
1167 2964 1179 2999 :
1212 2964 1230 2995 ι
1260 2942 1361 3009 Ne,
1383 2954 1568 3000 sancte
1593 2945 1709 3011 Dei,
1742 2945 2055 3013 nejusseris
2085 2946 2265 3015 ingre-

692 3040 743 3093 di
781 3058 791 3091 :
828 3040 1076 3107 quoniam
1114 3053 1243 3092 usus
1290 3048 1371 3092 est
1419 3037 1633 3092 domus.
1686 3056 1705 3089 ι
1745 3036 1839 3091 Ait
1867 3036 1917 3091 ei
1976 3048 2198 3092 sanctus
2246 3054 2259 3089 :

2380 562 2562 616 Deum.

2445 652 2687 719 Fratres,
2721 659 3085 715 narrationem
3130 664 3253 720 volo
3280 666 3457 724 facere
3491 672 3609 743 (52)
3637 677 3703 729 de
3749 693 3926 744 uiagno

2374 756 2424 797 et
2446 745 2644 802 celebri
2693 748 2913 820 Basilio,
2960 761 3013 807 et
3038 752 3273 822 Ephrem
3299 757 3437 829 Syro
3468 761 3602 831 (53).
3637 765 3701 819 Et
3732 782 3793 820 ea
3820 770 3924 833 qui-

2372 837 2492 890 dem
2535 854 2653 908 qua:
2678 849 2927 907 spectant
2974 846 3041 900 ad
3070 842 3287 900 Patrem
3320 863 3589 917 nostrum,
3627 854 3745 922 ipse
3798 856 3921 917 vidi;

2372 944 2492 998 qua:
2537 941 2714 987 autem
2744 934 3094 1006 adzsanctum
3148 948 3203 995 et
3258 943 3514 1000 eximium
3582 943 3839 1015 Ephrem,
3870 966 3923 1003 es

2374 1024 2546 1077 veraci
2576 1026 2693 1094 ejus
2722 1041 2818 1080 ore
2862 1029 3041 1083 audivi
3072 1052 3083 1086 :
3112 1033 3191 1089 sic
3234 1042 3414 1089 autem
3445 1038 3667 1095 habent.
3712 1038 3811 1094 Ubi
3846 1060 3922 1097 ce-

2374 1116 2533 1171 lebris
2563 1120 2648 1173 ille
2678 1120 2909 1186 Ephrem
2940 1162 2955 1186 ,
2983 1138 3149 1191 agens
3179 1128 3228 1181 in
3278 1128 3513 1197 deserto,
3540 1148 3647 1204 qua
3674 1148 3743 1187 ex
3768 1134 3922 1202 Spiri—

2375 1220 2460 1265 tus
2490 1214 2665 1268 sancti
2690 1214 3045 1272 illustratioue
3083 1220 3326 1285 vidisset,
3352 1236 3456 1291 qua
3480 1239 3547 1278 ex
3575 1227 3846 1281 desiderio
3874 1237 3921 1279 et

2372 1305 2811 1368 percunctatione
2874 1308 3153 1363 didicisset
3185 1312 3497 1366 admiranda
3549 1314 3731 1373 Patris
3774 1319 3923 1373 nostri

2372 1392 2556 1447 Basilii
2590 1410 2789 1465 opera;
2835 1396 3002 1454 Deum
3034 1400 3237 1457 intente
3262 1404 3567 1474 jngiterque
3620 1410 3814 1464 orabat
3838 1452 3851 1473 ,
3878 1422 3926 1463 ut

2373 1484 2467 1551 ipsi
2494 1486 2781 1553 revelaret,
2815 1488 2991 1556 qualis
3031 1489 3253 1561 Magnus
3282 1492 3512 1549 Basilius
3547 1507 3717 1552 esset.
3752 1500 3806 1553 lu
3844 1516 3926 1555 ex-

2370 1582 2555 1636 Stasim
2574 1598 2702 1655 ergo
2726 1591 2931 1652 raptus,
2957 1586 3096 1642 videt
3127 1586 3427 1643 columnam
3461 1590 3622 1661 ignis,
3642 1593 3797 1663 cujus
3820 1611 3926 1651 ver-

2373 1685 2458 1726 tex
2516 1676 2813 1746 attingebat
2844 1676 3043 1731 coelum
3073 1698 3087 1733 :
3116 1695 3324 1751 voxque
3357 1680 3425 1736 de
3454 1682 3593 1737 caelo
3625 1685 3831 1748 audita,
3856 1688 3927 1739 di-

2302 1813 2341 1867 B
2372 1781 2500 1867 reus
2538 1782 2551 1817 :
2596 1784 2615 1819 ι
2654 1768 2885 1867 Ephrem
2915 1809 2930 1833 ,
2961 1767 3197 1840 Ephrem
3230 1793 3241 1827 :
3273 1775 3728 1845 quemadmodum
3762 1778 3929 1831 vidisri

2371 1857 2677 1913 columnam
2714 1860 2874 1930 ignis,
2931 1867 3199 1932 ejusmodi
3241 1878 3325 1923 est
3359 1867 3581 1939 Magnus
3612 1868 3859 1924 Basilius.
3901 1887 3919 1919 ι

2374 1953 2435 2004 Et
2468 1953 2655 2007 statim
2703 1954 2946 2010 adhibito
2983 1956 3281 2028 interprete
3307 2001 3324 2025 ,
3361 1962 3504 2015 velut
3539 1962 3691 2018 rudis
3749 1963 3930 2031 lingua:

2369 2044 2589 2109 Greca),
2622 2048 2767 2101 venit
2794 2048 2859 2102 ad
2887 2063 3134 2120 magnam
3162 2050 3448 2104 ecclesiam
3495 2054 3730 2109 celebris
3780 2056 3919 2108 urbis

2368 2134 2630 2192 Casareat
2663 2156 2677 2193 :
2719 2138 2785 2192 atl
2812 2154 2983 2209 quam
3015 2141 3126 2210 ipsa
3154 2154 3342 2209 magna
3378 2140 3804 2210 Epiphaniorum
3845 2159 3925 2197 so-

2371 2228 2649 2285 lemnitate
2693 2233 3021 2301 perveniens
3054 2272 3069 2298 ,
3110 2232 3357 2302 clamque
3408 2233 3691 2304 ingressus
3731 2274 3749 2299 ,
3804 2236 3926 2290 vidit

2370 2324 2747 2387 procedentem
2771 2323 3018 2394 Magnum
3045 2323 3340 2391 Basilium;
3387 2325 3569 2395 aitque
3603 2327 3761 2384 socio
3793 2344 3925 2384 suo:

2374 2431 2393 2463 ι
2435 2412 2488 2466 lu
2525 2428 2747 2477 vanum,
2799 2425 2951 2482 puto,
2994 2414 3378 2471 laboravimus.
3420 2416 3615 2475 Frater
3643 2421 3749 2476 iste
3775 2421 3931 2479 enim,

2372 2505 2422 2557 in
2463 2512 2613 2560 tanto
2637 2505 2805 2575 gradu
2839 2506 3072 2575 positus,
3097 2522 3200 2560 non
3226 2516 3309 2562 est
3339 2509 3550 2579 qualem
3588 2511 3719 2565 vidi.
3759 2530 3779 2563 ι
3802 2511 3933 2566 Con-

2369 2598 2635 2669 spiciehat
2664 2598 2809 2653 enim
2842 2599 3096 2653 amictum
3128 2599 3267 2654 stola
3306 2603 3534 2657 candida
3561 2644 3576 2667 ,
3614 2614 3932 2668 sacrumque

2369 2692 2517 2744 circa
2546 2689 2720 2759 ipsum
2756 2688 2984 2753 clerum,
3022 2690 3159 2745 albis
3190 2691 3434 2746 indutum
3467 2702 3521 2746 et
3550 2694 3599 2745 ei
3630 2691 3928 2759 obsequen-

2374 2791 2502 2835 tem.
2548 2777 2712 2835 Stans
2765 2794 2894 2849 ergo
2939 2781 2989 2834 in
3034 2794 3247 2835 secreto
3292 2782 3409 2835 loco
3446 2779 3714 2847 ecclesim,
3776 2784 3934 2846 cepit

2371 2869 2512 2923 velut
2541 2871 2605 2923 de
2634 2874 2908 2940 proposito
2941 2872 3454 2940 desperare,dicens
3476 2871 3615 2925 intra
3650 2887 3709 2928 se
3738 2890 3753 2927 :
3784 2891 3804 2925 ι
3833 2872 3932 2927 Nos

2367 2959 2454 3027 qui
2487 2962 2815 3029 portavimus
2850 2966 3059 3031 pondus
3107 2964 3211 3018 diei
3250 2974 3305 3017 et
3333 2975 3495 3019 :estus
3520 2964 3653 3019 nihil
3702 2966 3931 3035 profeci-

2368 3067 2523 3119 mus;
2560 3053 2647 3109 hic
2690 3067 2871 3110 autem
2895 3096 2908 3119 ,
2944 3058 2997 3110 in
3038 3065 3187 3111 tanto
3210 3056 3492 3119 comitatu,
3524 3066 3579 3112 et
3608 3057 3817 3111 honore
3840 3058 3933 3110 hu-

698 3152 714 3184 ι
746 3131 918 3185 Etiam
956 3148 1055 3201 ego
1092 3130 1213 3185 veni
1266 3132 1331 3184 ad
1364 3132 1507 3186 hunc
1543 3145 1722 3185 usum.
1768 3148 1787 3183 s
1819 3129 2065 3201 Cumque
2094 3127 2261 3184 nollet
2290 3160 2335 3221 ο
2368 3158 2547 3209 "uno,
2580 3154 2663 3199 εει
2694 3143 2940 3199 comm";
2975 3146 3156 3216 iam”
3198 3144 3362 3200 nam,
3392 3147 3580 3200 miror.
3630 3164 3648 3195 ι
3689 3145 3815 3200 nec
3840 3146 3940 3199 ίιε-

692 3225 980 3293 presbyter
1006 3224 1215 3294 aperire
1250 3233 1458 3292 portam
1486 3262 1503 3288 ,
1554 3238 1806 3279 sermone
1837 3224 2055 3294 aperuit
2082 3221 2257 3277 admi-

693 3316 880 3370 rabilis
910 3314 1067 3369 Pater
1109 3324 1329 3369 noster:
1364 3315 1753 3386 ingressusque
1810 3316 2117 3371 morbidum
2148 3314 2259 3368 illic

691 3405 961 3459 hominem
986 3415 1038 3457 et
1070 3404 1395 3466 ulcerosum,
1426 3406 1508 3457 cui
1534 3404 1791 3473 pleraque
1816 3404 2067 3473 corporis
2088 3417 2259 3456 mem-

689 3499 784 3555 hra
816 3495 1128 3560 deﬂuerent,
1168 3496 1374 3550 invenit
1405 3535 1417 3558 ,
1446 3509 1551 3547 uno
1595 3496 1802 3548 sciente
1834 3495 2151 3563 presbytero
2207 3504 2261 3547 et

690 3602 877 3645 sorore
931 3588 1069 3655 ejus.
1125 3585 1264 3641 Dicit
1291 3587 1340 3640 ei
1385 3595 1605 3640 sanctus
1661 3584 1821 3639 Pater
1866 3596 2087 3640 noster:
2129 3603 2147 3637 t
2192 3584 2259 3640 Ut

688 3685 817 3753 quid
855 3682 1066 3737 voluisti
1099 3682 1276 3737 celare
1307 3681 1619 3735 thesaurum
1656 3689 1804 3733 tuum
1833 3678 2040 3734 istum?
2063 3696 2082 3729 ι
2121 3677 2262 3731 Dicit

684 3776 735 3829 ei
753 3774 1037 3847 presbyter
1064 3793 1077 3827 :
1108 3790 1127 3825 ι
1152 3773 1437 3842 Promptus
1461 3783 1563 3835 est,
1597 3772 1834 3839 domine,
1869 3783 1925 3829 et
1946 3773 2258 3842 iniuriosus,

693 3867 953 3935 timuique
982 3879 1048 3919 ne
1066 3863 1204 3920 forte
1226 3865 1277 3917 in
1301 3866 1469 3918 verbo
1484 3863 1799 3919 offenderet.
1830 3884 1847 3916 ι
1876 3865 2013 3919 Dicit
2032 3866 2081 3921 ei
2105 3866 2261 3922 Pater

690 3966 871 4013 noster
908 3974 923 4011 :
957 3973 976 4007 ι
1005 3954 1150 4010 Bene
1173 3955 1318 4009 circa
1362 3955 1537 4024 ipsum
1579 3956 1801 4010 certasti
1837 3956 2002 4011 :sine
2037 3972 2166 4012 vero
2202 3971 2260 4011 ut

690 4061 746 4107 et
778 4066 877 4120 ego
907 4051 1009 4105 hac
1035 4057 1223 4104 'nocte
1271 4048 1345 4103 illi
1378 4048 1713 4113 ministrem;
1744 4063 1852 4119 quo
1876 4062 1974 4119 per
2007 4057 2059 4103 te
2092 4050 2256 4105 etiam

694 4143 1002 4198 mercedem
1033 4157 1357 4210 consequar.
1396 4162 1415 4195 ι
1476 4141 1706 4196 Dimisso
1747 4153 1927 4197 autem
1976 4150 2163 4197 sancto
2203 4142 2256 4196 in

687 4236 821 4291 cella
848 4250 971 4296 cum
1008 4235 1273 4295 ulcerosa,
1300 4235 1385 4289 cui
1418 4235 1589 4289 morbi
1614 4234 1695 4290 vis
1721 4234 1800 4289 vel
1830 4250 2013 4291 vocem
2039 4236 2259 4291 ademe-

686 4340 802 4391 rat,
834 4328 1020 4383 clauso
1066 4326 1205 4382 ostio
1232 4369 1246 4388 .
1288 4326 1667 4381 discessimus.
1710 4326 1813 4392 Qui
1859 4336 2039 4382 autem
2076 4328 2259 4383 vulne-

690 4421 839 4474 ribus
865 4419 1201 4480 medebatur,
1232 4417 1366 4472 lusis
1398 4430 1562 4485 super
1600 4432 1725 4471 eum
1774 4426 1883 4470 tota
1922 4428 2080 4472 nocte
2129 4434 2258 4488 pre-

690 4511 861 4573 cibus,
893 4510 1200 4579 supplicans
1232 4509 1365 4571 Deo,
1388 4508 1481 4576 qui
1510 4508 1757 4563 morbum
1783 4522 2000 4562 omnem
2053 4520 2109 4563 et
2138 4510 2258 4565 lan-

688 4617 909 4669 guorem
936 4610 1109 4666 sanat,
1146 4601 1360 4655 curavit
1385 4599 1554 4654 illum.
1600 4598 1896 4670 Presbyter
1921 4608 2103 4654 autem
2167 4603 2260 4671 qui

690 4691 823 4745 turis
850 4691 1129 4746 nobiscum
1156 4700 1295 4755 erat,
1323 4690 1399 4744 ait
1432 4708 1445 4744 :
1484 4708 1502 4741 ι
1559 4688 1741 4746 Gloria
1790 4688 1885 4743 tihi
1912 4730 1927 4756 ,
1967 4688 2137 4754 Deus,
2164 4691 2259 4760 qui

691 4787 823 4840 facis
875 4784 1204 4838 voluntatem
1239 4782 1537 4837 timentium
1568 4790 1620 4836 te
1652 4820 1668 4847 ,
1707 4789 1763 4836 et
1820 4782 2259 4851 deprecationem

688 4881 1142 4943 eorumexaudis;
1167 4895 1231 4932 en
1260 4878 1499 4933 medicus
1532 4892 1721 4932 sanum
1752 4876 1879 4932 fecit
1902 4877 2195 4932 iniirmum.
2234 4896 2251 4927 ι

690 4975 757 5028 Ει
817 4973 995 5029 statim
1050 4971 1305 5026 clamavit
1369 4979 1630 5035 sanctus,
1690 4976 1745 5022 ut
1812 4977 2021 5038 portam
2081 4968 2262 5037 aperi-

688 5080 893 5133 remus,
926 5064 1213 5134 eduxitque
1246 5064 1553 5117 ulcerosum
1612 5062 1817 5130 integre
1859 5074 2045 5114 sanum
2080 5098 2096 5123 ,
2152 5072 2256 5113 n0n

688 5157 977 5214 habentem
1028 5156 1337 5212 cicatricem
1401 5154 1454 5207 iu
1518 5168 1745 5222 corpore
1808 5167 1949 5214 suo,
2002 5150 2249 5220 expedite

688 5253 1043 5322 loquentem,
1096 5260 1149 5303 et
1205 5245 1591 5318 glorillcantem
1651 5245 1839 5299 Deum.
1892 5242 2009 5298 Hoc
2071 5252 2248 5297 autem

689 5342 880 5413 grandi
912 5341 1172 5396 miraculo
1219 5339 1357 5393 facto
1383 5381 1398 5404 ,
1441 5338 1639 5391 reversi
1681 5352 1868 5390 sumus
1896 5336 1949 5389 in
2002 5346 2238 5389 nostram

762 5519 1120 5588 (52)Videtnr
1175 5518 1260 5588 hic
1315 5532 1499 5571 rursus
1552 5516 1917 5577 narrationem
1976 5530 2248 5569 resumere

690 5586 1349 5660 ρεριιιιιιέΑιηριιίὶοιξὶιὶρετ

759 5660 870 5728 (53)
899 5659 1231 5728 Congressus
1254 5656 1489 5728 Ephrem
1522 5671 1639 5710 eum
1672 5655 1867 5728 Basnto
1900 5655 2119 5728 dab_itur
2158 5655 2244 5707 iu-

689 5725 775 5783 fra'
800 5732 864 5781 ad
897 5725 1074 5780 Vitam
1127 5727 1241 5793 ejus
1271 5765 1285 5788 ,
1330 5741 1395 5780 ex
1452 5725 1687 5793 Nysseno
1726 5736 1780 5778 et
1820 5726 1935 5794 ipso
1981 5725 2241 5792 Ephrem,

686 5800 907 5856 omnino
932 5799 1090 5851 aliter
1112 5812 1273 5865 quam
1329 5796 1417 5850 hic
1459 5807 1745 5861 narretur;
1785 5810 1850 5850 es
1883 5795 2077 5866 quibus
2131 5796 2244 5849 col-

2372 3249 2476 3302 que
2528 3235 2645 3305 ipso
2687 3236 2963 3306 cogitante
2990 3274 3007 3299 ,
3048 3234 3195 3289 misit
3234 3236 3299 3286 ad
3328 3248 3451 3287 eum
3492 3243 3717 3288 sanctus
3755 3238 3937 3291 archi-

2373 3326 2654 3381 diaconum
2712 3341 2909 3392 suum,
2944 3326 3170 3380 dicens:
3213 3341 3231 3376 ι
3273 3322 3423 3378 Vade
3456 3325 3523 3378 ad
3568 3339 3784 3397 portam
3824 3344 3938 3400 qua:

2373 3414 2593 3484 respicit
2626 3414 2987 3477 occidentem,
3028 3415 3211 3485 ibique
3245 3416 3295 3469 in
3332 3416 3575 3472 ecclesiae
3620 3420 3821 3490 angulo
3851 3435 3933 3474 re-

2369 3506 2545 3575 peries
2570 3506 2842 3572 abbatem,
2871 3505 3138 3560 cucullam
3176 3507 3461 3562 habentem
3494 3508 3548 3563 in
3576 3512 3780 3580 capite,
3816 3524 3935 3563 cum

2369 3598 2599 3667 quodam
2634 3598 2764 3663 alio,
2795 3598 3173 3664 raribarbium,
3204 3600 3476 3671 pusillum,
3506 3612 3559 3656 et
3588 3612 3786 3656 castera
3822 3604 3939 3656 vui-

2370 3701 2455 3745 tus
2483 3689 2633 3761 ejus;
2665 3690 2923 3759 dicesque
2952 3692 3001 3745 ei
3029 3712 3041 3747 :
3075 3691 3267 3759 Quaso
3295 3731 3311 3757 ,
3344 3693 3626 3762 ingredere
3658 3692 3713 3746 in
3746 3708 3931 3748 sacra-

2372 3783 2511 3837 rium
2546 3798 2560 3835 :
2592 3792 2753 3837 vocat
2816 3794 2866 3837 te
2914 3784 3374 3853 archiepiscopus.
3428 3801 3447 3835 ι
3501 3783 3939 3840 Archidiaconus

2370 3885 2549 3931 autem
2578 3916 2593 3941 ,
2645 3876 2868 3931 discissa
2902 3875 3069 3930 multo
3119 3875 3301 3929 labore
3328 3873 3504 3945 populi
3540 3874 3886 3933 multitudine
3920 3918 3936 3940 .

2370 3970 2515 4024 venit
2555 3971 2621 4024 ad
2683 3970 2856 4024 locum
2888 3968 2975 4022 ubi
3034 3966 3093 4021 S.
3123 3965 3355 4037 Ephrem
3393 3966 3743 4032 consistent,
3772 3978 3828 4024 et
3865 3970 3940 4024 ait

2369 4060 2491 4114 illi:
2530 4079 2547 4110 ι
2597 4059 2851 4123 Benedic,
2902 4058 3155 4123 domine;
3193 4056 3328 4112 velis
3385 4057 3591 4127 ingredi
3651 4058 3706 4113 in
3755 4074 3939 4114 sacra-

2367 4155 2538 4219 rium;
2567 4161 2721 4207 vocat
2754 4151 2899 4206 enim
2952 4160 3001 4205 te
3030 4148 3189 4206 Pater
3231 4158 3355 4206 tuus
3382 4150 3853 4223 archiepiscopus.
3912 4171 3934 4204 ι

2369 4245 2470 4301 Ubi
2499 4254 2676 4301 autem
2711 4244 2975 4302 intellexit
3009 4259 3104 4317 per
3140 4245 3488 4316 interpretem
3542 4248 3688 4316 quod
3713 4248 3936 4304 diceba-

2369 4349 2476 4402 tur,
2511 4338 2791 4393 excusavit
2824 4337 3013 4393 dicens
3046 4356 3059 4391 :
3097 4356 3115 4388 ι
3153 4335 3339 4405 Erras,
3370 4338 3573 4403 frater;
3635 4354 3735 4395 nos
3763 4342 3937 4395 homi-

2368 4444 2463 4483 nes
2497 4427 2766 4498 peregrini
2798 4444 2987 4483 sumus
3023 4436 3078 4482 et
3108 4429 3156 4482 ei
3194 4427 3396 4499 ignoti.
3442 4449 3461 4482 ι
3498 4427 3734 4484 Rediens
3757 4440 3935 4485 autem

2294 4518 2338 4573 D
2370 4521 2816 4582 archidiaconus.
2852 4521 3183 4577 renuntiavit
3240 4520 3433 4591 Magno
3485 4520 3705 4579 Basilio.
3769 4521 3941 4577 Porro

2365 4613 2492 4666 dum
2520 4612 2751 4668 Basilius
2796 4614 2963 4668 libros
3017 4629 3202 4670 sacros
3236 4611 3459 4682 exponit
3511 4611 3731 4681 populo,
3792 4615 3940 4671 videt

2366 4702 2422 4757 S.
2478 4702 2709 4773 Ephrem
2759 4704 2995 4775 linguam
3026 4706 3235 4775 igneam
3263 4742 3280 4769 ,
3307 4701 3425 4772 ejus
3474 4716 3571 4757 ore
3605 4702 3935 4774 loquentem.

2365 4796 2562 4863 Aitque
2635 4811 2849 4851 rursum
2911 4795 3134 4866 Magnus
3196 4793 3433 4850 Basilius
3500 4796 3935 4856 archidiacono:

2370 4904 2388 4937 ι
2431 4885 2591 4949 Vade,
2627 4898 2683 4942 et
2720 4889 2803 4942 dic
2836 4887 2883 4942 ei
2917 4904 2931 4941 :
2961 4886 3188 4943 Domine
3248 4887 3483 4971 Ephrem
3505 4926 3523 4954 ,
3554 4890 3691 4945 velis
3729 4891 3938 4967 ingredi

2365 4980 2432 5030 ad
2465 4993 2676 5033 sacrum
2725 4979 2934 5033 altare:
2966 4987 3123 5034 vocat
3171 4989 3221 5034 te
3267 4980 3727 5051 archiepiscopus.
3788 5002 3809 5035 ι
3874 4981 3941 5037 Et

2362 5075 2549 5128 abiens
2576 5072 2642 5126 ad
2666 5088 2786 5147 eum
2817 5072 3255 5138 archidiaconus,
3290 5075 3518 5145 ejusque
3546 5075 3799 5147 vestigiis
3830 5077 3935 5131 lm-

2364 5178 2549 5233 presso
2578 5146 2781 5226 osculo,
2807 5164 2940 5217 dixit
2965 5164 3038 5217 illi
3076 5183 3089 5217 :
3122 5182 3141 5215 t
3186 5164 3411 5220 Domine
3436 5146 3935 5236 Ephrem,qu:eso,

2366 5268 2415 5310 te
2446 5257 2672 5311 accersit
2704 5256 2863 5310 Pater
2889 5267 3009 5310 tuus
3036 5256 3495 5326 archiepiscopus,
3543 5266 3600 5310 nt
3656 5257 3934 5325 ingredia-

2366 5352 2438 5401 ris
2461 5351 2510 5401 in
2540 5350 2953 5417 presbyterium.
2994 5366 3011 5398 ι
3054 5348 3286 5401 Sanctus
3309 5364 3438 5417 ergo
3484 5364 3649 5418 super
3676 5350 3763 5402 his
3792 5360 3934 5404 atto-

2367 5523 2529 5591 ligere
2563 5521 2725 5574 lector
2760 5521 2975 5591 poterit,
3007 5535 3252 5591 quaenam
3278 5520 3362 5591 hic
3396 5518 3705 5572 referantur
3728 5520 3938 5591 omissa

2363 5588 2429 5645 ab
2459 5591 2685 5659 Ephrem
2718 5588 2773 5643 et
2806 5588 3086 5656 Nysseno;
3124 5588 3520 5659 jndicahitque,
3548 5589 3938 5659 anmerosimi:

2364 5660 2413 5715 le
2437 5656 2545 5725 sit,
2574 5660 2865 5714 omittenda
2919 5660 3085 5713 fuisse
3110 5656 3135 5719 ,⁷
3166 5660 3213 5713 si
3268 5658 3666 5727 contigissent;
3701 5656 3941 5729 exempli

2364 5745 2540 5795 causa,
2584 5729 2649 5784 de
2680 5729 3016 5799 apparitione
3047 5729 3306 5785 columna:
3334 5729 3493 5798 ignis.
