4086 6318
572 330 936 392 EXCEBPTA
973 332 1065 392 EX
1098 329 1293 392 ACTIS
1331 335 1389 392 S.
1425 336 1667 393 BASILII
1701 335 2215 393 BOLLANDIANIS.
2248 366 2318 381 —-
2346 336 2503 392 VITA
2548 334 2982 393 APOCRYPHA.

3250 344 3400 391 CCCX!

184 457 331 515 nitus
394 457 544 513 dedit
607 459 832 530 gloriam
902 460 1040 525 Deo;
1113 474 1175 513 ac
1244 461 1596 515 reverentiam
1672 460 1749 513 t'a-
1778 466 1822 520 Α
1852 459 2097 529 natisque
2154 459 2446 528 interprete
2499 459 2551 513 in
2583 458 2866 514 diaconum
2896 498 2910 519 ,
2945 467 3001 512 et
3050 456 3163 523 ipso
3192 456 3245 510 in
3275 471 3401 524 pre-

185 548 334 603 eieus
366 587 383 613 ,
435 549 816 621 excipiensque
843 551 960 605 ait:
999 568 1017 600 σ
1051 548 1187 605 Vere
1242 550 1461 619 Magnus
1492 548 1740 605 Basilius.

186 637 326 696 Vere
375 640 622 695 columna
667 642 805 713 ignis
837 642 1085 697 Basilius.
1118 640 1253 696 Vere
1293 657 1389 711 per
1418 657 1479 696 os
1499 641 1617 712 ejus
1660 641 1741 697 lo-

183 733 371 799 quitur
392 730 624 802 Spiritus
652 743 893 788 sanctus.
932 751 951 784 ι
996 734 1225 804 Rogavit
1251 748 1379 787 vero
1410 732 1744 789 archidiaco-

186 836 314 876 num
348 831 407 877 ut
428 826 782 893 responderet
804 864 819 889 ,
874 826 1230 894 opportunius
1257 864 1271 886 .
1304 832 1424 895 post
1471 835 1743 894 peractam

187 928 299 967 rem
320 928 556 980 sacram,
580 915 933 972 salutaturnm
961 915 1012 968 in
1047 915 1366 969 secretario.

253 1003 389 1060 Post
422 1007 641 1062 missam
662 1021 787 1061 vero
813 1006 1084 1077 ingressus
1113 1007 1340 1062 Basilius
1370 1008 1743 1073 secretarium,

181 1114 248 1155 eo
280 1099 340 1154 S.
371 1100 599 1170 Ephrem
657 1100 1041 1155 accersendum
1090 1101 1335 1165 curavit;
1392 1100 1631 1169 dansque
1688 1100 1741 1154 in

186 1191 413 1248 Domino
446 1192 708 1255 osculum,
741 1194 813 1247 ait
846 1210 859 1245 :
899 1211 917 1244 ι
958 1192 1103 1247 Bene
1138 1192 1353 1256 venisti,
1411 1190 1571 1246 Pater
1615 1190 1745 1247 liliov

183 1300 303 1338 rum
344 1284 536 1338 deserti
564 1301 579 1338 :
614 1284 749 1338 bene
783 1284 975 1339 venisti
1006 1325 1021 1348 ,
1049 1284 1139 1353 qui
1170 1284 1221 1337 in
1252 1298 1319 1339 eo
1356 1284 1741 1351 discipulorum

181 1376 386 1430 Christi
418 1391 693 1429 numerum
729 1377 922 1430 auxisti
955 1416 969 1441 ,
1022 1384 1076 1431 et
1109 1376 1377 1431 daemones
1398 1375 1671 1445 expulisti.
1719 1399 1737 1427 ο

184 1465 291 1522 Sed
329 1479 581 1534 quorsum
622 1480 743 1520 eum
783 1467 874 1522 tibi
926 1466 1163 1521 laborem
1196 1467 1503 1535 suscepisti,
1555 1481 1589 1520 o
1643 1465 1743 1519 Pa-

180 1556 310 1612 ter?
349 1553 548 1610 Venisti
586 1556 857 1611 invisurus
909 1556 1559 1627 hontintm.peccatorem
1594 1577 1607 1613 :
1639 1558 1744 1611 lar-

176 1648 357 1717 giatur
381 1645 475 1701 tibi
509 1646 812 1702 mercedem
842 1646 1012 1710 Deus.
1034 1648 1188 1718 juxta
1222 1656 1373 1703 tuum
1401 1647 1661 1703 laborem.
1720 1668 1737 1699 ι

181 1736 281 1793 Ubi
310 1752 472 1806 porro
496 1738 819 1794 venerabilis
846 1738 1082 1809 Ephrem
1133 1739 1313 1793 omnia
1366 1738 1418 1793 in
1455 1739 1615 1794 corde
1647 1754 1743 1793 suo

178 1839 305 1881 nata
337 1829 585 1900 dictaque
610 1831 759 1886 socio
802 1830 981 1885 abbati
1025 1830 1358 1899 respondens
1387 1842 1700 1886 enarrasset
1724 1870 1739 1892 ,

176 1922 615 1980 communionem
659 1923 713 1979 in
759 1938 941 1980 sacras
975 1936 1167 1978 manus
1210 1936 1337 1978 suas
1365 1922 1605 1992 accepit;
1644 1922 1742 1977 Ba.

175 2011 431 2083 silioque,
459 2028 556 2084 pro
578 2014 793 2085 hospitii
828 2011 1117 2084 religione,
1146 2012 1448 2085 excipiente
1474 2014 1739 2078 convivio,

175 2105 257 2161 ait
295 2104 355 2163 S.
386 2107 619 2177 Ephrem
652 2123 667 2161 :
704 2124 724 2158 σ
758 2105 938 2174 Pater,
966 2121 1176 2163 summe
1226 2107 1562 2178 honorande,
1583 2121 1739 2162 unam

175 2196 277 2251 abs
306 2205 362 2250 te
405 2197 636 2267 deposco
664 2196 889 2267 gratiam
916 2233 932 2259 ,
963 2205 1017 2252 et
1047 2196 1186 2252 hanc
1230 2196 1362 2252 mihi
1399 2212 1606 2252 annuas
1651 2212 1742 2251 ve-

176 2286 294 2342 lim.
338 2305 359 2339 ι
401 2287 481 2340 Ad
520 2301 682 2352 quem
716 2286 989 2346 Basilius:
1034 2308 1051 2340 ι
1091 2286 1375 2355 Jube,dic
1400 2303 1519 2359 qua:
1549 2287 1740 2342 viden-

174 2389 307 2444 tur;
354 2378 580 2433 mnltum
626 2379 769 2435 enim
815 2382 1006 2446 debeo,
1056 2380 1296 2435 maxime
1344 2380 1414 2433 oh
1447 2378 1523 2433 tui
1550 2378 1617 2433 ad
1656 2393 1742 2433 me

177 2472 445 2525 adventus
492 2480 825 2543 assumptum
878 2472 1136 2527 laborem.
1204 2488 1225 2522 ι
1286 2468 1352 2522 Et
1406 2465 1738 2523 honorabilis

177 2561 416 2632 Ephrem
470 2563 537 2617 ad
570 2564 742 2635 ipsum
770 2582 783 2617 :
815 2581 834 2615 ι
865 2562 1017 2626 Novi,
1060 2560 1223 2616 Pater
1254 2568 1458 2624 sancte,
1492 2558 1607 2615 fore
1659 2568 1735 2623 ut,

173 2653 218 2708 si
246 2667 371 2723 qua
400 2668 432 2707 a
466 2654 574 2711 Deo
598 2654 925 2725 poposceris,
979 2653 1094 2724 ipse
1136 2650 1391 2722 prebeat.
1424 2648 1597 2721 Cupio
1643 2664 1741 2706 au-

174 2749 287 2797 tem
316 2756 416 2813 pro
449 2757 535 2798 me
564 2756 719 2813 roges
743 2780 759 2806 ,
788 2750 846 2796 ut
876 2740 1063 2798 (ἑτερο
1117 2740 1262 2812 loqui
1298 2739 1524 2813 possim.
1563 2758 1582 2792 ι
1640 2739 1736 2796 Cui

173 2833 407 2890 Basilius
443 2850 459 2887 :
494 2850 515 2884 ε
550 2832 681 2889 Rem
711 2832 991 2903 postulasti
1022 2834 1372 2890 excedentem
1407 2832 1570 2886 vires.
1597 2830 1733 2898 Quia

175 2925 531 2983 nihilominus
561 2924 665 2979 llde
725 2924 931 2996 petisti,
956 2925 1074 2979 veni
1102 2966 1118 2989 ,
1150 2923 1307 2978 Pater
1337 2921 1736 2977 venerabilissi-

173 3032 260 3073 me
289 3018 569 3088 eremique
613 3019 935 3088 praeposita,
987 3025 1042 3070 et
1094 3014 1378 3069 Dominum
1433 3029 1733 3086 rogemus:

171 3121 371 3181 potens
390 3109 536 3167 enim
578 3120 662 3168 est
683 3149 698 3173 ,
742 3119 799 3163 ut
833 3108 995 3164 faciat
1020 3106 1350 3163 voluntatem
1373 3116 1521 3162 tuam
1554 3128 1568 3161 :
1612 3123 1733 3161 nam
1762 3142 1803 3196 ο

173 3201 440 3268 scriptum
474 3209 588 3253 est:
637 3196 963 3252 Voluntatem
1007 3197 1300 3252 timentium
1351 3213 1405 3252 se
1447 3197 1603 3266 faciet
1634 3237 1648 3257 ,
1686 3209 1731 3249 et

170 3288 596 3350 deprecationem
654 3303 835 3342 eorum
898 3288 1140 3343 exaudiet
1172 3329 1189 3353 ,
1246 3296 1297 3341 et
1340 3287 1509 3341 salvos
1572 3287 1729 3354 faciet

170 3378 379 3448 eos(a).
422 3396 443 3432 a
468 3376 601 3434 Cum
634 3388 809 3434 autem
836 3378 925 3433 diu
963 3384 1230 3440 orassent,
1266 3375 1341 3430 ait
1366 3374 1586 3444 Magnus
1634 3373 1733 3427 Ba-

168 3470 324 3525 silius
357 3489 369 3525 :
415 3488 436 3523 ι
479 3468 606 3539 Cur,
632 3470 849 3527 domine
881 3469 1114 3541 Ephrem
1141 3510 1161 3537 ,
1200 3484 1414 3525 sacram
1444 3468 1730 3523 sacerdotii

177 3564 605 3629 ordinationem,
645 3563 741 3617 tibi
781 3577 1098 3633 congruam,
1147 3574 1253 3615 non
1294 3561 1540 3630 accipis?
1572 3580 1590 3611 ι
1633 3560 1730 3614 Cui

168 3655 408 3725 Ephrem
441 3668 534 3720 per
564 3652 913 3720 interpretem
948 3668 961 3704 :
995 3668 1015 3701 ς
1060 3650 1198 3717 Quia
1227 3658 1478 3720 peccator
1509 3666 1654 3705 sum.
1704 3669 1724 3703 ι

169 3742 473 3811 Respondit
522 3740 571 3795 ei
626 3739 847 3811 Magnus
898 3738 1175 3796 Basilius:
1222 3758 1241 3792 ε
1276 3738 1491 3796 Utinam
1523 3749 1579 3794 et
1630 3756 1731 3809 ego

167 3837 293 3891 talis
341 3843 596 3905 peccator
624 3834 831 3889 essent!
888 3851 909 3888 ι
944 3832 1197 3905 Dixitque
1248 3833 1315 3890 ad
1343 3849 1465 3890 eum
1505 3850 1519 3887 :
1555 3853 1573 3886 ι
1609 3832 1731 3889 Fle-

164 3937 379 3982 ctamus
403 3940 597 3996 genua.
624 3945 645 3980 ι
674 3924 879 3981 Etcum
923 3924 1068 3981 humi
1104 3926 1359 3996 prostrati
1396 3932 1598 3989 essent,
1625 3924 1730 3980 im-

166 4020 353 4089 posuit
386 4018 671 4073 hierarcha
714 4032 905 4072 manus
940 4026 1129 4074 sancto
1163 4016 1432 4089 Ephrem;
1466 4017 1729 4073 recitans-

162 4125 270 4181 que
298 4109 603 4163 orationem
636 4108 887 4171 diaconi,
940 4108 1068 4163 dicit
1116 4110 1181 4161 ad
1217 4110 1389 4178 ipsum
1420 4131 1431 4163 :
1475 4127 1494 4162 ι
1538 4106 1729 4175 Quaeso

168 4214 221 4258 te
246 4242 263 4266 ,
300 4216 400 4257 nos
426 4201 592 4271 erige.
624 4217 644 4251 ι
673 4201 845 4269 Atque
888 4208 1016 4254 tunc
1045 4200 1219 4255 soluta
1246 4209 1301 4254 et
1343 4202 1590 4271 expedita
1612 4200 1729 4271 ejus

165 4296 375 4364 .ingua,
408 4293 546 4347 dixit
572 4290 633 4347 S.
660 4291 893 4363 Ephrem
927 4291 1072 4348 clare
1106 4292 1283 4363 lingua
1305 4290 1489 4347 Graeca
1516 4309 1530 4347 :
1566 4312 1584 4345 ι
1612 4292 1727 4348 Sal-

166 4402 253 4449 va,
289 4386 551 4441 miserere
577 4424 592 4450 ,
622 4385 905 4448 resuscita,
929 4395 985 4441 et
1022 4384 1231 4440 custodi
1260 4398 1356 4439 nos
1385 4424 1400 4449 ,
1444 4383 1602 4450 Deus,
1638 4397 1724 4439 tua

1841 554 2115 623 sbyterum
2164 550 2299 622 (54),
2343 565 2437 607 eos
2485 552 2696 607 dimisit
2743 552 2793 605 in
2831 564 2988 622 pace,
3038 546 3401 619 gloriﬁcantes

1845 644 2035 707 Deum,
2058 642 2111 696 in
2136 643 2387 699 omnibus
2424 658 2545 713 qua:
2574 644 2823 697 viderant
2848 682 2863 706 ,
2888 642 3027 696 sicut
3052 641 3257 694 dictum
3316 648 3400 693 est

1843 738 1909 792 ad
1933 750 2050 791 eos.

2463 849 2687 905 CAPUT
2711 848 2793 901 IV.

1849 966 2108 1022 Restituto
2137 968 2441 1021 orthodoxis
2476 964 2706 1018 .Viuenia
2734 961 2971 1014 ecciesia.
3000 958 3227 1013 Castitaa
3266 955 3404 1010 Petri

1915 1037 2183 1092 Sebastem’
2222 1042 2461 1107 probata.
2499 1032 2818 1087 Pecuarius
2851 1042 2897 1084 et
2920 1030 3098 1083 Judwi
3120 1029 3401 1083 conversio.

1914 1107 2317 1251 ;!:s’i‘.Valentis
2352 1194 2460 1249 Deo
2493 1193 2643 1250 exosi
2698 1192 2983 1246 adventum
3039 1189 3106 1244 ad
3141 1203 3259 1252 nos,
3314 1187 3401 1255 qui

1843 1301 1976 1341 avus
2001 1286 2115 1357 (55)
2167 1284 2267 1339 fuit
2308 1282 2503 1340 Juliani
2539 1283 2829 1352 Apostatae,
2861 1287 3161 1337 revertente
3190 1279 3307 1347 ipso
3338 1276 3405 1329 ad

1844 1377 2209 1433 beatissimam
2241 1372 2583 1430 Constantini
2625 1372 2813 1427 urbem
2855 1386 2919 1427 ac
2958 1376 3270 1425 transeunte
3306 1364 3400 1419 Ni-

1843 1484 2043 1533 ca-am;
2069 1474 2414 1522 accesserunt
2443 1463 2507 1519 ad
2535 1478 2655 1518 eum
2696 1461 2965 1532 principes
2992 1460 3203 1516 Arianae
3229 1457 3399 1513 hare-

1844 1560 1939 1626 sis,
1984 1557 2423 1630 ﬂagitaruntque,
2481 1551 3054 1611 consubstantialitatis
3106 1556 3403 1606 assertores

1844 1661 2026 1705 sancta
2076 1651 2339 1706 catholica
2391 1647 2620 1705 ecclesia
2677 1643 2969 1707 deturbari,
3007 1642 3193 1711 eisque
3233 1640 3400 1712 ipsam

1848 1744 2004 1797 tradi.
2043 1742 2212 1798 Porro
2239 1755 2501 1813 tyrannus
2540 1750 2596 1795 et
2628 1740 2879 1809 indignus
2909 1750 3162 1807 purpura,
3188 1733 3279 1803 qui
3308 1748 3402 1788 ex-

1843 1836 2115 1889 secranda:
2142 1833 2353 1889 illorum
2390 1832 2612 1885 haeresis
2646 1829 3053 1898 antesignanum
3086 1832 3288 1896 ageret.
3310 1838 3402 1894 pe-

1843 1919 1954 1974 titis
1996 1918 2575 1990 annuit;depulsoque
2620 1916 2838 1972 militari
2895 1931 3053 1969 manu
3105 1913 3405 1970 orthodoxa

1841 2011 2056 2081 populo,
2096 2012 2380 2067 ecclesiam
2416 2010 2635 2066 tradidit
2674 2008 2905 2063 Arianis.
2946 2005 3178 2062 Maerens
3224 2004 3404 2075 itaque

1842 2104 2022 2158 animo
2048 2103 2168 2174 pius
2199 2104 2376 2160 omnis
2430 2106 2679 2173 populus,
2714 2102 2802 2156 diu
2860 2109 3125 2169 noctuque
3174 2096 3402 2152 orabant

1844 2190 2033 2258 Deum,
2062 2200 2121 2248 ut
2154 2206 2222 2248 ne
2259 2191 2376 2261 eius
2402 2190 2631 2247 ecclesia
2662 2189 2931 2247 stabulum
2966 2190 3118 2245 lieret
3143 2196 3196 2243 et
3234 2186 3403 2242 sentia

1843 2298 1911 2339 na
1937 2283 2232 2341 haereseon.
2264 2282 2443 2357 Pergit
2481 2283 2661 2353 itaque
2692 2279 2919 2338 Niceam
2964 2278 3265 2336 communis
3300 2276 3402 2332 Ev-

1842 2375 2125 2431 clesiarum
2151 2392 2349 2445 praeses
2368 2376 2626 2441 Basilius,
2652 2376 2719 2430 ad
2757 2390 2914 2447 quem
2940 2388 3271 2431 concurrens
3288 2374 3401 2427 nni-

1841 2482 1994 2523 versa
2028 2467 2453 2523 orthodoxorum
2498 2468 2801 2535 multitudo,
2829 2468 2995 2522 multo
3025 2465 3258 2521 clamore
3300 2480 3398 2521 es-

1840 2558 2109 2632 postnlant
2159 2559 2497 2631 imperatoris
2549 2560 2819 2629 iniuriam.
2878 2563 2947 2615 At
3004 2559 3093 2614 ille
3127 2558 3196 2614 ad
3244 2570 3337 2613 eos
3382 2576 3395 2612 :

1848 2670 1869 2704 a
1914 2650 2010 2720 Ne,
2033 2652 2212 2709 dilecti
2247 2651 2364 2719 lilii,
2398 2652 2774 2723 ploraveritis:
2812 2653 3222 2721 haudquaquam
3254 2650 3401 2703 enim

1843 2742 1984 2797 istud
2014 2741 2156 2797 Deus
2198 2741 2250 2795 in
2283 2741 2442 2796 linem
2484 2741 2760 2811 permittet
2791 2759 2805 2795 :
2844 2741 3105 2796 sustinete
3134 2753 3263 2796 vero
3285 2739 3399 2797 Ion-

1841 2834 2081 2906 ganimcs
2113 2834 2281 2902 ipsius
2310 2834 2755 2889 misericordiam.
2788 2852 2806 2885 ι

1914 2923 2105 2985 Porro.
2160 2926 2442 2993 ingressus
2480 2920 3022 2993 Constantinopolim.
3075 2925 3163 2980 ubi
3210 2924 3405 2978 Valen-

1844 3026 1949 3070 tem
1999 3016 2378 3085 imperatorem
2428 3014 2671 3080 vidisset,
2704 3014 2891 3071 dixit:
2940 3033 2959 3067 ι
2994 3013 3039 3071 0
3081 3016 3395 3086 imperator.

1846 3106 2031 3161 Honor
2070 3107 2204 3178 regis
2226 3106 2491 3177 judicium
2520 3107 2693 3176 diligit
2740 3105 2850 3177 (c):
2884 3107 3068 3176 aitque
3102 3104 3396 3174 Sapientia,

1837 3196 2109 3253 Iudicium
2139 3200 2271 3269 regis
2294 3198 2508 3267 jastitia
2542 3196 2641 3266 (ά).
2672 3194 2779 3250 Cur
2794 3210 2922 3265 ergo
2950 3196 3287 3267 presumpsit
3312 3206 3399 3251 tt'a

1839 3290 2158 3355 dominatio,
2199 3288 2513 3345 orthodoxis
2537 3304 2631 3344 sua
2672 3289 2907 3358 ipsorum
2942 3286 3167 3345 ecclesia
3210 3289 3375 3359 pulsis

1838 3379 1978 3435 male
1998 3394 2161 3435 sanos
2191 3379 2243 3433 in
2274 3379 2377 3436 llde
2416 3378 2469 3434 in
2504 3394 2623 3435 eam
2662 3380 2917 3435 mittere?
2950 3400 2967 3431 ι
3000 3381 3086 3434 Ait
3114 3378 3308 3434 Valens
3333 3382 3398 3434 ad

1838 3487 2001 3528 eum:
2044 3489 2063 3524 ι
2104 3470 2429 3536 Rursumne,
2466 3472 2649 3537 Basili,
2697 3473 2761 3523 ad
2800 3472 3173 3526 contumeliam
3211 3487 3397 3527 versus

1838 3563 1935 3618 es?
1958 3563 2027 3617 Ea
2065 3578 2153 3618 res
2174 3562 2269 3619 tibi
2294 3578 2400 3620 non
2424 3564 2691 3634 congruit.
2730 3582 2748 3614 ι
2790 3563 2877 3617 Ait
2906 3574 3126 3618 sanctus
3156 3578 3170 3616 :
3201 3580 3219 3614 ι
3254 3563 3397 3619 Con-

1838 3654 1981 3721 gruit
2016 3655 2167 3721 mihi,
2196 3665 2253 3708 ut
2276 3669 2371 3724 pro
2397 3654 2607 3721 justitia
2648 3656 2893 3725 bonoque
2927 3655 3088 3711 etiam
3117 3658 3337 3711 moriar.
3370 3674 3390 3707 ι

1838 3746 2135 3817 Imperator
2158 3746 2224 3802 ad
2273 3762 2395 3802 eum
2425 3765 2437 3801 :
2475 3765 2491 3798 ι
2529 3746 2693 3809 Vade,
2721 3756 2774 3800 tu
2801 3757 2921 3802 esto
2966 3748 3103 3801 inter
3130 3757 3394 3817 utrosque

1829 3838 2040 3909 judex:
2098 3838 2221 3895 vide
2271 3848 2470 3902 tamen,
2506 3848 2563 3892 ut
2612 3853 2678 3891 nc
2718 3836 2980 3893 all'ectioni
3033 3837 3097 3893 ad
3141 3841 3395 3909 populum

1838 3941 1985 3985 tuum
2017 3930 2382 3985 concesseris:
2411 3943 2514 3985 non
2544 3928 2687 3985 enim
2714 3928 2888 3985 decet.
2921 3948 2940 3982 ο
2975 3928 3063 3985 Ait
3100 3929 3189 3986 ille
3226 3931 3397 4003 imped

1837 4021 2040 4076 ratori:
2089 4039 2108 4073 ι
2171 4020 2228 4076 Si
2284 4020 2536 4077 habueris
2582 4035 2689 4091 quo
2733 4021 3094 4091 reprehendas
3129 4021 3392 4093 judicium

1837 4128 2036 4177 meum,
2058 4110 2200 4181 iuste
2233 4121 2289 4167 et
2324 4127 2407 4168 me
2442 4112 2632 4169 exsilio
2675 4113 2875 4183 relega,
2906 4121 2963 4168 et
3001 4111 3121 4169 illos
3162 4112 3390 4183 expelle.

1834 4206 2227 4276 ecclesiamque
2266 4204 2561 4260 victoribus
2590 4204 2784 4261 tribue.
2827 4223 2847 4257 ν
2869 4205 3071 4262 Abiens
3093 4204 3271 4275 itaque
3298 4203 3392 4258 Ni-

1834 4316 1997 4355 caeam
2024 4315 2145 4356 cum
2194 4299 2388 4354 litteris
2428 4298 2689 4363 Valentis,
2725 4298 2999 4353 admonuit
3053 4298 3282 4351 Arianos
3336 4306 3393 4352 et

1834 4392 2021 4448 dixit:
2062 4408 2081 4443 ι
2130 4389 2265 4445 Ecce
2315 4389 2606 4459 imperator
2657 4389 2787 4443 mihi
2835 4388 3081 4454 iniunxit,
3140 4386 3325 4443 dicens
3372 4403 3389 4442 :

162 4478 364 4549 gratia.
404 4495 424 4529 ι
453 4476 522 4531 Et
553 4477 767 4547 impleta
794 4487 875 4534 est
905 4476 1219 4549 Scriptura:
1258 4476 1403 4532 Tunc
1446 4477 1595 4532 saliat
1622 4478 1726 4532 aic-
1758 4491 1803 4547 n
1827 4485 1976 4540 Vade
2004 4491 2058 4537 et
2089 4481 2232 4549 juste
2274 4480 2417 4535 inter
2450 4481 2697 4543 Arianos,
2748 4489 2802 4533 et
2852 4478 2942 4549 qui
2986 4479 3203 4549 sapiunt
3254 4494 3390 4536 con.

164 4580 220 4624 at
246 4585 430 4625 mons
474 4570 722 4633 claudus,
768 4580 815 4624 et
847 4579 1028 4640 aperta
1066 4570 1163 4624 erit
1209 4568 1387 4640 lingua
1433 4569 1724 4625 balbutien-

164 4668 303 4718 tiuas
340 4661 435 4735 (lt).
464 4660 704 4730 Cumque
733 4660 825 4714 ille
846 4677 911 4716 ex
951 4671 1193 4731 tempore
1219 4662 1399 4716 omnia
1428 4660 1616 4717 Graece
1640 4660 1722 4716 lo-

163 4768 453 4828 queretur,
485 4758 597 4827 ipsa
627 4756 763 4811 hora
789 4754 1227 4825 gloriﬁcaverunt
1256 4754 1445 4818 Deum,
1477 4755 1569 4824 qui
1606 4769 1723 4809 om-

163 4851 255 4906 nia
281 4858 460 4920 potest
485 4858 541 4903 et
568 4848 787 4903 exaudit
820 4860 1007 4916 preces
1040 4846 1561 4917 timentiumlipsum.
1589 4845 1725 4917 Spi-

164 4945 310 5000 ritali
342 4942 520 5011 itaque
547 4940 729 4997 laetitia
764 4954 887 4997 cum
921 4938 1029 4995 illis
1054 4938 1228 4995 triduo
1264 4939 1501 4996 refectus
1524 4978 1540 5004 ,
1572 4940 1725 4995 ordi-

240 5074 353 5144 (56)
384 5072 805 5144 Pmdecessores
831 5070 993 5144 nostri
1021 5072 1052 5144 l7
1089 5071 1404 5144 Februarii,
1442 5072 1493 5144 in
1526 5071 1715 5144 Com-

163 5139 435 5199 tne'nta'rio
454 5143 648 5211 prmvio
675 5146 739 5196 al
776 5155 893 5197 acta
924 5141 979 5196 S.
1018 5143 1243 5211 Ephrem
1283 5139 1405 5210 Syri
1456 5140 1483 5211 ς
1522 5143 1592 5203 3,
1641 5140 1709 5195 dc

163 5218 339 5279 gradu
392 5212 506 5280 ejus
570 5213 935 5267 ecclesiastico
987 5213 1363 5279 disputantes,
1402 5212 1711 5277 iudicarunt

163 5286 303 5335 nihil
336 5287 545 5345 obesse,
578 5298 682 5350 quo
714 5284 892 5335 minus
925 5284 1202 5352 presbyter
1259 5284 1538 5334 ordinatus
1562 5283 1709 5335 credi

162 5364 350 5421 posset
376 5396 391 5416 ,
433 5354 477 5408 si
541 5363 810 5407 constaret
852 5351 1025 5406 Vitam
1079 5351 1216 5421 hanc
1243 5354 1310 5404 ab
1337 5351 1710 5417 Amphilochia

162 5420 423 5487 scriptam
462 5438 583 5479 esse
615 5437 629 5473 :
665 5436 785 5491 nam
822 5422 1044 5491 objectis
1079 5438 1107 5475 a
1163 5420 1395 5475 Baronio
1448 5421 1707 5491 satisfacnt

162 5492 525 5550 Gotnbelisius
572 5493 677 5547 hic.
711 5488 904 5561 Verum
954 5506 1073 5547 cum
1110 5492 1221 5561 ha‘c
1261 5494 1391 5544 Acta
1432 5489 1708 5561 Amphilo-

164 5564 270 5620 chii
307 5564 572 5627 nousint,
618 5560 814 5615 nullunt
836 5571 1078 5630 superest
1112 5560 1517 5617 fundamentum
1558 5576 1707 5615 asse-

234 5698 317 5765 (a)
352 5692 492 5749 Psal.
533 5706 717 5765 cxstv,
748 5691 829 5746 l9.

236 5762 312 5820 tot
343 5765 443 5818 lsa.
482 5775 647 5820 xxxv.
684 5762 737 5815 6.

1831 4571 2368 4635 subslantlalitatem,
2393 4586 2554 4639 super
2576 4570 2827 4632 ecclesia,
2867 4585 3026 4640 quam
3049 4578 3254 4626 armata
3286 4572 3390 4642 ipsi

1842 4679 1999 4720 manu
2031 4660 2300 4732 rapuistis,
2330 4660 2529 4728 judiea.
2576 4680 2593 4711 ι
2622 4660 2691 4714 At
2718 4661 2792 4716 illi
2826 4680 2840 4716 :
2878 4680 2896 4711 ι
2931 4660 3034 4715 Sed
3074 4674 3141 4716 ex
3163 4661 3392 4732 impera-a

1840 4755 1973 4811 toris
2006 4753 2293 4809 sententia.
2330 4769 2348 4803 ι
2374 4751 2509 4806 Tum
2543 4752 2630 4807 ille
2658 4770 2671 4806 :
2701 4772 2719 4805 ι
2752 4752 2955 4815 Venite,
2982 4752 3188 4823 ipsique
3214 4761 3270 4806 et
3293 4766 3389 4807 ον·-

1828 4842 2087 4907 thodoxi;
2123 4840 2435 4913 clausaque,
2467 4852 2521 4897 et
2562 4851 2912 4913 utrorumque
2946 4843 3135 4913 sigillis
3179 4842 3389 4898 munita

1827 4936 2075 4999 ecclesia,
2105 4934 2377 5005 'datisque
2426 4934 2769 5001 custodibus,
2815 4950 2908 4990 vos
2958 4934 3112 5004 primi
3168 4945 3389 5000 euntes,

1827 5069 1975 5126 rendi
2017 5068 2250 5140 Ephrem
2284 5068 2657 5140 presbyterum
2712 5067 2914 5140 fuisse:
2947 5068 3119 5136 potuit
3146 5066 3284 5140 enim
3311 5066 3385 5140 an

1826 5141 1927 5195 hoc
1954 5135 2197 5205 auctore,
2224 5148 2313 5191 ant
2348 5135 2461 5191 alio
2492 5139 2675 5204 simili,
2725 5138 2895 5207 decipi
2942 5135 3129 5192 auctor
3154 5135 3387 5191 “enclo-

1824 5211 1892 5280 gii
1922 5207 2101 5280 Basilii
2128 5208 2493 5280 imperatoris.

1895 5280 2006 5349 (55)
2031 5279 2106 5334 De
2143 5282 2242 5332 hoc
2266 5278 2864 5349 psettdo-Ampltilocltii
2914 5291 3105 5349 errore
3157 5279 3248 5347 egi
3316 5278 3385 5349 ad

1822 5347 2105 5419 Prelogum
2133 5368 2147 5402 :
2174 5349 2259 5419 ubi
2282 5358 2433 5419 _noto
2468 5352 2607 5418 quod
2638 5348 2752 5405 haec
2779 5348 3002 5405 historia
3049 5348 3113 5404 de
3158 5347 3384 5419 ecclesia

1825 5416 2058 5479 Niemna,
2104 5416 2415 5471 orthodoxis
2460 5416 2701 5473 restituta
2736 5422 2831 5475 sub
2880 5420 3133 5480 Valente,
3183 5416 3387 5471 omissa

1819 5502 1901 5544 est
1936 5491 2002 5544 ab
2030 5486 2165 5542 Urso
2192 5491 2331 5556 apud
2360 5488 2733 5559 Rosweydum.
2838 5483 2847 5492 ’

1889 5688 1959 5754 lc)
1988 5685 2132 5739 Psal.
2166 5682 2433 5754 χρυεῳ-4.

1884 5750 1961 5822 (d)
2000 5754 2157 5808 Prov.
2189 5767 2297 5812 va,
2320 5750 2403 5803 l5.
