4066 6314
706 381 878 428 CCC!“

2066 367 2588 422 PBOLEGOMENA.

706 480 997 553 precamini
1048 481 1234 535 diebus
1273 480 1465 544 tribus,
1519 492 1573 533 et
1614 480 1780 535 tribus
1836 482 2104 545 noctibus,
2133 490 2270 535 tum—
2298 487 2344 543 Α
2373 498 2475 551 qua
2509 483 2669 537 etiam
2696 482 2881 537 Ariani
2915 482 3265 539 intraverant.
3288 483 3479 552 Aitqne
3494 484 3723 554 populo:
3760 502 3779 536 ι
3813 484 3937 539 Tol-

709 589 813 643 que
844 574 908 627 ad
943 572 1224 629 ecclesiam
1255 573 1687 641 proﬂciscimini.
1722 573 1876 640 Quod
1908 573 1954 627 si
1982 572 2070 627 illa
2101 575 2273 643 preci-

710 668 811 721 bus
838 666 1030 721 vestris
1064 674 1246 734 aperta
1274 666 1427 721 vobis
1464 665 1714 735 patuerit,
1760 673 1971 720 maneat
2008 674 2271 719 aeternum

709 757 871 812 vestri
900 756 1073 825 juris;
1106 757 1187 811 sin
1216 772 1366 821 vero,
1410 757 1575 811 etiam
1616 756 1715 826 ipsi
1740 763 1953 811 noctem
1984 770 2142 811 unam
2178 756 2274 810 du-

708 865 892 904 cemus
940 849 1280 919 pervigilem,
1325 850 1629 921 ibimusque
1658 865 1781 905 cum
1813 847 2035 920 psalmis
2073 848 2272 917 suppli-

707 938 880 992 cando
932 939 998 993 ad
1032 938 1306 1008 praefatam
1356 939 1671 1004 ecclesiam;
1730 949 1782 994 et
1828 938 2088 1009 siquidem
2121 938 2274 993 nobis

709 1032 961 1098 patuerit,
995 1032 1100 1084 erit
1131 1042 1311 1086 nostra
1345 1031 1397 1086 in
1434 1042 1750 1102 perpetuum
1785 1048 1799 1083 :
1832 1031 1914 1087 sin
1946 1046 2070 1087 vero
2099 1047 2271 1101 neque

710 1121 869 1177 nobis
925 1121 1087 1176 fuerit
1125 1134 1330 1194 aperta,
1367 1124 1446 1180 sic
1493 1140 1710 1180 rursum
1743 1133 1922 1179 vestra
1954 1125 2075 1188 erit,
2111 1132 2273 1191 utque

709 1222 942 1265 vestram
978 1215 1311 1281 acceperitis.
1342 1232 1359 1264 ι
1390 1212 1599 1267 Placuit
1628 1221 1807 1267 autem
1833 1228 2012 1267 sermo
2045 1217 2158 1282 ejus
2188 1226 2273 1266 co-

709 1317 825 1355 ram
854 1302 1101 1369 Arianis;
1139 1305 1227 1373 qui
1285 1320 1412 1359 vero
1456 1303 1770 1359 videbantur
1815 1318 1933 1359 esse
1964 1302 2270 1366 orthodoxi,

708 1394 853 1448 velut
904 1408 1009 1449 non
1040 1394 1186 1464 juste
1221 1394 1538 1464 judicasset,
1575 1393 2075 1465 reprehendebant.
2108 1393 2268 1447 Multa

709 1487 889 1555 itaque
918 1485 1166 1541 cautione
1188 1489 1258 1541 ab
1300 1487 1545 1557 utrisque
1575 1486 1832 1550 adhibita,
1861 1484 1972 1542 dati
2009 1495 2139 1541 sunt
2173 1501 2269 1541 cu-

708 1578 911 1641 stodes,
932 1576 1025 1647 qui
1054 1575 1326 1647 diligentia
1348 1576 1495 1632 omni
1518 1577 1853 1632 custodirent
1873 1579 2269 1633 sanctissimam

708 1667 1009 1725 ecclesiam.
1057 1668 1191 1723 Cum
1238 1669 1437 1737 itaque,
1469 1669 1621 1740 juxta
1670 1670 1846 1724 sancti
1890 1668 2070 1725 Patris
2106 1671 2269 1725 nostri

709 1754 888 1812 Basilii
939 1758 1239 1823 decretum,
1272 1759 1457 1813 Ariani
1493 1769 1601 1815 tres
1650 1760 1768 1815 illos
1814 1759 1931 1814 dies
1979 1767 2270 1829 noctesque

2374 574 2466 630 lite
2520 589 2710 629 manus
2760 583 2966 629 vestras
3010 575 3062 628 in
3127 574 3352 631 sublime
3393 577 3534 640 cmli,
3564 586 3937 647 contenteque

2373 668 2552 721 animo
2580 666 2849 722 clamate;
2880 667 3125 733 Domine,
3166 668 3469 723 miserere.»
3490 668 3624 723 Tum
3650 670 3936 741 consigna-

2376 767 2428 812 to
2457 759 2675 827 populo,
2698 757 2970 812 silentium
3004 758 3223 825 indicit;
3258 767 3446 830 terque
3472 772 3670 816 sancta.
3688 762 3933 817 ecclesize

2370 859 2554 918 portas
2585 850 2783 919 signat,
2818 858 2872 903 et
2903 849 3013 905 ait:
3066 868 3084 901 ι
3118 850 3438 907 Benedictus
3479 850 3624 907 Deus
3659 852 3932 907 Christia-

2371 955 2584 1006 norum,
2614 940 2666 993 in
2713 940 2904 995 saecula
2947 941 3280 997 saeculorum.
3320 941 3509 997 Amen.
3550 961 3570 997 ι
3606 942 3719 998 Hac
3775 960 3935 1013 porro

2371 1032 2615 1087 oratione
2667 1032 2884 1086 contriti
2918 1044 3043 1088 sunt
3088 1043 3286 1101 vectes,
3328 1045 3383 1091 et
3430 1034 3607 1091 claves
3633 1034 3931 1097 confracta:

2370 1138 2490 1179 cum
2522 1124 2779 1194 pessulis;
2831 1135 3139 1195 apertaque
3184 1136 3306 1181 sunt
3329 1129 3507 1198 janute
3540 1126 3663 1183 forti
3686 1143 3847 1188 aura,
3880 1140 3935 1181 et

2374 1216 2438 1268 ad
2485 1231 2662 1269 muros
2706 1216 2899 1271 illisus:
2950 1217 3169 1286 ipseque
3203 1218 3480 1290 deiloquus
3520 1218 3573 1275 in
3606 1218 3694 1273 illa
3730 1219 3930 1273 verba:

2375 1305 2561 1360 Tollite
2594 1318 2792 1375 portas,
2825 1310 3108 1379 principes,
3134 1321 3350 1375 vestrae,
3377 1320 3427 1365 et
3446 1311 3741 1377 eleramim',
3771 1321 3937 1379 porta:

2372 1398 2644 1451 a’ternalea
2684 1398 2783 1467 (α),
2812 1400 3111 1454 orthodoxe
3156 1400 3352 1469 populo
3391 1402 3608 1464 comite,
3658 1402 3936 1473 ingressus

2373 1497 2451 1540 est
2491 1488 2542 1540 in
2590 1499 2832 1541 sanctam
2889 1487 2981 1542 Dei
3031 1490 3314 1544 ecclesiam
3352 1507 3365 1543 :
3408 1492 3726 1560 expletoque
3758 1490 3936 1545 misse

2377 1577 2574 1644 cilicio,
2609 1578 2813 1633 dimisit
2840 1580 3086 1650 populum
3115 1596 3236 1636 cum
3266 1580 3444 1636 laetitia
3472 1591 3527 1638 et
3550 1597 3697 1651 pace,
3733 1584 3937 1655 gloriﬁ-

2373 1686 2430 1723 ca
2443 1681 2583 1726 ntem
2599 1669 2788 1734 Deum,
2805 1673 2897 1741 qui
2916 1687 3018 1727 non
3036 1672 3279 1742 despexit
3299 1674 3629 1730 conﬁdentes
3647 1674 3700 1729 in
3718 1676 3893 1745 ipsum
3919 1692 3932 1726 :

2376 1763 2653 1815 innumera
2692 1771 2871 1815 autem
2922 1760 3245 1816 Arianorum
3294 1762 3597 1829 multitudo,
3657 1779 3797 1821 novo
3844 1764 3938 1819 illo

708 1847 909 1915 precati
947 1855 1146 1912 essent,
1176 1862 1239 1900 ac
1257 1862 1379 1902 cum
1404 1846 1793 1917 supplicatione
1814 1845 1878 1899 ad
1907 1854 2148 1901 sanctam
2177 1844 2269 1898 Dei
2306 1832 2345 1887 Β
2380 1854 2637 1908 miraculo
2669 1854 3011 1917 conﬁrmata,
3066 1855 3464 1911 abrenuntiavit
3521 1856 3735 1921 haeresi,
3772 1871 3837 1911 ac
3883 1858 3934 1909 in

709 1938 993 1993 ecclesiam
1020 1937 1286 2008 progressi
1318 1946 1525 2003 essent,
1550 1938 1738 2004 sicque
1769 1951 1798 1988 a
1830 1948 1990 1989 mane
2017 1948 2186 2003 usque
2208 1934 2273 1986 ad

709 2039 915 2085 sextam
936 2028 1210 2092 iecissent,
1235 2029 1534 2084 clamantes
1558 2027 1721 2081 illud:
1755 2044 1774 2079 ι
1800 2025 2043 2094 Domine,
2063 2026 2279 2082 misere-

712 2138 789 2188 re,
834 2141 855 2175 ι
892 2138 994 2178 non
1016 2130 1100 2178 est
1114 2130 1301 2192 aperta
1336 2120 1564 2175 ecclesia
1593 2139 1605 2175 :
1638 2119 1916 2191 fractaque
1955 2119 2120 2175 animi
2155 2133 2277 2174 con-

712 2216 971 2278 tentione,
995 2215 1243 2269 abierunt
1266 2226 1323 2268 re
1352 2211 1573 2271 iniecta.

784 2311 874 2364 Ait
898 2318 1074 2363 autem
1118 2318 1334 2363 sanctus
1364 2308 1596 2363 Basilius
1634 2306 1787 2379 (56):
1827 2325 1847 2358 ι
1894 2307 2031 2363 Ecce
2079 2304 2279 2363 fecistis

711 2414 769 2455 ut
814 2400 1161 2457 constitutum
1208 2408 1326 2453 erat
1364 2418 1377 2452 :
1422 2414 1546 2462 nec,
1578 2408 1634 2450 ut
1673 2398 1877 2466 accepi,
1909 2398 2058 2453 vobis
2091 2408 2275 2467 aperta

710 2507 793 2555 est
814 2494 1072 2554 ecclesia:
1099 2494 1271 2549 adhuc
1289 2504 1343 2548 et
1374 2493 1471 2562 ipsi
1504 2491 1846 2561 precabimur
1861 2498 2071 2545 noctem
2092 2505 2277 2553 unam,

711 2600 767 2645 et
795 2585 1149 2658 supplicando
1203 2580 1628 2654 processerimus
1662 2599 1675 2636 :
1726 2580 1869 2651 quod
1912 2579 1957 2634 si
1996 2593 2097 2634 nec
2127 2579 2280 2633 nobis

710 2680 877 2736 fuerit
913 2686 1099 2747 aperta
1125 2674 1378 2738 ecclesia,
1409 2688 1527 2729 eam
1552 2674 1651 2743 ipsi
1678 2673 1909 2743 accipite
1941 2670 2094 2739 juxta
2131 2668 2278 2738 judi-

711 2772 853 2829 cium
874 2782 1071 2826 meum.
1106 2787 1125 2822 ι
1150 2768 1444 2823 Assutnens
1472 2765 1655 2835 itaque
1679 2775 1899 2820 sanctus
1918 2763 2075 2818 Pater
2095 2771 2279 2818 noster

711 2861 1032 2918 etEcclesia:
1067 2874 1285 2929 praeses,
1311 2857 1562 2929 populum
1596 2856 1979 2922 orthodoxam,
2006 2871 2128 2912 cum
2160 2872 2277 2911 mu-

712 2955 936 3011 lieribus
969 2962 1023 3009 et
1052 2952 1315 3024 parvulis,
1346 2950 1495 3007 foras
1547 2950 1822 3005 civitatem
1871 2949 2167 3018 egreditur,
2220 2948 2273 3002 in

716 3048 971 3119 templum
1013 3038 1185 3102 saticti
1232 3054 1285 3100 et
1310 3043 1529 3113 gloriosi
1562 3043 1811 3111 martyris
1847 3040 2152 3100 Diomedis;
2181 3056 2275 3093 ex-
2304 3096 2306 3099 ,

2377 1945 2730 2000 orthodoxam
2760 1945 2915 2002 [idem
2950 1947 3247 2001 concessit.
3294 1943 3397 2000 Ubi
3460 1961 3586 2000 vero
3633 1948 3936 2017 imperator

2378 2036 2595 2091 rescivit
2621 2036 2762 2105 quod
2793 2047 2999 2107 gestum
3023 2046 3162 2099 erat,
3181 2036 3499 2106 vituperavit
3529 2037 3744 2106 quidem
3773 2038 3935 2093 Aria-

2378 2145 2456 2183 nze
2487 2129 2709 2185 haeresis
2738 2129 3053 2198 nequitiam,
3101 2128 3237 2183 nihil
3265 2128 3469 2183 habens
3496 2142 3600 2197 quo
3652 2128 3827 2183 sancti
3886 2140 3938 2183 et

2377 2220 2556 2274 divina
2596 2220 2865 2289 sapientis
2891 2219 3069 2274 Patris
3095 2220 3262 2275 nostri
3301 2218 3484 2275 Basilii
3510 2217 3775 2287 judicium
3808 2236 3933 2274 car-

2376 2322 2526 2381 peret
2549 2314 2718 2381 (nam,
2748 2313 2941 2379 inquit,
2966 2312 3128 2365 etiam
3149 2311 3300 2367 vobis
3315 2310 3544 2381 amplius
3568 2311 3940 2381 gratiﬁcavit),

2378 2404 2491 2472 ipse
2522 2408 2722 2464 tamen,
2775 2396 2885 2466 jam
2918 2398 3045 2451 olim
3100 2408 3278 2455 motus
3306 2400 3551 2456 sensibus
3595 2410 3941 2472 cecatusque

2375 2492 2553 2548 cordis
2590 2490 2809 2553 oculos,
2841 2503 3012 2559 neque
3036 2489 3114 2542 sic
3137 2498 3193 2542 ut
3224 2490 3290 2543 ad
3317 2490 3598 2545 Dominum
3655 2502 3940 2547 converte~

2380 2590 2525 2633 retur
2579 2577 2802 2647 adjecit;
2853 2579 2946 2632 sed
3002 2577 3200 2631 mansit
3248 2576 3475 2634 inﬂexus
3499 2590 3554 2634 et
3598 2582 3935 2650 obstinatus,

2377 2672 2594 2727 tradens
2625 2672 2676 2725 in
2711 2670 2855 2726 bello
2889 2672 3159 2742 spiritum,
3178 2678 3300 2743 post
3321 2686 3566 2743 magnam
3588 2674 3803 2731 cladem
3825 2692 3939 2731 am-

2378 2765 2568 2819 bustus
2608 2762 2660 2816 in
2687 2762 2971 2833 palearia,
3029 2762 3083 2817 in
3135 2763 3382 2834 partibus
3433 2762 3715 2831 Thraciae;
3770 2781 3942 2836 eoque

2378 2854 2536 2910 modo
2568 2855 2797 2910 traditus
2841 2863 2926 2910 est
2955 2863 3160 2910 aeterno
3198 2854 3347 2925 igni,
3390 2855 3442 2910 in
3466 2855 3718 2911 saeculum
3755 2857 3942 2913 sa:qu

2376 2948 2719 3002 cruciandus.

2447 3038 2589 3093 Bene
2640 3025 2932 3108 (58)-olim
2978 3039 3190 3094 divinus
3224 3039 3414 3105 David,
3442 3055 3537 3097 ceu
3587 3042 3809 3111 perenni
3843 3041 3936 3096 in-

712 3142 964 3213 pletaque
998 3146 1157 3195 nocte
1187 3135 1450 3209 pervigili,
1492 3150 1556 3190 ac
1588 3130 1869 3187 matutinis
1913 3131 2159 3201 precibus
2184 3130 2277 3184 ab-
2306 3158 2348 3214 ο
2382 3133 2646 3198 sculptnm
2672 3133 2786 3191 aeri,
2815 3132 3111 3186 immortali
3163 3134 3305 3189 fama
3362 3135 3635 3205 publicum
3669 3134 3814 3199 fecit,
3855 3134 3940 3188 di-

714 3233 923 3294 solutis.
955 3230 1207 3303 populum
1247 3229 1473 3293 reducit,
1532 3235 1755 3282 cantans
1792 3223 1960 3278 illud:
1997 3241 2015 3273 ι
2050 3221 2280 3276 Sanctus

714 3324 894 3391 Deus,
919 3334 1138 3379 sanctus
1171 3322 1350 3386 fortis,
1395 3328 1615 3375 sanctus
1649 3315 1989 3380 immortalis,
2022 3313 2279 3369 miserere

716 3418 905 3472 nobis:
944 3437 963 3469 ι
987 3415 1389 3484 ingrediturque
1406 3421 1603 3467 sanctae
1630 3410 1870 3465 ecclesiae
1898 3407 2119 3462 ferulam
2141 3406 2275 3477 (57),

790 3529 900 3601 (56)
930 3528 1098 3601 Quam
1126 3527 1363 3601 amplam
1394 3524 1672 3601 habuisset
1694 3522 1967 3601 l‘lyssenus
1994 3520 2275 3574 materiam

717 3617 816 3668 pro
857 3593 1063 3655 tuaebri
1095 3593 1253 3652 simul
1300 3606 1355 3650 et
1393 3593 1776 3650 encomiastica
1821 3593 2069 3647 oratione
2101 3605 2274 3668 ,“qua

719 3660 942 3725 lratrem
965 3668 1221 3722 Basilinm
1250 3668 1376 3719 Elim
1422 3673 1809 3730 comparasset,
1855 3672 2099 3715 sanctum
2132 3660 2277 3714 illum

722 3740 1070 3795 introducens
1104 3752 1226 3791 cum
1268 3735 1481 3788 Arianis
1517 3746 1610 3799 pro
1650 3734 1878 3786 ecclesia
1928 3732 2279 3799 Nicamaide-

720 3818 1039 3875 certantem,
1069 3818 1323 3877 tanquam
1353 3798 1580 3877 alterum
1632 3801 1801 3856 Eliatn
1840 3815 1959 3852 cum
1978 3798 2281 3877 sacerdoti-

721 3882 822 3935 lius
851 3880 977 3933 Baal
1004 3870 1505 3949 s'uper'holocausto
1531 3875 1543 3926 !
1576 3877 1770 3949 verum
1796 3879 1948 3949 estne
1977 3870 2088 3923 haec
2110 3870 2281 3922 credi—

723 3951 849 4006 .tilis
877 3940 1126 4011 historia,
1163 3948 1209 4002 si
1240 3948 1401 4000 fuerit
1427 3948 1607 4012 ignota
1641 3945 1886 4012 Nysscno
1907 3940 1947 3994 ἳ»

796 4018 909 4091 (57)
950 4010 1158 4091 Ferula
1182 4010 1503 4091 vestibulum
1535 4056 1549 4079 ,
1592 4010 1699 4071 seu
1732 4014 1909 4083 potius
1933 4010 2171 4081 porticus
2215 4010 2279 4065 ad

726 4086 1025 4161 ingressum
1049 4086 1309 4161 ecclesiae.

796 4149 908 4233 (58)
940 4157 1109 4225 Caput
1135 4157 1255 4217 hoc,
1286 4150 1879 4233 inquitﬁomheﬁsius,
1915 4163 1979 4233 ex
2006 4149 2166 4230 unico
2192 4165 2281 4201 co-

727 4218 846 4286 dice
870 4218 1339 4298 r'eprtiasentauius,
1358 4218 1715 4298 desiderante
1746 4219 1871 4298 alio.
1917 4218 2123 4298 Etenim
2173 4236 2282 4298 me:

729 4311 898 4363 retur,
934 4290 982 4355 si
1015 4299 1156 4368 quod
1179 4296 1344 4361 aliud,
1381 4296 1445 4348 ad
1470 4294 1683 4368 fabulas
1711 4290 1973 4359 relegari;
2004 4304 2107 4368 ιιοιι
2131 4291 2281 4368 ιιιιυ-ιι

730 4358 1072 4425 continentia:
1092 4358 1338 4435 probatio
1373 4380 1466 4436 per
1494 4366 1668 4434 ignem
1710 4358 1983 4436 nunquam
2011 4358 2169 4411 l'nerit
2192 4359 2283 4436 ad-

730 4442 897 4495 hibita
943 4429 1161 4498 (dicitur
1198 4436 1337 4488 enim
1375 4429 1472 4486 'tali
1514 4429 1782 4489 'miraculo
1818 4429 2041 4500 probata
2098 4432 2283 4482 uxoris

2382 3236 2555 3278 cens:
2596 3219 2879 3275 Generatio
2939 3226 3195 3277 rectorum
3248 3227 3571 3281 benedicatur
3604 3243 3623 3283 :
3655 3226 3827 3298 gloria
3891 3234 3943 3281 et

2378 3314 2577 3369 divitite
2626 3313 2679 3365 in
2710 3314 2865 3367 domo
2924 3329 3106 3368 eorum
3137 3316 3235 3384 (ὁ).
3281 3317 3419 3371 Vere
3472 3320 3614 3372 enim
3657 3320 3942 3388 generatio

2382 3416 2527 3461 recta
2550 3416 2603 3459 et
2632 3419 2817 3460 semen
2875 3402 3172 3473 longzevum
3196 3414 3250 3459 et
3280 3408 3550 3474 gentilitas
3587 3409 3766 3463 omnis
3819 3408 3934 3464 Deo

2380 3516 2755 3578 Sehastenuut,
2778 3528 2999 3568 uxorem
3027 3514 3303 3580 habuerit;
3335 3525 3390 3571 et
3417 3516 3646 3572 alterum
3670 3529 3799 3573 natu
3830 3520 3934 3573 mi-

2380 3589 2582 3657 nimum
2612 3626 2627 3650 ,
2677 3594 2732 3639 et
2756 3584 2957 3657 prolem
3005 3597 3311 3642 sanctorum
3362 3598 3644 3657 parentum
3685 3590 3942 3644 duodeci-

2381 3672 2519 3729 mam
2551 3655 2734 3729 (credo
2758 3656 3020 3729 decimam
3061 3658 3239 3729 dicere
3266 3655 3525 3729 voluisse)
3571 3662 3933 3715 monasticam

2380 3727 2542 3779 vitam
2572 3726 2892 3794 professum.
2923 3726 3169 3781 Forsitan
3200 3729 3282 3784 vir
3328 3730 3431 3784 iste
3462 3726 3706 3785 eruditus
3737 3731 3935 3795 voluit,

2382 3795 2480 3849 hac
2508 3810 2601 3871 sua
2630 3797 2971 3871 cogitatione,
2997 3798 3233 3852 historiae
3260 3800 3447 3871 peritis
3473 3815 3779 3871 proponere
3822 3803 3937 3857 dis-

2383 3866 2595 3931 putandi
2649 3867 2926 3937 materiam
2958 3885 2973 3921 :
3007 3877 3059 3922 et
3088 3866 3375 3925 ostendere
3396 3866 3823 3937 quam'dilIicile
3846 3874 3940 3935 sit,

2382 3935 2731 4011 argumentis,
2762 3944 2815 4011 ut
2837 3938 3007 4001 aiunt,
3025 3938 3276 4011 Apositivis
3300 3935 3622 3996 convincere
3656 3957 3809 4006 eum,
3842 3946 3937 4011 qtti

2380 4005 2687 4080 obﬁrmavit
2714 4007 2948 4080 animum
2988 4008 3208 4080 aliquid,
3240 4012 3485 4077 quamvis
3517 4005 3933 4080 paradoxutn'et

2380 4076 2631 4149 munibus
2654 4077 2971 4149 inauditum,
3004 4076 3287 4149 sustinere.
3317 4076 3532 4134 Certum
3580 4081 3797 4149 quidem
3843 4093 3931 4136 est

2386 4146 2564 4197 Basilii
2593 4145 2763 4212 patris
2815 4154 2868 4196 et
2916 4145 3183 4199 Emnteliae
3225 4147 3423 4202 liberos
3475 4145 3657 4205 decem
3710 4153 3936 4204 omnino

2386 4214 2589 4285 l'uisse_;_
2620 4228 2684 4265 ex
2731 4213 2847 4285 istis
2883 4223 3110 4285 quatuor
3147 4214 3340 4269 fratres
3400 4226 3607 4271 tantum
3638 4223 3893 4273 novimus
3922 4261 3937 4285 ,

2388 4281 2789 4355 testeNysseso
2827 4283 2877 4336 in
2915 4283 3029 4336 Vita
3047 4282 3305 4355 _Macriute
3333 4303 3345 4337 :
3370 4300 3434 4339 ex
3482 4298 3715 4355 quatuor
3741 4281 3932 4343 fratrii

2387 4355 2504 4422 ltus,
2531 4354 2573 4405 is
2596 4351 2684 4422 uni
2720 4356 3014 4408 secundum
3044 4351 3297 4407 Basilinm
3334 4365 3459 4408 natu
3500 4351 3770 4412 "maximus
3796 4370 3937 4422 erat,

2386 4420 2708 4478 Naucratius
2738 4424 3028 4476 vocabatur
3061 4441 3077 4495 ς
3125 4424 3276 4480 locus
3300 4426 3459 4495 igitur
3504 4443 3608 4481 non
3645 4438 3730 4483 est
3774 4420 3937 4484 alteri

731 4493 1012 4576 virginitas
1035 4522 1064 4560 a
1101 4506 1158 4560 S.
1191 4506 1457 4559 Demetrio
1483 4504 1635 4576 inter
1665 4493 2000 4576 patriarchas
2044 4500 2279 4576 A_lex_a_u-
2318 4504 2363 4560 υ
2392 4497 2575 4576 ξριτον
2606 4495 2719 4575 ,ιιίεί
2766 4496 3031 4576 (ιυίιιιιυθη
3057 4493 3271 4561 "aues.
3323 4493 3510 4551 ἒοηιτλ
3563 4500 3934 4576 ιθειίιιιρῃὶιιςιι

735 4568 918 4633 ιιιίὖοε
961 4577 1310 4638 duodecimo;
1347 4584 1403 4630 et
1453 4574 1519 4627 ah
1548 4568 1748 4626 abbate
1778 4573 2031 4637 quodam,
2085 4572 2138 4623 in
2170 4568 2283 4621 Vita

738 4651 797 4704 S.
828 4648 1049 4720 Joannis
1072 4646 1490 4720 Eleemosynarii
1540 4641 1878 4720 25_._lanuarii
1906 4654 2122 4720 numer.-
2155 4640 2281 4703 85);

735 4721 827 4772 sed
878 4719 1017 4788 quod
1074 4728 1146 4788 tot
1176 4714 1367 4788 fabulis
1396 4726 1449 4788 et
1475 4714 1688 4788 ineptiis
1719 4719 2053 4788 exornatum
2079 4714 2175 4770 sit,
2227 4720 2284 4760 ιιι

736 4784 1091 4857 suam—palam,
1111 4785 1268 4839 faciat
1296 4785 1599 4838 falsitatem.
1630 4784 1784 4857 Nam,
1816 4790 1873 4834 ut
1907 4784 2146 4857 omittam
2171 4792 2287 4857 qhna:

735 4846 1099 4914 consideranti
1124 4865 1325 4925 patent,
1362 4869 1631 4923 nunquam
1678 4846 1891 4925 vivente
1915 4847 2129 4925 Basilio
2188 4846 2286 4901 Pe-

738 4941 851 4984 trus
872 4920 1221 4983 Sebasten'um
1245 4920 1605 4993 episcopatum
1624 4923 1809 4993 gessit,
1832 4920 2130 4993 ordinatus
2148 4933 2286 4971 anno

740 5000 930 5053 saltem
986 5013 1093 5052 uno
1143 4986 1514 5065 post-mortem
1547 4986 1728 5045 fratris
1763 5010 1774 5045 :
1804 5004 2075 5065 nunquam
2099 4986 2286 5065 Petrus

741 5071 1069 5124 Sebastenus
1104 5058 1385 5134 episcopus
1410 5079 1660 5133 sponsam
1692 5072 1781 5115 aut
1812 5075 2034 5115 uxorem
2064 5058 2282 5134 habuit:

741 5142 855 5205 sed,
893 5155 921 5191 a
950 5138 1121 5207 prima
1138 5130 1303 5189 aetate
1330 5130 1745 5207 per'Macrinam
1779 5145 2017 5207 sororem
2043 5134 2132 5207 pie
2158 5130 2286 5181 edu-

744 5199 894 5263 catus
923 5199 977 5263 εἰ
999 5206 1298 5277 institutus,
1321 5199 1619 5277 solitariam
1644 5204 1807 5277 vitam
1844 5212 1896 5253 et
1922 5199 2283 5277 virginitatem

744 5279 944 5344 coluit;
980 5290 1037 5329 nt
1063 5278 1113 5330 in
1170 5274 1283 5329 Vita
1325 5276 1491 5344 ipsius
1546 5275 1707 5344 Petri
1738 5270 2287 5344 aApragdecessorihus

748 5350 881 5403 meis
908 5339 1176 5400 ostensum
1224 5355 1305 5397 est
1330 5339 1362 5399 9
1385 5343 1643 5398 Januarii.
1683 5341 1749 5393 At
1775 5339 2146 5401 Combclisins,
2170 5354 2285 5391 ccr-

747 5433 831 5473 tus
862 5415 1039 5471 Vitam
1074 5419 1229 5477 hanc,
1255 5416 1442 5467 saltem
1480 5425 1534 5465 tit
1564 5410 1893 5471 credibilem,
1924 5410 2142 5464 creditis
2185 5409 2285 5459 ub-

747 5490 980 5550 tt-ndcrc,
1014 5486 1152 5540 sicut
1173 5487 1395 5537 alterum
1418 5484 1696 5536 Libaniutn
1715 5479 2032 5548 sophistam,
2052 5480 2284 5532 alterum

744 5569 1061 5628 quaestorem
1104 5554 1307 5628 ,ΙιςιιίιιιιΔ
1353 5552 1715 5628 excogitarat;
1756 5552 1829 5628 ita
1868 5562 2005 5602 nunc
2058 5550 2284 5628 alterum

746 5618 883 5683 inter
906 5629 1100 5681 fratres
1134 5624 1307 5677 Basilii
1338 5618 1764 5675 comminiscitur
1792 5618 2031 5680 Petrum,
2061 5621 2198 5671 inter
2219 5618 2282 5668 li-

739 5701 899 5754 herus
936 5706 1053 5769 post
1075 5696 1361 5749 Macrinam
1390 5695 1637 5761 primum,
1661 5694 1749 5761 qui
1775 5699 1899 5743 ante
1920 5690 2285 5759 episc0patutn

809 5812 883 5878 (τι)
911 5807 1044 5860 Psal.
1076 5820 1230 5867 xxttt,
1260 5802 1309 5867 7,
1337 5803 1389 5857 9.

2393 4563 2644 4636 Nysseni,
2680 4576 2944 4636 tttuneres.
2988 4561 3094 4619 Nec
3132 4575 3306 4622 tamen
3336 4580 3617 4636 propterea
3652 4571 3936 4625 credibilis

2393 4634 2843 4707 cunjecturaiieri
2872 4642 3082 4707 potest,
3114 4637 3266 4707 alteri
3332 4634 3682 4707 praeterquam
3732 4638 3937 4705 juniori

2394 4702 2586 4759 nomen
2648 4702 2867 4755 itttlilum
2910 4703 3066 4761 Petro
3112 4706 3276 4760 fuisse
3307 4702 3563 4760 1-SletlilI—l
3597 4702 3746 4760 alter-
3775 4708 3828 4761 in
3870 4726 3937 4765 ea

2393 4776 2594 4828 lamilia
2620 4773 2837 4826 vixisset
2863 4773 3050 4831 Petrus
3079 4818 3092 4837 ,
3129 4794 3249 4831 cum
3310 4778 3524 4829 ultimus
3581 4778 3823 4844 prodiret
3882 4782 3935 4833 in

2396 4847 2588 4918 lucem,
2641 4844 3018 4898 verositniliter
3071 4848 3164 4918 hic
3206 4847 3360 4918 aliud
3396 4860 3586 4918 nomen
3613 4851 3935 4918 accepisset.

2393 4914 2551 4981 Quin,
2609 4924 2664 4965 ut
2722 4919 3081 4970 concedamus
3130 4914 3938 4979 Combeiisio,alterum'fnisse

2393 4984 2608 5053 Petrum
2634 4982 2850 5038 fratrem
2878 4986 3087 5046 Basilii,
3118 4986 3207 5051 qui
3238 4986 3385 5053 prius
3440 4989 3781 5040 matrimonio
3822 4988 3938 5053 jun-

2395 5068 2527 5114 Ctus,
2560 5051 2728 5109 factus
2754 5057 2945 5109 deinde
2976 5057 3044 5107 sit
3068 5051 3354 5122 episcopus
3379 5054 3738 5121 Sehastcuus;
3763 5051 3938 5124 putuit

2395 5124 2444 5194 id
2469 5123 2636 5177 solum
2663 5136 2799 5193 post
2846 5135 3069 5178 mortem
3116 5124 3298 5194 Basilii
3332 5130 3614 5181 evenisse:
3649 5123 3773 5177 nam
3821 5127 3936 5194 ipso

2394 5192 2635 5257 ﬂorente,
2660 5192 2975 5249 Eustathius
3007 5196 3161 5246 istam
3188 5192 3479 5251 Ecclesiam
3525 5196 3779 5260 turbavit,
3831 5192 3934 5253 non

2396 5265 2569 5319 minus
2602 5281 2760 5334 quam
2806 5265 3140 5334 gubernavit.
3189 5268 3335 5320 Adde
3366 5275 3618 5335 pra-terea
3661 5266 3935 5323 silentium

2394 5337 2628 5387 omnium
2664 5339 3000 5404 antiquorum
3028 5351 3039 5385 :
3069 5351 3165 5390 nec
3193 5352 3350 5390 unam
3399 5338 3609 5403 quidem
3654 5351 3683 5387 a
3736 5335 3936 5394 Basilio

2396 5417 2485 5457 aut
2523 5404 2781 5474 Gregorio
2812 5412 3024 5457 exstare
3051 5407 3115 5457 ad
3168 5408 3337 5475 ipsum
3388 5406 3703 5475 epistolam;
3732 5410 3934 5463 nullam

2396 5476 2447 5547 in
2479 5486 2555 5547 tot
2573 5477 2789 5547 scriptis
2836 5475 3177 5547 mentionem.
3220 5476 3357 5547 Quid
3383 5477 3523 5547 quod
3556 5476 3665 5543 ipse
3702 5482 3934 5546 pseudo.

2393 5545 2819 5615 Amphilochius,
2848 5545 2897 5596 in
2918 5546 3034 5615 line
3064 5547 3219 5615 hujus
3249 5545 3531 5612 νηπίω-εδ
3552 5545 3726 5602 solum
3755 5547 3934 5604 Basilii

2396 5613 2590 5737 gnat-es
2621 5624 2882 5718 nmne9ret,
2914 5613 3154 5684 interque
3178 5631 3269 5670 eos
3300 5633 3463 5671 unum
3505 5616 3675 5672 solum
3714 5617 3934 5675 Petrum

2436 5703 2463 5737 t3
2507 5700 2562 5736 as
2588 5700 2744 5737 Clllllil
2773 5722 2784 5734 .

2436 5700 2744 5738 CDﬂSlCnlllﬂ
2773 5700 2784 5734 ε

2467 5799 2539 5867 (b)
2565 5798 2702 5855 Psal.
2745 5813 2827 5865 ill,
2858 5799 2911 5866 2,
2936 5799 2989 5854 5.
