4086 6318
540 355 905 412 EXCERPTA
946 354 1036 411 EX
1078 355 1282 412 ACTIS
1323 355 1381 408 S.
1424 352 1667 409 BASILII
1707 349 2229 405 BOLLANDIANIS.
2257 379 2327 389 —
2359 346 2522 403 VITA
2553 346 2987 401 APOCRYPHA.

3161 361 3351 401 CCCXIII

136 469 360 540 placita.
394 469 547 536 Quod
575 469 755 537 itaque
784 470 837 522 in
867 466 1049 536 Petro,
1080 467 1255 523 Patris
1300 466 1469 520 nostri
1517 465 1696 522 Basilii
1728 470 1774 524 Α
1806 464 1891 518 illa
1918 483 1931 519 :
1966 483 1983 517 ι
2017 464 2147 518 Sum
2180 463 2231 516 in
2283 461 2529 516 manibus
2567 457 2671 511 tuis
2694 496 2709 521 ,
2742 457 3210 514 honorabilissime
3258 456 3360 510 Pa-

137 564 349 626 fratre,
408 568 530 627 post
584 559 873 614 Macrinam
928 563 1169 616 omnium
1213 557 1532 627 magistram
1593 557 1700 612 luci

136 659 373 727 primum
394 652 562 718 edito,
596 659 804 719 gestum
839 662 925 709 est
950 654 1158 719 signum
1207 665 1299 705 seu
1358 649 1694 715 miraculum,

138 744 534 801 corroborante
564 744 789 799 Domino
813 755 996 799 nostro
1015 740 1143 796 Jesu
1179 742 1415 806 Christo,
1448 756 1704 798 enarrare

139 844 340 892 statuo.
366 834 558 890 Petrus
583 837 695 903 hic,
720 836 990 890 secundus
1029 833 1117 889 ille
1172 833 1364 889 Petrus
1388 875 1403 899 ,
1437 835 1529 892 ille
1581 846 1703 906 post

138 928 363 981 Petrum
393 927 688 997 principem
729 926 877 978 illum
908 923 1140 991 Petrus;
1178 926 1565 982 sacerdotalem
1599 926 1699 981 Se-

138 1017 386 1074 bastenze
423 1019 686 1082 civitatis,
719 1016 949 1087 benigna
978 1015 1071 1071 Dei
1114 1020 1282 1074 nostri
1307 1030 1362 1075 et
1412 1020 1589 1074 Patris
1626 1021 1704 1074 lu-

143 1107 353 1162 minum
386 1105 741 1178 providentia,
774 1106 999 1174 adeptus
1038 1109 1258 1177 sedem;
1309 1125 1430 1163 cum
1488 1112 1701 1178 propria

143 1200 300 1256 adest
322 1239 339 1264 ,
366 1211 532 1252 uxore
554 1196 767 1266 quidem
805 1200 1199 1268 nuncupatione
1222 1242 1238 1268 ,
1263 1216 1360 1256 usu
1392 1214 1521 1256 vero
1562 1214 1707 1253 soro-

142 1304 224 1346 re.
277 1288 359 1343 Eo
382 1285 683 1341 Ecclesiam
734 1285 878 1341 illam
926 1289 1199 1358 sapienter
1248 1288 1703 1348 administrante,

141 1380 417 1436 aemulatio
449 1378 813 1434 turbatoribus
838 1381 1033 1434 animis
1051 1379 1414 1435 excitantibus
1441 1390 1559 1434 orta
1582 1388 1663 1433 est
1693 1400 1703 1431 ;

143 1472 400 1544 populum
427 1471 570 1527 enim
616 1479 977 1540 provocarent
1025 1470 1283 1535 dicentes,
1338 1470 1487 1524 nefas
1509 1486 1628 1527 esse
1651 1481 1709 1523 ut

144 1563 431 1633 episcopus
481 1578 590 1619 sua:
640 1562 795 1617 uxori
848 1560 1220 1627 cohabitaret;
1267 1559 1538 1629 multaque
1579 1577 1708 1616 con-

145 1656 523 1712 siiiaticontra
559 1666 806 1708 normam
861 1666 1138 1707 sacrorum
1192 1665 1458 1705 canonum
1509 1650 1575 1703 ad
1616 1666 1710 1703 no.

144 1756 324 1800 strum
357 1754 652 1812 pastorem,
685 1741 817 1797 orbe
858 1752 1039 1796 autem
1079 1749 1192 1797 toto
1222 1738 1708 1797 celebratissimum

1804 566 1905 611 ter.
1943 578 1962 610 ι
2001 558 2173 613 Porro
2199 553 2358 622 jussit
2403 564 2622 609 sanctus
2656 549 2769 612 Dei,
2816 558 2873 602 ut
2911 550 3119 606 modius
3150 547 3361 603 ferreus

1802 646 2106 717 efferretur,
2134 646 2327 717 plenus
2352 641 2742 699 ardentissimis
2760 639 3113 710 lampadibus,
3136 641 3317 710 aitque
3345 656 3358 691 :

1809 756 1828 790 ι
1871 739 2115 807 Explica,
2145 736 2363 792 domina
2389 734 2460 786 mi
2494 748 2710 803 sponsa,
2756 728 2976 799 pallium
3008 739 3195 785 tuum:
3240 750 3261 784 ι
3308 737 3364 785 et

1804 828 2111 897 explicavit.
2131 828 2328 896 Aitque
2350 826 2415 881 iis
2448 825 2537 894 qui
2563 825 2907 894 bajulabant:
2936 841 2953 872 ι
2982 821 3173 876 Mittite
3202 823 3253 877 in
3279 824 3361 892 ip-

1804 935 1921 974 sum
1953 918 2409 974 ﬂammatissimas
2432 915 2739 984 lampades;
2780 938 2797 968 ι
2823 916 3209 979 miseruntque.
3227 910 3362 965 Tum

1806 1012 2113 1082 aitsponsa:
2152 1027 2166 1064 :
2201 1027 2218 1059 ι
2249 1009 2395 1063 Tene
2449 1008 2503 1062 in
2556 1007 2654 1061 hoc
2704 1009 3010 1078 maphorio,
3054 1004 3228 1058 donec
3268 1001 3364 1056 tibi

1807 1101 2002 1157 dicam.
2046 1120 2064 1154 ι
2091 1101 2287 1169 Aitque
2318 1118 2331 1153 :
2360 1119 2378 1150 ι
2416 1098 2619 1153 Aﬂ'erte
2658 1096 2831 1151 adhuc
2882 1095 3181 1167 lampadem
3206 1092 3363 1147 aliam

1806 1196 2244 1251 accensissimam
2282 1213 2295 1248 :
2333 1211 2351 1243 ι
2403 1193 2832 1258 attuleruntque.
2865 1190 3000 1245 Tum
3043 1190 3132 1245 ille
3161 1188 3313 1244 fratri
3348 1206 3362 1242 :

1812 1303 1831 1335 ι
1877 1286 2114 1354 Explica,
2146 1284 2358 1340 domine
2389 1280 2574 1348 frater,
2620 1282 2868 1351 penulam
2909 1288 3052 1335 tuam
3091 1300 3105 1335 :
3147 1301 3165 1335 ι
3197 1289 3251 1336 et
3273 1295 3367 1335 ex-

1813 1378 2046 1444 plicavit.
2085 1376 2221 1431 Tum
2255 1376 2344 1431 ille
2376 1392 2389 1430 :
2420 1391 2439 1426 t
2476 1372 2671 1430 Mittite
2721 1377 2774 1429 in
2825 1376 3041 1445 ipsum:
3080 1390 3098 1423 ι
3133 1382 3187 1425 et
3210 1373 3368 1425 mise-

1810 1478 1956 1525 runt.
1980 1468 2111 1524 Cum
2165 1483 2295 1523 vero
2356 1467 2659 1523 diutissime
2710 1474 2956 1521 tenerent
3001 1465 3081 1521 sic
3113 1478 3369 1518 accensas

1809 1561 2088 1633 lampades
2114 1569 2168 1614 et
2212 1570 2452 1625 starent,
2495 1560 2549 1614 in
2608 1566 2881 1627 stuporem
2933 1565 3085 1611 actus
3142 1554 3371 1626 populus

1811 1670 1974 1725 super
2001 1669 2065 1710 eo
2089 1652 2231 1723 quod
2261 1650 2564 1717 videbatur,
2593 1651 2833 1708 clamare
2869 1647 3033 1717 coepit
3061 1656 3114 1702 et
3143 1649 3322 1702 dicere
3354 1664 3366 1699 :

1817 1762 1836 1795 ι
1880 1744 2142 1799 Dominus
2165 1740 2505 1797 conservabit
2532 1752 2747 1797 sanctos
2772 1754 2923 1804 suos,
2954 1747 3009 1793 et
3035 1737 3221 1792 beatos
3250 1734 3369 1790 illos

145 1810 429 1899 Basiliam,
466 1834 593 1904 quid
635 1850 721 1889 res
762 1833 986 1892 haberet
1023 1834 1382 1901 informaturi,
1424 1842 1705 1889 venerunt.
1742 1810 1783 1865 Β
1814 1835 1975 1890 faciet
2007 1836 2058 1889 in
2089 1846 2232 1891 terra
2263 1831 2360 1905 (ὁ).
2395 1851 2414 1885 ›
2443 1830 2894 1903 Projeceruntque
2930 1843 3189 1887 accensas
3238 1830 3372 1881 lam-

144 1926 240 1980 llle
294 1925 491 1996 gaudio
544 1925 919 1982 abundantiOri
968 1928 1222 1996 profusus
1254 1964 1270 1990 ,
1330 1927 1439 1979 ait:
1480 1944 1499 1977 ι
1543 1925 1707 1992 Bene,

146 2015 284 2082 lilii,
339 2018 599 2075 veneritis
640 2038 654 2074 :
697 2018 836 2073 vado
888 2018 1165 2072 vobiscum
1228 2017 1295 2071 ad
1329 2018 1404 2071 rei
1443 2017 1712 2087 probatio-

145 2121 293 2163 nem.
356 2128 376 2163 ι
406 2108 801 2181 Profectusque
852 2109 966 2165 ibat
1020 2124 1142 2164 cum
1193 2108 1299 2164 illis
1340 2110 1406 2162 ad
1459 2108 1713 2164 Sebaste-

145 2213 271 2252 nam
340 2202 677 2270 metropolim
731 2219 744 2255 :
797 2199 994 2256 Petrus
1046 2212 1225 2255 autem
1295 2201 1462 2270 ipsius
1524 2200 1710 2267 frater,

146 2289 385 2344 adventu
437 2290 556 2359 ejus
591 2294 827 2361 cognito,
855 2292 904 2346 ei
947 2293 1185 2347 occurrit
1248 2294 1314 2348 ab
1357 2306 1482 2347 ocm
1518 2294 1707 2347 millia-

148 2379 345 2442 ribus;
391 2379 739 2449 exhibitaque
774 2381 955 2435 debita
994 2383 1297 2436 reverentia
1330 2423 1345 2447 ,
1396 2399 1458 2437 ac
1494 2385 1545 2438 in
1604 2386 1707 2438 Do-

148 2470 296 2523 mino
322 2470 621 2534 osculatus,
653 2472 891 2543 gratiose
918 2472 1204 2529 subridens
1256 2474 1388 2529 dixit
1411 2476 1565 2529 fratri
1614 2492 1713 2530 suo

148 2570 201 2614 et
245 2559 400 2616 Patri
457 2572 643 2618 nostro
685 2561 884 2619 Basilio
919 2583 976 2620 :t
1018 2563 1299 2635 Tanquam
1346 2568 1411 2620 ad
1454 2567 1711 2621 latronem

152 2652 337 2705 exiisti
373 2693 389 2716 ,
453 2653 668 2709 domine
721 2653 913 2723 frater,
967 2672 1089 2712 cum
1133 2660 1317 2725 turba,
1363 2668 1420 2714 ut
1448 2674 1535 2713 me
1561 2674 1716 2729 cape-

148 2758 233 2796 res
258 2744 360 2814 (α).
390 2763 409 2795 ι

217 2832 357 2886 Cum
390 2845 569 2896 autem
616 2850 862 2893 essemus
894 2839 1118 2909 ingressi
1153 2840 1205 2893 in
1236 2840 1426 2894 urbem
1459 2838 1717 2894 Sebaste—

150 2938 302 2986 nam,
332 2924 726 2996 fuissemusque
758 2929 956 2997 precati
1001 2929 1053 2983 in
1100 2929 1564 2985 venerabilissimo
1590 2939 1715 2985 tem-

149 3013 237 3081 plo
275 3013 593 3085 Martyrum,
626 3016 905 3089 multiplici
932 3034 1131 3076 corona
1156 3019 1446 3076 illustrium
1476 3024 1714 3093 quadra-

1810 1927 2007 1997 pades;
2037 1941 2135 1980 nec
2156 1936 2275 1982 erat
2300 1927 2351 1979 in
2380 1923 2459 1979 eis
2499 1922 2582 1978 vel
2630 1922 2760 1977 fumi
2798 1925 2947 1989 odor,
3008 1937 3179 1989 neque
3211 1922 3373 1975 vesti-

1815 2028 1996 2075 menta
2025 2018 2238 2073 illorum
2261 2020 2510 2074 ambusta
2540 2022 2686 2070 sunt.
2719 2012 2871 2068 Tunc
2907 2014 3185 2070 adducens-
3204 2014 3365 2083 quin-

1812 2126 1916 2182 que
1944 2120 2165 2167 sanctos
2191 2110 2353 2175 viros,
2393 2111 2468 2164 ait
2496 2108 2605 2164 illis
2637 2124 2651 2162 :
2691 2125 2709 2159 ι
2750 2105 2957 2162 Edicite
2989 2105 3130 2176 quod
3160 2105 3369 2159 vidistis

1811 2201 1865 2254 in
1895 2201 2235 2256 sanctissima
2280 2198 2528 2254 ecclesia.
2578 2219 2597 2252 ι
2659 2198 3131 2269 Narraveruntque
3157 2195 3371 2268 populo,

1812 2301 1869 2345 ut
1901 2291 2162 2346 vidissent
2201 2300 2421 2346 sanctos
2475 2290 2700 2360 angelos
2725 2330 2741 2355 ,
2770 2289 3090 2345 ventilantes
3130 2288 3373 2358 inculpa-

1814 2396 1924 2438 tum
1980 2398 2169 2438 eorum
2201 2381 2377 2436 cubile
2408 2400 2424 2436 :
2454 2390 2507 2436 et
2531 2380 2967 2451 gloriﬁcaverunt
3010 2379 3176 2434 Deum
3208 2420 3224 2445 ,
3279 2380 3373 2448 qui

1814 2474 1949 2530 facit
1996 2474 2265 2531 mirabilia
2332 2488 2521 2543 magna
2582 2481 2638 2527 et
2688 2470 3078 2526 inscrutabilia.
3134 2470 3377 2538 Cumque

1814 2570 2032 2616 sanctus
2080 2560 2240 2616 Pater
2289 2571 2469 2615 noster
2510 2559 2739 2616 Basilius
2800 2575 2987 2628 pacem
3036 2560 3089 2612 in
3146 2558 3373 2614 Domino

1814 2652 2061 2719 dixisset,
2118 2653 2322 2707 reversi
2354 2667 2538 2707 sumus
2574 2650 2626 2704 in
2657 2658 2896 2705 nostram
2946 2649 3242 2718 civitatem,
3262 2648 3375 2719 glo-

1817 2744 2083 2813 riﬁcantes
2113 2743 2282 2798 Deum
2308 2783 2325 2808 ,
2368 2744 2458 2812 qui
2500 2744 2640 2799 dedit
2687 2751 2995 2814 potestatem
3028 2741 3186 2797 talem
3214 2741 3379 2795 homi-

1815 2837 1967 2889 nibus
1998 2831 2091 2906 (c).

1892 2926 2016 2983 Fuit
2050 2924 2382 2995 temporibus
2416 2924 2743 2979 sanctissimi
2784 2938 2847 2977 ac
2876 2921 3174 2978 beatissimi
3200 2923 3369 2979 archi-

1828 3016 2063 3085 episcopi
2096 3014 2301 3081 Basilii,
2338 3014 2567 3070 hazredis
2596 3013 2740 3068 illius
2790 3013 2935 3081 regni
2968 3009 3189 3075 Christi,
3236 3012 3379 3064 vasis

151 3107 325 3175 ginta,
367 3107 781 3165 ascendentibus
802 3111 960 3166 nobis
989 3114 1054 3164 ad
1110 3127 1319 3169 sacram
1347 3114 1585 3183 episcopi
1620 3114 1715 3166 do-
1742 3150 1785 3206 c
1818 3105 2095 3159 electionis
2121 3104 2262 3159 illius
2288 3105 2377 3174 qui
2411 3105 2645 3173 portavit
2685 3102 2887 3159 Christi
2941 3116 3140 3157 nomen
3193 3114 3377 3156 coram

152 3212 322 3263 mum,
362 3198 618 3255 salutavit
665 3200 755 3257 ille
788 3201 1058 3257 dominam
1093 3218 1379 3273 sponsam;
1412 3214 1466 3259 et
1497 3207 1569 3258 ait
1599 3204 1671 3257 illi
1699 3220 1713 3257 :

155 3306 174 3339 ι
230 3288 395 3342 Salve
418 3329 436 3355 ,
464 3303 589 3344 vera
620 3305 738 3347 mea
772 3306 992 3360 sponsa,
1019 3309 1113 3347 seu
1150 3294 1330 3363 potius
1354 3295 1553 3349 Christi
1584 3311 1599 3351 :
1644 3296 1717 3350 tui

151 3392 315 3433 causa
351 3389 494 3433 totus
511 3380 663 3435 nobis
688 3380 779 3436 hic
806 3381 963 3437 labor
980 3394 1287 3453 assumptus
1312 3394 1412 3439 est.
1440 3404 1459 3437 ι
1480 3385 1573 3443 Ait
1590 3386 1712 3442 illa:

155 3491 174 3524 ι
210 3470 346 3527 Sum
375 3471 430 3526 in
458 3472 702 3528 manibus
735 3473 858 3537 tuis,
887 3475 1355 3532 honorabilissime
1383 3476 1565 3536 Pater.
1609 3481 1716 3535 Do-

154 3564 338 3617 minus
365 3562 678 3619 occasiones
712 3562 837 3620 facit
873 3582 887 3619 :
922 3580 1115 3634 magno
1157 3567 1300 3620 enim
1327 3567 1599 3623 desiderio
1628 3577 1716 3622 te-

157 3667 285 3707 neor
347 3652 687 3721 amplexandi
724 3656 992 3723 pretiosos
1024 3666 1146 3709 tuos
1174 3655 1341 3724 pedes
1376 3675 1390 3709 :
1421 3656 1577 3723 cujus
1642 3658 1716 3710 rei

151 3760 375 3816 compos
405 3745 618 3810 eﬂ'ecta,
674 3747 879 3815 gratias
907 3762 1009 3816 ago
1058 3746 1281 3801 Domino
1340 3763 1483 3804 meo.
1532 3747 1719 3803 Faciet

152 3850 303 3905 ergo,
342 3837 579 3891 maximo
602 3837 729 3891 mihi
767 3838 1169 3907 prosequendus
1208 3839 1413 3896 honore
1440 3854 1591 3896 meus
1614 3840 1716 3895 Pa-

156 3939 260 3995 ter,
288 3932 343 3982 in
380 3930 547 3983 filiam
602 3945 779 3994 suam,
814 3944 1152 4000 quaecunque
1190 3932 1443 3986 voluerit.
1480 3951 1499 3985 ι
1526 3934 1718 4003 Aitque

152 4019 238 4073 ille
281 4022 479 4073 fratri:
514 4040 534 4073 ι
574 4022 724 4092 Rogo
774 4032 845 4088 te,
889 4024 1102 4077 domine
1155 4023 1226 4076 mi
1283 4022 1468 4089 frater,
1502 4034 1558 4078 ut
1613 4041 1717 4078 una

153 4125 272 4163 cum
328 4110 551 4164 domina
585 4126 780 4180 sponsa
838 4130 950 4166 mea
1000 4114 1235 4169 dormias
1275 4114 1327 4167 in
1381 4116 1717 4171 sanctissima

151 4200 406 4254 ecclesia.
445 4218 466 4251 ι
495 4199 565 4254 At
598 4200 687 4255 ille
713 4202 777 4256 ad
816 4218 937 4256 cum
971 4220 985 4255 :
1023 4221 1041 4253 ι
1081 4202 1294 4259 Faciam
1312 4205 1569 4276 quidquid
1600 4208 1718 4277 jus-

152 4294 315 4358 seris,
348 4294 493 4348 sicut
520 4295 691 4348 debeo
726 4312 739 4348 :
770 4294 1023 4362 fecitque.
1064 4315 1083 4348 ι
1117 4298 1410 4354 Assumens
1434 4314 1563 4369 ergo
1594 4316 1719 4355 san-

153 4400 272 4440 ctus
296 4385 464 4440 Pater
498 4393 683 4440 noster
706 4386 993 4443 nonnullos
1030 4387 1137 4442 Deo
1178 4386 1385 4445 albatos
1414 4403 1468 4445 et
1498 4392 1718 4461 spirita-

1824 3197 2072 3269 gentibus
2100 3205 2155 3251 et
2194 3196 2412 3267 regibus
2439 3205 2494 3251 et
2524 3195 2648 3249 filiis
2668 3194 2855 3260 Israel,
2882 3194 3021 3250 sicut
3052 3193 3266 3249 divinus
3324 3204 3379 3246 et

1820 3291 2006 3345 beatus
2035 3288 2324 3357 Apostolus
2357 3287 2434 3361 (ά)
2462 3330 2475 3355 ,
2511 3287 2706 3343 mulier
2733 3289 2973 3357 quaedam
2998 3328 3013 3353 ,
3067 3286 3270 3340 divitiis
3326 3292 3375 3337 et

1818 3380 2101 3436 nobilitate
2130 3380 2275 3436 clara
2306 3420 2322 3447 ,
2350 3379 2683 3450 reliquisque
2719 3378 2784 3432 ad
2837 3393 2990 3431 vana:
3044 3375 3204 3443 hujus
3262 3375 3377 3427 vita:

1820 3473 2078 3542 obsequia
2118 3474 2444 3541 comparatis
2467 3486 2625 3541 supra
2675 3484 2866 3525 omnes
2892 3468 3053 3523 elata.
3089 3465 3213 3521 Haec
3271 3479 3375 3522 sta-

1820 3575 1930 3620 tum
1968 3565 2231 3620 vidualem
2266 3564 2509 3633 amplexa
2532 3602 2546 3625 ,
2586 3561 2813 3630 turpiter
2868 3568 3129 3628 potestate
3179 3558 3367 3618 abusa,

1819 3656 2049 3726 seipsam
2072 3654 2209 3724 gula:
2242 3654 2572 3721 luxuriaeque
2597 3652 2956 3721 mancipavit;
2996 3651 3129 3704 nihil
3177 3652 3378 3704 habens

1818 3763 1926 3817 quo
1952 3749 2191 3816 placeret
2212 3746 2340 3814 Deo,
2373 3746 2464 3800 sed
2491 3745 2722 3816 seipsam
2752 3744 2925 3799 instar
2963 3758 3248 3812 porcorum
3281 3756 3376 3797 vo-

1820 3839 1995 3895 lutans
2029 3840 2078 3894 in
2135 3839 2357 3894 luxuriae
2412 3851 2590 3893 caeno.
2653 3835 2893 3889 Tandem
2933 3833 3135 3903 itaque,
3163 3834 3378 3901 dispen-

1818 3942 1972 3985 sante
2008 3930 2137 3997 Deo,
2188 3930 2449 3984 immensa
2478 3944 2573 3982 sua
2604 3938 2828 3996 peccata
2871 3925 3053 3978 animo
3105 3935 3375 3994 repetens.

1821 4030 2103 4090 menteque
2159 4019 2372 4074 coalitus
2425 4017 2712 4081 illustrata,
2746 4022 2908 4085 atque
2943 4012 3166 4068 seorsim
3218 4015 3379 4067 tacite

1819 4123 2005 4179 agens,
2034 4121 2259 4178 pensare
2308 4107 2472 4176 coepit
2501 4106 2893 4161 multitudinem
2934 4119 3152 4158 suorum
3184 4118 3376 4172 pecca-

1821 4210 1993 4253 torum
2020 4216 2034 4254 :
2065 4200 2302 4268 dixitque
2326 4198 2741 4253 lamentabiliter
2764 4198 3016 4267 plorans:
3055 4214 3073 4246 ‹
3101 4194 3214 4248 Heu
3241 4195 3257 4249 ι
3295 4209 3379 4247 me

1816 4293 2177 4362 peccatricem
2196 4300 2249 4345 et
2271 4290 2597 4346 luxuriosam
2626 4290 2640 4343 ι
2673 4288 2940 4358 quomodo
2961 4288 3220 4340 immensa
3258 4302 3376 4354 qua:

1819 4384 2034 4453 peccavi
2084 4383 2382 4437 confitebor
2424 4390 2477 4434 et
2504 4379 2731 4449 expiabo
2758 4378 2781 4431 Ἰ
2808 4377 3087 4448 Templum
3135 4376 3376 4448 Spiritus

153 4476 230 4530 les
261 4476 418 4531 viros
447 4516 462 4541 ,
504 4475 741 4545 quinque
770 4490 1019 4540 numero,
1053 4493 1123 4531 ex
1170 4476 1366 4548 quibus
1425 4496 1561 4535 unus
1604 4498 1713 4535 rem
1753 4498 1794 4551 ι)
1824 4474 1993 4527 sancti
2022 4474 2217 4543 pollui;
2248 4472 2578 4526 habitantem
2610 4472 2663 4524 in
2691 4484 2917 4539 corpore
2947 4469 3181 4524 animam
3233 4472 3377 4524 coin-

154 4572 323 4637 probe
356 4577 550 4633 norat;
582 4568 742 4623 etiam
766 4568 948 4636 ipsein
974 4578 1159 4624 sancta
1182 4570 1409 4625 ecclesia
1438 4570 1711 4628 dormivit.

153 4658 311 4713 Circa
338 4660 571 4714 mediam
604 4672 780 4713 autem
812 4670 1024 4716 noctem
1062 4659 1181 4716 illos
1206 4662 1477 4716 suscitans
1512 4679 1537 4715 a
1568 4678 1711 4719 som-

153 4768 219 4805 no
248 4752 368 4805 ait:
421 4769 440 4802 ο
472 4751 609 4818 Quid
646 4753 841 4807 videtis
881 4756 1025 4808 circa
1057 4752 1275 4808 fratrem
1324 4755 1549 4808 meum?
1585 4774 1603 4807 ι
1653 4759 1719 4809 At

154 4844 272 4897 illi:
317 4860 341 4894 ι
386 4842 645 4898 Videmus
704 4860 898 4897 novum
966 4846 1302 4900 miraculum.
1347 4864 1367 4897 ι
1411 4845 1502 4899 Ille
1547 4862 1714 4902 vero:

158 4954 176 4987 ο
239 4937 530 5004 Quodnam
591 4936 764 4990 illud?
804 4957 821 4989 ι
878 4936 1332 5005 Responderunt:
1378 4955 1396 4989 ς
1468 4937 1717 4994 Videmus

155 5029 401 5100 angelos,
432 5025 753 5082 ventilantes
786 5027 980 5083 lectum
1011 5027 1125 5095 ejus
1151 5028 1551 5099 inculpabilem.
1580 5047 1598 5081 ι
1627 5031 1716 5083 Ait

154 5135 341 5175 autem
372 5128 595 5175 sanctus
628 5117 785 5173 Pater
813 5128 997 5174 noster
1024 5118 1255 5174 Basilius
1284 5138 1298 5175 :
1337 5137 1355 5172 ι
1385 5119 1596 5176 Nemini
1635 5125 1715 5176 di-

158 5212 359 5266 xeritis
385 5210 530 5281 quod
558 5210 787 5265 vidistis.
822 5230 840 5261 ι

222 5303 489 5372 Sequenti
512 5317 641 5357 vero
668 5316 824 5356 mane
852 5302 1086 5357 reversis
1119 5304 1271 5359 nobis
1293 5306 1357 5358 ad
1383 5307 1711 5376 episcOpum,

156 5396 289 5449 dixit
325 5414 341 5448 :
384 5414 403 5446 ι
449 5391 681 5464 Tempus
711 5406 815 5457 est,
846 5396 1061 5449 domina
1113 5396 1183 5449 rni
1230 5410 1441 5464 sponsa,
1476 5413 1565 5450 seu
1617 5413 1706 5465 po-

158 5488 260 5541 tius
289 5486 517 5550 Christi,
555 5499 611 5539 ut
641 5489 779 5555 quod
806 5488 1065 5560 quaeritur
1120 5486 1174 5541 in
1227 5487 1398 5549 palam
1431 5488 1540 5541 fiat.
1578 5509 1596 5541 ι
1646 5490 1714 5543 At

222 5642 305 5691 ια,
338 5639 499 5677 mare.
539 5637 647 5682 xtv,
676 5620 763 5679 ιδ.

226 5695 301 5762 (b)
337 5692 472 5746 Psal.
509 5707 594 5754 xc,
618 5692 671 5746 ὃ.

226 5700 278 5762 (ο
338 5700 472 5746 Psal.
509 5707 594 5754 ιι..
618 5700 671 5746 5.

226 5700 301 5833 (ei
324 5762 511 5818 ιιηιιιι.
553 5778 630 5827 lx,
654 5763 684 5817 8

1825 4564 2040 4631 quinavi
2072 4582 2084 4615 :
2118 4564 2228 4618 lleu
2254 4578 2335 4617 me
2365 4563 2379 4615 ι
2416 4561 2650 4631 proiecta
2686 4576 2826 4614 sum.
2860 4559 2993 4613 Num
3046 4560 3184 4612 sicut
3214 4570 3376 4609 tuere-

1820 4656 1922 4706 trix
1944 4654 2031 4707 illa
2049 4655 2220 4706 dicam
2249 4673 2260 4707 :
2286 4650 2571 4705 Miserere
2587 4648 2743 4704 mei?»
2765 4648 3006 4703 autsicut
3022 4646 3339 4703 Publicanus
3361 4664 3373 4699 :

1824 4766 1840 4796 ι
1891 4744 2139 4807 Peccavi,
2177 4762 2196 4795 ι
2232 4758 2351 4797 cum
2382 4744 2677 4814 praesertim
2726 4751 2843 4811 post
2878 4741 3200 4810 baptismum
3256 4754 3377 4807 pec-

1819 4839 2057 4893 caverim
2086 4837 2110 4891 ?
2150 4836 2247 4903 Qui
2279 4852 2405 4890 vero
2440 4836 2640 4890 certior
2663 4833 2785 4889 ﬁam
2807 4876 2821 4899 ,
2859 4834 2999 4904 quod
3031 4832 3170 4885 Deus
3204 4832 3375 4901 patui-

1822 4938 2015 4981 tentem
2079 4926 2379 4994 suscipiet?
2426 4946 2443 4977 ι
2500 4924 2626 4978 Ηωε
2678 4940 2836 4993 porro
2882 4926 3010 4993 "ipsa
3066 4922 3373 4991 cogitante,

1819 5023 1863 5075 is
1917 5022 2007 5089 qui
2066 5021 2169 5072 vult
2225 5034 2399 5071 omnes
2448 5021 2613 5071 salvos
2670 5017 2783 5085 ﬁeri
2838 5027 2884 5071 et
2946 5016 3014 5068 ad
3057 5016 3374 5084 agnitionem

1818 5112 2043 5166 veritatis
2102 5111 2275 5163 venire
2320 5108 2413 5181 (e),
2469 5120 2525 5165 et
2579 5111 2847 5163 neminem
2898 5108 3008 5160 vult
3050 5108 3265 5174 perire,
3322 5106 3372 5156 iu

1818 5204 2131 5258 memoriam
2163 5204 2212 5256 ei
2243 5210 2477 5264 revocat,
2511 5215 2631 5270 qua:
2666 5215 2693 5251 a
2722 5199 3001 5268 iuventute
3022 5197 3324 5266 deliquerat
3358 5210 3371 5247 :

1816 5293 2137 5361 sedensque,
2166 5308 2261 5347 sua
2309 5292 2498 5362 ipsius,
2533 5306 2562 5344 a
2596 5289 2822 5357 juvenili
2875 5291 3117 5355 adusque
3147 5283 3371 5339 senilem

1820 5396 2054 5448 aetatem,
2116 5393 2336 5453 peccata
2386 5383 2601 5451 scripsit
2654 5383 2705 5434 in
2754 5382 2937 5435 charta
2976 5376 3372 5432 :nuvissimum

1819 5483 1998 5529 autem
2035 5474 2272 5545 scripsit,
2299 5474 2443 5543 quod
2482 5472 2696 5527 dicebat
2748 5484 2999 5538 magnum
3049 5474 3374 5536 peccatum;

1892 5635 1970 5695 (α)
1994 5642 2106 5683 Act.
2143 5649 2215 5693 rx.
2254 5632 2338 5684 i5.

1894 5700 2011 5772 (c)l
2041 5700 2158 5755 Tim
2196 5717 2255 5766 Il,
2282 5703 2334 5755 ι.
