4066 6314
692 348 868 397 δεοκιν

2031 338 2526 395 PROLEGUﬂENA
2540 382 2552 394 .

690 455 1040 526 chartamque
1075 453 1219 510 bulla
1243 454 1493 526 plumbea
1525 454 1832 527 obsignant
1861 454 1996 525 (59).
2020 454 2245 528 Captato
2274 459 2320 515 Α
2349 458 2489 511 inter
2516 471 2702 512 omnes
2732 456 2914 512 Patres
2948 455 3246 522 celebrem,
3270 453 3502 524 Ephrem
3526 452 3637 524 (6i)
3673 454 3912 510 nomine.

688 554 863 602 autem
896 556 1193 615 opportuno
1229 556 1489 616 tempore,
1518 560 1643 601 cum
1671 554 1893 603 sanctus
1920 544 2156 605 Basilius
2182 547 2245 601 ad

686 652 875 705 preces
902 637 1091 693 solitas
1141 639 1193 692 in
1238 640 1525 695 ecclesiam
1572 639 2049 709 proﬁcisceretur,
2109 641 2245 699 clam

685 743 1023 798 pra-currens
1065 728 1133 783 ad
1180 730 1343 797 pedes
1375 730 1492 800 ejus
1513 730 1755 786 chartam
1782 730 2008 799 proiecit
2045 754 2056 787 :
2088 745 2250 802 seque

686 822 739 874 in
764 819 956 875 faciem
988 820 1055 875 ad
1091 821 1257 891 ipsius
1283 822 1445 889 pedes
1478 823 1711 893 jactans,
1745 822 2243 881 clamabatdicens:

690 933 709 962 ι
747 910 999 968 Miserere
1022 913 1148 977 mei,
1178 923 1364 968 sancte
1396 912 1511 979 Dei,
1555 930 1672 985 qua:
1714 930 1877 983 supra
1912 930 2098 971 omnes
2131 930 2246 970 sum

686 1005 978 1074 peccatrix.
1016 1025 1034 1055 ι
1071 1003 1235 1059 Stans
1264 1015 1441 1059 autem
1472 1008 1658 1062 beatus
1685 1006 1775 1061 ille
1812 1007 2013 1065 Christi
2074 1009 2248 1061 famu-

687 1096 791 1162 lus,
815 1098 881 1151 ab
913 1110 971 1149 ea
999 1097 1344 1166 perquirehat
1368 1112 1589 1152 causam
1619 1099 1934 1163 gemituum.
1963 1095 2097 1151 Tum
2122 1099 2205 1151 illa
2234 1117 2243 1151 :

691 1207 709 1240 ι
742 1187 899 1251 Ecce,
944 1187 1181 1254 domine,
1214 1204 1330 1244 mea
1370 1190 1547 1244 omnia
1578 1200 1798 1259 peccata
1838 1200 1893 1245 et
1939 1192 2168 1245 crimina
2196 1194 2246 1244 in

686 1277 869 1333 charta
919 1278 1021 1333 hac
1052 1280 1286 1349 scripsi,
1337 1290 1389 1333 et
1417 1281 1725 1351 obsignavi:
1758 1294 1809 1335 tu
1846 1296 1995 1346 vero,
2047 1296 2233 1339 sancte

690 1369 804 1434 Dei,
834 1383 900 1424 ne
930 1372 1262 1442 signaculum
1300 1371 1607 1443 bullamque
1638 1375 1897 1441 moveris;
1949 1376 2043 1431 sed
2101 1378 2233 1431 solis

687 1461 936 1529 precibus
961 1478 1021 1517 ea
1050 1461 1430 1532 dele(60).Qui
1452 1466 1593 1519 enim
1630 1464 1765 1519 hanc
1801 1467 1927 1521 mihi
1962 1470 2243 1537 cogitatio-

688 1569 810 1608 nem
837 1554 999 1616 dedit,
1014 1552 1172 1623 plane
1186 1555 1435 1611 obaudiet
1458 1570 1553 1625 pro
1581 1570 1664 1610 me
1690 1568 1957 1613 orantem.
1989 1558 2247 1627 tMagnus

684 1657 844 1710 porro
872 1641 1098 1699 Basilius
1118 1646 1356 1699 chartam
1396 1645 1632 1709 elevans,
1666 1657 1720 1701 et
1748 1648 2013 1717 aspiciens
2046 1649 2095 1702 in
2121 1664 2238 1704 cte-

685 1738 803 1789 lunr
827 1736 938 1792 ait;
980 1756 999 1789 ι
1038 1736 1236 1798 Tuum,
1275 1734 1521 1802 Domine,
1570 1737 1736 1794 solius
1768 1751 1849 1795 est
1884 1755 2017 1810 opus
2062 1740 2244 1798 istud:

683 1831 773 1897 qui
825 1830 967 1883 enim
1018 1830 1157 1882 tollis
1211 1838 1490 1896 peccatum
1524 1831 1993 1895 mundi,facilius
2020 1850 2241 1905 quoque

684 1925 843 1976 unius
873 1920 1031 1988 hujus
1062 1922 1257 1977 anime
1292 1924 1522 1977 crimina
1562 1924 1859 1979 deleveris:
1893 1929 2073 1983 omnia
2095 1932 2245 2000 quip-

682 2031 748 2087 pe
784 2026 967 2071 nostra
997 2017 1189 2070 delicta
1216 2016 1356 2086 apud
1382 2025 1433 2069 te
1479 2025 1762 2072 numerata
1793 2028 1916 2075 sunt
1944 2040 1956 2076 :
1981 2033 2068 2077 tua
2115 2040 2243 2079 vero

682 2108 1050 2162 misericordia
1082 2108 1345 2161 immensa
1377 2116 1480 2168 est.
1530 2119 1597 2161 .et
1652 2108 2173 2181 impervestigahilis.
2218 2136 2237 2168 ι

683 2199 777 2254 llis
808 2208 986 2251 autem
1020 2196 1180 2251 dictis
1212 2238 1228 2262 ,
1284 2198 1557 2267 ingressus
1584 2210 1668 2254 est
1697 2202 1981 2257 ecclesiam
2001 2244 2015 2267 ,
2056 2215 2243 2260 tenens

679 2294 921 2345 chartam
954 2331 968 2355 ,
1006 2303 1171 2359 seque
1223 2290 1436 2358 jactans
1489 2307 1671 2346 coram
1707 2292 1861 2348 altari
1888 2332 1903 2356 .
1932 2302 2097 2349 totam
2154 2313 2242 2352 no-

679 2395 817 2437 ctem
873 2382 1194 2452 pervigilem
1251 2382 1304 2436 in
1360 2386 1609 2451 precibus
1636 2384 1772 2453 egit;
1828 2385 1991 2452 inque
2044 2390 2241 2442 crasti-

681 2494 833 2541 num,
880 2490 974 2547 per
1005 2483 1114 2530 tota
1149 2475 1435 2528 missarum
1470 2474 1730 2530 solemnia
1752 2517 1765 2539 ,
1796 2476 1964 2532 Deum
1990 2479 2242 2537 obnixius

679 2571 875 2622 oravit.

748 2661 875 2716 Post
926 2663 1120 2714 factzuu
1164 2671 1341 2715 autem
1362 2660 1692 2724 missionem,
1729 2664 2011 2718 accersivit
2042 2666 2235 2721 mulie-

678 2769 819 2812 rem;
858 2754 1177 2812 tradensqne
1203 2753 1467 2813 chartam,
1503 2756 1577 2805 ait
1618 2768 1633 2805 :
1678 2774 1697 2807 ι
1727 2755 1995 2811 Audistin’
2025 2758 2238 2824 mulier,

675 2847 820 2916 quod
883 2860 1039 2898 nemo
1096 2843 1264 2913 possit
1319 2853 1534 2913 peccata
1597 2845 1888 2909 dimittere,
1941 2849 2043 2902 nisi
2095 2850 2240 2902 solus

680 2938 850 2991 Deus?
888 2956 906 2988 ι
963 2936 1051 2989 Ait
1084 2934 1211 2990 illa:
1256 2951 1273 2985 t
1318 2934 1537 3001 Audivi,
1586 2934 1766 3002 Pater,
1819 2946 1978 3006 teque
2029 2940 2147 2994 ideo
2171 2943 2239 2996 ad

680 3026 1116 3085 intercedendum
1162 3028 1304 3095 apud
1346 3026 1903 3081 misericordissimum
1939 3029 2103 3083 Deum
2135 3030 2239 3085 sol-

2354 546 2487 602 Huic
2536 550 2687 603 trade
2716 550 2981 611 chartam,
3016 547 3165 617 isque
3215 546 3415 609 orabit,
3442 558 3497 601 et
3536 545 3701 601 Deum
3734 546 3887 614 propi

2353 639 2482 694 tium
2519 642 2611 697 tibi
2638 641 2816 697 faciet.
2853 660 2870 692 ι

2420 732 2491 787 At
2514 733 2597 787 illa
2631 732 2931 789 valedicens
2964 741 3168 796 sancto,
3199 729 3433 787 cucurrit
3462 732 3527 784 ad
3573 733 3846 787 desertum
3888 744 3903 779 :

2351 822 2703 891 confectoque
2736 822 2889 891 longo
2912 823 3118 883 Itinere,
3154 823 3395 891 pervenit
3425 821 3491 874 ad
3519 830 3903 890 praemonstra-

2353 927 2463 969 tum
2513 916 2684 971 locum
2729 918 2904 985 magni
2964 914 3106 969 illius
3142 915 3419 981 eremitz;
3463 911 3796 984 pulsansque
3850 911 3913 966 ad

2345 1008 2568 1075 januam
2594 1007 2863 1061 clamahat
2892 1009 3077 1062 dicens
3126 1024 3139 1061 :
3183 1025 3200 1058 ι
3249 1003 3502 1059 Miserere
3546 1005 3675 1068 mei,
3730 1014 3915 1061 sancte

2354 1102 2466 1157 Dei.
2508 1121 2526 1155 ι
2562 1100 2650 1155 Ille
2680 1099 2935 1167 prmscius
2978 1100 3166 1168 spiritu
3206 1112 3364 1167 quam
3394 1095 3463 1149 ob
3489 1110 3708 1149 causam
3743 1098 3916 1152 venis.

2351 1200 2453 1257 set,
2487 1194 2563 1247 ait
2587 1192 2659 1247 illi
2689 1208 2700 1244 :
2743 1208 2761 1241 ι
2796 1188 2891 1243 Exi
2925 1205 2953 1241 a
2979 1205 3083 1253 me,
3122 1190 3337 1255 mulier,
3371 1189 3494 1258 quia
3528 1187 3691 1242 homo
3721 1205 3913 1258 pecca-

2351 1295 2435 1337 tor
2461 1300 2601 1350 sum,
2629 1282 2874 1350 indigens
2902 1290 2957 1332 et
2992 1278 3103 1348 ipse
3134 1280 3426 1349 adjutorio.
3463 1298 3481 1331 ι
3520 1278 3588 1331 At
3616 1278 3705 1330 illa
3737 1281 3913 1347 jacta-

2352 1377 2711 1440 vitchartam,
2737 1374 2919 1426 dicens
2949 1394 2959 1425 ;
2994 1389 3011 1421 ι
3042 1368 3178 1424 Misit
3202 1384 3285 1424 me
3315 1372 3380 1424 ad
3405 1381 3455 1426 te
3477 1370 3914 1441 archiepiscopus

2349 1466 2600 1530 Basilius,
2632 1474 2690 1519 ut
2717 1464 2881 1517 Deum
2911 1477 3109 1532 prome
3138 1463 3463 1531 depreceris,
3501 1477 3608 1532 quo
3632 1473 3912 1530 peccatum

2351 1562 2403 1616 in
2424 1564 2612 1617 charta
2636 1560 2867 1628 positum
2909 1561 3151 1615 deleatur
3184 1574 3197 1611 :
3232 1554 3427 1611 delevit
3451 1554 3755 1623 enim,ipsa
3788 1569 3913 1621 pre-

2348 1664 2522 1719 catus,
2550 1650 2776 1720 reliqua.
2816 1649 2893 1706 Tu
2925 1666 3050 1704 vero
3083 1664 3148 1704 ne
3196 1645 3471 1718 pigriteris
3512 1660 3609 1715 pro
3637 1644 3798 1699 unico
3847 1646 3913 1698 ad

2356 1748 2518 1802 Deum
2548 1744 2905 1807 intercedere,
2931 1742 3195 1810 siquidem
3219 1741 3285 1796 ad
3313 1752 3363 1795 te
3393 1739 3551 1794 missa
3580 1736 3916 1791 sum.n'l‘unc

2353 1839 2417 1891 ad
2450 1850 2567 1890 eam
2596 1846 2815 1889 sanctus
2855 1836 2947 1889 Dei
2979 1851 2992 1886 :
3030 1851 3048 1881 ι
3083 1832 3178 1896 Ne,
3227 1832 3357 1894 lilia,
3391 1848 3457 1886 ne
3488 1832 3559 1885 ita
3592 1848 3606 1884 :
3641 1831 3734 1899 qui
3770 1829 3913 1883 enim

2352 1943 2447 2000 pro
2476 1927 2659 1982 multis
2684 1927 2786 1981 illis
2816 1924 3053 1996 peccatis
3081 1922 3248 1989 potuit
3281 1922 3443 1975 Deum
3483 1920 3914 1990 plaeare,etiam

2353 2036 2449 2091 pro
2501 2034 2608 2075 uno
2647 2020 2786 2088 quod
2834 2025 3072 2082 superat,
3116 2011 3324 2067 facilius
3362 2028 3523 2077 quam
3562 2028 3662 2083 ego
3693 2013 3911 2081 poterit.

2352 2112 2500 2166 Vade
2534 2126 2686 2181 ergo,
2723 2124 2787 2163 ne
2826 2107 3145 2170 tardaveris,
3198 2113 3257 2159 ut
3289 2106 3567 2174 pervenias
3600 2103 3665 2156 ad
3713 2104 3912 2173 ipsum,

2352 2208 2664 2277 priusquam
2712 2217 2742 2255 a
2792 2215 3018 2271 corpore
3067 2198 3391 2271 migraverit.
3424 2214 3443 2248 ι
3489 2195 3580 2249 Illa
3606 2196 3915 2252 valedicens

2352 2310 2567 2363 sancto,
2604 2296 2762 2351 rediit
2810 2294 3132 2350 Caesaream.
3182 2294 3422 2362 Cumque
3452 2290 3830 2362 ingrederetur
3859 2290 3909 2343 in

2349 2393 2660 2454 civitatem,
2684 2390 2923 2444 occurrit
2942 2388 3115 2440 sancti
3151 2385 3331 2440 Basilii
3363 2385 3597 2453 corpori.
3627 2383 3770 2449 quod
3784 2379 3913 2435 επε-

2350 2485 2571 2541 rebatur
2605 2503 2617 2538 :
2650 2497 2823 2553 eoque
2853 2482 2969 2536 viso
2992 2493 3049 2533 se
3078 2478 3129 2531 in
3160 2487 3357 2531 terram
3376 2476 3587 2546 jactare
3601 2476 3794 2540 cmpit;
3825 2487 3910 2536 ac,

2349 2582 2495 2636 velut
2546 2587 2791 2633 sanctum
2840 2575 2893 2628 in
2940 2571 3027 2641 jus
3072 2578 3327 2633 voearet,
3371 2567 3503 2621 dixit
3540 2585 3552 2619 :
3587 2584 3606 2615 ι
3660 2565 3771 2619 Heu
3802 2580 3911 2627 me,

2348 2683 2534 2728 sancte
2563 2672 2677 2726 Dei.
2713 2668 2913 2721 ideirco
2947 2678 3031 2717 me
3057 2663 3110 2716 in
3133 2662 3401 2716 desertum
3434 2656 3650 2723 misisti,
3680 2667 3739 2711 ut
3772 2656 3913 2712 liber

2348 2783 2375 2820 a
2403 2763 2645 2819 molestia
2695 2754 3116 2827 proficiscereris
3149 2770 3164 2805 :
3201 2760 3255 2806 et
3285 2765 3432 2815 ecce,
3467 2764 3524 2806 re
3549 2750 3770 2812 infecta,
3802 2760 3911 2805 tam

2348 2860 2611 2911 immenso
2671 2850 2865 2905 itinere
2917 2846 3118 2901 frustra
3181 2843 3447 2910 confecto,
3508 2843 3661 2899 redii.
3721 2842 3914 2898 Videat

2348 2949 2507 3009 Deus,
2537 2955 2590 3000 et
2607 2942 2813 3013 iudicet
2840 2940 2979 2994 inter
3017 2955 3101 2992 me
3134 2948 3187 2992 et
3218 2946 3268 2991 te
3300 2952 3315 2989 :
3351 2936 3492 3005 quod
3512 2950 3634 2990 cum
3667 2934 3782 3003 ipse
3812 2947 3911 3001 po-

2346 3043 2543 3095 tuisses
2604 3038 2771 3092 Deum
2829 3033 3120 3103 propitium
3160 3030 3356 3091 facere,
3393 3042 3475 3081 me
3524 3024 3791 3079 direxeris
3842 3022 3911 3077 ad

679 3123 901 3177 licitavi.
947 3141 967 3174 ›
1010 3122 1182 3189 Atque
1241 3121 1323 3173 his
1371 3121 1553 3186 dictis,
1600 3120 1840 3175 chartam
1896 3124 2123 3192 aperuit,
2157 3133 2240 3179 to-

2351 3136 2531 3191 alium.
2544 3129 2667 3186 illis
2681 3141 2801 3182 cum
2820 3125 3050 3177 clamore
3067 3118 3470 3187 dictis,projecit
3489 3116 3731 3170 chartam
3749 3128 3911 3184 super

680 3226 895 3280 cunque
927 3210 1157 3264 deletam
1194 3212 1400 3266 invenit
1445 3230 1458 3264 :
1489 3226 1798 3278 quanquam
1840 3229 1940 3268 non
1975 3226 2241 3283 expuncto

676 3301 893 3371 grandis
922 3301 1061 3355 illius
1117 3301 1321 3371 peccati
1386 3299 1617 3370 piaculo.
1654 3298 1853 3356 Videns
1894 3314 2073 3358 autem
2129 3307 2238 3374 illa,

675 3393 911 3449 concidit
932 3393 1131 3456 animo,
1165 3394 1503 3461 tundensque
1528 3403 1713 3460 pectus
1745 3394 2011 3458 manibus,
2037 3398 2242 3452 corruit

678 3490 741 3539 ad
774 3488 936 3555 pedes
969 3486 1102 3552 ejus,
1126 3500 1246 3537 eum
1273 3484 1511 3539 clamore
1533 3484 1750 3539 dicens:
1786 3503 1803 3534 ι
1833 3485 2083 3542 Miserere
2114 3491 2239 3553 mei,

676 3591 833 3633 serve
866 3575 954 3628 Dei
980 3575 1225 3628 altissimi
1258 3592 1271 3627 :
1316 3586 1371 3626 et
1402 3590 1507 3643 qua
1546 3576 1757 3629 ratione
1806 3592 1901 3645 pro
1941 3580 2077 3633 meis
2121 3596 2240 3635 om-

676 3671 833 3724 nibus
864 3668 1101 3738 peculis
1136 3667 1454 3727 decertasti,
1491 3682 1553 3720 ac
1605 3668 1745 3721 luisti
1801 3670 2109 3737 exauditus,
2140 3687 2234 3727 ea—

673 3764 795 3817 dem
830 3776 1049 3833 qnoque
1077 3774 1174 3829 pro
1224 3760 1327 3812 isto
1371 3758 1636 3827 supplica.
1688 3760 1952 3830 planeque
1988 3764 2242 3821 ulilitera-

677 3853 843 3908 bitur.
888 3871 905 3903 ι
943 3850 1296 3921 Laerymatus
1342 3863 1469 3903 vero
1509 3852 2002 3909 commiserationis
2046 3854 2240 3910 alfectu

677 3946 1136 4014 archiepiscopus,
1172 3942 1308 3995 dixit
1335 3960 1346 3995 :
1394 3962 1412 3994 ι
1447 3941 1642 4012 Surge,
1668 3944 1878 4008 mulier,
1910 3961 2031 4001 nam
2060 3956 2113 4004 et
2145 3963 2245 4019 ego

681 4043 839 4093 homo
867 4047 1118 4105 peccator
1145 4051 1287 4097 sum,
1340 4037 1430 4103 qui
1466 4044 1518 4087 et
1564 4035 1679 4102 ipse
1738 4038 2066 4105 indulgentia
2102 4040 2242 4093 indi-

676 4144 853 4198 geam.
885 4128 985 4194 Qui
1015 4126 1209 4180 delevit
1240 4136 1465 4195 peccata
1494 4134 1606 4189 tua,
1626 4136 1757 4194 quot
1805 4128 1971 4180 voluit
2008 4128 2239 4194 delevit;

678 4224 981 4284 potestque,
1008 4214 1097 4282 qui
1128 4213 1309 4267 mundi
1349 4222 1627 4281 peccatum
1667 4212 1827 4277 tollit,
1869 4216 2033 4269 etiam
2072 4218 2172 4271 hoc
2210 4234 2239 4270 a

677 4316 730 4361 te
752 4315 1028 4375 peccatum
1063 4304 1268 4358 tollere.
1306 4301 1363 4357 Si
1397 4304 1554 4356 modo
1581 4305 1830 4374 deinceps
1860 4314 1955 4358 tea
2010 4316 2236 4375 peccato

677 4396 1027 4460 continueris,
1050 4396 1269 4465 viasque
1296 4395 1501 4450 Domini
1523 4395 1904 4461 ambulaveris,
1940 4413 2045 4450 non
2068 4397 2238 4453 solum

2341 3225 2611 3295 capulum,
2678 3233 2790 3273 rem
2824 3212 3125 3269 minutatim
3156 3211 3404 3265 universa
3430 3207 3624 3279 populo
3654 3221 3908 3262 narrans.

2341 3314 2509 3367 Porro
2540 3324 2679 3363 unus
2697 3306 2765 3361 de
2784 3305 2950 3366 clero,
2982 3302 3122 3355 scire
3151 3299 3333 3354 volens
3358 3313 3517 3370 quam
3544 3297 3746 3367 grande
3766 3304 3913 3352 esset

2343 3402 2471 3457 illud
2506 3407 2810 3469 peccatum,
2846 3394 3061 3449 sustulit
3108 3394 3388 3457 chartam;
3434 3400 3804 3460 apertamque,
3832 3400 3910 3442 to-

2344 3506 2449 3550 tam
2490 3492 2718 3547 deletam
2772 3487 3006 3548 invenit;
3054 3500 3118 3538 ac
3149 3498 3277 3537 voce
3312 3498 3502 3551 magna
3553 3479 3809 3535 clamavit
3841 3478 3907 3533 ad

2342 3586 2618 3647 feminam,
2670 3579 2893 3634 dicens:
2933 3593 2952 3626 ι
2994 3574 3037 3628 0
3073 3574 3282 3636 mulier,
3319 3573 3511 3623 nnmda
3534 3579 3618 3624 est
3646 3571 3833 3622 charta
3855 3576 3909 3622 et

2341 3683 2631 3746 expuncta.
2668 3669 2805 3737 Quid
2839 3680 2990 3730 vero,
3031 3665 3122 3718 Dei
3162 3664 3212 3717 in
3259 3672 3310 3716 te
3360 3661 3773 3715 inenarrabilem
3804 3660 3905 3715 mi-

2342 3764 2691 3823 sericordian:
2715 3761 2991 3830 ignorans,
3029 3753 3317 3826 alliigeris?
3348 3771 3365 3805 ι
3394 3750 3519 3805 Viso
3548 3754 3730 3821 itaque
3759 3752 3898 3806 insi-

2342 3862 2429 3931 gni
2472 3856 2750 3919 miraculo,
2780 3852 3001 3923 populus
3029 3849 3311 3903 universus
3346 3848 3508 3902 Deum
3544 3845 3891 3917 gloriﬁcavit,

2343 3953 2435 4024 qui
2471 3952 2525 4007 in
2559 3961 2701 4005 terra
2748 3952 3067 4018 potestatem
3103 3944 3263 3997 habet
3296 3940 3595 3994 dimittendi
3642 3949 3857 4009 peccata
3888 3956 3903 3991 :

2346 4046 2540 4114 quippe
2597 4052 2796 4095 tantam
2863 4036 3035 4094 servis
3070 4035 3182 4088 suis
3231 4033 3499 4086 Concessit
3551 4033 3802 4102 gratiam,
3852 4040 3904 4082 ut

2344 4138 2505 4189 etiam
2539 4142 2655 4201 post
2691 4140 2918 4183 mortem
2968 4127 3277 4195 languorem
3304 4137 3518 4177 onmem
3559 4130 3752 4177 sanent
3791 4138 3904 4175 om-

2344 4243 2573 4297 nemque
2612 4225 2968 4281 debilitatem,
2995 4220 3123 4286 qnin
3155 4218 3316 4273 etiam
3346 4226 3400 4269 nt
3428 4225 3639 4284 peccata
3679 4215 3904 4268 ﬁdeliter

2343 4318 2712 4377 accedentium
2752 4314 3043 4367 remittant.

2414 4408 2635 4477 Joseph,
2660 4414 2919 4475 prrestans
2950 4402 3138 4470 peritia
3172 4399 3307 4453 artis
3324 4398 3562 4461 medicae,
3598 4396 3749 4451 valde
3776 4413 3903 4467 pro-

680 4486 1028 4555 oonsequeris
1048 4488 1283 4549 veniam,
1306 4501 1487 4539 verum
1518 4487 1679 4539 etiam
1709 4486 1873 4553 gloria
1900 4486 2233 4557 dignaberis.

2347 4505 2501 4556 hatus
2562 4500 2845 4565 clarusque
2894 4497 2942 4548 in
2988 4495 3070 4548 illa
3124 4491 3242 4556 fuit,
3296 4506 3557 4545 summam
3614 4490 3900 4559 quamdam

680 4574 828 4633 Vade
857 4580 1057 4649 ergoin
1083 4582 1379 4644 desertum,
1400 4578 1753 4648 inveniesque
1781 4579 1951 4633 virum
1974 4590 2237 4647 sanctum,

733 4773 844 4846 (59)
860 4772 1046 4847 Graec
1064 4776 1295 4847 μολίϐδῳ
1313 4777 1643 4831 ὲὸούλλωσεν
1664 4793 1676 4828 :
1704 4776 1947 4847 rplumho
1964 4778 2205 4844 bullavit,
2218 4799 2236 4833 ι

680 4844 905 4916 verhum
922 4844 1206 4916 barbarum
1228 4844 1385 4901 medii
1411 4847 1529 4911 aevi,
1549 4861 1658 4916 quo
1673 4844 2096 4916 Ainphilocbius,
2121 4865 2244 4904 eru-

681 4914 827 4969 ditus
866 4912 1053 4970 Graeca
1105 4915 1431 4983 eloquentia.
1468 4912 1688 4971 minime
1729 4912 1859 4971 usus
1906 4917 2119 4973 fuisset.
2176 4918 2243 4974 Et

681 4984 879 5058 fat-tur
899 4984 1252 5042 Combetisius
1278 4987 1377 5040 hac
1398 4987 1453 5058 in
1485 4984 1630 5049 Vita.
1660 4986 1890 5058 subinde
1908 4985 2067 5043 verba
2095 4988 2241 5058 ejus.

682 5054 823 5108 modi
867 5069 1183 5121 occurrere;
1216 5057 1481 5125 quomodo
1519 5068 1696 5110 autem
1742 5056 1856 5109 hzec
1889 5059 2067 5126 operis
2092 5054 2242 5114 novi-

684 5132 849 5176 tatem
876 5139 982 5178 non
1003 5136 1251 5192 arguant,
1279 5136 1338 5180 ut
1370 5126 1508 5179 idem
1548 5128 1644 5187 ait,
1680 5127 1792 5191 ipse
1817 5127 2030 5181 viderit.

754 5193 865 5263 (60)
892 5195 1080 5250 Simile
1112 5194 1313 5249 factum
1346 5197 1584 5249 mulieris
1619 5196 1890 5249 invenitur
1921 5197 1975 5249 in
2019 5196 2138 5250 Vita
2180 5197 2238 5252 S.

680 5258 907 5336 Joannis
959 5263 1379 5336 Eleemosynarii
1416 5265 1487 5320 25
1524 5265 1761 5320 Januarii
1820 5280 1941 5336 cap.
1978 5265 2067 5333 15,
2100 5270 2241 5336 quod

680 5282 907 5317 wanms
959 5282 1379 5335 meemosynarn
1416 5282 1487 5320 ιο
1524 5282 1761 5320 Januarn
1820 5282 1941 5387 cap.
1978 5282 2067 5333 ιε),
2100 5282 2241 5336 quoa

680 5333 865 5406 for-sim
888 5334 1174 5406 occasione
1200 5336 1426 5402 praebuit
1467 5336 1883 5406 pseudo-Amphi
1909 5337 2091 5400 ochio,
2142 5338 2242 5392 hoc

681 5403 748 5456 de
779 5400 976 5458 Basilio
1004 5400 1321 5475 miraculum
1355 5400 1815 5475 com'miniseendil
1848 5404 2115 5475 Quidquid
2150 5407 2238 5473 sit,

682 5484 829 5529 recte
862 5482 1042 5531 monet
1072 5474 1449 5538 Combeilsius,
1482 5474 1678 5528 factum
1716 5475 1853 5528 istud
1882 5474 2242 5531 non’traben-

680 5542 895 5625 riumnin
918 5544 1241 5625 exemplum,
1277 5548 1415 5612 quod
1441 5546 1485 5596 si
1516 5546 1689 5625 solum
1714 5546 1766 5597 in
1806 5544 1907 5597 hac
1936 5549 2239 5625 apocrypha

678 5608 859 5683 Basilii
922 5610 1037 5667 Vita
1078 5608 1396 5683 haberetur,
1456 5619 1647 5683 merito
1678 5608 2045 5683 computarém
2099 5608 2241 5671 inter

680 5682 1041 5754 piasfabulas.
1074 5681 1180 5738 Sed
1225 5685 1364 5754 quod
1392 5700 1421 5739 a
1457 5682 1678 5739 Leontio
1715 5681 1976 5753 scriptum
2006 5685 2239 5739 refertur

684 5752 735 5803 in
774 5753 886 5807 Vf:a
930 5752 983 5805 S.
1017 5752 1704 5824 Juannisiﬁleeumsyuarii,
1734 5752 1908 5822 pro’ea
1942 5770 2100 5825 quam
2124 5772 2235 5809 me-

2346 4597 2570 4664 adeptus
2597 4607 2662 4645 ex
2696 4589 2935 4659 pulsibus
2976 4584 3165 4654 iudicii
3210 4584 3623 4647 certitudinem;
3658 4595 3715 4635 ut
3761 4583 3903 4638 nullo

2343 4804 2491 4847 retur
2530 4790 2709 4853 (idem,
2764 4796 2941 4857 potest
3004 4785 3237 4853 benigne
3282 4781 3572 4857 explicari;
3606 4780 3650 4834 si
3683 4779 3903 4857 dicatur

2343 4870 2583 4919 sanctus.
2645 4850 2945 4919 nullierem,
3000 4850 3278 4929 peccatum
3303 4850 3545 4907 confiteri
3582 4850 3901 4929 erubescen-

2347 4945 2474 5002 lein,
2518 4929 2793 5002 induxisse
2822 4935 2879 4980 ut
2908 4920 3109 5002 scripto
3132 4924 3273 4978 istud
3294 4930 3588 5002 exponeret
3610 4920 3899 5002 in'cbarta.

2344 4991 2517 5071 sigillo
2573 5001 2878 5071 obsignata,
2922 4991 3161 5071 adeoque
3212 5008 3239 5045 a
3285 4991 3499 5071 nemine
3549 4991 3797 5071 legenda,
3840 5007 3900 5045 eo

2342 5060 2585 5137 covnsilio,
2624 5078 2680 5121 nt
2698 5060 2902 5123 deinde
2928 5060 3285 5137 persuaderet.
3304 5060 3900 5137 facilius,_permitter_et

2343 5131 2583 5195 chartam
2602 5156 2628 5189 ιι
2665 5156 2724 5192 se
2762 5137 2877 5191 solo
2899 5131 3161 5203 aperirict
3189 5131 3311 5199 legi,
3354 5141 3521 5203 atque
3548 5132 3617 5184 ita
3645 5144 3769 5185 cum
3799 5133 3898 5183 mi-

2346 5210 2460 5263 nori
2499 5209 2873 5263 eruhescentia
2908 5201 3183 5274 peccatum
3210 5216 3363 5255 suum
3389 5201 3774 5274 confiteretur;
3806 5202 3897 5252 sed

2343 5296 2463 5333 cum
2510 5290 2729 5333 sanctus
2764 5278 2868 5329 vita
2890 5267 3229 5336 excessisset,
3257 5280 3538 5339 antequam
3561 5271 3612 5323 id
3635 5267 3897 5336 perlicere

2342 5358 2544 5417 posset,
2587 5360 2707 5419 post
2745 5357 2965 5419 mortem
3000 5342 3345 5419 apparuerit;
3374 5350 3429 5394 et
3458 5350 3711 5419 tanquam
3738 5339 3896 5419 mini-

2342 5407 2453 5472 ster
2495 5407 2816 5473 sacramenti
2854 5407 3311 5470 extraordinarius
3344 5407 3691 5465 conﬁtentem
3720 5407 3895 5463 absol-

2342 5489 2513 5551 verit;
2556 5498 2717 5555 atque
2758 5488 2808 5538 in
2843 5486 3048 5553 signum
3088 5497 3208 5534 vere
3241 5480 3449 5535 remissi
3467 5478 3701 5548 peccati,
3726 5494 3791 5535 eo
3813 5481 3896 5533 de-

2343 5560 2447 5612 leto
2481 5561 2719 5612 chartam
2748 5556 3060 5608 restituerit.
3656 5582 3659 5583 ν

2415 5628 2525 5697 (6i)
2560 5629 2616 5682 S.
2650 5627 2877 5692 Ephrem
2911 5636 3032 5697 ante
3177 5619 3427 5673 Basilinm
3455 5626 3724 5674 mortuum
3752 5632 3891 5693 esse.

2343 5692 2760 5767 Supra-diximus
2801 5710 2861 5749 cs.
2902 5692 3105 5747 meliori
3138 5701 3376 5746 auctore.
