4066 6314
699 356 787 411 ΔΙ)
824 356 1273 416 ACOLUTHIAM
1306 358 1554 415 OFFiCIl
1596 360 1710 416 GR;

1815 360 1826 413 l
1868 356 2327 415 DISSERTATIO
2366 355 2831 412 ONOMASTICA.

3170 367 3375 407 CCCX“!

178 465 349 533 sciam,
378 483 548 539 usque
581 471 754 526 adhuc
785 486 883 541 pro
929 474 1191 544 dignitate
1234 474 1584 544 explicatam,
1620 490 1710 543 po-

1815 474 1975 529 verha
2007 474 2172 528 solius
2205 470 2389 543 Typici
2425 490 2438 524 :
2492 469 2756 540 Ἐσπέρας
2785 462 2878 520 οὗν
2913 468 2972 520 ἐν
3000 468 3064 537 τῇ
3104 464 3378 535 ἀγρυπνίᾳ

185 578 298 615 nere
349 560 419 616 ob
465 562 690 628 oculos,
732 573 788 619 et
847 567 998 636 quasi
1042 577 1300 637 perpetuo
1331 570 1717 624 commentario

181 652 455 708 illustrare.

240 742 288 795 2.
320 742 386 797 Et
410 758 541 799 vero
570 746 617 799 si
670 746 755 800 bic
786 761 919 817 epus
966 758 1049 803 est
1097 749 1436 819 sppositione
1465 748 1712 819 exempli,

179 834 299 887 sicut
347 850 535 892 revera
577 852 711 907 opus
764 848 867 902 est,
920 855 1026 895 non
1069 841 1257 896 videor
1304 842 1436 896 mihi
1484 842 1717 907 deligere

177 939 320 994 posse
347 926 513 981 ullum
537 933 734 999 aptius,
774 946 933 999 quam
972 930 1203 987 oﬂlcium
1232 932 1363 989 illud
1390 973 1404 997 ,
1429 934 1569 1002 quod
1615 947 1713 1002 po-

176 1020 381 1075 niturin
425 1024 654 1079 solemni
695 1026 1206 1082 commemoratione
1246 1028 1407 1081 trium
1432 1025 1713 1079 doctorum

177 1109 469 1167 Graecorum
504 1156 519 1180 ,
558 1115 780 1180 Basilii,
816 1115 1146 1172 Nazianzeni
1187 1128 1241 1173 et
1296 1116 1712 1189 Chrysostomi:

178 1211 275 1255 tum
323 1205 443 1273 quia
474 1221 504 1258 a
532 1206 801 1274 precipuo
837 1207 993 1276 hujus
1029 1210 1155 1266 tomi
1184 1218 1521 1278 argumento,
1564 1208 1670 1260 vita
1695 1248 1711 1274 ,

178 1292 398 1361 inquam.
432 1296 608 1367 “agni
644 1296 826 1353 Basilii
854 1301 1088 1356 alienum
1123 1316 1226 1357 non
1253 1310 1373 1367 est;
1408 1309 1519 1354 tum
1556 1299 1709 1369 quia,

178 1382 242 1435 uti
274 1381 471 1440 Hence
504 1396 790 1455 testantur,
828 1400 1045 1459 superat
1078 1391 1341 1461 quidquid
1372 1392 1425 1445 in
1473 1390 1565 1446 illo
1614 1404 1711 1460 ge-

179 1488 293 1529 nere
324 1479 525 1531 editum
576 1489 668 1536 est
700 1482 961 1539 hactenus
986 1526 1001 1552 ,
1036 1494 1091 1539 et
1126 1486 1177 1540 in
1202 1496 1475 1555 posterum
1502 1485 1709 1539 edetur.

176 1562 273 1619 Hoc
299 1578 401 1621 tam
432 1580 701 1638 przestans
734 1576 990 1630 horarum
1036 1576 1421 1631 canonicarum
1480 1573 1713 1631 ofﬁcium

177 1668 431 1727 acceptum
471 1664 674 1721 referre
702 1669 961 1723 debemus
988 1669 1180 1724 Joanni
1208 1668 1590 1725 Euchaitornm
1615 1681 1712 1720 an-

177 1748 348 1814 tistiti,
412 1756 509 1823 qui
561 1772 669 1827 quo
713 1760 885 1828 major
944 1771 1091 1817 esset
1136 1760 1313 1830 populi
1362 1775 1491 1828 erga
1561 1756 1714 1810 insti-

1814 565 2088 637 ψάλλομεν
2107 562 2419 619 ἀκολουθίαν
2438 562 2528 615 τὸν
2546 563 2827 630 γεγονυῖαν
2848 557 2996 631 παρὰ
3014 556 3107 609 τοῦ
3126 558 3183 610 ὲν
3202 556 3379 624 ἁγίοις

1815 656 2030 727 Πατρδς
2047 654 2200 727 ἡμῶν
2228 653 2475 708 Ἰωάννου
2499 650 2891 723 μητροπολίτου
2911 649 3210 718 Εὑχαίτων.
3239 644 3373 699 «νυ.

1814 760 1971 813 spere
2003 746 2057 799 in
2109 743 2391 815 pervigilio
2436 744 2683 797 canimus
2729 740 3033 795 acolutbian
3065 748 3374 792 sanctorum

1814 838 2018 909 (Basilii
2055 836 2252 907 Magni,
2278 836 2519 907 Gregorii
2552 834 2832 905 Tbeologi,
2863 843 2917 888 et
2946 831 3168 887 Joannis
3196 828 3373 899 Chry-

1814 928 2057 1003 sostomi)
2088 931 2440 998 compositam
2478 946 2505 982 a
2535 936 2719 983 sancto
2759 926 2918 981 Patre
2956 936 3138 980 nostro
3167 920 3374 977 Joanne

1815 1023 2151 1094 metrupolita
2182 1021 2592 1077 Euchailorum.
2635 1038 2652 1072 ι

1881 1207 1931 1259 '5.
1961 1205 2058 1259 Ubi
2077 1205 2249 1259 obiter
2270 1213 2321 1257 et
2339 1202 2487 1272 quasi
2504 1217 2597 1271 per
2620 1209 2960 1256 transennam
2976 1197 3263 1251 observare
3284 1208 3379 1263 po.

1814 1306 1916 1351 test
1944 1297 2187 1351 eruditus
2209 1296 2396 1361 lector,
2426 1293 2658 1349 ofﬁcium
2684 1294 2925 1347 divinum
2956 1305 2985 1344 a
3013 1288 3215 1345 Graecis
3247 1288 3376 1341 ἁκο·

1810 1387 2025 1442 λουθίαν
2074 1387 2375 1458 appellari:
2426 1402 2531 1439 non
2576 1384 2735 1439 aliam
2775 1384 3007 1438 fortasse
3041 1383 3112 1438 ob
3136 1395 3374 1446 cattsam,

1811 1496 1970 1550 quam
1986 1481 2125 1550 quod
2147 1494 2334 1534 omnes
2355 1479 2472 1548 ejus
2504 1485 2683 1545 partes
2706 1475 2979 1546 aptissime
3008 1473 3380 1527 cohaerescant

1814 1573 1951 1625 inter
1977 1587 2056 1637 se,
2094 1581 2149 1626 et
2176 1571 2295 1624 alia:
2326 1570 2460 1623 alias
2504 1575 2938 1637 consequantur:
2987 1565 3181 1633 quippe
3236 1562 3383 1631 quod

1818 1682 1835 1713 ι
1858 1664 2113 1729 consequi
2167 1681 2186 1713 ι
2216 1671 2298 1715 est
2320 1662 2459 1730 apud
2493 1660 2731 1724 Latinos,
2758 1659 2859 1713 hoc
2898 1667 2982 1713 cst
3005 1655 3140 1721 apud
3165 1652 3381 1708 Graecos

1812 1748 2148 1821 ἀκολουθεῖν.
2186 1749 2254 1804 Ut
2292 1759 2470 1802 autem
2506 1762 2593 1802 res
2635 1757 2743 1801 tota
2789 1746 2986 1801 clarius
3026 1741 3377 1813 intelligatur,

178 1846 325 1893 tutam
374 1858 402 1897 a
458 1861 518 1902 se
560 1849 723 1903 trium
763 1851 972 1905 illorum
1014 1853 1289 1905 doctorum
1344 1848 1711 1903 celebritatem
1746 1859 1785 1914 Β
1816 1841 1991 1910 placet
2017 1842 2261 1905 quaedam
2290 1839 2506 1894 nomina
2551 1852 2616 1892 eo
2650 1836 2968 1905 spectantia,
3009 1844 3065 1888 et
3094 1833 3290 1903 passim
3325 1832 3379 1885 in

176 1929 343 1997 τοίίείο
379 1974 394 1997 ς
463 1936 568 1993 hoc
638 1938 866 1994 oﬂicium
938 1957 1036 2009 pro
1098 1956 1191 1994 sua
1250 1939 1513 1994 industria
1580 1952 1709 1991 con-

177 2019 430 2090 cinnavit,
492 2030 789 2097 quotannis
836 2032 888 2085 in
952 2029 1138 2085 Graeca
1204 2029 1440 2085 Ecclesia
1496 2029 1583 2082 die
1639 2028 1708 2082 50

1813 1946 2135 2002 quocunque
2162 1932 2228 1987 de
2255 1930 2615 2002 peculiaribus
2636 1926 2836 1982 sanctis
2881 1924 3055 1980 olllcio
3096 1937 3383 1979 recurren-

1815 2025 1908 2090 tia,
1958 2034 2082 2077 ante
2133 2022 2425 2092 explicare.
2467 2021 2595 2076 Mihi
2645 2021 2785 2075 enim
2831 2017 3165 2073 verissimum
3210 2014 3381 2068 videri

176 2106 392 2167 Januarii
456 2120 791 2173 recitandum
828 2138 842 2173 :
878 2120 1019 2189 quod
1079 2136 1305 2176 cernere
1357 2131 1441 2176 est
1485 2128 1591 2175 tam
1645 2134 1709 2174 ex
1808 2116 1945 2170 solet
1967 2115 2119 2182 illud,
2151 2113 2294 2185 quod
2323 2113 2459 2169 scite
2490 2113 2710 2167 omnino
2749 2110 3122 2177 sapienterque
3155 2106 3206 2160 in
3242 2103 3380 2160 Gra-

178 2198 355 2271 Typico
409 2204 466 2261 S.
514 2207 673 2262 Saba:
702 2250 717 2274 ,
763 2225 924 2278 quam
967 2226 1033 2267 ex
1090 2210 1329 2267 Heuwis.
1389 2210 1710 2266 Heraeorum
1812 2206 1920 2277 tylo
1950 2206 2318 2279 pronuntiavit
2343 2203 2535 2259 Plato:
2567 2205 2655 2273 qui
2688 2217 2862 2257 rerum
2901 2201 3118 2255 nomina
3150 2198 3384 2269 penitius

176 2293 316 2344 verba
337 2292 578 2348 invenies
604 2294 657 2348 in
688 2300 888 2353 nostris
924 2299 983 2354 S.
1016 2297 1711 2368 BasiliiAc,tis,capitejam
1812 2298 2125 2365 perviderit,
2157 2297 2406 2352 eumdem
2427 2305 2483 2353 et
2514 2312 2599 2351 res
2631 2295 2814 2351 itidem
2842 2294 2986 2365 ipsas
3019 2292 3255 2348 funditus
3287 2306 3384 2347 ex-

176 2398 311 2453 supra
345 2384 511 2441 dicto.
530 2385 891 2455 Quamobrem
922 2394 1057 2450 satis
1085 2395 1298 2449 habebo
1336 2394 1437 2448 huc
1469 2391 1713 2462 proferre
1810 2389 2047 2457 ploratas
2077 2398 2495 2460 compertasque
2521 2388 2853 2446 habiturum.

1077 2705 1399 2795 DISSE
1422 2704 1860 2795 RTATlO
1937 2707 2450 2794 ΡΒλΕνΙΑ.

588 2904 674 2963 De
705 2898 1090 2963 auibusdam
1134 2896 1485 2974 generatim
1534 2896 1609 2956 ad
1654 2896 2042 2958 acolutbiam
2076 2897 2436 2959 ercorum
2478 2896 2929 2975 spectantibus.

180 3236 261 3310 ει.
299 3237 432 3312 Quid
490 3238 563 3291 sit
595 3237 776 3312 critus
813 3236 917 3291 sire
946 3247 1109 3312 tonus
1152 3246 1201 3289 et
1246 3236 1561 3312 quempiam;
1594 3237 1718 3305 quid
1747 3241 1788 3297 C
1826 3238 1911 3290 nis
1963 3237 2050 3290 διὰ
2104 3241 2417 3312 τεσσάρων,
2459 3242 2543 3298 vel
2609 3244 2652 3297 si
2708 3241 2879 3297 mavis
2910 3253 3017 3295 una
3059 3247 3253 3310 quarta
3282 3241 3382 3297 sub

215 3310 512 3381 treparium,
539 3310 826 3362 sticlierum
848 3320 897 3363 et
928 3310 1136 3363 sticbus
1160 3323 1175 3372 ;
1198 3309 1321 3377 quid
1342 3306 1673 3361 idiomelum.

234 3426 281 3479 ι.
309 3424 761 3492 Quemadmodum
812 3423 865 3477 in
915 3422 1151 3479 Ecclesia
1199 3422 1412 3491 Latina,
1451 3423 1529 3479 sic
1551 3433 1604 3477 et
1660 3424 1712 3477 in

178 3513 358 3580 Cia-ca,
396 3513 632 3569 ollicium
667 3512 908 3565 divinum
939 3514 1240 3566 concinitur
1265 3512 1553 3568 modulate.
1588 3514 1714 3567 Per-

179 3621 335 3671 peram
377 3616 556 3659 tamen
601 3602 927 3659 existimavit
967 3600 1231 3657 Meursius
1267 3599 1420 3674 ἦχος,
1464 3620 1581 3669 quae
1611 3621 1709 3659 vox

179 3698 221 3749 in
278 3697 466 3751 rituum
518 3694 827 3753 Graecorum
867 3693 1142 3748 codicibus
1179 3695 1403 3749 recurrit
1459 3692 1714 3765 frequen-

180 3790 374 3852 tissime,
408 3788 717 3858 signiﬁcare
748 3805 767 3839 s
805 3788 1096 3843 canticum.
1141 3806 1158 3839 ι
1203 3787 1417 3843 Meursii
1476 3797 1711 3841 erratum

177 3882 424 3935 cnnfutaut
451 3880 686 3935 Jacobns
730 3880 937 3935 Goarus
982 3890 1034 3933 ct
1084 3879 1195 3934 Leo
1241 3880 1504 3935 Allatius:
1544 3880 1630 3934 hic
1659 3882 1710 3934 in

178 3971 587 4027 dissertatione!
643 3970 719 4023 De
763 3971 908 4023 libris
962 3972 1326 4026 ecclesiasticis
1385 3971 1711 4038 ercornm,

181 4079 279 4134 pag.
318 4064 401 4127 66,
425 4062 516 4118 ille
553 4064 607 4117 in
631 4060 977 4131 Euchologio,
1013 4077 1134 4131 pag.
1169 4064 1295 4127 206,
1326 4065 1413 4117 ubi
1438 4066 1515 4119 sic
1539 4064 1711 4132 loqui-

182 4166 293 4209 tur:
334 4174 352 4209 ι
378 4155 600 4225 Proprie
633 4150 785 4227 ἦχος,
824 4155 875 4209 in
912 4164 1070 4209 cantu
1114 4153 1299 4209 Graeco
1324 4157 1707 4217 ecclesiastiro,

180 4246 296 4300 idem
332 4258 409 4304 est
448 4249 591 4318 quod
627 4266 645 4299 s
676 4256 833 4303 tonus
867 4264 887 4299 ι
936 4245 988 4301 in
1027 4244 1237 4301 Latino.
1286 4244 1495 4299 Habent
1529 4256 1708 4300 autem

179 4336 322 4391 (ἔτειευὶ
341 4357 465 4395 suos
482 4351 611 4395 octo
631 4351 802 4399 tonos.
823 4354 850 4392 a
869 4339 1060 4407 quibus
1077 4338 1287 4393 libellus
1311 4337 1635 4408 Ὀκτώηχος,
1659 4341 1708 4393 id

178 4438 259 4492 esl,
291 4447 309 4481 s
336 4434 616 4486 continens
646 4442 767 4487 octo
796 4443 972 4495 tonos,
1000 4449 1017 4482 s
1052 4433 1264 4486 dicitur.
1318 4431 1553 4499 Quatuor
1600 4435 1707 4488 toni

180 4521 357 4588 priores
398 4524 698 4591 simplicem
752 4523 1161 4593 appellationem
1213 4535 1342 4579 sunt
1375 4524 1547 4580 nacti:
1578 4519 1708 4595 ἦχος

1819 3327 2098 3397 principali
2130 3329 2480 3386 descendunt.
2525 3352 2544 3384 ι

1889 3420 1945 3474 5.
1977 3421 2161 3491 Neque
2208 3423 2459 3478 dissentit
2491 3423 2720 3478 Allatius
2759 3423 2889 3491 :qni
2940 3438 3062 3478 cum
3097 3424 3148 3478 in
3187 3425 3383 3494 prmdi—

1820 3526 1905 3566 cta
1945 3515 2351 3580 dissertatione,
2386 3510 2509 3588 pag.
2567 3518 2656 3581 5.5,
2694 3518 2941 3572 eamdem
2970 3528 3217 3570 tonorum
3252 3533 3379 3583 par-

1822 3607 2091 3673 titionem,
2126 3608 2343 3663 brevius
2369 3611 2586 3678 quidem
2609 3651 2625 3674 ,
2659 3611 2751 3665 sed
2783 3611 2959 3664 minus
3007 3610 3263 3665 distincte
3288 3624 3382 3664 ex-

1822 3699 2129 3767 posuisset;
2185 3700 2251 3754 de
2294 3714 2481 3755 eorum
2532 3702 2669 3755 libro
2728 3701 2843 3755 sive
2894 3702 3145 3755 octmcbo
3196 3701 3382 3756 dicere

1818 3791 2125 3860 aggreditur
2154 3801 2245 3846 :et
2274 3809 2293 3843 ι
2328 3792 2577 3845 Canones
2602 3806 2790 3845 omnes
2809 3832 2823 3856 ,
2852 3792 3047 3858 inquit,
3110 3790 3225 3845 sive
3276 3801 3382 3845 tro-

1820 3884 1989 3952 paria,
2022 3894 2075 3938 et
2105 3899 2439 3953 quaecunque
2492 3884 2610 3938 alia:
2662 3883 2945 3938 cantiones
2994 3884 3048 3937 in
3098 3883 3201 3937 hoc
3233 3882 3373 3938 libro

1818 3983 2111 4043 contentae,
2149 3976 2222 4030 ita
2253 3976 2524 4044 disposita:
2575 3986 2743 4039 sunt,
2769 3984 2829 4029 ut
2861 3990 2981 4043 qua:
3031 3975 3207 4044 primo
3250 3984 3381 4030 tono

1816 4065 2201 4131 concinuntur,
2231 4067 2410 4121 omnia
2447 4066 2611 4120 simul
2657 4066 2889 4133 primmn
2923 4066 3024 4119 sibi
3055 4065 3232 4119 locum
3284 4080 3347 4118 oc.

1818 4166 2045 4227 cupent;
2078 4172 2197 4225 qua:
2225 4162 2485 4221 secundo,
2518 4157 2847 4221 secundum;
2886 4171 3005 4225 quae
3041 4155 3227 4223 tertio,
3261 4165 3372 4210 ter-

1819 4250 1952 4303 tium
1987 4265 2001 4302 :
2032 4256 2088 4300 et
2113 4247 2192 4302 sic
2222 4248 2288 4300 de
2314 4247 2563 4317 singulis,
2590 4245 2763 4302 donec
2791 4247 2856 4301 ad
2879 4246 3158 4317 obliquum
3187 4246 3372 4317 quarti

1816 4338 2191 4409 perveniatur,
2220 4340 2310 4407 qui
2347 4342 2490 4395 inter
2516 4350 2671 4394 tonos
2697 4339 2947 4403 ultimus,
2971 4340 3220 4394 ultimum
3252 4354 3379 4408 quo-

1816 4444 1921 4497 que
1959 4428 2060 4483 sibi
2115 4428 2290 4484 locum
2326 4431 2595 4493 vindicat,
2626 4441 2678 4485 et
2708 4433 2989 4485 cautiones
3030 4447 3095 4485 eo
3134 4431 3380 4485 modula-

1819 4531 1884 4575 ta:
1923 4534 1986 4573 ac
2030 4533 2484 4575 commensnrata:
2517 4561 2532 4584 ,
2568 4521 2760 4575 ultimo
2787 4538 3006 4593 quoque
3062 4524 3183 4578 loco
3217 4540 3377 4593 repo-

179 4619 237 4674 u'.
270 4589 516 4683 primus;_
545 4609 681 4684 ἦχος
735 4589 800 4682 βά
824 4589 1133 4679 secundus;
1183 4608 1313 4684 ἦχος
1362 4613 1429 4683 γ’.
1485 4589 1706 4679 tertius;
1743 4589 1787 4645 θ
1818 4623 2037 4668 ttunlttr.
2061 4613 2314 4669 Coutinet
2344 4624 2523 4668 autem
2553 4626 2759 4670 tantum
2783 4589 3019 4684 treparia
3045 4627 3099 4670 et
3115 4589 3374 4678 canones,

178 4699 286 4774 ἦχος
303 4706 363 4771 δ’,
390 4717 637 4776 quartus.
660 4704 899 4772 Quatuor
926 4706 1255 4774 posteriores
1296 4708 1561 4774 disparem
1593 4724 1708 4761 sor-

182 4796 355 4849 tiuntur
401 4795 891 4851 denominationem
931 4812 946 4850 :
997 4798 1219 4864 quintus
1256 4797 1398 4852 enim
1448 4810 1530 4853 est
1577 4794 1707 4869 ἦχος

178 4887 379 4957 πλαγίου
428 4890 671 4961 πράηου,
729 4890 1084 4958 scribiturque
1128 4886 1261 4961 ἦχος
1294 4890 1384 4946 πλ.
1432 4898 1501 4957 α’,
1555 4904 1709 4947 tonus

178 4977 394 5049 obliquus
442 4980 688 5046 primus:
742 4991 926 5034 sextus
981 4988 1064 5034 est
1091 4974 1222 5050 ἦχος
1256 4981 1345 5036 πλ.
1388 4978 1453 5049 β’,
1500 4982 1600 5036 hoc
1625 4992 1709 5036 est

178 5068 378 5139 πλαγίου
406 5072 686 5141 δευτέρου.
720 5084 875 5126 tonus
900 5072 1150 5141 obliquus
1168 5074 1459 5126 secundus.
1499 5072 1712 5127 Tertius

178 5160 344 5217 dicitur
362 5159 491 5234 ἦχος
519 5162 714 5236 βαρύς.
755 5175 914 5219 tonus
934 5166 1139 5233 gravis,
1172 5174 1388 5233 propter
1427 5180 1627 5220 moram
1656 5175 1707 5219 et

176 5254 300 5308 vocis
337 5258 654 5324 gravitatem
701 5255 837 5310 inter
867 5255 1013 5311 illum
1043 5258 1361 5320 canendum,
1403 5272 1705 5326 quanquam

178 5344 355 5399 .licatur
397 5350 562 5403 etiam
636 5341 766 5417 ἦχος
836 5347 928 5401 πλο
984 5353 1051 5414 γ’.
1134 5348 1364 5403 [luimus
1426 5359 1510 5403 εει
1574 5344 1706 5420 ἦχος

180 5434 253 5488 πλ.
278 5434 335 5500 δ’,
362 5445 516 5494 tonus
550 5437 806 5508 obliquus
833 5437 888 5490 4.
926 5456 943 5488 ι
979 5437 1176 5490 Eadem
1214 5448 1535 5507 repetuntur
1565 5454 1691 5507 pag.

181 5525 266 5582 £33
282 5537 330 5583 et
364 5531 580 5585 additur
619 5548 633 5582 :
677 5548 695 5582 ι
738 5526 874 5583 Tuni
923 5529 1081 5599 primi
1116 5538 1353 5597 quatuor
1385 5539 1644 5584 vocantur
1678 5545 1704 5581 a

184 5622 387 5678 musices
417 5624 708 5681 studiosis.
754 5622 1076 5691 principales
1103 5632 1157 5677 et
1186 5623 1341 5677 recti.
1370 5623 1496 5686 Alii,
1531 5625 1707 5676 minus

183 5715 402 5783 praecipui
430 5757 444 5779 ,
481 5717 726 5784 obliqui,
766 5715 1031 5779 ministri;
1066 5731 1363 5785 eormnque
1423 5734 1450 5770 a
1510 5717 1700 5783 primis

185 5798 225 5852 in
250 5817 305 5857 eo
328 5817 430 5865 stat
454 5808 773 5869 discrimen.
795 5805 934 5869 quod
964 5807 1179 5862 vocibus
1203 5818 1457 5870 quatuor,
1494 5822 1585 5863 seu
1611 5823 1699 5862 so-

1814 4706 1904 4773 qui
1933 4720 1961 4758 a
1980 4706 2171 4774 primis
2196 4707 2439 4775 vesperi!
2464 4706 2754 4763 Dominiete
2776 4709 2841 4761 ad
2878 4710 3034 4762 linem
3058 4722 3225 4775 usque
3247 4708 3377 4761 mis-

1815 4813 1888 4852 βω
1912 4807 2205 4861 canuntur,
2238 4807 2294 4851 et
2318 4807 2443 4853 octo
2498 4798 2793 4853 Dominicis
2840 4812 2937 4865 pro
2968 4808 3220 4850 tonorum
3270 4812 3373 4851 nu-

1824 4904 1973 4943 mero
2025 4888 2229 4944 linitur.
2272 4889 2477 4959 Singuli
2536 4891 2645 4945 toni
2683 4905 2793 4943 tres
2846 4888 3048 4944 habent
3107 4903 3367 4944 canones.

1814 4979 2075 5043 Primum,
2105 4981 2494 5052 ἀναστάσιμον,
2537 4982 2628 5049 qui
2666 4984 2715 5034 in
2752 4980 3164 5035 resurrectionis
3197 4978 3373 5031 Domi-

1819 5072 1952 5125 nica!
1978 5088 1993 5135 ;
2026 5074 2345 5135 secundum,
2372 5072 2958 5144 σταυροαναστάσιμον,
2983 5071 3075 5139 qui
3101 5071 3151 5121 in
3180 5067 3374 5125 Crucis

1817 5173 1870 5216 et
1926 5160 2401 5223 Resurreclionis;
2433 5164 2670 5226 tertium,
2704 5163 2794 5230 qui
2828 5164 2879 5214 in
2914 5161 3091 5213 Mariae
3124 5155 3367 5227 Virginis

1815 5251 2059 5307 laudibus
2110 5252 2465 5314 celebrandis,
2518 5261 2819 5304 versantur.
2861 5248 2926 5301 Et
2971 5250 3082 5301 haec
3109 5248 3162 5300 in
3204 5258 3373 5301 octte-

1814 5343 1931 5398 chis
1961 5342 2194 5413 antiquis
2227 5343 2589 5399 habebantur.
2644 5342 2700 5396 In
2777 5341 3169 5396 recentioribus
3214 5340 3373 5393 modo

1814 5435 2031 5489 additur
2062 5449 2161 5505 pro
2204 5435 2429 5503 singulis
2464 5434 2603 5489 tonis
2650 5450 2822 5489 canon
2850 5474 2866 5495 ,
2914 5432 3003 5502 qui
3050 5434 3104 5486 in
3142 5446 3371 5501 μεσονυ-

1810 5526 1961 5578 κτίου
1991 5525 2069 5579 vel
2096 5524 2507 5594 μεσονυκτικοῦ,
2531 5527 2719 5580 media:
2744 5525 2953 5582 scilicet
2976 5524 3149 5579 noctis
3173 5522 3367 5583 cilicio,

1812 5620 1933 5673 cani
1966 5619 2176 5681 suevit;
2211 5619 2428 5687 etquod
2466 5620 2528 5673 de
2560 5620 2825 5674 Trinitate
2866 5625 3185 5689 pertractct,
3234 5619 3364 5669 tria.

1816 5714 1968 5767 tlicns
1996 5712 2213 5765 dicitur.
2254 5733 2271 5763 ι

1880 5808 1930 5859 6.
1964 5805 2109 5861 Libri
2148 5806 2232 5861 isti
2266 5803 2468 5862 Graecis
2499 5802 2885 5861 ecclesiasticis
2907 5803 3060 5859 valde
3093 5799 3363 5859 commodi
