4066 6314
640 345 869 390 εεοιιδιιι

2020 334 2546 398 PROLEGOMENA.

643 460 793 515 sum,
845 452 953 505 imo
992 464 1130 518 pene
1176 450 1507 515 necessarii;
1541 465 1692 515 nam,
1726 459 1785 505 ut
1811 458 2043 506 testatur
2074 453 2218 509 Goa-
2245 466 2292 521 Α
2322 458 2533 514 caeteris
2561 458 2796 513 discreto
2829 470 2964 512 sono
2987 458 3268 512 accinitur.
3303 459 3380 512 Ad
3402 459 3671 527 obiectum
3696 464 3866 520 locum

648 558 739 596 rus
769 555 893 612 pag.
919 541 1024 596 ιδι
1052 582 1068 604 ,
1122 560 1139 592 ι
1170 541 1340 596 libros
1374 542 1506 597 totis
1541 540 1768 597 musicis
1794 552 2048 598 exaratos
2076 545 2216 598 inter

647 635 972 689 mutandum
995 634 1279 690 rarissime
1310 634 1682 703 conspiciunt,
1713 635 1797 690 vel
1825 637 1987 690 etiam
2020 636 2217 691 habent

644 727 817 783 Graeci
861 743 876 781 :
916 741 1340 796 communesque
1388 728 1532 793 ideo,
1591 737 1648 781 et
1699 728 1883 783 verbis
1938 738 1991 783 et
2028 740 2213 793 cantu,

646 822 921 875 memoriae
981 820 1249 875 tenaciter
1308 819 1538 890 inﬁgunt
1587 818 1817 889 hymnos
1846 859 1860 882 ,
1894 818 1959 872 ad
1986 834 2213 888 quorum

649 928 895 967 normam
934 913 1070 968 alios
1103 913 1216 983 pari
1265 913 1600 984 syllabarum
1636 928 1863 966 nurnero
1906 922 2216 967 constantes

644 1005 917 1061 cantando
945 1003 1267 1071 inﬂectunt;
1298 1005 1527 1074 ideoque
1550 1019 1735 1059 eorum
1771 1004 2063 1073 primordia
2090 1018 2218 1058 can-

646 1094 770 1148 ticis
799 1092 920 1149 aliis
964 1094 1294 1157 inscribunt,
1326 1102 1383 1145 ut
1440 1092 1506 1145 ad
1555 1109 1743 1147 eorum
1782 1092 2020 1162 regulam
2051 1134 2064 1157 ,
2134 1109 2217 1146 se-

649 1198 878 1253 quentes
906 1188 1143 1242 indicent
1189 1201 1310 1241 esse
1359 1186 1750 1239 decantamlos.
1801 1205 1819 1237 ι
1861 1182 2064 1239 Versus
2123 1202 2219 1238 au-

650 1290 777 1340 tem,
804 1280 891 1347 qui
930 1280 983 1333 in
1012 1280 1159 1333 hunc
1191 1280 1347 1333 linem
1390 1278 1587 1347 aequali
1618 1278 1951 1348 syllabarum
1990 1294 2217 1331 numero

647 1373 957 1443 alligantur,
1003 1374 1259 1428 dicuntur
1316 1369 1557 1443 στιχηρὰ
1594 1372 1919 1442 προσόμοια,
1958 1369 2220 1438 Ριιρειιι-οο

648 1465 804 1519 ιἸΙὶιιε
844 1479 1033 1520 versus
1085 1464 1358 1519 similares
1390 1461 1666 1533 appellare
1718 1460 2026 1515 consuevit.
2084 1459 2219 1514 Hinc

648 1555 964 1625 intelligitur
995 1556 1126 1625 quid
1154 1556 1257 1610 sibi
1314 1553 1481 1609 velint
1528 1569 1590 1609 ea
1644 1569 1765 1624 qua
1821 1555 2078 1623 leguntur
2109 1565 2221 1609 sta-

646 1650 744 1701 tim
797 1649 849 1704 in
897 1650 1013 1719 ipsa
1064 1647 1417 1717 inscriptione
1466 1648 1722 1718 promissi
1789 1647 1969 1701 ollicii.
2008 1647 2221 1701 Ψάλλο-

654 1754 753 1805 μεν
830 1736 1061 1809 στιχηρὰ
1127 1738 1449 1809 προσόμοια.
1508 1734 1681 1809 *Ηχος
1742 1738 1805 1792 δ’.
1844 1740 1931 1800 '0;
1976 1741 2219 1807 γενναῖον

2318 550 2463 615 quod
2491 548 2704 608 attinet,
2726 547 2771 599 is
2794 545 2948 601 nobis
2977 560 3308 615 nequaquam
3325 547 3515 605 oﬂicit:
3542 566 3718 621 neque
3734 556 3869 608 enim

2317 637 2608 707 quidquam
2637 638 2779 692 aliud
2812 636 2882 691 ibi
2913 640 3026 691 vuit
3052 638 3305 704 Codinus,
3334 656 3496 709 quam
3532 657 3699 712 super
3732 661 3874 699 men-

2318 745 2433 783 sam
2457 731 2844 800 imperatorisa
2871 730 3188 785 cantoribus
3206 734 3416 786 concini
3443 735 3583 787 idem
3604 736 3731 789 illud
3758 737 3877 791 ἰδιό-

2324 821 2514 891 μελον,
2549 826 2690 890 quod
2715 837 2780 876 eo
2800 822 2885 875 die
2902 824 3113 875 canitur
3143 821 3194 875 in
3219 823 3463 879 ecclesia.
3505 825 3618 881 Huc
3647 830 3872 893 accedit,

2320 916 2462 982 quod
2498 914 2763 984 ιδιόμελον
2796 914 2991 967 ibidem
3020 914 3071 967 in
3098 916 3341 987 margine
3360 921 3645 987 exponitur
3673 924 3871 992 proprii

2320 1014 2514 1057 cantus
2566 1002 2858 1057 canticum.
2888 1003 3061 1072 Atque
3109 1002 3223 1059 haec
3268 1007 3581 1074 marginalis
3614 1013 3875 1079 expositio

2324 1094 2559 1149 recurrit
2612 1096 2789 1148 denuo
2820 1107 2940 1162 cap.
2971 1094 3060 1158 10,
3110 1111 3257 1151 num.
3295 1095 3349 1161 5,
3384 1100 3471 1151 ubi
3504 1112 3688 1155 narrat
3742 1104 3873 1157 idem

2320 1184 2578 1249 Codinus,
2609 1184 2805 1255 quibus
2840 1187 3179 1241 caeremoniis
3227 1188 3362 1243 festo
3410 1188 3719 1244 Palmarum
3757 1213 3775 1245 ι
3825 1196 3872 1248 in

2321 1277 2697 1331 ambulacrum
2724 1274 2905 1330 veniat
2940 1275 3321 1344 latnpadarius,
3349 1280 3647 1348 lampadem
3676 1282 3872 1349 ferens,

2323 1379 2601 1439 totumque
2660 1366 2781 1423 festi
2829 1368 3107 1439 proprium
3155 1371 3422 1425 canticum
3482 1374 3819 1440 decantatis,
3851 1402 3869 1428 ι

2326 1456 2512 1511 Graece
2547 1466 2757 1512 tantum
2784 1468 2869 1511 est
2890 1456 3109 1526 ψάλλων
3130 1456 3248 1510 ὅλον
3273 1458 3332 1511 τὸ
3360 1460 3621 1532 ῐδιὸμελον
3662 1476 3879 1533 prseter-

2325 1551 2488 1602 misso
2523 1550 2713 1614 verbo,
2759 1550 2859 1620 τῆς
2891 1549 3100 1620 ἑορτῆς.
3127 1547 3243 1602 Jam
3276 1564 3401 1604 vero
3433 1554 3559 1623 quid
3592 1565 3699 1623 est,
3733 1572 3879 1610 ama-

2324 1642 2431 1703 ιι),
2505 1658 2523 1691 ι
2591 1643 2791 1710 pr0prii
2853 1653 3045 1697 cantus
3112 1644 3421 1707 canticum,
3477 1665 3494 1697 ι
3556 1649 3658 1703 ιιἰεί
3706 1652 3878 1705 canti-

2324 1749 2447 1785 curn
2479 1733 2739 1802 peculiari
2776 1748 2838 1789 ac
2861 1736 3080 1803 proprio
3110 1735 3414 1788 modulandi
3446 1751 3640 1805 genere
3666 1754 3881 1797 cantan-

649 1831 712 1880 ἐν
757 1829 1052 1900 μάρχυσιν.
1106 1832 1178 1884 At
1238 1844 1369 1885 vero
1424 1844 1529 1885 non
1582 1831 1813 1900 quilibet
1863 1846 2053 1886 versus
2106 1847 2219 1883 στι-

2332 1828 2446 1877 λΙιιιιι
2468 1824 2491 1861 ’

650 1920 798 1993 χηρὰ
831 1923 1169 1989 vocitantur;
1222 1925 1316 1977 sed
1369 1922 1468 1978 soli
1505 1922 1579 1978 illi
1620 1924 1711 1993 qui
1750 1924 1907 1993 paulo
1952 1924 2223 1993 longiores

650 2024 815 2069 sunt.
839 2023 893 2070 et
918 2014 986 2068 ab
1019 2013 1444 2083 Hymnographo
1481 2016 1855 2070 ecclesiastiro
1907 2016 2219 2086 conscripti.

652 2102 789 2155 Nam
828 2116 1021 2156 versus
1050 2102 1328 2157 breviores
1348 2144 1363 2167 ,
1389 2118 1444 2157 et
1473 2118 1503 2157 e
1530 2101 1761 2158 Psalmis
1788 2103 2080 2170 Davidicis,
2141 2105 2223 2158 vel

653 2193 776 2247 aliis
792 2191 1228 2263 Scriptumlocis
1242 2195 1501 2264 excerpti,
1527 2194 1863 2265 appellantur
1876 2194 2067 2267 στίχοι.
2088 2196 2224 2250 Hinc

651 2287 830 2340 oritur
856 2285 1183 2357 στιχολογία,
1210 2302 1329 2355 qua:
1372 2298 1457 2341 est
1495 2288 1699 2341 alterna
1737 2285 2071 2341 Psalmorum
2108 2286 2214 2341 Da-

658 2379 959 2432 vidicorum
1006 2394 1101 2446 per
1133 2394 1323 2433 versus
1358 2379 1623 2433 recitatio.
1661 2378 1777 2433 Non
1810 2388 2221 2447 possumtamen

654 2470 923 2524 assentire
957 2468 1182 2538 Cangio,
1224 2470 1315 2535 qui
1360 2478 1511 2539 putat
1542 2468 1743 2540 στίχος,
1794 2471 2127 2533 versiculum,
2172 2480 2225 2524 et

660 2563 916 2635 στιχηρδν
954 2580 1178 2628 versum,
1232 2563 1425 2619 Latine
1472 2566 1619 2619 reddi
1662 2580 1840 2635 posse.
1887 2564 2019 2619 Cum
2078 2565 2222 2619 enim

658 2660 744 2721 (nt
800 2673 865 2712 ex
921 2657 1034 2727 jam
1085 2658 1247 2713 dictis
1295 2666 1548 2722 constat,
1602 2667 1657 2712 et
1706 2657 2088 2713 animadvertit
2140 2658 2221 2726 ip.

654 2764 713 2803 se
752 2746 1007 2818 Cangius)
1063 2749 1244 2819 στίχος
1294 2750 1585 2820 Scriptum
1634 2750 1813 2805 verbis
1844 2792 1859 2816 ,
1916 2759 1974 2805 et
2028 2766 2216 2821 στιχη-

655 2839 748 2911 ρδν
779 2839 955 2894 verbis
996 2837 1399 2911 ﬂymnograplii
1450 2850 1863 2906 contexantur,
1918 2842 2004 2896 liae
2056 2856 2223 2897 voces

654 2947 831 2984 uersus
856 2940 911 2985 et
946 2930 1231 2984 versiculus
1282 2930 1423 2982 istud
1460 2930 1750 2986 discrimen
1789 2933 1931 2986 haud
1973 2932 2105 2986 satis
2131 2932 2225 2987 de-

657 3022 893 3075 clarant.
946 3018 1080 3075 Nolo
1136 3030 1311 3076 tamen
1351 3020 1694 3091 λογομαχεῖν,
1744 3022 1859 3075 sive
1903 3024 2227 3076 contendere

658 3112 726 3166 de
754 3110 995 3166 nomine.
1048 3108 1389 3182 Quapropter
1438 3112 1598 3166 modo
1632 3110 1856 3179 intelligi
1908 3126 1992 3164 me
2016 3111 2184 3164 sciam
2209 3152 2224 3175 ,

2326 1918 2352 1989 ἓ
2404 1917 2465 1971 ΙΙ.
2527 1914 2678 1971 Unde
2729 1919 2870 1971 dicta
2921 1919 3151 1986 troparia
3203 1932 3247 1971 el
3291 1919 3453 1972 ltirmi
3492 1937 3503 1982 ;
3543 1921 3658 1990 quis
3706 1922 3881 1976 harum

3033 2006 3175 2042 usus.

2396 2106 2452 2161 8.
2488 2105 2522 2156 Α
2554 2105 2810 2159 sticheris
2836 2104 2901 2157 ad
2939 2106 3174 2174 troparia
3215 2106 3513 2159 veniamus.
3544 2104 3885 2176 Treparium.

2327 2198 2501 2265 inquit
2527 2194 2735 2251 Gnarus
2764 2210 2883 2267 pag.
2916 2196 3016 2260 32,
3050 2212 3147 2250 vox
3178 2198 3429 2265 generica
3458 2210 3573 2264 est,
3602 2209 3655 2253 et
3681 2199 3887 2253 cunctis

2324 2287 2555 2341 canticis
2582 2289 2631 2339 in
2661 2286 2895 2341 Ecclesia
2922 2285 3110 2341 Graeca
3143 2288 3374 2356 receptis
3401 2290 3745 2353 communis;
3778 2288 3888 2342 lio-

2327 2380 2510 2433 ilnlum
2548 2380 2745 2449 ubique
2780 2380 3263 2448 interpretamur...
3300 2380 3486 2446 Quoad
3538 2383 3618 2436 sui
3670 2399 3889 2453 compn-

2328 2473 2578 2523 sitionem
2638 2472 2841 2524 Latinis
2892 2472 3212 2540 Antipbonis
3260 2473 3451 2527 similis
3513 2483 3646 2528 est:
3695 2490 3886 2543 quam-

2331 2564 2410 2616 vis
2480 2562 2833 2630 antiplvonam
2911 2563 3013 2615 ulla
3083 2566 3289 2616 ratione
3369 2564 3713 2632 interpretari
3792 2582 3887 2620 ne-

2332 2667 2614 2721 queamus.
2647 2651 2794 2705 llanc
2823 2666 3010 2705 vocem
3046 2653 3123 2704 sic
3169 2653 3401 2720 explicat
3447 2653 3691 2707 laudatus
3728 2654 3886 2723 Liga-

2333 2747 2524 2812 ridus,
2582 2755 2834 2813 tanquam
2890 2746 2934 2800 si
2994 2744 3384 2815 τροπαιάριον,
3444 2744 3551 2798 ἀπὸ
3610 2746 3702 2799 τοῦ
3766 2764 3891 2820 τρο-

2332 2840 2535 2905 παίου,
2595 2839 2903 2903 derivetur;
2964 2848 3013 2893 et
3060 2840 3131 2893 sit
3162 2838 3316 2908 quasi
3370 2837 3522 2891 Pman
3579 2841 3692 2893 sive
3741 2840 3895 2911 hym-

2332 2948 2431 2988 nus
2457 2972 2473 2999 ,
2507 2932 2559 2986 in
2588 2947 2695 3002 quo
2720 2942 2947 2987 canatur
2976 2932 3231 2996 vit-toria;
3261 2931 3341 2984 vel
3397 2931 3447 2984 in
3481 2932 3676 2999 quibus
3700 2934 3751 2984 oi
3778 2934 3896 3005 τρόο

2333 3041 2447 3085 ποι,
2478 3024 2529 3077 id
2552 3034 2656 3085 est,
2692 3038 2871 3078 mores
2895 3023 3120 3087 alicujus
3152 3024 3323 3078 sancti
3354 3022 3675 3078 referantur.
3695 3024 3893 3078 Verum

2330 3112 2476 3168 Goar
2506 3114 2826 3166 existimans
2857 3114 2965 3167 ἀπὸ
2997 3114 3089 3167 τοῦ
3113 3115 3336 3185 τρέπειν
3369 3126 3611 3178 vertere,
3647 3114 3728 3168 vel
3767 3132 3890 3184 pro-

663 3204 831 3259 hasce
854 3202 1199 3260 Graecanicas
1222 3181 1383 3259 voces
1413 3203 1466 3257 in
1500 3214 1776 3271 posterum
1806 3204 1877 3257 ita
1933 3202 2123 3257 Latine
2148 3205 2225 3255 iu—
2255 3181 2297 3235 (ἶ
2334 3206 2592 3275 pinquius
2618 3204 2725 3257 ἀπὸ
2770 3205 2982 3276 τροπῆς
3008 3181 3361 3261 conversione
3409 3209 3673 3279 originem
3727 3181 3850 3264 duci
3882 3230 3896 3273 ;

656 3296 1013 3366 terpretabor.
1049 3294 1213 3349 Porro
1238 3295 1467 3368 στιχηρὰ
1491 3296 1594 3350 alia
1624 3308 1749 3351 sunt
1770 3297 2101 3367 προσόμοια,
2120 3299 2225 3349 alia

661 3385 921 3457 ιδιόμελα.
973 3386 1104 3454 Qua
1154 3387 1266 3442 sint
1320 3388 1665 3459 προσόμοια,
1697 3387 1897 3441 dictum
1936 3403 2076 3442 nunc
2123 3401 2224 3441 Cal.

672 3477 939 3548 ἰδιόμελα
962 3494 1092 3532 vero
1116 3489 1244 3534 sunt
1271 3495 1332 3535 ea
1358 3479 1615 3552 στιχηρὰ,
1659 3494 1780 3549 qua:
1820 3478 1902 3549 (ut
1935 3478 2011 3532 ait
2041 3480 2230 3535 doctus

661 3567 949 3637 Ligaridus
977 3570 1116 3638 apud
1151 3569 1386 3625 Goarum
1408 3570 1604 3641 p.206)
1631 3570 1889 3639 peculiari
1925 3570 2050 3632 sibi,
2081 3572 2229 3641 gravi

662 3674 855 3730 nempe
874 3669 928 3714 et
948 3660 1233 3727 concinna,
1264 3676 1394 3715 voce
1422 3661 1696 3715 recitanda
1742 3669 1887 3723 sunt,
1908 3662 2061 3728 quasi
2104 3660 2234 3715 ῐόιον

668 3750 866 3822 μέλος,
926 3753 978 3807 id
1024 3762 1155 3817 est,
1213 3754 1485 3823 propriam
1546 3751 1965 3808 modulationem
2028 3751 2233 3806 baben-

664 3853 759 3895 lla.

774 3936 830 3988 7.
904 3933 1202 4004 Objivietur
1267 3936 1497 3993 fortasse
1567 3938 1692 3993 huic
1762 3938 2069 3994 deﬁnitioni
2128 3938 2234 3993 Co-

664 4028 860 4091 alinus,
901 4028 952 4081 ill
1007 4028 1147 4082 libro
1188 4026 1260 4081 De
1308 4030 1610 4096 oﬂicialibus
1668 4030 1853 4095 palatii
1898 4029 2013 4085 ΟΡ.
2059 4043 2112 4084 et
2158 4032 2235 4085 De

665 4120 843 4188 ofﬁciis
900 4137 1103 4190 magna:
1149 4120 1433 4183 Ecclesiw,
1498 4137 1616 4190 cap.
1668 4122 1719 4186 7,
1774 4140 1826 4174 ιι.
1862 4124 1955 4189 25,
1985 4124 2228 4201 .dicens:

667 4213 1018 4285 Εἰσέρχονται
1059 4216 1155 4269 καὶ
1209 4218 1256 4270 οἱ
1318 4216 1537 4286 ψάλται.
1565 4258 1580 4273 .
1617 4260 1629 4272 .
1658 4257 1671 4269 .
1706 4256 1719 4273 .
1751 4256 1764 4269 .
1823 4219 1915 4271 καὶ
1946 4218 2235 4287 ψάλλουσιν

669 4305 931 4377 ίδιόμελον
1000 4308 1098 4377 τῆς
1169 4310 1362 4381 ἑορτῆς
1396 4326 1409 4340 ο
1468 4311 1610 4379 quod
1680 4311 1750 4365 ita
1823 4313 1985 4365 vertit
2048 4324 2237 4368 noster

666 4394 961 4449 Gretserus
990 4421 1000 4451 ;
1034 4416 1051 4447 ι
1083 4398 1463 4467 Ingrediuntur
1487 4402 1653 4454 etiam
1695 4413 1975 4463 cantores,
2004 4412 2234 4454 canunt-

2338 3318 2355 3349 ι
2391 3298 2517 3353 Sive
2561 3298 2727 3358 dicas,
2769 3298 2963 3365 inquit,
2996 3296 3065 3349 ob
3098 3312 3280 3350 vocem
3335 3300 3387 3350 in
3429 3302 3702 3355 cantando
3744 3305 3893 3356 varie

2335 3406 2545 3446 versam
2578 3401 2627 3445 et
2654 3390 2942 3455 inﬂexam,
2968 3408 2985 3441 ι
3020 3394 3161 3458 (quae
3209 3390 3338 3442 mihi
3377 3392 3511 3444 ratio
3532 3402 3637 3457 est,
3677 3403 3737 3447 ut
3788 3412 3896 3448 mo-

2333 3483 2514 3535 dulum
2546 3497 2762 3551 semper
2824 3480 3169 3552 reddiderim)
3200 3500 3219 3532 ι
3261 3482 3376 3535 sive
3409 3521 3418 3543 ,
3456 3482 3581 3551 quia
3634 3498 3903 3538 canonar-

2331 3574 2458 3639 ilia,
2498 3574 2623 3627 dum
2666 3576 2959 3642 troparium
2992 3574 3118 3628 illud
3154 3590 3250 3644 per
3270 3586 3538 3629 commata
3569 3576 3841 3644 suggerit,
3875 3596 3893 3627 ι

2335 3665 2481 3733 (raro
2506 3679 2735 3732 namque
2762 3664 2979 3731 pulpitis
3014 3674 3190 3717 astant
3218 3665 3413 3735 Graeci)
3449 3682 3466 3714 ι
3508 3664 3667 3717 modo
3693 3665 3745 3717 in
3768 3663 3900 3717 cho-

2336 3766 2454 3804 rum
2491 3753 2653 3812 hunc,
2677 3754 2834 3805 modo
2859 3752 2911 3804 in
2940 3753 3103 3805 alium
3139 3755 3418 3824 τρέπεται,
3447 3756 3559 3808 sive
3590 3754 3844 3810 vertitur.
3877 3775 3894 3805 ι

2338 3840 2594 3910 Superest
2626 3843 2889 3897 sententia
2953 3843 3057 3894 alia
3086 3885 3099 3907 ,
3135 3848 3226 3899 sed
3280 3862 3398 3914 qua:
3464 3847 3621 3915 plene
3668 3848 3901 3917 intelligi

2335 3944 2462 3989 ante
2492 3951 2596 3989 non
2629 3946 2827 4005 potest,
2856 3949 3013 4004 quam
3054 3938 3133 3989 vis
3173 3952 3238 3990 ac
3278 3949 3473 3992 natura
3519 3940 3682 3993 birmi
3723 3940 3905 3995 decla-

2338 4037 2455 4081 rata
2484 4026 2661 4082 fuerit.

2408 4120 2459 4174 9.
2490 4140 2509 4171 ι
2551 4120 2770 4174 llirmus
2799 4135 2962 4189 porro
2988 4162 3002 4184 ,
3050 4139 3068 4172 ι
3107 4128 3163 4173 ιιι
3193 4130 3273 4173 est
3316 4120 3454 4188 apud
3498 4120 3759 4173 Allatium
3795 4121 3902 4178 loc.

2336 4212 2429 4265 cit.
2456 4227 2575 4281 pag.
2600 4212 2689 4275 98,
2714 4229 2732 4263 ι
2752 4222 2834 4265 est
2866 4213 3098 4281 hymnus
3129 4214 3243 4267 sive
3272 4213 3595 4282 troparium,
3624 4227 3653 4265 a
3690 4226 3801 4281 quo
3821 4226 3904 4267 re-

2336 4304 2602 4373 liquorum
2637 4304 3016 4371 tropariorum,
3039 4320 3157 4373 qua!
3189 4306 3239 4358 in
3287 4320 3350 4360 ea
3393 4305 3494 4359 ode
3551 4316 3905 4369 canerentur,

2336 4396 2723 4465 consequentia
2761 4406 2815 4448 et
2868 4396 3037 4449 series
3070 4398 3389 4450 ducebatur.
3421 4395 3588 4463 quue
3641 4400 3712 4450 ita
3780 4412 3904 4453 esse

666 4502 771 4555 que
830 4487 953 4543 festi
1036 4492 1312 4559 proprium
1374 4493 1671 4549 canticum.
1738 4512 1757 4544 ι
1812 4492 1969 4547 Unde
2025 4493 2236 4545 videtur
2268 4524 2309 4575 ι)
2341 4495 2596 4541 notarunt
2620 4487 2719 4539 viri
2748 4488 2889 4540 docti
2922 4528 2935 4550 ,
2976 4505 3038 4542 ex
3073 4490 3342 4543 Simeonis
3398 4490 3907 4547 Thessalonicensis

668 4592 829 4647 posse
861 4581 1107 4635 concludi
1138 4624 1154 4647 ,
1204 4582 1480 4637 Canticum
1521 4583 1739 4653 aliquod
1772 4585 2073 4653 nuncupari
2107 4583 2234 4637 ἰδιό-

675 4670 860 4742 μελον,
886 4672 1011 4741 quia
1049 4672 1189 4727 festo
1211 4676 1486 4744 proprium
1507 4676 1600 4741 sit,
1630 4690 1736 4730 non
1771 4691 1901 4733 vero
1935 4677 2059 4746 quia
2084 4692 2239 4747 pecu-

670 4763 867 4819 liarem
898 4763 1000 4817 sibi
1028 4765 1447 4820 modulationem
1502 4766 1763 4822 vindicet.
1801 4767 1901 4821 Per
1938 4769 2054 4824 haec
2106 4784 2239 4823 sane

673 4853 869 4909 Codtni
899 4858 1061 4910 verba
1086 4857 1372 4924 scrupulus
1400 4898 1415 4920 ,
1468 4858 1662 4923 fateor,
1697 4858 1827 4913 mihi
1872 4860 2101 4929 injectus
2140 4860 2239 4913 fuit

674 4964 778 5002 non
804 4948 933 5002 levis
956 4964 971 5014 ;
994 4951 1083 5002 sed
1100 4954 1341 5017 evanuit,
1361 4957 1577 5023 quando
1603 4954 1708 5007 vidi
1730 4955 1881 5023 plura
1907 4967 2025 5006 esse
2044 4956 2241 5009 stichc-

676 5056 733 5095 ra
769 5042 908 5097 festo
962 5047 1353 5112 congruentia,
1384 5060 1504 5117 qua:
1537 5060 1639 5099 non
1693 5047 2065 5101 inscribuntur
2115 5047 2239 5099 ἰδιό-

679 5133 837 5202 μελα.
875 5133 953 5188 Ne
988 5135 1201 5206 longius
1251 5138 1541 5205 abeamus;
1602 5136 1787 5192 lideles
1842 5148 1963 5191 tuos
2016 5138 2235 5203 oculos,

678 5224 895 5289 Lector,
924 5227 973 5279 in
1006 5228 1198 5283 horum
1229 5230 1387 5283 trium
1418 5229 1707 5299 presulum
1727 5229 1960 5284 cilicium
1988 5229 2235 5283 intende:

677 5325 731 5367 et
755 5314 882 5368 licet
912 5316 1145 5371 sticliera
1184 5318 1364 5373 omnia
1390 5321 1501 5374 sint
1530 5321 1653 5375 huic
1680 5318 1815 5375 festo
1842 5321 2057 5390 propria
2079 5336 2237 5389 quam

677 5422 797 5473 qua:
836 5406 1089 5474 maxime,
1121 5422 1299 5465 tamen
1331 5427 1435 5466 non
1470 5412 1713 5466 invenias
1742 5414 1844 5465 alia
1874 5412 2098 5467 inscribi
2125 5412 2242 5465 ἰδιό-

683 5498 819 5569 μελα
876 5509 1072 5568 pratcr
1127 5504 1358 5557 sticbera
1420 5504 1520 5557 Nili
1584 5504 1907 5572 Xanthopuli
1944 5545 1958 5568 ,
2002 5505 2051 5558 id
2099 5513 2237 5573 Qilllzi

682 5593 838 5647 nobis
908 5604 1222 5661 argumento
1294 5598 1451 5651 debet
1529 5613 1691 5664 esse,
1779 5614 1882 5653 non
1954 5612 2237 5667 propterea

682 5688 951 5739 canticum
1032 5688 1251 5756 aliquO'i
1331 5692 1469 5758 apud
1544 5691 1762 5745 Gra'cos
1843 5692 1945 5743 dici
2033 5690 2237 5758 ἰδιόμε-

687 5774 799 5842 λον,
828 5779 950 5843 quia
971 5778 1107 5833 icsto
1139 5781 1412 5853 proprium
1442 5792 1545 5844 est,
1575 5782 1667 5835 sed
1691 5783 1813 5849 quia
1854 5781 2107 5851 peculiari
2138 5791 2189 5834 et
2211 5796 2240 5832 a

2339 4579 2731 4649 archiepiscopi
2762 4578 2902 4634 libro
2939 4579 3012 4633 De
3042 4582 3249 4650 templo,
3286 4584 3557 4635 sacerdote
3608 4593 3654 4635 et
3710 4596 3909 4654 mysta-

2337 4673 2510 4744 gogia.
2550 4672 2685 4726 Addi
2736 4683 2909 4742 potest
2935 4674 3171 4729 Zonaras
3199 4716 3212 4738 ,
3242 4684 3536 4728 comment.
3576 4676 3628 4730 in
3657 4691 3903 4731 canones

2338 4767 2703 4820 Anastasimos
2728 4767 3061 4827 Damasceni,
3096 4768 3144 4820 in
3176 4766 3466 4835 prntnmio:
3503 4768 3709 4839 Εἱρμὸς
3740 4767 3798 4819 δὲ
3824 4767 3908 4820 λέ-

2342 4872 2494 4923 γεται
2528 4856 2603 4918 ὡς
2639 4838 2957 4910 ἀκολουθίαν
2984 4857 3125 4919 τινὰ,
3153 4856 3243 4908 καί
3267 4855 3418 4923 τάξιν
3445 4838 3657 4927 μέλοιις,
3696 4858 3789 4909 καὶ
3816 4858 3911 4930 ἁρ-

2345 4948 2533 5017 μονίας
2553 4948 2726 5012 διδοὺς
2752 4951 2866 5011 τοῖς
2911 4949 3024 5018 μετ’
3068 4947 3229 5001 αὑτοῦ
3268 4950 3599 5019 τροπαρὼις.
3634 4948 3777 5016 Πρὸς
3804 4950 3911 5021 γὰρ

2340 5042 2406 5094 τὸ
2439 5042 2551 5095 τῶν
2574 5040 2782 5111 εἱρμῶν
2808 5041 2966 5110 μέλος
2992 5043 3219 5095 κάκεῖνα
3248 5042 3614 5113 ῥυθμίζονται,
3642 5040 3735 5091 καὶ¹
3775 5043 3911 5110 πρὸς

2346 5135 2553 5186 ἐκεῖνον
2599 5133 2982 5205 ἀναφερόμενα
3015 5133 3345 5202 ἁρμόζονταί
3376 5150 3431 5185 τε
3475 5132 3568 5184 καὶ
3594 5129 3908 5199 ψάλλονται.

2344 5230 2437 5280 καὶ
2456 5230 2521 5297 τῇ
2558 5225 2790 5296 ἁρμονίᾳ
2816 5224 2906 5277 τοῦ
2936 5224 3143 5295 μελῳδή
3152 5241 3317 5294 ματος
3351 5225 3557 5278 ἐκείνου
3584 5224 3909 5277 ἀκολουθοῦ-

2349 5337 2451 5383 σιν,
2497 5320 2529 5390 ἢ
2578 5319 2657 5372 ὃτι
2693 5318 2926 5388 συνείρει
2966 5316 3060 5370 καὶ
3117 5318 3414 5387 συμπλέκει
3465 5316 3641 5386 ἑαυτῷ
3679 5321 3824 5369 κατα
3853 5316 3912 5367 τὸ

2355 5412 2516 5482 μέλος
2544 5416 2571 5465 ὁ
2603 5411 2792 5481 apes;
2821 5408 2882 5463 τὸ
2931 5409 3244 5481 τροπάριον.
3283 5428 3301 5460 ι
3341 5407 3557 5461 llirmus
3587 5406 3907 5474 appellatur,

2344 5520 2407 5557 co
2433 5504 2573 5571 quod
2606 5504 2799 5558 seriem
2852 5504 3138 5571 quamdam
3173 5511 3227 5555 et
3264 5500 3650 5555 counexionem
3684 5511 3739 5553 et
3765 5499 3908 5553 ordi-

2347 5612 2466 5647 nem
2513 5605 2702 5648 cantus
2746 5603 2801 5647 et
2827 5594 3192 5647 consonantiae
3221 5592 3419 5647 tribuat
3454 5591 3909 5658 consequentibus

2346 5698 2467 5752 post
2496 5702 2553 5738 se
2601 5686 2869 5752 tropariis.
2900 5685 3032 5737 Nam
3077 5686 3141 5737 ad
3176 5697 3387 5738 cantum
3432 5686 3730 5737 hirmorum
3775 5695 3907 5733 con-

2349 5779 2668 5841 lormantur,
2697 5786 2751 5828 et
2788 5784 3210 5843 attemperantur
3257 5777 3420 5830 etiam
3452 5774 3706 5841 troparia,
3730 5781 3785 5826 et
3812 5774 3902 5825 de-
