4066 6314
663 371 750 426 ΑΙ)
788 370 1237 429 ACOLUTHIAM
1273 370 1520 428 OFFlCll
1559 370 1792 431 GRAEC]
1837 371 2081 431 DISSER
2098 371 2304 430 TATIO
2344 372 2804 432 ONOMAS'HLA.

3195 393 3379 435 CCC\tx

161 498 423 546 captantur
476 503 583 542 non
638 486 758 543 sine
800 487 1062 544 relatione
1111 490 1178 545 ad
1212 488 1437 554 hirmos,
1468 504 1695 557 quorum
1728 490 1773 544 Α
1804 503 1899 541 vox
1935 489 2279 559 psallentium
2303 489 2572 559 exigatur,
2604 502 2776 557 neque
2802 497 3101 545 concinnus
3124 492 3227 544 erit
3255 506 3381 545 can-

164 583 323 639 itidem
377 579 660 637 melodiam
716 590 771 634 et
826 594 1017 635 sonum
1073 582 1378 637 imitantur.
1436 579 1531 633 Vel
1583 582 1703 637 inde

165 678 349 733 hinnus
389 687 581 726 nomen
628 673 812 738 habet,
853 676 995 743 quod
1024 674 1313 729 contrahat
1338 682 1393 729 et
1421 684 1704 729 connectat

161 769 245 823 sibi
288 768 341 819 in
382 762 609 818 melodia
657 772 713 819 et
756 775 913 821 cantu
946 764 1262 833 troparium.
1292 785 1308 818 ι
1348 766 1410 820 Et
1438 776 1582 820 certe
1612 766 1703 821 Εἴ-

163 878 259 932 ρω,
303 869 332 910 a
382 869 490 925 quo
540 854 746 911 birmus
791 856 1109 920 deducitur,
1143 857 1411 924 signiﬁcat
1457 858 1613 911 trabe
1652 871 1706 913 et

163 959 313 1012 necto,
351 958 406 1001 nt
436 957 578 1018 patet
612 966 674 1004 ex
704 950 815 1012 illo,
862 947 1003 1017 quod
1036 946 1298 1004 Hesiodus
1326 950 1376 1004 in
1410 948 1704 1022 Theogonia

164 1043 219 1096 tle
244 1040 399 1096 Musis
430 1044 625 1097 cecinit
654 1065 665 1097 :

165 1175 1323 1245 .............raldtl:ratpl

172 1246 469 1315 ’Υμνεῦσαι
492 1247 775 1314 τέρπουσι
787 1245 980 1315 μέγαν
1003 1248 1148 1301 νόον
1174 1248 1346 1313 ἐντὸς
1381 1247 1705 1315 Ὀλύμπου,

160 1317 410 1386 Ειρεῦσαι
434 1316 508 1369 τά
530 1318 584 1388 ς’
605 1317 782 1371 ἐόντα
803 1316 872 1371 τά
888 1318 936 1371 τ’
962 1318 1265 1388 ἐσσόμενα
1294 1318 1408 1386 πρό
1432 1318 1481 1369 τ’
1510 1316 1703 1382 ἐόντα,

164 1385 312 1455 Φωνὴ
336 1385 679 1455 ὁμηρεῦσαι.

165 1564 185 1593 ,ί
214 1562 228 1577 .
265 1562 279 1577 .
319 1562 333 1576 .
374 1562 389 1577 .
434 1563 449 1577 .
497 1561 513 1577 .
557 1566 571 1579 .
611 1522 895 1578 Hominum
918 1537 1117 1592 patrem
1144 1533 1297 1593 atque
1326 1523 1542 1577 deorum

164 1592 464 1667 gaudentes,
492 1611 737 1667 magnam
765 1602 989 1667 mentem
1024 1592 1321 1667 exhilarant
1351 1598 1407 1647 in
1438 1595 1697 1667 Uigmpo;

166 1664 416 1733 ﬂectentes
444 1666 752 1733 pra'senlia,
784 1663 1046 1729 praeterita
1078 1673 1232 1733 atque
1268 1665 1465 1733 futura,

164 1731 360 1788 Cultura
388 1731 666 1803 fundentes
726 1744 958 1785 cantum.

166 1873 220 1925 Et
242 1870 478 1940 quamvis
516 1870 751 1927 Boninus
793 1868 1160 1934 Iomhritius,
1211 1873 1461 1940 patritius
1513 1872 1709 1925 Medio-

166 1962 398 2027 lanensis,
433 1962 488 2016 in
520 1976 616 2017 sua
646 1962 1045 2031 elegantissima
1102 1960 1415 2033 Theogoniw
1443 1964 1710 2027 versione,

167 2067 256 2107 non
280 2053 519 2109 videatur
554 2067 771 2110 sensum
800 2053 1010 2112 Hesiodi
1046 2054 1181 2108 satis
1204 2054 1557 2125 expressisse,
1587 2055 1710 2110 dum

164 2144 303 2199 vertit
335 2161 350 2198 :

169 2324 331 2381 Laude
350 2332 584 2383 animum
613 2334 779 2399 patris
803 2334 1100 2385 exhilarant
1130 2347 1148 2383 :
1181 2332 1485 2398 plerumque
1516 2346 1708 2385 canen-

1512 2410 1527 2451 t
1562 2416 1585 2451 ε

167 2467 279 2531 (iure
303 2467 427 2533 sint,
459 2485 575 2538 qua:
592 2468 808 2539 fuerint,
836 2482 880 2524 et
908 2486 1023 2541 qua:
1050 2479 1265 2525 uentura
1298 2399 1607 2533 trahaniuer;

168 2613 321 2658 tamen
362 2621 388 2658 a
440 2604 839 2675 signiﬁcatione
892 2606 1042 2661 verbi
1099 2605 1246 2679 Εῖρω
1274 2613 1587 2675 neutiquam
1625 2618 1710 2658 re~

168 2697 326 2750 cessit.

226 2787 304 2839 10.
354 2787 575 2842 Hirmus
599 2802 750 2858 ergo,
794 2788 973 2857 quoad
1007 2787 1131 2840 licet
1160 2801 1396 2855 assequi,
1427 2798 1714 2855 sequentes

169 2878 386 2933 modulos
414 2878 484 2933 ad
530 2892 686 2935 suam
738 2872 996 2933 m'usicam
1033 2876 1372 2931 inﬂexionem
1410 2877 1602 2941 trahit,
1631 2886 1714 2929 at-

167 2983 256 3036 que
286 2968 397 3025 ideo
430 2985 539 3025 non
568 2967 708 3023 male
739 2981 771 3021 a
804 2964 983 3021 Goaro
1015 2965 1256 3021 teilditur
1308 2974 1534 3019 tractus.
1578 2963 1715 3017 Tra-

168 3070 292 3114 ctum
332 3070 510 3115 autem
541 3073 663 3115 cum
694 3059 837 3124 dico,
892 3057 1055 3115 nolim
1083 3057 1330 3128 equidem
1366 3071 1489 3111 cum
1535 3055 1715 3124 aliquo

168 3152 287 3220 apud
312 3152 567 3207 Allatinm
598 3151 893 3214 existimes,
926 3151 1157 3205 hirmutn
1181 3156 1420 3248 antractu
1458 3147 1715 3203 Ecclesia:
1740 3189 1783 3248 ϐ

170 3240 351 3297 Latina:
403 3258 509 3299 non
540 3242 779 3299 dilerre.
830 3242 1063 3306 Etenim,
1100 3249 1157 3296 ut
1203 3238 1492 3297 Gretserus
1533 3250 1715 3295 noster

169 3341 280 3387 tom.
316 3332 400 3398 ill,
428 3334 498 3388 de
528 3347 709 3398 cruce,
741 3347 860 3402 pag.
877 3332 1019 3387 2328
1046 3331 1370 3399 observavit,
1394 3330 1708 3385 Latinorum

170 3434 349 3480 tractus
408 3439 440 3479 a
499 3425 763 3479 trahendo
818 3423 995 3479 dictus
1048 3434 1173 3489 est,
1218 3436 1324 3477 non
1376 3438 1440 3477 eo
1496 3422 1715 3491 quidem

169 3517 292 3585 quod
318 3518 385 3573 sit
409 3532 601 3572 norma
630 3517 696 3570 ad
728 3530 887 3585 quam
937 3515 1291 3570 concinantur
1331 3515 1715 3584 subsequentia

170 3608 294 3677 (nam
332 3609 649 3666 Latinorum
694 3618 896 3664 tractus
949 3608 1070 3663 talis
1102 3621 1288 3662 norma
1330 3622 1434 3662 non
1463 3607 1590 3674 est).
1624 3608 1718 3661 sed

170 3702 290 3767 quod
320 3702 537 3755 tractim
558 3711 822 3756 cantetur.
856 3700 1021 3769 Igitur
1036 3714 1156 3755 cum
1176 3697 1484 3754 Graecorum
1514 3700 1721 3752 hirmus

170 3808 320 3846 canon
354 3794 424 3847 sit
458 3808 525 3847 ac
555 3794 733 3862 regula
791 3793 1129 3863 sequentium
1180 3793 1563 3861 tr0pariorum,
1609 3802 1721 3845 tra-

171 3897 272 3939 cms
294 3884 608 3939 Latinorum
644 3898 746 3937 non
779 3883 941 3950 item;
978 3895 1317 3951 consequens
1357 3891 1462 3945 est,
1501 3890 1557 3933 ut
1583 3880 1717 3936 alte-

175 3988 273 4025 rum
306 3975 372 4030 ah
398 3974 573 4029 altero
606 3970 821 4027 diﬂ’erre
851 3972 1283 4038 pronuntiemus.
1314 3970 1404 4024 Est
1431 3980 1609 4023 autem
1634 3969 1718 4023 in-

173 4071 242 4117 ter
266 4062 572 4120 Graecorum
610 4063 780 4117 libros
818 4060 1219 4115 ecclesiasticos
1243 4059 1462 4129 aliquis,
1488 4058 1577 4127 qui
1604 4058 1719 4111 hir-

175 4168 293 4218 mos,
326 4156 623 4210 secundum
653 4163 776 4209 octo
810 4163 1057 4207 tonorum
1099 4152 1418 4206 varietatem
1445 4149 1717 4213 collectos,

174 4246 415 4311 continet,
454 4254 623 4315 atque
658 4246 779 4301 ideo
816 4242 1158 4316 εἱρμολόγιον
1186 4242 1403 4298 dicitur.

236 4341 309 4395 ll.
332 4338 492 4394 Hisce
521 4338 810 4407 explicatis
838 4338 1051 4392 videtur
1083 4334 1213 4389 mihi
1243 4335 1353 4404 jam
1388 4334 1717 4389 redeundum

172 4433 226 4486 ad
259 4434 510 4503 imparia,
558 4440 614 4485 et
666 4419 1136 4485 commemoranda
1176 4426 1443 4482 sententia
1504 4425 1715 4495 Cangii,

172 4525 246 4588 qui
275 4524 538 4579 Zonaram
591 4532 829 4586 secutus,
861 4522 934 4574 ait
987 4520 1111 4573 inde
1159 4518 1399 4589 troparia
1438 4517 1715 4587 appellari,
1753 4533 1795 4586 ι)

175 4632 191 4664 ‹
227 4617 354 4683 quod
382 4618 447 4670 ad
480 4616 669 4670 modos
706 4612 999 4667 hirmorum
1020 4612 1335 4683 τρέπονται,
1366 4619 1645 4663 vertuntur
1668 4620 1722 4662 et

173 4706 513 4763 inﬂectuntur.
576 4725 593 4759 ι
641 4705 863 4761 Zonaras
908 4706 1095 4769 verba,
1149 4720 1270 4774 quae
1330 4717 1359 4755 a
1407 4701 1613 4772 Cangio
1666 4702 1717 4754 in

174 4804 293 4857 hanc
314 4804 639 4860 sententiam
679 4800 1037 4865 adducuntur,
1074 4802 1190 4855 haec
1216 4807 1341 4852 sunt
1374 4814 1388 4852 :
1426 4795 1719 4870 Τροπάρια.

171 4892 413 4962 λέγονται,
450 4895 531 4958 ὡς
557 4895 691 4967 πρὸς
717 4896 845 4957 τοὺς
888 4893 1114 4964 εἱρμοὺς
1142 4891 1472 4963 τρεπόμενα,
1502 4890 1596 4943 καὶ
1624 4890 1721 4959 τὴν

171 4987 422 5060 ἀναφορὰν
451 4985 551 5041 τοῦ
576 4986 769 5061 μέλους
792 4986 929 5058 πρὸς
952 4985 1191 5052 ἐκείνους
1218 4982 1530 5053 ποιούμενα·
1563 4981 1596 5052 ἢ
1627 4981 1722 5034 καὶ

170 5078 415 5148 τρέποντα
446 5080 551 5150 τὴν
586 5078 768 5151 φωνὴν
794 5078 903 5135 τῶν
931 5076 1165 5149 ᾀδόντων
1188 5076 1324 5151 πρὸς
1352 5075 1414 5128 τὸ
1443 5074 1599 5146 μέλος
1628 5074 1721 5127 καὶ

172 5170 247 5224 silv
278 5170 481 5241 ῥυθμὸν
506 5168 620 5223 τῶν
651 5170 876 5242 εἱρμῶν.
916 5169 980 5223 El
1026 5168 1102 5239 μὴ
1129 5165 1240 5237 γὰρ
1264 5165 1399 5234 πρὸς
1436 5164 1673 5227 ἐκείνους
1693 5166 1721 5217 ὁ

173 5259 263 5310 τῶν
288 5262 419 5315 αὐτὰ
432 5258 748 5331 ψαλλόντων
774 5259 1007 5329 φθόγγος
1029 5255 1323 5321 εὐθύνοντα,
1340 5253 1440 5307 οὐκ
1455 5251 1720 5323 εὔρυθμον

174 5350 303 5407 ἔσται
332 5336 391 5409 eo
426 5354 615 5427 μέλος,
643 5351 763 5406 οὐδὲ
786 5350 1123 5424 ἐναρμόνιον,
1144 5348 1263 5403 οὐδὲ
1288 5345 1447 5418 μέλος
1467 5345 1531 5399 ἂν
1544 5344 1719 5413 γένοιο

174 5458 241 5505 το,
265 5446 368 5498 ἀλλ’
390 5444 609 5516 ἀπηχὲς
629 5442 722 5497 καὶ
750 5442 1087 5513 ἀνάρμοστον
1111 5438 1347 5509 φώνημα
1380 5454 1393 5491 :
1417 5454 1436 5487 ι
1466 5434 1719 5505 Troparia

175 5548 432 5607 vocantur,
465 5548 524 5592 ut
558 5551 682 5607 qua:
728 5536 794 5589 ad
840 5534 1045 5589 hirmos
1078 5540 1359 5585 vertuntur
1391 5543 1591 5597 eosque
1633 5544 1719 5581 re-

178 5626 384 5694 spiciunt
434 5640 698 5697 tanquam
759 5624 1142 5681 modulationis
1214 5622 1571 5678 subsidium:
1640 5621 1718 5673 vel

180 5717 343 5786 etiam,
370 5736 489 5792 qua:
511 5726 735 5774 vertunt
778 5717 1086 5772 canentium
1132 5728 1289 5769 voces
1314 5714 1378 5765 ad
1410 5713 1597 5766 modos
1622 5730 1719 5765 nu-

184 5819 439 5881 merosque
471 5812 793 5868 hirmorum.
828 5808 939 5863 Nisi
969 5806 1111 5861 enim
1156 5804 1219 5860 ad
1253 5820 1437 5860 eorum
1476 5818 1715 5859 normam

1807 588 1915 641 tus,
1946 596 2115 652 neque
2142 583 2323 637 suavis
2368 582 2675 647 harmonia,
2724 594 2896 649 neque
2931 583 3158 638 melodia
3185 583 3385 651 poterit

1806 672 2085 739 appellari,
2121 672 2215 727 sed
2247 672 2559 727 vociferatio
2594 672 2916 728 inconcinna
2944 687 2995 723 et
3025 678 3316 733 inamtena.
3353 695 3371 727 ι

1808 763 2026 818 Zonaras
2079 767 2345 819 consentit
2398 765 2684 828 Arcadius,
2748 765 3013 819 consentit
3071 765 3379 825 Grctserus.

1808 854 1912 910 Sed
1943 858 1985 911 si
2017 862 2117 913 hoc
2150 858 2220 911 ita
2258 858 2349 919 sit,
2402 860 2501 912 tria
2551 858 2683 912 satis
2744 859 2930 912 mirari
2979 874 3083 913 non
3135 874 3375 928 possum.

1810 947 1982 1004 Unum
2035 961 2140 1011 est,
2180 950 2321 1017 quod
2362 951 2569 1006 hirtnus
2619 954 2688 1006 ab
2721 950 2918 1004 Allatio
2970 953 3111 1006 inter
3146 958 3384 1021 troparia

1809 1054 2117 1109 reponatur.
2168 1041 2434 1105 Alterum,
2475 1045 2614 1110 quod
2662 1044 2896 1113 Congius
2933 1044 3096 1098 etiam
3162 1045 3385 1115 Ἰδιόμε-

1807 1134 1898 1186 λον
1932 1132 2156 1189 aﬂlrmet
2187 1149 2309 1190 esse
2349 1136 2674 1205 troparium.
2715 1136 2959 1192 Tertium
2989 1136 3221 1206 denique
3245 1139 3386 1207 quod

1812 1226 1952 1279 idem
1990 1226 2227 1298 Cangius
2273 1241 2392 1280 cum
2421 1226 2623 1292 Goaro,
2660 1229 2953 1295 troparium
2990 1228 3210 1284 deﬁniat
3243 1250 3261 1280 ‹
3300 1245 3387 1283 vo-

1810 1333 1926 1373 cem
1961 1320 2266 1389 gcncricam
2308 1328 2360 1372 et
2387 1319 2595 1374 cunctis
2623 1319 2872 1383 canticis,
2904 1320 2955 1371 in
2976 1320 3213 1376 Ecclesia
3240 1321 3389 1376 Grae-

1810 1425 1872 1465 ca
1910 1412 2160 1478 receptis,
2187 1425 2552 1465 communem.
2590 1429 2609 1461 ›
2638 1410 2845 1464 Etenim
2877 1409 3073 1465 tradita
3110 1427 3139 1465 a
3179 1411 3389 1467 Zonara

1813 1500 2166 1568 troparinrum
2196 1501 2461 1563 definitio,
2493 1515 2598 1552 non
2624 1500 3268 1571 compleCtiturtanquam
3293 1518 3387 1556 sua

1814 1590 2049 1645 membra
2077 1600 2167 1643 aut
2200 1592 2433 1645 hirmum
2469 1602 2566 1644 aut
2596 1590 2929 1654 idiomelum,
2965 1602 3152 1661 utpote
3185 1607 3306 1662 quae
3322 1594 3387 1646 ad

1813 1684 2008 1739 nullius
2041 1683 2202 1737 hinni
2242 1699 2496 1737 numeros
2532 1682 2900 1739 inﬂectuntur.
2934 1683 3033 1750 Qui
3072 1685 3391 1753 igituridio-

1816 1774 2009 1830 melum
2045 1784 2099 1829 et
2140 1774 2345 1827 hirtum
2387 1777 2621 1843 troparia
2670 1788 2790 1829 esse
2824 1772 3237 1837 dicuntur?Qui
3286 1788 3391 1827 vox

1817 1866 1901 1918 illa
1935 1868 2227 1935 troparium
2257 1868 2557 1920 comnmnis
2589 1877 2667 1921 est
2694 1866 2948 1921 omnibus
2973 1863 3232 1920 Ecclesia
3260 1879 3392 1921 can-

1817 1956 2089 2011 tionibus?

1886 2046 1976 2101 12.
2014 2047 2202 2103 Haereo
2239 2051 2477 2106 incertus
2512 2049 2701 2111 animi,
2741 2064 2915 2118 neque
2948 2060 3125 2105 tamen
3151 2066 3236 2107 me
3262 2066 3389 2122 pos-

1813 2154 1931 2194 sum
1954 2139 2244 2206 adducere,
2270 2149 2327 2193 ut
2350 2144 2498 2198 viros
2529 2146 2579 2197 in
2608 2143 2808 2197 rituum
2828 2142 3143 2198 Graecorum
3162 2142 3390 2199 scientia

1814 2232 2058 2303 apprime
2106 2240 2372 2295 versatos,
2405 2245 2459 2287 et
2485 2234 2584 2287 hoc
2633 2235 2848 2288 nomine
2885 2250 2982 2303 per
3006 2246 3173 2291 totum
3202 2237 3390 2293 orbem

1815 2335 2081 2380 terrarum
2111 2324 2383 2389 celebres,
2409 2333 2683 2379 autumem
2717 2326 2861 2395 loqui
2890 2330 3201 2396 pugnantia,
3225 2342 3281 2384 et
3304 2329 3395 2385 hic

1822 2429 1851 2469 a
1892 2430 2021 2469 vero
2043 2416 2252 2471 abesse.
2280 2415 2418 2483 Quid
2450 2416 2649 2488 igitur?
2680 2417 2745 2473 Ut
2771 2419 2850 2471 lim
2885 2431 3072 2471 corum
3094 2421 3394 2476 locutiones

1819 2507 2082 2562 duntaxat
2121 2507 2175 2560 in
2221 2509 2457 2576 speciem
2493 2520 2798 2577 pugnantes
2846 2511 3212 2566 concilientur
3254 2514 3395 2567 inter

1816 2613 1894 2659 se.
1966 2606 2184 2667 totaque
2224 2599 2581 2666 tropariorum
2645 2613 2836 2654 natura
2891 2603 3241 2672 intelligatur,
3293 2618 3395 2674 ego

1813 2692 2028 2761 quidem
2052 2690 2132 2746 sic
2163 2698 2379 2745 statuo:
2405 2690 2702 2758 quamlibet
2726 2692 2777 2745 in
2802 2692 3039 2747 Ecclesia
3063 2692 3245 2750 Graeca
3267 2711 3395 2751 can-

1815 2786 2012 2840 tionem
2044 2784 2316 2840 communi
2367 2784 2585 2838 nomine
2642 2784 2902 2854 appellari
2958 2787 3279 2854 troparium.
3309 2789 3395 2843 vel

1813 2877 1882 2931 ob
1909 2893 2117 2939 vocem,
2143 2892 2263 2944 qua:
2301 2876 2441 2931 inter
2492 2880 2821 2932 cantandum
2876 2879 3158 2947 multiplici
3212 2895 3277 2935 ac
3314 2881 3398 2935 di-

1814 2979 1974 3019 verso
2005 2966 2161 3019 modo
2206 2963 2525 3030 inﬂectitur;
2556 2966 2636 3019 vel
2667 2968 2829 3021 etiam
2859 2968 2929 3021 ob
2967 2972 3391 3036 canonarcham,

1815 3055 1905 3125 qui
1934 3056 2059 3109 dum
2093 3070 2187 3124 per
2214 3066 2481 3110 commata
2515 3057 2821 3111 cantionem
2857 3057 3093 3128 aliquam
3127 3063 3392 3132 suggerit,

1816 3149 2023 3202 varium
2064 3148 2295 3201 vertitur
2353 3150 2405 3202 in
2454 3149 2712 3214 chorum;
2767 3150 2837 3205 ita
2892 3158 2949 3205 ut
2995 3155 3293 3223 troparium
3326 3157 3399 3210 sit

1821 3241 1983 3295 veluti
2029 3254 2200 3309 genus
2244 3241 2311 3295 ad
2345 3239 2525 3311 plures
2556 3242 2869 3296 cantionum
2912 3241 3248 3301 diﬂ‘erentias
3285 3248 3399 3301 sive

1820 3334 2019 3389 formas
2040 3335 2333 3404 pertinens.
2376 3335 2553 3405 Atque
2588 3336 2851 3390 alterutro
2887 3351 3075 3403 sensu,
3106 3339 3191 3393 vel
3216 3342 3397 3410 potius

1823 3436 2070 3494 utroque,
2097 3435 2152 3480 et
2175 3425 2420 3481 idiomela
2458 3436 2514 3480 et
2546 3427 2707 3479 hinni
2754 3437 2809 3481 et
2848 3427 3083 3482 sticltera
3116 3438 3171 3482 et
3210 3431 3397 3494 stichi,

1820 3526 1875 3568 et
1896 3516 2174 3569 cautiones
2191 3516 2411 3584 reliqua:
2425 3530 2615 3570 omnes
2636 3518 2758 3586 jure
2792 3518 2989 3573 merito
3016 3532 3401 3590 nuncupantur

1824 3606 2085 3675 troparia.
2114 3607 2197 3661 An
2230 3606 2374 3661 enim
2406 3608 2589 3661 cantio
2629 3617 2805 3677 potest
2838 3624 2958 3663 esse
2982 3611 3114 3674 ulla,
3142 3611 3198 3666 in
3234 3626 3398 3681 quam

1824 3708 2052 3770 utraque
2076 3698 2164 3753 illa
2199 3700 2337 3753 ratio
2364 3714 2468 3753 non
2489 3700 2812 3756 conveniat?
2838 3701 3161 3771 Quanquam
3193 3705 3399 3758 cantio-

1822 3808 1914 3845 nes
1939 3791 2040 3845 illa!
2064 3791 2182 3845 alite
2229 3792 2343 3845 sive
2385 3792 2608 3855 moduli,
2641 3794 2730 3861 qui
2778 3794 2922 3847 inter
2951 3796 3253 3849 canendum
3290 3796 3399 3848 hir-

1822 3885 1923 3937 tnis
1962 3892 2412 3952 attemperantur,
2463 3900 2569 3939 non
2600 3886 2773 3939 solum
2827 3896 3050 3955 propter
3080 3888 3396 3941 alterutram

1822 3976 1903 4029 vel
1940 3988 2225 4045 utramque
2248 3976 2541 4039 rationem,
2571 3978 2665 4029 scd
2687 3978 2851 4031 etiam
2882 3989 3100 4047 propter
3129 3980 3271 4033 illam
3298 3993 3401 4035 ter-

1824 4068 1951 4119 tium
2000 4083 2028 4118 η
2075 4066 2284 4122 Zonara
2341 4066 2580 4131 allatam,
2615 4082 2902 4123 commune
2944 4085 3137 4125 nomen
3172 4074 3395 4140 troparii

1820 4159 1921 4212 sibi
1959 4157 2256 4221 vindicent,
2290 4166 2545 4228 tanquam
2580 4159 2849 4225 peculiare
2878 4169 2931 4213 et
2971 4162 3271 4231 proprium,
3311 4164 3394 4215 id-

1819 4264 1924 4317 que
1951 4264 2045 4317 per
2066 4250 2491 4303 antonomasiam
2521 4258 2613 4302 aut
2635 4264 2727 4317 per
2761 4250 3165 4305 excellentiam.

1820 4338 1847 4409 ᾗ
1882 4338 1961 4393 lll.
1995 4337 2135 4402 Quid
2180 4339 2505 4404 contacium,
2539 4341 2658 4408 quis
2683 4342 2797 4408 ejus
2834 4342 3263 4405 inventum-quid
3304 4356 3397 4398 ca-

2310 4423 2413 4461 non
2438 4447 2453 4473 ,
2495 4420 2543 4463 et
2588 4411 2889 4480 quotuplex.

1896 4520 1980 4575 15.
2015 4521 2217 4591 Duplex
2253 4521 2341 4575 illa
2372 4523 2719 4593 signiﬁcatio,
2754 4536 2919 4592 quam
2951 4526 3068 4579 voci
3100 4528 3397 4594 troparium

1826 4628 1985 4682 Supra
2015 4613 2275 4678 dedimus,
2327 4616 2487 4668 modo
2513 4614 2761 4683 generica
2786 4655 2803 4680 ,
2838 4617 2995 4671 modo
3018 4618 3293 4688 speciﬁea,
3350 4620 3399 4673 si

1827 4704 2163 4769 admittatur,
2188 4704 2345 4774 plana
2372 4714 2501 4757 sunt
2545 4706 2750 4771 omnia,
2798 4708 2931 4762 nihil
2970 4710 3021 4762 in
3053 4710 3399 4767 doctissimo-

1828 4813 1945 4851 rum
1994 4798 2269 4851 hominum
2326 4796 2684 4855 locntionihus
2731 4814 2999 4869 pugnans,
3043 4801 3173 4856 nihil
3214 4804 3396 4859 αιιώίο

1826 4904 2007 4959 guum.
2038 4889 2106 4943 Et
2140 4904 2269 4944 vero
2298 4888 2612 4942 admittetur
2634 4890 2753 4946 sine
2792 4892 2896 4946 ulla
2932 4897 3300 4950 controversia
3328 4896 3400 4953 ab

1829 4981 1911 5046 iis,
1950 4980 2040 5049 qui
2067 4986 2267 5033 norunt
2299 4979 2503 5033 similes
2548 4979 2922 5051 ltomonytuias
2944 4984 2994 5035 in
3024 4984 3397 5042 ecclesiastico

1825 5068 2133 5125 Grzecorum
2177 5081 2425 5121 sermone
2448 5081 2569 5121 esse
2616 5070 2936 5137 complures.
2971 5070 3242 5125 Vocabula
3285 5072 3393 5127 alia

1828 5172 1885 5215 ut
1919 5170 2258 5229 praeteream,
2289 5174 2449 5212 unum
2470 5160 2753 5214 κοντάκιον
2784 5177 2944 5228 quam
2978 5162 3143 5215 multa
3177 5164 3400 5230 signiti—

1826 5252 1949 5306 cat!
1982 5265 2143 5319 quam
2178 5248 2421 5302 diversa!
2470 5248 2749 5320 Signiﬁcat
2780 5251 2924 5304 aliud
2964 5251 3015 5304 in
3062 5265 3399 5306 commenta-

1830 5345 1993 5404 tioue,
2027 5339 2171 5395 aliud
2191 5341 2247 5393 in
2270 5338 2452 5393 divino
2478 5342 2732 5395 horarum
2763 5340 2961 5405 oﬂicio,
2986 5344 3129 5397 aliud
3162 5344 3214 5397 in
3244 5345 3397 5396 litur-

1827 5436 1933 5505 gia,
1966 5433 2158 5487 iterum
2192 5431 2244 5485 in
2284 5431 2625 5486 ordinatione
2672 5432 2817 5484 aliud
2856 5445 3019 5501 atque
3056 5434 3220 5487 aliud.
3285 5434 3395 5489 Has

1827 5525 2250 5597 signiﬁcationes
2276 5523 2535 5592 singulas,
2576 5526 2627 5578 in
2668 5526 3089 5599 ’Λρχιερατικῷ,
3119 5529 3232 5582 sive
3256 5528 3394 5582 libro

1829 5614 2115 5687 pontiﬁcali
2147 5611 2401 5669 Ecclesia:
2432 5611 2654 5677 Graec-at.
2684 5630 2914 5686 Operose
2951 5633 3150 5687 perque
3184 5618 3397 5673 erudite

1828 5708 2057 5778 explicat
2084 5704 2316 5761 lsaacius
2350 5701 2637 5773 llabertus,
2669 5709 2857 5763 doctor
2884 5709 3237 5769 Sorbonicus.
3264 5716 3397 5767 tunc

1828 5802 1991 5857 abbas
2021 5800 2077 5854 S.
2122 5795 2302 5851 Maria:
2332 5794 2396 5850 dc
2447 5796 2688 5865 Allodiis,
2728 5809 2913 5870 postea
2949 5800 3242 5857 Vahrensis
3277 5801 3392 5863 eci—
