4066 6314
681 364 849 403 σείει

2040 344 2569 402 PROLEUOMENA.

684 478 900 531 scopus,
922 477 1076 533 quem
1104 462 1292 516 avidus
1322 463 1526 518 sciendi
1546 464 1713 517 lector
1733 469 1906 531 potest
1934 462 2247 516 consulere:
2279 465 2325 524 Α
2355 460 2752 515 solemnitatum
2787 500 2801 524 ,
2832 458 2925 516 sed
2970 465 3024 514 et
3061 456 3345 519 illustrium
3380 470 3693 520 sanctorum
3726 480 3903 523 conta-

685 553 902 625 longum
941 564 1023 608 est
1058 554 1202 607 enim
1248 552 1440 607 afl‘erre
1466 570 1666 610 omnia.
1703 555 1774 607 At
1825 568 1953 609 vero
1999 568 2121 607 cum
2163 555 2247 607 hic

681 646 990 700 Graecorum
1053 644 1369 699 ἀκολουθίαν
1446 642 1796 701 evolvendam
1876 646 2244 714 susceperim,

682 750 902 791 necesse
939 744 1021 790 est
1071 737 1270 803 dicere,
1306 738 1458 806 quid,
1508 736 1813 803 κοντάκιον,
1851 737 2038 791 saltem
2088 738 2139 791 in
2184 753 2246 793 ea

680 828 963 895 significet.
1000 846 1018 879 ι
1062 826 1118 881 lu
1153 830 1419 897 oratione,
1462 850 1480 882 ι
1512 829 1685 897 inquit
1717 830 1789 883 ibi
1829 828 2095 884 Habertus
2125 844 2242 899 pag.

680 918 767 981 59,
806 937 826 970 ι
862 933 955 974 seu
988 920 1152 975 divini
1196 920 1451 975 horarum
1488 919 1646 975 oflicii
1674 922 1993 977 recitatiOne
2023 922 2103 975 vel
2148 923 2245 977 des

680 1008 1011 1074 t-utttatione,
1061 1010 1363 1063 contacium
1396 1018 1478 1065 est
1497 1025 1666 1081 genus
1696 1014 1965 1082 quoddam
2006 1013 2244 1068 modula-

682 1109 791 1153 tum
822 1100 1002 1170 hymni
1031 1114 1124 1153 seu
1158 1103 1348 1157 cantici
1372 1103 1744 1168 ecclesiastici,
1778 1106 1988 1159 caeteris
2032 1106 2241 1177 simpli-

679 1192 815 1255 cius,
873 1194 1043 1262 iisque
1100 1196 1339 1263 brevius,
1378 1201 1536 1269 quale
1579 1200 1803 1269 singulis
1855 1201 2043 1255 diebus
2095 1202 2243 1255 festis

678 1284 946 1352 proprium
996 1296 1117 1343 est:
1166 1292 1307 1345 unde
1347 1293 1645 1347 Κοντάκιον
1672 1293 1772 1363 τῆς
1805 1293 2018 1367 ἡμέρας
2057 1303 2243 1348 conta-

676 1374 817 1427 cium
849 1376 951 1431 diei
976 1392 1218 1437 vocatur.
1251 1402 1269 1435 ι
1334 1383 1471 1438 Tum
1508 1385 1725 1453 subjicit
1771 1392 2075 1456 exemplum
2114 1401 2243 1439 cou—

679 1467 801 1521 tacii
828 1468 944 1536 ejus
970 1474 1075 1526 diei
1112 1478 1163 1526 in
1195 1490 1300 1542 quo
1330 1476 1395 1530 de
1420 1477 1669 1533 contacia
1687 1480 1977 1544 scribebat,
2005 1480 2093 1549 Qui
2126 1489 2241 1533 erat

676 1558 793 1613 dies
817 1575 971 1615 sacer
991 1573 1180 1618 sancto
1205 1565 1459 1637 Georgio.
1487 1567 1601 1623 Non
1636 1581 1717 1625 est
1760 1571 1809 1623 in
1849 1571 2031 1623 animo
2054 1582 2240 1622 exem-

674 1649 818 1715 plum
844 1651 973 1706 illud
1003 1658 1386 1723 transcribere,
1423 1661 1547 1729 quia
1576 1661 1719 1714 aliud
1754 1661 1806 1714 in
1842 1660 2015 1715 ofﬁcio
2046 1660 2237 1715 horum

676 1740 836 1795 trium
870 1759 1179 1803 sanctorum
1213 1768 1335 1805 mox
1377 1754 1692 1807 inventurus
1724 1766 1807 1810 est
1835 1754 2024 1809 lector.

747 1833 831 1887 Μ.
867 1835 1034 1893 Porro
1060 1855 1125 1894 ex
1165 1843 1264 1895 hac
1293 1842 1513 1898 Haberti
1538 1845 1902 1916 descriptione
1925 1844 2061 1899 efﬁci
2089 1848 2238 1916 cogi-

674 1940 780 1991 que
825 1938 1018 1993 potest,
1068 1933 1372 1987 contaciutn
1435 1934 1702 2004 proﬂuere
1752 1954 1781 1989 a
1831 1937 2065 1994 dictione
2116 1956 2239 1992 κον-

672 2015 784 2077 τός,
821 2030 932 2069 rem
954 2018 1167 2075 brevem
1202 2022 1564 2092 significante.
1594 2026 1777 2095 Neque
1800 2042 1927 2082 vero
1961 2030 2135 2099 placet
2155 2030 2239 2083 Li-

670 2106 941 2175 garidius,
966 2111 1055 2178 qui
1092 2116 1251 2168 audet
1278 2116 1385 2168 ἀπὸ
1407 2116 1498 2169 τοῦ
1523 2116 1712 2171 κοντοῦ
1732 2120 1797 2174 ab
1830 2119 1983 2175 hasta
2011 2122 2123 2177 sive
2151 2122 2232 2188 ja-

671 2194 1068 2254 culodeducere
1095 2201 1374 2256 κοντάκιον
1396 2244 1410 2268 ,
1443 2205 1670 2275 perinde
1704 2210 1858 2279 quasi
1894 2210 2033 2264 foret
2053 2218 2237 2264 conta-

669 2286 811 2338 cium
856 2289 1029 2342 oratio
1058 2307 1219 2358 quam
1247 2309 1504 2352 vocamus
1527 2298 2059 2367 jaculatoriam.Non
2092 2301 2233 2353 enim

668 2376 857 2441 κοντός
908 2377 1147 2445 jaculmn
1204 2388 1417 2455 proprie
1467 2391 1763 2460 significat;
1826 2394 1951 2447 licet
2004 2390 2234 2446 Joannes

668 2466 907 2524 blorinus
940 2470 1016 2527 De
1053 2481 1215 2529 sueris
1253 2480 1675 2537 ordinationibus
1720 2500 1843 2551 pag.
1862 2483 1987 2547 250,
2027 2482 2077 2537 id
2102 2484 2237 2538 velle

670 2567 905 2631 probare
930 2567 1171 2621 videatur
1199 2584 1260 2620 ex
1299 2569 1389 2623 illo
1413 2570 1627 2626 Homeri
1664 2573 1929 2629 versiculo
1963 2573 2155 2647 Odyss.
2179 2594 2232 2632 I:

745 2656 1064 2725 Αὑτὰρὲτὼ
1087 2658 1359 2726 χεῲεσσι
1384 2662 1586 2715 λαϐὼν
1614 2664 1936 2735 περιμήκεα
1968 2671 2203 2723 κοντόν.

670 2741 821 2796 Hunc
876 2744 1091 2801 Honteri
1144 2750 1318 2804 locum
1377 2754 1421 2806 si
1458 2753 1695 2811 Morinus
1742 2758 1981 2820 adiisset.
2012 2760 2236 2815 vidisset

670 2832 786 2887 luce
825 2834 1042 2902 clarius,
1084 2842 1270 2904 κοντός
1316 2858 1418 2897 non
1448 2860 1566 2898 esse
1602 2844 1862 2915 jaculum,
1890 2850 1981 2903 sed
2007 2850 2234 2921 praelon-

667 2939 788 2992 gam
840 2930 1100 2995 perticam
1155 2949 1260 3003 qua
1320 2937 1529 2993 minora
1585 2942 1796 3011 navigia
1872 2944 2235 3013 impelluntur,

667 3016 858 3074 Latine
883 3038 1094 3093 quoque
1119 3041 1306 3082 contus
1335 3032 1560 3095 dictam;
1610 3033 1679 3086 ibi
1704 3036 1845 3088 enim
1888 3036 2013 3090 facit
2046 3036 2239 3092 Home-

2349 551 2436 605 cia
2470 551 2717 623 perfecit,
2746 552 2815 604 ita
2850 562 2906 607 ut
2935 552 3305 609 contaciorum
3340 558 3406 613 ab
3438 559 3553 628 ipso
3574 562 3896 625 composito-

2351 660 2468 698 rum
2502 634 2656 715 copia
2681 644 3041 698 millenarium
3082 644 3325 711 excedat,
3360 652 3410 703 in
3437 662 3566 718 pace
3595 646 3760 699 vitam
3790 648 3900 703 (ini-

2348 737 2442 790 vit.
2485 757 2504 789 ι

2424 829 2507 884 I6.
2540 827 2733 884 Verum
2764 826 2839 895 (id
2864 830 3004 896 quod
3042 846 3172 901 pace
3213 828 3312 882 viri
3344 834 3475 886 tanti
3510 830 3764 892 dixerim)
3792 830 3903 887 hzcc

2350 918 2672 975 Menworum
2696 921 2857 973 verba
2882 920 3121 978 indicant
3149 921 3387 995 quidem,
3417 925 3683 988 contacia,
3718 935 3748 974 a
3775 935 3900 974 san-

2345 1022 2435 1066 cto
2468 1014 2709 1067 Romano
2731 1014 3023 1083 composita
3047 1016 3214 1071 fuisse
3236 1028 3394 1083 quam
3422 1014 3687 1083 plurima;
3720 1013 3813 1069 sed
3834 1014 3901 1069 ab

2346 1103 2465 1172 ipso
2484 1104 2648 1159 fuisse
2669 1104 2900 1173 primum
2926 1104 3212 1160 adinveuta
3233 1121 3336 1161 non
3360 1105 3615 1162 indicant.
3634 1108 3897 1162 Prazterea

2344 1198 2517 1251 sancti
2553 1194 2777 1249 Romani
2809 1194 3001 1251 festum
3029 1196 3083 1249 in
3114 1196 3330 1252 Henteis
3352 1196 3427 1250 sic
3451 1194 3703 1251 indicitur
3724 1197 3901 1264 εΜνή-

2350 1306 2425 1361 μη
2456 1288 2549 1343 τοῦ
2589 1288 2739 1341 ὁσίου
2789 1290 2997 1360 Πατρὺς
3031 1290 3183 1358 ἡμῶν
3218 1287 3476 1361 Ῥομανοῦ
3520 1292 3745 1361 ποιητοῦ
3795 1291 3899 1343 τῶν

2344 1380 2665 1433 κοντακίων.
2700 1378 2798 1433 Ubi
2823 1381 3213 1434 observandum
3248 1392 3358 1449 est,
3390 1379 3613 1450 ποιητοῦ
3636 1382 3745 1436 τῶν
3775 1395 3896 1437 κον·

2342 1474 2565 1537 τακίων,
2617 1481 2786 1540 poetae
2829 1474 2943 1527 sive
2999 1473 3294 1529 conditoris
3347 1472 3711 1530 contaciorum
3753 1476 3892 1538 diei;

2343 1580 2447 1619 non
2500 1562 2725 1633 εὑρετοῦ
2758 1564 3089 1629 inventoris,
3127 1580 3235 1635 quo
3288 1578 3446 1635 pacto
3488 1565 3630 1631 loqui
3691 1562 3895 1619 Hence

2344 1656 2679 1719 debuissent,
2714 1656 2758 1713 si
2788 1657 3083 1712 voluissent
3130 1658 3499 1714 contaciorum
3530 1657 3895 1712 inventionem

2346 1749 2403 1801 Ι).
2466 1746 2709 1805 Romano
2764 1750 3078 1805 attribuere.
3120 1749 3285 1806 Miror
3335 1768 3468 1808 sane
3528 1748 3893 1806 acutissimum

2344 1839 2632 1895 llabertum
2657 1844 2723 1897 ad
2752 1842 2864 1897 haec
2898 1856 3001 1894 non
3034 1842 3335 1899 advertisse
3360 1846 3624 1912 animum,
3663 1857 3770 1898 non
3799 1842 3895 1894 ad-

2341 1928 2566 1983 vertisse
2600 1930 2878 1995 Morinum,
2912 1945 3013 1983 non
3046 1929 3383 1997 Gretserum,
3435 1950 3541 1989 non
3572 1938 3723 1990 viros
3758 1934 3895 1988 alios

2336 2020 2598 2075 eruditos.
2634 2025 2809 2090 Atque
2844 2021 2956 2075 ltmc
2987 2022 3118 2076 mihi
3151 2022 3444 2091 disputanti
3476 2028 3626 2079 venit
3658 2027 3709 2080 in
3743 2041 3895 2081 men-

2340 2122 2444 2165 tem
2481 2111 2758 2185 Ligaridii,
2788 2114 2876 2181 qui
2910 2122 3047 2168 teste
3103 2111 3302 2177 Goaro,
3336 2115 3672 2170 inventorem
3710 2127 3894 2187 tropa-

2338 2221 2538 2261 rtorum
2573 2207 2699 2261 facit
2727 2206 3197 2278 Chrysostomum.
3234 2209 3314 2261 An
3366 2206 3667 2276 Ligaridius
3697 2209 3893 2264 habeat

2338 2307 2611 2352 auctorem
2646 2298 2892 2353 idoneum
2913 2340 2929 2361 ,
2960 2315 3065 2353 nou
3092 2298 3226 2355 scio.
3260 2297 3371 2352 Hoc
3401 2298 3532 2363 scio,
3556 2297 3703 2353 circa
3768 2307 3894 2353 azta-

2340 2401 2447 2444 tem
2484 2391 2859 2461 Chrysostomi
2892 2392 2942 2444 in
2974 2406 3070 2443 usu
3112 2389 3277 2443 fuisse
3301 2389 3571 2459 trOparia;
3608 2392 3735 2458 quia
3794 2390 3893 2444 Ce-

2335 2485 2534 2540 drenus
2570 2494 2865 2546 memorat,
2897 2498 3037 2537 anno
3069 2494 3261 2537 octavo
3293 2482 3486 2537 Leonis
3512 2480 3687 2551 Magni
3724 2482 3895 2551 impe-

2338 2575 2553 2638 ratoris,
2592 2575 2921 2645 Anthymum
2949 2588 3014 2627 ac
3045 2572 3334 2629 Timoclem
3359 2574 3718 2644 tropariorum
3761 2589 3893 2644 poe-

2338 2673 2418 2716 tas
2457 2663 2776 2717 innotuisse.
2842 2660 3063 2718 Molesta
3110 2662 3340 2721 fortasse
3385 2662 3572 2719 lecton
3628 2665 3890 2720 acciderit

2334 2754 2447 2809 luce
2486 2755 2659 2823 qualis
2690 2754 2864 2826 qualis
2903 2756 2969 2810 ad
3002 2755 3307 2812 inventores
3333 2756 3617 2829 digressio,
3638 2772 3810 2826 quare
3828 2758 3893 2810 ad

2338 2847 2669 2917 propositum
2702 2856 3055 2903 revertamur.
3084 2849 3404 2905 Contacium
3456 2865 3583 2919 ergo
3610 2850 3897 2919 subsequi-

2339 2947 2425 2990 tur
2452 2930 2631 3001 Οϊκος,
2657 2937 2745 3006 qui
2782 2952 2810 2989 a
2841 2936 3017 2992 Goaro
3058 2953 3111 3005 p.
3140 2938 3205 2992 67
3230 2939 3557 2993 describitur
3588 2957 3602 2992 :
3642 2956 3660 2988 ι
3696 2937 3893 3007 Hymni

2338 3043 2505 3097 genus
2538 3030 2589 3083 in
2627 3029 2715 3082 Del
2770 3027 2856 3082 vel
2914 3030 3086 3083 sancti
3121 3029 3345 3099 alicujus
3378 3030 3590 3082 laudem
3634 3028 3706 3079 ita
3765 3042 3895 3080 con-

673 3126 763 3164 rus
808 3110 1049 3185 Ulyssem
1099 3134 1344 3185 narrare,
1404 3123 1674 3189 quomodo
1719 3126 2233 3194 appropinquantem
2262 3149 2307 3211 ε
2339 3127 2627 3183 structum,
2661 3131 2717 3172 ut
2772 3120 2924 3187 quasi
2965 3134 3275 3186 compagem
3310 3160 3323 3179 ,
3379 3118 3688 3184 mdificium,
3726 3118 3892 3172 fabri-

668 3202 735 3252 ad
781 3202 929 3256 littus
978 3203 1356 3276 Polyphemum
1390 3211 1701 3278 detruserit,
1755 3224 1972 3281 arrepto
2014 3215 2233 3269 immani

668 3298 849 3345 conlo.

740 3380 827 3435 15.
854 3381 960 3439 Sed
994 3384 1147 3455 juvat
1172 3389 1369 3443 iterum
1388 3389 1580 3446 audire
1610 3391 1905 3449 ﬂabertutu
1939 3396 2019 3450 sic
2040 3412 2231 3462 prose-

667 3484 923 3538 quentem
960 3492 973 3527 :
1006 3494 1025 3528 ι
1064 3476 1187 3532 Ηιεε
1219 3488 1397 3535 autem
1429 3483 1673 3538 contacia
1711 3484 1929 3540 inventa
1965 3497 2090 3542 sunt
2138 3492 2237 3544 cir-

670 3582 730 3654 ca
764 3582 965 3622 annum
1010 3571 1217 3626 Domini
1254 3575 1767 3643 quingentesimum,
1815 3581 1914 3634 sub
1947 3581 2236 3636 Anastasio

669 3656 1013 3721 inperatore.
1069 3662 1309 3729 Inventa,
1346 3667 1587 3734 inquam,
1635 3667 1893 3724 divinitus
1926 3687 1953 3723 a
1994 3671 2235 3726 Romano

668 3748 975 3817 (Emeseno)
1017 3752 1279 3817 diacono;
1306 3757 1419 3823 qui,
1458 3757 1588 3809 dum
1626 3757 1679 3811 in
1714 3762 1946 3826 quadam
1996 3763 2237 3828 Deiparte

665 3836 891 3893 ecclesia
921 3840 1020 3911 τὴν
1046 3841 1365 3911 παννυχίδα,
1399 3859 1582 3899 sacras
1611 3846 1821 3915 v?gilias
1847 3861 2146 3916 perageret,
2180 3859 2235 3900 ut

666 3940 923 3983 narratur
957 3933 1008 3985 in
1045 3931 1245 3987 Menam
1278 3934 1585 3989 Grmcorutn
1612 3935 1719 4005 (die
1756 3940 1771 3992 I
1810 3936 2115 4004 Octobris);
2163 3938 2236 3991 Τὸ

667 4020 933 4092 χάρισμα,
959 4022 1151 4093 inquit,
1174 4025 1269 4095 τῆς
1293 4026 1563 4094 συνάξεως
1592 4029 1893 4097 (legendqu
1913 4031 2233 4101 συντάξεως)

666 4110 777 4163 τῶν
804 4113 1098 4167 κοντακίων
1132 4115 1339 4183 ἔλασεν,
1374 4118 1728 4191 ἐπιφανείσης
1770 4121 1919 4193 αὐτῷ
1946 4121 2045 4193 τῆς
2067 4123 2235 4194 ὑπερ-

668 4206 828 4272 αγίας
856 4207 1116 4260 Θεοτόκου
1165 4214 1280 4262 κατ’
1305 4212 1455 4285 ὄναρ,
1484 4214 1581 4266 καὶ
1612 4215 1772 4285 τόμον
1796 4216 1997 4288 χάρτου
2031 4216 2239 4271 ἐπιδού-

669 4313 768 4365 σης
800 4298 893 4350 καὶ
932 4298 1268 4370 κελευσάσης
1300 4302 1461 4355 αὑτὸν
1508 4308 1844 4373 καταφαγεῖν
1905 4306 2120 4373 Ἐδοξεν
2145 4302 2239 4361 οὖν

668 4386 876 4453 ἀνοῖξαι
905 4388 966 4441 τὸ
998 4389 1171 4460 στόμα
1203 4392 1297 4444 καὶ
1331 4397 1619 4446 καταπιεῖν
1665 4396 1755 4448 τὸν
1799 4396 2026 4467 χάρτηνι
2061 4393 2150 4469 (ἦν
2181 4397 2238 4451 δὲ

2338 3220 2569 3274 eamque
2602 3207 2858 3260 virtutum
2897 3206 3015 3276 ejus
3049 3218 3103 3261 et
3157 3208 3341 3276 gloria:
3380 3206 3623 3260 videatur
3677 3222 3895 3278 compo-

2336 3313 2463 3353 nere
2491 3317 2505 3354 :
2536 3308 2590 3354 et
2625 3299 2744 3353 ideo
2768 3298 3036 3369 κοντακίῳ
3068 3301 3374 3368 opponitur,
3410 3308 3467 3354 ut
3493 3316 3557 3355 eo
3586 3301 3819 3372 amplius
3843 3311 3898 3355 et

2337 3391 2609 3447 diffusius.
2663 3412 2681 3443 ›
2724 3392 3113 3463 Explicationis
3152 3393 3396 3448 clarioris
3448 3409 3608 3449 causa
3637 3436 3651 3459 ,
3716 3396 3897 3449 subdit

2335 3486 2477 3540 Goar
2532 3501 2548 3540 :
2617 3504 2636 3537 ι
2708 3485 2826 3540 Itali
2893 3501 3106 3556 quoque
3169 3500 3266 3541 sua
3329 3495 3573 3555 poemata
3641 3484 3845 3540 habent
3879 3502 3891 3514 ο

2336 3590 2516 3633 stanse
2573 3594 2669 3633 sua
2722 3578 2936 3648 lingua,
2988 3579 3039 3632 id
3094 3588 3177 3633 est
3224 3579 3413 3632 domus
3442 3579 3555 3631 sive
3588 3576 3893 3630 habitacula

2337 3673 2500 3725 dicta.
2529 3690 2550 3721 ι

2411 3761 2496 3814 1⁸7.
2544 3760 2666 3831 ᾬδὴ
2701 3770 2878 3812 autent
2933 3758 3013 3811 vel
3068 3759 3341 3813 canticum
3378 3758 3507 3827 quid
3546 3757 3659 3821 sit,
3715 3758 3897 3812 Mlius

2340 3850 2551 3902 videtur
2604 3862 2744 3910 esse,
2779 3861 2938 3915 quam
2970 3856 3027 3901 ut
3078 3847 3165 3901 hic
3198 3862 3227 3900 a
3259 3863 3345 3902 me
3370 3846 3630 3916 explicari
3682 3845 3895 3903 debeat.

2337 3938 2467 4002 Quis
2488 3936 2629 3990 enim
2656 3936 2838 4003 Musis,
2868 3937 3116 3992 !|abacuc
3146 3938 3479 4006 aliorumque
3508 3937 3896 4007 prophetarum

2339 4030 2551 4083 cantica
2612 4029 2869 4097 ignoret?
2929 4026 3114 4083 Solent
3142 4036 3321 4084 antem
3358 4044 3549 4084 novem
3600 4029 3899 4098 Scriptura:

2337 4136 2507 4174 sacra:
2536 4120 2767 4186 cantica,
2791 4122 3080 4174 secundum
3115 4122 3358 4177 ordinem
3388 4131 3443 4177 et
3483 4121 3670 4186 ferias,
3697 4122 3749 4175 in
3779 4120 3896 4176 lla-

2340 4212 2511 4264 tntino
2534 4210 2762 4266 recitare
2788 4209 2981 4266 Graeci.
3014 4209 3253 4266 Primum
3286 4213 3503 4282 quidem
3537 4213 3814 4267 Dominica
3845 4222 3898 4265 et

2341 4302 2471 4355 feria
2509 4316 2582 4365 ιι,
2616 4302 2886 4356 canticum
2937 4301 3100 4357 bIosis
3149 4302 3329 4373 (quod
3375 4313 3551 4357 exstat
3594 4304 3760 4356 Exodi
3808 4316 3895 4364 xv,

2338 4403 2390 4445 et
2413 4392 2463 4444 iu
2486 4389 2728 4444 Romano
2754 4389 3028 4445 Breviario
3044 4392 3181 4445 seria
3209 4406 3261 4454 v,
3292 4392 3357 4445 ad
3377 4391 3897 4463 ιιιιιάοε),”ᾼσωμεν

669 4477 703 4545 ἡ
731 4477 890 4547 ἑορτὴ
919 4477 1010 4531 τοῦ
1063 4480 1295 4552 Χριστοῦ
1328 4482 1575 4550 γενεῶν),
1616 4484 1709 4535 καὶ
1762 4486 1965 4549 εὐθέως
2009 4487 2236 4553 ἔξυπνος
2268 4509 2308 4564 D
2338 4481 2416 4551 τῷ
2450 4482 2660 4552 Κυρίῳ,
2687 4481 2911 4549 ἰνδόξως
2935 4483 3041 4553 γὰρ
3060 4482 3387 4549 δεδόξασται,
3419 4481 3695 4537 cunmm“
3718 4482 3899 4536 θοηιί·

667 4569 975 4639 γενόμενος,
1031 4572 1236 4637 ἀναϐὰς
1269 4575 1323 4625 ὲν
1350 4573 1428 4645 τῷ
1472 4575 1704 4647 apem,
1753 4575 1955 4646 ἤρξατο
1990 4576 2232 4645 ψάλλειν

683 4656 749 4708 Ἦ
784 4657 1055 4728 Παρθένος
1114 4664 1351 4733 σήμερον
1398 4664 1483 4716 τὸν
1525 4664 1844 4735 ὑπερούσιον
1897 4666 2088 4719 τίκτει.
2127 4668 2237 4721 Καὶ

673 4750 904 4819 ποιήσας
933 4754 1029 4805 καὶ
1077 4753 1183 4806 τῶν
1221 4754 1419 4811 λοιπῶν
1446 4757 1646 4829 ἑορτῶν
1686 4759 1753 4811 τὰ
1794 4758 2068 4823 κοντάκια,
2100 4758 2237 4813 ἀλλὰ

670 4837 733 4907 δὴ
760 4838 855 4892 καὶ
881 4840 988 4893 τῶν
1016 4843 1301 4913 ἐπισήμων
1336 4847 1527 4913 ἁγίων,
1548 4847 1621 4911 ὡς
1642 4846 1779 4902 εἶναι
1808 4850 1868 4903 τὸ
1897 4848 2099 4920 πλῆθος
2128 4850 2237 4903 τῶν

670 4929 765 4982 ὑπ’
807 4930 969 4984 αὑτοῦ
1008 4935 1311 5004 γενομένων
1349 4939 1646 4991 κοντακίων
1686 4940 1827 5012 ὑπὲρ
1857 4940 1927 4994 τὰ
1969 4940 2133 5012 χίλια,
2180 4944 2237 4995 ὲν

672 5024 862 5096 εἰρήνῃ
917 5026 1227 5099 ἐτελειώθη.
1288 5045 1307 5079 ι
1359 5029 1633 5085 Romanus
1688 5034 1943 5088 diaconus
2008 5034 2234 5104 gratiam

673 5116 1076 5183 compositionis
1123 5120 1493 5173 contaciorum
1551 5120 1921 5178 faciendorum
1980 5126 2235 5193 accepit,

675 5220 796 5259 cum
850 5207 907 5262 in
957 5211 1163 5265 sonmis
1214 5214 1553 5281 apparuisset
1598 5214 1700 5283 ipsi
1745 5216 2085 5270 sanctissima
2141 5216 2233 5270 Dei

676 5295 947 5361 Genitris,
1001 5301 1160 5367 eique
1212 5309 1412 5357 tomum
1449 5319 1542 5358 seu
1594 5315 1801 5373 partem
1837 5306 2042 5361 charta:
2071 5307 2237 5361 tradi-

676 5388 865 5453 disset,
912 5392 1242 5446 manducare
1267 5394 1481 5461 jubens.
1545 5392 1704 5447 Visus
1730 5406 1812 5451 est
1840 5411 1970 5465 ergo
2016 5411 2079 5452 os
2104 5409 2235 5465 ape-

676 5477 788 5533 rire
834 5488 890 5534 et
946 5484 1188 5536 chartam
1253 5484 1545 5539 absorbere
1596 5486 1735 5556 (erat
1804 5496 1984 5540 autem
2045 5486 2239 5540 natalis

676 5569 881 5626 Christi
914 5572 1076 5644 dies),
1128 5585 1288 5645 atque
1336 5577 1617 5632 confestim
1640 5593 1832 5633 somno
1865 5580 2093 5642 solutus,
2126 5595 2241 5630 amo

679 5659 875 5714 bouem
911 5666 1280 5720 conscendens
1320 5677 1547 5721 cantare
1597 5669 1763 5739 cmpit
1796 5686 1809 5722 :
1850 5668 2017 5724 Hodie
2078 5668 2239 5738 Virgo

681 5754 1257 5822 supersubstantialem
1316 5763 1478 5830 parit.
1542 5762 1712 5833 Atque
1763 5762 1852 5816 ubi
1909 5762 2235 5832 reliquarum

2340 4590 2407 4626 no
2448 4587 2467 4627 .'
2510 4576 2734 4642 gloriose
2785 4576 2920 4628 enim
2991 4576 3352 4645 magniﬁcatus
3416 4587 3513 4630 est.
3585 4574 3897 4632 Secundum

2341 4664 2504 4733 (quod
2567 4672 2647 4717 est
2694 4663 2856 4718 Mosis
2904 4664 3171 4717 canticum
3236 4665 3467 4720 alterum
3498 4704 3513 4730 ,
3556 4680 3623 4721 ex
3665 4667 3895 4722 Denter.

2341 4770 2531 4819 χχιιι,
2579 4733 2632 4808 έι
2674 4756 2727 4809 in
2785 4753 3061 4808 Breviario
3130 4754 3371 4810 Romane
3426 4758 3643 4825 ponitur
3685 4758 3895 4815 Sabba-

2341 4857 2396 4901 to
2439 4848 2504 4901 ad
2533 4846 2787 4915 Laudes),
2830 4845 3122 4916 incipitque
3153 4847 3648 4921 Πρόσεχε,οὐρανὲ,
3687 4852 3782 4905 καὶ
3808 4850 3899 4903 λα-

2338 4938 2505 5009 λήσω-
2555 4938 2766 5001 Audite,
2796 4938 2932 5003 cali,
2981 4954 3097 5005 qua
3122 4944 3325 5008 loquor,
3352 4950 3405 4994 et
3437 4952 3689 4996 cantatur
3716 4944 3821 4997 hoc
3858 4958 3886 4995 a

2338 5029 2540 5085 Graecis
2558 5030 2691 5083 feria
2716 5046 2795 5085 ιιι.
2813 5029 3075 5095 Tertium,
3102 5030 3435 5103 Ἐστερεώθη
3452 5035 3484 5103 ἡ
3504 5032 3697 5104 καρδία
3719 5050 3825 5103 μου
3844 5034 3898 5085 ὲν

2340 5122 2548 5193 Κυρίῳ,
2573 5121 2867 5176 Exsultaait
2886 5138 2978 5175 cor
3004 5138 3174 5175 meum
3202 5124 3257 5175 in
3282 5121 3526 5187 Domino,
3554 5137 3747 5192 nempe
3767 5138 3900 5177 ean-

2341 5215 2503 5268 ticum
2551 5214 2743 5279 Annae,
2784 5214 3073 5268 ascribitur
3131 5213 3281 5268 feria:
3333 5230 3407 5278 tv,
3466 5216 3605 5269 sicut
3650 5224 3705 5268 et
3748 5216 3894 5283 apud

2340 5304 2580 5359 Latinos.
2632 5303 2892 5371 Quartum
2927 5344 2942 5368 ,
2986 5303 3159 5375 Κύριε
3186 5344 3202 5368 ,
3247 5306 3542 5377 εἰσακήκοα
3583 5303 3683 5376 τὴν
3727 5305 3899 5375 ἀκοήν

2342 5411 2435 5447 σου
2457 5433 2471 5455 ,
2510 5392 2731 5446 Domine
2753 5432 2769 5456 ,
2809 5394 2988 5446 audivi
3040 5395 3367 5448 auditionem
3411 5408 3555 5447 tuam
3578 5431 3595 5458 ,
3622 5394 3897 5448 canticum

2341 5486 2548 5540 scilicet
2582 5482 2856 5548 Habacuc,
2892 5501 2921 5538 a
2956 5484 3165 5540 Latinis
3194 5485 3323 5540 feria
3349 5496 3500 5539 sexta
3524 5484 3629 5541 dici
3652 5485 3897 5551 solitum,

2342 5578 2475 5632 feria
2530 5594 2559 5630 v
2618 5590 2906 5645 usurpatur
2955 5595 2984 5631 a
3034 5578 3260 5634 Graecis.
3315 5578 3591 5645 Quintum,
3631 5580 3779 5648 quod
3816 5588 3893 5634 est

2341 5671 2608 5725 canticum
2640 5669 2787 5723 Isaiae
2818 5713 2833 5735 ,
2872 5687 2975 5723 non
3028 5671 3153 5723 illud
3187 5671 3396 5739 quidem
3431 5672 3572 5739 quod
3595 5681 3680 5725 est
3735 5670 3886 5727 Isaia

2347 5779 2443 5828 χιι,
2474 5774 2527 5817 et
2559 5762 2764 5833 incipit,
2800 5762 3099 5832 Couﬁtebor
3129 5765 3249 5829 tibi,
3285 5763 3522 5829 Domine,
3554 5763 3895 5834 proponitur-
