4086 6318
698 388 788 442 AD
824 386 1271 444 ACOLUTIIIAM
1304 384 1554 441 OFFlCll
1594 382 1826 440 αἰλίσι
1874 382 2320 440 DlSSERTATIO
2356 383 2820 441 ONOMASTICA.

3195 402 3391 448 ακηι

164 524 267 581 que
314 511 369 565 in
417 508 659 564 Romano
698 508 977 563 Breviario
1006 508 1138 562 feria
1166 522 1228 572 ιι,
1262 508 1327 561 ad
1362 506 1601 571 Laudes;
1634 505 1728 559 sed
1757 508 1804 565 Α
1830 518 2067 559 canones
2088 504 2242 558 relati
2268 512 2413 570 sunt,
2448 512 2502 557 et
2533 503 2625 573 qui
2652 504 2852 559 idcirco
2884 502 3039 560 libris
3063 504 3391 562 ecclesiasti-

158 605 305 674 quod
360 603 509 659 Isaia:
556 617 676 673 cap.
721 617 871 666 xxvi,
900 616 950 655 v.
979 601 1013 657 9
1047 640 1063 665 ,
1114 601 1302 669 incipit
1349 600 1400 653 in
1447 599 1668 669 Vulgata
1706 615 1720 652 :

161 698 358 749 Anima
382 711 495 749 mea
516 694 827 749 desiderarit
852 694 973 747 tein
1008 704 1172 757 nocte,
1220 694 1314 747 Ἐκ
1334 692 1523 755 νυκτὸς
1542 688 1725 762 ὀρθρί-

161 788 245 853 Cet
286 788 352 841 τὸ
385 785 603 857 πνεῦμά
634 804 733 857 μου
774 784 910 856 πρὸς
945 785 1039 851 σὲ,
1066 786 1095 839 ὁ
1121 784 1251 849 Θεὸς
1283 801 1298 817 ·
1332 785 1434 839 hoc
1455 824 1469 849 ,
1504 785 1723 853 inquam

164 880 315 934 lsaite
344 880 612 934 canticum
652 878 877 933 alterum
909 878 1046 948 apud
1083 876 1299 932 Grazcos
1330 878 1607 947 proprium
1637 888 1722 931 est

164 974 311 1027 terize
358 986 429 1025 vr.
463 971 695 1027 Sabbato
735 984 863 1026 vero
900 984 1133 1034 sextum,
1182 968 1415 1039 Ἐϐόησα
1446 970 1507 1022 ὲν·
1544 969 1723 1040 θλίψει

165 1081 266 1136 μου
301 1063 440 1135 πρὸς
467 1061 686 1131 Κύριον,
727 1062 840 1116 sive
871 1060 1141 1116 canticum
1171 1057 1351 1125 Jonas,
1388 1057 1628 1112 Clamavi
1658 1064 1724 1113 de

163 1155 504 1209 tribulatione
528 1170 642 1207 mea
666 1154 733 1206 ad
766 1152 1044 1206 Dominum
1068 1168 1087 1217 ;
1130 1160 1185 1205 et
1213 1152 1499 1222 septimum
1520 1192 1537 1216 ,
1559 1152 1721 1205 Εὐλοο

162 1247 331 1318 meo;
353 1240 426 1312 εῐ,
466 1243 637 1316 Κύριε
658 1248 687 1298 ὁ
716 1243 847 1306 Θεὸς
872 1242 981 1296 τῶν
1014 1242 1264 1315 πατέρων
1291 1242 1469 1314 ἡμῶν,
1502 1242 1723 1297 Benedi-

164 1350 279 1393 ctus
328 1354 407 1399 es,
457 1336 678 1391 Domine
710 1335 850 1388 Deus
901 1344 1112 1404 patrum
1145 1348 1462 1389 nostrorum.
1495 1336 1719 1406 Reliqua

166 1433 291 1495 duo,
316 1428 525 1485 scilicet
548 1429 717 1483 beatae
745 1425 925 1482 Mariae
956 1425 1189 1497 Virginis
1214 1436 1267 1482 et
1291 1426 1567 1482 Zachariae
1591 1443 1717 1497 pro-

165 1522 365 1591 pheta,
396 1520 503 1574 alio
531 1529 769 1587 tempore
798 1518 1177 1572 decantantur.

234 1610 323 1667 18.
345 1614 517 1680 Atque
533 1610 643 1664 haec
656 1622 847 1665 novem
877 1611 1084 1666 cantica
1106 1612 1335 1682 integra,
1352 1612 1405 1665 in
1422 1625 1543 1665 eum
1563 1627 1721 1682 quem

156 1703 269 1772 jam
312 1699 560 1756 recensui
604 1698 849 1755 ordinem
893 1701 1127 1763 redacta,
1149 1700 1389 1771 reperire
1418 1712 1502 1757 est
1526 1702 1579 1757 in
1614 1703 1721 1773 νέῳ

173 1792 494 1860 ’Δνθολογίῳ
519 1793 629 1847 sive
655 1806 796 1847 novo
816 1791 1102 1860 Florilegio
1115 1792 1329 1849 Antonii
1346 1794 1581 1857 Arcudii,
1603 1810 1726 1848 con-

1831 597 1911 653 cis
1940 606 2279 652 accensetur.

1898 689 1989 745 20.
2037 689 2218 760 Pergit
2260 689 2496 761 Cangius
2534 697 2589 743 et
2618 690 2741 743 ait:
2792 707 2810 740 ι
2846 687 3093 743 Canones
3130 697 3389 757 pmterea

1832 800 1896 838 ex
1926 785 2152 838 materia
2181 798 2340 851 quam
2396 791 2629 838 tractant
2686 783 2900 836 nomina
2945 794 3241 850 sumpsere.
3284 782 3391 835 Alii

1830 876 1974 929 enim
2014 876 2380 945 ἀναστάσιμοι
2413 876 2687 940 dicuntur,
2714 876 2852 942 quod
2879 874 2945 927 de
2976 872 3179 927 Christi
3212 889 3379 928 resur-

1830 968 2067 1024 rectione
2088 976 2283 1036 agant;
2322 965 2715 1038 σταυρώσιμοι,
2745 966 2833 1035 qni
2869 966 2934 1020 de
2965 980 3163 1032 cruce;
3190 964 3389 1036 νεκρὼ-

1832 1079 1977 1133 σιμοι
2020 1072 2073 1115 ct
2119 1060 2507 1130 ἀναπαύσιμοι,
2557 1060 2644 1128 qui
2677 1060 2740 1112 de
2797 1058 3055 1123 mortuis;
3101 1074 3391 1130 σταυρονεο

1830 1153 2120 1225 κρώσιμοι,
2162 1153 2252 1222 qui
2304 1152 2372 1206 de
2428 1166 2589 1207 cruce
2636 1161 2691 1204 et
2756 1149 3017 1215 mortuis;
3052 1150 3393 1219 παρακλητι-

1830 1244 1935 1307 κοξ,
1971 1245 2059 1313 qtti
2102 1246 2167 1298 de
2214 1242 2478 1296 solamine
2530 1243 2871 1307 animarum;
2928 1242 3213 1311 ἱκετήριοι,
3264 1258 3393 1309 διψ-

1830 1336 2126 1405 plicatorii;
2178 1333 2463 1406 τριαδικοί.
2526 1333 2619 1402 qui
2676 1332 2744 1387 de
2800 1330 3089 1398 Triuitate;
3138 1334 3390 1402 δογματι-

1830 1427 1938 1488 κοί,
1968 1426 2055 1497 qui
2106 1427 2171 1479 de
2197 1423 2535 1493 dogmatibus
2574 1432 2759 1493 agunt,
2803 1434 2856 1475 et
2900 1424 2979 1476 sic
3016 1424 3082 1476 de
3134 1423 3387 1491 reliquis;

1829 1531 2065 1572 canones
2094 1516 2275 1585 itaque
2301 1516 2354 1569 in
2386 1514 2882 1575 odasdividuutur,
2908 1514 3025 1568 odte
3053 1513 3105 1567 in
3134 1516 3392 1579 troparia,

1831 1625 1897 1663 ex
1927 1609 2120 1679 quibus
2149 1615 2567 1678 componuntur.
2598 1604 2830 1674 Singula:
2864 1620 3097 1673 namque
3132 1607 3211 1674 (ut
3234 1606 3393 1659 habet

1831 1699 1937 1753 alio
1975 1699 2091 1753 loco
2121 1700 2261 1754 idem
2313 1700 2547 1767 Cangius
2593 1714 2656 1753 cx
2692 1699 2911 1769 Allatio)
2944 1700 3181 1769 tr0paria
3222 1701 3383 1754 conti-

1832 1798 1959 1844 nent
1989 1789 2140 1859 plura
2169 1799 2261 1843 aut
2284 1790 2557 1860 pauciora,
2590 1805 2710 1844 cum
2743 1806 2927 1845 eorum
2948 1806 3204 1846 numerus
3221 1795 3391 1844 deter-

162 1888 315 1937 tinuo
352 1892 475 1952 post
508 1881 830 1937 Psalterium
868 1901 923 1936 τι
946 1882 1248 1937 Secundum
1281 1896 1457 1938 autem
1487 1884 1720 1949 illorum,
1757 1866 1797 1923 Β
1828 1881 2066 1935 minatus
2086 1897 2190 1937 non
2220 1881 2314 1938 sit.
2359 1879 2621 1951 Troparia
2663 1896 2826 1951 porro
2868 1883 3197 1953 quandoque
3222 1884 3389 1936 libera

161 1973 428 2045 Πρόσεχε,
471 1973 686 2045 οὐρανὲ,
733 1972 827 2027 καὶ
852 1972 1087 2045 λαλήσω,
1134 1975 1260 2043 quia
1291 1975 1723 2045 correptionihtts

160 2076 211 2119 et
240 2065 407 2121 minis
444 2066 497 2120 in
518 2067 826 2134 pervicaces
849 2075 904 2120 et
924 2066 1226 2135 perduelles
1252 2065 1511 2122 Hebraeos
1541 2076 1719 2135 tonat,

160 2156 422 2213 omissum
458 2156 662 2213 idcirco
696 2164 810 2212 toto
841 2158 969 2211 anni
1024 2156 1255 2213 decursu
1284 2197 1299 2222 ,
1336 2158 1452 2214 solo
1480 2160 1726 2227 Quadra-

161 2251 380 2322 gesimte
409 2263 614 2320 magna:
639 2260 881 2319 tempore
922 2249 1173 2321 lugubri,
1203 2265 1312 2322 quo
1342 2254 1723 2308 comminatio-

163 2343 323 2400 nibus
383 2352 440 2399 et
486 2341 660 2396 tristis
693 2343 903 2413 augurii
949 2344 1174 2400 vocibus
1213 2355 1528 2415 peccatores
1557 2356 1727 2402 terret

162 2435 427 2498 Ecclesia,
450 2436 776 2488 cantandum
813 2436 1055 2491 resumit.
1092 2456 1111 2487 ι
1134 2438 1207 2492 Ita
1232 2437 1459 2503 Gnarus,
1487 2439 1726 2509 allegans

165 2526 438 2596 Horologii
464 2536 668 2595 typum.
698 2526 919 2591 Ὶστέον,
942 2528 1022 2582 ὅτι
1042 2531 1074 2599 ὴ
1094 2528 1322 2601 δευτέρα
1336 2529 1446 2601 ᾠδὴ
1470 2529 1726 2583 οὐδέποτε

166 2618 577 2689 στιχολογεῖται,
604 2620 652 2672 ei
692 2620 766 2691 μὴ
796 2622 855 2674 ὲν
885 2620 1019 2695 μόνῃ
1044 2624 1109 2694 τῇ
1142 2623 1353 2696 μεγάλῃ
1382 2623 1730 2696 Τεσσαρακο-

166 2712 261 2782 στῇ
299 2709 445 2764 κατὰ
491 2710 588 2783 τὴν
612 2712 822 2783 τρίτην.
860 2713 1148 2767 Sciendum
1196 2714 1398 2783 quod2
1453 2718 1723 2769 canticum

166 2816 443 2872 nunquam
483 2817 578 2874 per
611 2817 802 2858 versus
850 2804 1129 2871 recitatur,
1152 2804 1254 2858 nisi
1294 2802 1727 2875 Quadragesimae

164 2908 371 2964 magna
398 2893 571 2949 tertiis
592 2893 767 2949 feriis.

230 2984 322 3039 19.
356 2982 481 3039 Haec
510 2984 576 3039 de
626 2986 910 3054 scriptura:
965 2982 1212 3038 canticis.
1251 2982 1570 3055 Progredior
1614 2985 1726 3057 jam

162 3077 224 3130 ad
250 3092 540 3139 canonem,
564 3091 683 3140 qum
727 3083 812 3129 est
865 3089 990 3145 pars
1016 3072 1187 3130 Ollicii
1225 3073 1398 3131 Grteci
1433 3076 1570 3132 bene
1608 3094 1726 3133 ma-

162 3184 290 3239 gna.
323 3168 529 3237 Qmppe
579 3186 598 3220 ι
658 3181 893 3222 canones
952 3167 1034 3234 (ut
1090 3169 1325 3240 loquitur
1359 3170 1615 3242 Caugins)
1674 3172 1725 3225 in

159 3259 401 3315 Ecclesia
431 3256 617 3313 Greca
676 3257 925 3313 dicuntur
956 3261 1144 3331 hymni
1185 3262 1273 3332 (ex
1303 3272 1566 3329 perpetuo
1591 3263 1721 3317 oda-

158 3364 277 3405 rum
311 3358 368 3403 et
424 3349 780 3418 trepariorum
813 3352 1003 3407 ordine
1029 3365 1091 3405 ac
1121 3352 1260 3406 serie
1303 3351 1375 3403 ita
1406 3351 1717 3420 appellati),

158 3441 247 3507 qui
310 3446 435 3507 post
494 3437 740 3497 Psalmos
778 3441 1085 3509 Davidicos,
1121 3455 1455 3513 precesque,
1511 3450 1567 3498 et
1617 3443 1721 3498 alia

158 3532 426 3604 troparia,
485 3542 775 3601 antequam
824 3533 1083 3589 liniantur
1132 3533 1313 3589 divina
1369 3533 1721 3605 olIlcia,quae

157 3633 428 3679 nocturno
460 3632 701 3691 tempore
728 3624 873 3679 domi
906 3636 999 3680 aut
1030 3626 1083 3681 in
1136 3626 1382 3681 ecclesiis
1405 3628 1717 3695 exiguntur,

156 3716 273 3769 cani
305 3722 402 3768 aut
431 3713 647 3767 recitari
684 3716 876 3769 solent.
903 3718 1143 3771 Zonaras
1184 3719 1250 3771 ad
1292 3717 1540 3774 Canones
1573 3722 1720 3774 Ana-

156 3808 410 3861 stasimos
439 3806 747 3860 Damasceui
778 3807 1011 3859 :Kavc‘uv
1042 3808 1278 3875 λέγεται,
1310 3811 1390 3863 ὅτι
1418 3810 1719 3884 ὡρισμένον

156 3903 247 3953 ut
270 3897 657 3966 τετυπωμένον
682 3897 792 3969 ἔχει
818 3899 878 3951 τὸ
924 3898 1120 3973 μέτρον
1148 3903 1306 3958 ἐννέα
1338 3904 1500 3975 ᾠδαῖς
1538 3922 1720 3961 συντε-

154 3986 440 4059 λούμενον.
504 3986 748 4044 Canones
815 3991 978 4060 igitur
1044 3992 1353 4050 dividuntur
1413 3998 1465 4051 in
1531 4012 1718 4053 novem

154 4080 325 4143 udas;
364 4078 510 4133 inter
550 4094 684 4148 quas
742 4092 919 4136 tamen
976 4088 1215 4140 secunda
1248 4088 1437 4143 nullibi
1475 4101 1717 4159 apparet,

156 4173 247 4228 sed
310 4172 690 4243 cotuponentis
759 4173 811 4227 in
891 4184 1109 4243 pectore
1173 4188 1456 4245 remanet;
1526 4193 1645 4250 post
1687 4182 1721 4234 4

156 4280 285 4318 veto
329 4264 470 4319 oden
509 4272 551 4335 ,ι
581 4280 751 4320 canon
811 4266 1215 4337 interrumpitur
1257 4272 1379 4332 ταῖς
1443 4270 1715 4341 Ἀναγνὼ-

158 4373 296 4410 σεσι.
321 4356 461 4411 Τιιιιι
491 4358 633 4412 cuitu
659 4359 912 4415 lectiones
939 4360 1005 4415 de
1032 4359 1166 4416 Vitis
1207 4372 1537 4427 sanctorum,
1575 4380 1717 4435 quo-

158 4468 275 4503 rum
305 4466 374 4505 eo
418 4451 502 4504 die
552 4453 997 4506 commemoratio
1036 4455 1357 4517 celebratur,
1386 4467 1478 4510 aut
1518 4457 1585 4511 de
1616 4459 1716 4511 diei

1825 1986 1918 2027 aut
1948 1988 2079 2045 vaga
2135 1974 2547 2043 relinquuntur;
2585 1974 2905 2044 quandoque
2947 1976 3140 2043 primis
3171 1975 3386 2039 litteris,

1825 2066 1978 2135 quasi
2022 2064 2237 2119 annulis
2270 2066 2324 2120 in
2372 2066 2554 2120 verbis
2588 2066 2746 2120 veluti
2776 2065 3020 2121 cateunla
3058 2067 3392 2131 inseruntur,

1826 2173 1989 2227 quam
2014 2156 2379 2213 acrostichida
2403 2166 2657 2212 auctores
2675 2168 2887 2211 vocant.
2908 2157 3024 2213 Non
3051 2160 3118 2213 ab
3145 2160 3391 2213 omnibus

1830 2262 2008 2306 tamen
2038 2250 2128 2305 illa
2160 2248 2447 2321 colligendi
2480 2251 2616 2302 ratio
2638 2260 2693 2303 et
2738 2251 2925 2303 modus
2959 2260 3229 2305 servatur.
3260 2250 3392 2317 Qui-

1827 2342 1952 2397 dam
2001 2342 2275 2412 alphabeti
2303 2342 2546 2397 ordinem
2578 2353 2815 2403 servant,
2854 2342 2925 2395 ita
2963 2349 3022 2395 ut
3044 2343 3276 2411 primum
3304 2359 3391 2399 ca-

1829 2434 1987 2490 nonis
2029 2433 2325 2504 troparium
2355 2434 2424 2488 ab
2450 2435 2495 2487 A
2524 2435 2768 2505 incipiat,
2809 2443 2863 2490 et
2900 2434 2953 2489 in
2982 2436 3022 2487 0
3054 2434 3269 2490 demum
3304 2439 3391 2489 de-

1829 2524 1991 2583 sinat.
2028 2525 2131 2579 Alii
2181 2525 2236 2580 in
2275 2525 2645 2581 acrostichide
2676 2527 2937 2581 Θεοτόκια
2962 2529 3219 2598 (troparia
3261 2537 3390 2583 sunt

1829 2620 2052 2675 odarnm
2084 2631 2381 2689 postrema,
2413 2620 2466 2673 in
2486 2619 2747 2675 honorem
2771 2617 3006 2691 Virginis
3045 2620 3391 2691 concinnata)

1829 2708 2132 2764 includunt.
2157 2708 2261 2762 Alii
2294 2718 2448 2761 extra
2465 2722 2583 2763 eam
2598 2722 2695 2763 suo
2726 2710 2884 2763 modo
2905 2709 2987 2779 agi
3022 2708 3261 2781 ferrique
3300 2726 3391 2768 ca-

1828 2812 1999 2854 nones
2029 2814 2155 2853 suos
2181 2798 2389 2852 sinunt.
2424 2816 2445 2850 ι

1898 2890 1989 2948 21.
2017 2891 2123 2946 Alii
2155 2891 2345 2962 primis
2379 2890 2743 2961 tropariorum
2776 2890 2973 2946 litteris
3005 2892 3239 2960 aliquam
3267 2908 3391 2948 sen-

1832 2984 2052 3040 tentiam
2090 2992 2418 3050 contexunt;
2452 2982 2793 3054 alphabetum
2824 2982 2936 3049 alii,
2967 2992 3021 3038 et
3040 2993 3167 3037 tnuc
3196 2985 3391 3039 dicitur

1830 3090 1999 3131 canon
2034 3075 2173 3129 κατὰ
2202 3074 2510 3144 ἀλφάϐητον
2538 3093 2551 3128 :
2606 3085 2662 3129 et
2708 3076 3011 3146 exemplum
3039 3076 3392 3145 alphabetical

1831 3168 2171 3224 acrostichize
2226 3167 2447 3222 exhibet
2483 3166 2870 3221 Paracleticum
2906 3185 2957 3237 p.
3022 3170 3110 3224 16.
3150 3171 3391 3225 Aliorum

1829 3258 2071 3329 exempla
2106 3259 2253 3312 varia
2282 3258 2501 3313 exhibet
2528 3258 2816 3327 aliquoties
2848 3257 3269 3326 Papebrochius,
3292 3276 3390 3315 oc-

1825 3354 2041 3407 casione
2066 3359 2375 3406 sanctorum
2396 3353 2773 3419 quorumdam,
2802 3351 2959 3404 aliam
2980 3350 3090 3407 fere
3112 3351 3391 3407 historiam

1826 3443 1909 3498 vel
1942 3444 2246 3500 encomium
2280 3458 2383 3497 non
2412 3442 2743 3497 habentium.
2766 3443 2945 3515 Longe
2968 3446 3395 3514 pulcherrimum

1826 3539 1917 3594 dat
1944 3539 2097 3595 nobis
2125 3540 2284 3592 trium
2311 3539 2591 3591 doctorum
2624 3535 2933 3593 Graecorum
2972 3536 3391 3609 oﬂicium,quod

1820 3633 1930 3701 jam
1961 3646 2217 3704 paramus
2254 3630 2549 3697 illustrare,
2577 3632 2887 3700 exprimens
2918 3633 3126 3701 primus
3156 3631 3391 3687 clemen-

1826 3726 1896 3779 tis
1924 3726 2067 3780 hnnc
2097 3739 2311 3778 versum
2336 3725 2623 3778 iambicum
2667 3747 2678 3779 :

1970 3816 2287 3886 Τρισήλιον
2306 3814 2451 3885 φῶς,
2484 3814 2631 3883 τρεῖς
2660 3812 2896 3881 ἀνῆψεν
2918 3814 3150 3881 ἡλίους.

1824 3906 1995 3978 Hujus
2024 3925 2241 3965 sensum
2277 3909 2467 3964 Latine
2501 3909 2717 3961 reddam
2747 3908 2896 3971 alibi,
2940 3910 3159 3962 totidem
3194 3908 3390 3967 litteris

1827 4002 2419 4073 totidemquetmpariis
2444 4016 2535 4055 seu
2570 4003 2825 4069 strophis.
2851 4002 2914 4056 Et
2938 4017 3087 4067 vero,
3112 4018 3180 4057 ne
3204 4016 3387 4073 postea

1826 4096 2049 4162 hmreas,
2108 4101 2321 4163 oportet
2368 4108 2751 4163 praemoneam,
2800 4102 3006 4148 tantum
3060 4094 3274 4162 abesse,
3329 4106 3389 4153 ut

1822 4184 2083 4251 eiusmodi
2110 4186 2503 4241 acrostichides
2534 4201 2748 4255 semper
2778 4187 3166 4241 continuentur
3186 4198 3239 4242 et
3263 4203 3390 4257 pro-

1825 4277 1969 4332 xime
1989 4276 2297 4331 cohmrcant
2319 4276 2461 4330 inter
2491 4289 2571 4341 se,
2604 4286 2663 4329 ut
2688 4275 3001 4343 interiectos
3028 4285 3079 4330 ct
3111 4277 3385 4347 dispersos

1825 4371 2056 4425 habeant
2082 4375 2162 4437 et]
2191 4369 2397 4423 hirmos
2441 4377 2497 4423 et
2527 4369 2785 4437 trnparia,
2828 4370 3137 4441 martyrica,
3172 4370 3386 4427 theolo-

1824 4462 1929 4525 cia,
1958 4461 2195 4531 aliaque,
2241 4462 2437 4531 quibus
2470 4460 2679 4515 exactis
2713 4462 3005 4516 resumitur
3034 4477 3204 4516 canon
3238 4481 3252 4518 :
3290 4464 3384 4533 qui

159 4541 413 4605 historia,
464 4542 638 4595 altiori
669 4556 797 4596 voce
850 4545 918 4597 ab
948 4544 1232 4599 sacerdote
1262 4547 1345 4601 vel
1385 4547 1452 4601 ab
1488 4547 1595 4600 alio
1642 4549 1719 4601 le-
1756 4591 1797 4644 Β
1825 4552 1867 4604 si
1898 4550 2092 4620 duplex
2123 4560 2225 4616 est,
2258 4560 2317 4604 ut
2340 4558 2427 4605 est
2462 4565 2625 4622 saepe,
2649 4550 2871 4606 alterius
2892 4554 3079 4607 canoui
3104 4554 3385 4608 continua-

158 4642 359 4697 guntur
386 4647 398 4681 :
427 4632 619 4696 quibus
652 4631 817 4685 (initis
844 4632 1061 4701 reliquae
1097 4634 1321 4690 canonis
1348 4638 1464 4691 odte
1497 4652 1719 4705 percur-

157 4731 373 4777 runtur.
422 4719 601 4789 Neque
648 4738 786 4778 unus
818 4738 990 4777 canon
1050 4726 1101 4779 in
1144 4740 1246 4777 uno
1298 4726 1475 4783 oilicio
1506 4743 1719 4798 semper

158 4817 384 4875 dicitur,
434 4813 528 4866 sed
578 4814 842 4870 interdum
893 4815 1000 4871 duo
1030 4819 1113 4872 vel
1144 4829 1271 4881 tres,
1302 4832 1425 4873 raro
1459 4832 1716 4890 quatuor,

159 4922 257 4973 pro
306 4906 535 4977 plurium
580 4905 670 4960 illo
696 4908 781 4963 die
814 4907 1170 4964 festivitatum
1211 4924 1507 4977 concursu,
1548 4914 1717 4969 inter—

158 4998 477 5053 miscentur.
507 4997 762 5065 Quamvis
792 5015 919 5056 vero
948 5004 1246 5058 canonibus
1272 5003 1387 5058 odte
1413 5005 1718 5061 tribuantur

158 5103 382 5155 novem,
413 5106 517 5145 non
545 5092 615 5146 ita
646 5098 825 5145 tamen
858 5092 987 5147 illud
1033 5105 1351 5166 perpetuum
1382 5106 1487 5160 est,
1531 5110 1589 5152 ut
1617 5101 1716 5154 ali-

158 5181 375 5249 quando
422 5197 673 5238 numerus
713 5197 897 5238 earum
945 5198 1050 5239 non
1100 5189 1467 5243 imminuatur.
1521 5188 1709 5255 Quan-

158 5272 340 5339 doque
368 5272 513 5325 enim
538 5272 709 5328 tribus
757 5273 839 5330 vel
870 5285 1101 5343 quatuor
1136 5284 1339 5333 tantum
1397 5278 1515 5335 odis
1546 5280 1711 5335 inter-

152 5361 428 5416 cluditur:
451 5365 588 5419 unde
610 5366 899 5421 canonibus
912 5380 1100 5420 nomen
1128 5370 1372 5439 τριῳδίου
1403 5381 1456 5425 et
1481 5389 1714 5444 τετραῳ-

152 5453 296 5509 δίου.
338 5469 358 5502 ι
391 5450 593 5510 Triodii
634 5464 810 5511 tamen
850 5471 1041 5513 nomen
1075 5457 1232 5513 latius
1256 5472 1403 5529 patet
1434 5482 1446 5518 :
1484 5480 1605 5517 nam
1632 5466 1713 5537 (ut

154 5544 403 5615 pluribus
456 5556 512 5599 et
540 5549 751 5603 erudite
783 5548 1112 5605 demonstrat
1162 5552 1391 5609 Allatius
1444 5557 1519 5611 De
1564 5556 1711 5613 libris

150 5639 442 5694 (ulcaiast.
496 5634 666 5695 Grec.
714 5642 931 5695 dissert.
985 5644 1036 5710 1,
1069 5660 1191 5716 pag.
1246 5644 1355 5715 7i),
1397 5663 1501 5703 non
1541 5650 1711 5705 solum

153 5743 418 5785 canonem
454 5744 522 5785 ex
552 5730 724 5786 tribus
777 5740 1113 5788 constantem
1153 5734 1271 5790 odis
1310 5738 1709 5807 complectitur,

151 5834 339 5875 verum
366 5821 531 5877 etiam
578 5818 772 5875 librum
829 5821 1021 5891 ipsum,
1065 5824 1116 5876 in
1141 5838 1297 5892 quem
1336 5825 1707 5894 hujuscemodi

1824 4641 1953 4695 tioni
2002 4641 2331 4710 preponitur
2361 4655 2466 4697 vox
2512 4641 2687 4704 ἄλλος,
2742 4640 3059 4711 plerumque
3092 4658 3220 4699 vero
3273 4653 3381 4699 tam

1821 4733 1981 4789 unius
2004 4747 2165 4802 quam
2194 4730 2416 4786 alterius
2444 4733 2665 4787 canonis
2714 4734 2829 4788 odte
2860 4734 3264 4804 distinguuntur
3288 4750 3386 4805 per

1820 4840 2069 4881 numeros
2098 4824 2298 4880 litteris
2338 4826 2606 4895 alphabeti
2640 4824 2884 4894 signatos
2917 4826 3019 4882 hoc
3055 4828 3233 4891 modo,
3267 4826 3380 4900 ᾠδὴ

1816 4912 1885 4977 α’,
1908 4910 1974 4982 β’,
1996 4917 2066 4980 γ’,
2086 4923 2192 4967 etc.
2217 4911 2345 4980 Qua:
2366 4913 2545 4969 omnia
2569 4914 2904 4984 appositione
2926 4916 3173 4985 promissi
3198 4930 3385 4972 exem-

1825 5004 1894 5073 pli
1926 5004 2154 5060 clariora
2183 5005 2432 5060 evadent.

1891 5094 1978 5149 22.
1996 5095 2298 5166 Atquinam
2321 5096 2469 5151 luere
2498 5112 2762 5154 canonum
2795 5107 3039 5156 auctores
3059 5100 3085 5154 Ἰ
3109 5098 3377 5157 inﬁnitum

1823 5195 1905 5239 cst
1934 5201 2219 5244 recensere
2242 5201 2455 5255 omnes,
2484 5205 2656 5260 nequo
2693 5191 2748 5245 id
2778 5190 2949 5247 nostri
2984 5194 3121 5248 ratio
3145 5195 3377 5251 instituti

1822 5278 2089 5347 postulat;
2144 5295 2265 5335 eum
2315 5294 2410 5335 eos
2448 5297 2638 5337 omnes
2682 5283 2901 5339 novisse
2950 5286 3016 5340 ad
3063 5284 3375 5343 Grrccorum

1821 5371 2147 5427 acoluthiam
2200 5372 2601 5444 intelligendam
2646 5375 2778 5430 nihil
2810 5378 3041 5431 intersit.
3070 5376 3379 5449 Prmcipuns

1821 5464 2006 5520 lectori
2030 5473 2282 5537 suggeret
2307 5468 2469 5538 typici
2524 5478 2685 5537 caput
2725 5469 2779 5531 6,
2817 5474 2956 5539 quod
2990 5470 3076 5525 hic
3107 5475 3371 5542 prmteriri

1814 5556 1951 5608 haud
1981 5567 2169 5625 potest.
2220 5556 2414 5611 ’ἰστέον
2445 5558 2500 5611 δὲ
2529 5560 2621 5610 καὶ
2652 5558 2831 5622 τοῦτο,
2865 5562 2960 5625 ὡς,
2988 5564 3147 5635 εἴπερ
3172 5563 3283 5634 ἔχει
3316 5563 3378 5616 τὸ

1810 5646 2049 5731 Μιίναίον
2068 5649 2126 5700 ὲν
2143 5649 2333 5723 μνήμῃ
2362 5651 2519 5719 ἁγίου
2543 5651 2688 5715 τινὸς
2717 5654 2944 5718 κανόνας
2964 5655 3073 5708 τῶν
3099 5656 3373 5728 διαφόρων

1811 5739 2065 5809 ποιητῶν.
2109 5742 2155 5793 ει
2185 5741 2281 5811 μέν
2308 5744 2420 5795 ἐστι
2443 5759 2619 5796 κανων
2649 5742 2740 5797 τοῦ
2772 5744 2875 5814 κῦρ
2897 5748 3107 5818 Κοσμᾶ.
3147 5764 3373 5820 προκρι-

1808 5828 1945 5890 τέος·
1972 5829 2019 5879 εἰ
2048 5829 2101 5881 δὲ
2142 5829 2235 5883 τοῦ
2269 5828 2373 5899 κῠρ
2411 5832 2657 5885 Ἰωάννου
2694 5835 2784 5887 καὶ
2814 5836 3034 5907 éTéE-ttsv,
3060 5837 3149 5890 τοῦ
3186 5837 3363 5891 Ἰωάν-
