4086 6318
703 364 910 408 ςεδλιιι

2071 353 2599 417 J‘RULEGOMENA.

708 487 793 523 νον
820 471 1192 543 προκρίνεται·
1224 474 1272 525 εἰ
1300 472 1357 526 δὲ
1380 467 1473 526 τοῦ
1502 471 1607 544 κῦρ
1619 471 1926 542 Θεοφάνους
1943 473 2037 528 καὶ
2059 473 2261 545 ἑτέρων

2388 480 2711 549 composita,
2742 485 3068 540 exsecranda
3110 494 3393 555 putemus;
3430 489 3563 548 facit
3603 490 3842 563 ejusdem
3880 500 3937 555 sd

704 568 732 618 ὁ
761 564 853 619 τοῦ
898 565 1003 636 κῦρ
1033 566 1340 636 Θεοφάνους
1380 568 1755 640 προκρινεταιο
1787 566 2147 640 προτιμητέος
2174 566 2283 637 γάρ

703 660 820 711 ἐστι
847 658 956 713 τῶν
988 659 1179 713 sum
1222 662 1269 713 ei
1296 660 1352 714 δὲ
1379 659 1472 714 τοῦ
1490 658 1596 731 κῦρ
1626 659 1845 732 Ἰωσὴφ,
1874 651 2028 723 οὗτος
2048 658 2158 715 τῶν
2172 661 2285 714 λοι-

703 750 820 804 πῶν
854 751 1251 823 προτετίμηται
1283 751 1547 822 ποιητῶν·
1585 752 1794 805 τούτων
1825 750 1883 805 δὲ
1917 751 1995 823 μὴ
2022 750 2212 818 ὄντων,
2232 753 2283 806 οι

700 843 794 897 τοῦ
836 843 946 916 κῦρ
982 845 1247 900 Ἰωάννου·
1280 845 1459 899 αὐτῶν
1490 844 1546 898 δι
1576 845 1650 917 μὴ
1683 844 2077 915 τυγχανόντων,
2112 847 2160 898 oi
2188 844 2281 898 τοῦ

701 933 809 1001 κῦρ
846 934 1441 1003 Θεοφάνουςοάπόντων
1464 937 1519 990 δὲ
1564 937 1788 1004 τούτων,
1824 937 1873 990 οἱ
1904 934 1996 990 τοῦ
2020 936 2125 1008 κῦρ
2165 938 2280 991 Ἰω-

704 1030 812 1098 σὴφ
836 1028 945 1082 τῶν
972 1028 1175 1082 λοιπῶν
1203 1030 1448 1083 ἁπάντων
1490 1028 1897 1102 προκρίνονται.
1936 1048 1955 1080 ι
1994 1027 2106 1085 Hoc
2135 1044 2275 1099 quo-

702 1135 808 1189 que
839 1122 1114 1175 sciendum
1150 1132 1253 1181 est,
1278 1122 1320 1173 si
1354 1119 1615 1175 Menwum
1656 1122 1817 1177 habet
1852 1121 1906 1175 iu
1962 1122 2279 1178 memoriam

704 1213 931 1281 alicujus
956 1211 1039 1275 S.,
1076 1228 1313 1267 canones
1336 1215 1680 1268 diversorum
1706 1226 2006 1282 poetarum,
2029 1214 2075 1268 si
2103 1227 2276 1268 canon

707 1304 942 1358 adfuerit
989 1302 1171 1357 domui
1205 1302 1435 1367 Cosmae,
1477 1303 1619 1357 hunc
1670 1302 1791 1358 aliis
1839 1302 2274 1372 praeferendum;

701 1393 745 1448 si
764 1393 944 1446 domui
970 1392 1199 1448 Joannis
1215 1402 1269 1446 et
1286 1392 1534 1455 aliorum,
1556 1408 1679 1447 eum
1703 1393 1796 1464 qui
1812 1392 2036 1448 Joannis
2048 1403 2132 1449 est
2148 1408 2279 1463 pra-.—

713 1480 843 1534 ferri
862 1498 876 1540 ;
897 1481 941 1534 si
959 1483 1139 1536 domui
1158 1479 1498 1550 Theophanis
1517 1483 1834 1548 etaliorum,
1851 1481 1914 1537 Ι).
1936 1479 2277 1552 Theophanis

701 1573 968 1642 praeferri,
1005 1573 1091 1627 ille
1123 1574 1266 1629 enim
1310 1585 1435 1628 ante
1462 1574 1594 1629 alios
1623 1574 1968 1630 honorandus
1995 1584 2107 1640 est;
2136 1575 2180 1630 si
2215 1575 2275 1628 D.

698 1661 939 1734 Josephi,
968 1665 1114 1719 hunc
1148 1664 1370 1733 reliquis
1390 1666 1562 1734 poetis
1593 1664 1843 1734 anteponi
1863 1665 1937 1730 ;si
1966 1665 2147 1721 caeteri
2183 1666 2277 1719 dc-

700 1754 1255 1821 fncrint,D.Joannis;
1276 1757 1321 1810 si
1342 1757 1393 1812 hi
1413 1756 2276 1830 quoquedefuerint,D.Theopha-

2386 570 2640 627 unionem
2679 572 2969 631 Romanam
3000 578 3242 635 accessio
3279 593 3423 636 anno
3451 598 3741 642 lcccuvn
3781 591 3938 659 patri-

2384 658 2638 717 archatus
2674 663 2757 718 sui
2816 665 3005 732 quinto
3035 707 3051 733 ,
3096 668 3148 722 in
3188 682 3362 739 eaque
3405 674 3489 741 (ut
3531 676 3749 744 opinari
3784 658 3939 746 licet)

2382 754 2782 818 perseverantia
2807 770 2976 824 usque
3000 759 3066 813 ad
3109 758 3292 827 linem,
3326 762 3381 817 id
3421 773 3506 819 est
3545 780 3722 835 usque
3751 767 3821 822 ad
3849 783 3938 823 au-

2389 858 2513 897 num
2544 859 2881 905 ιιοεειιιιν.

2451 935 2541 993 25.
2573 935 2855 994 Philotheo
2895 940 2948 994 in
3002 940 3102 997 ista
3155 944 3356 1001 Catena
3397 950 3645 1005 succedit
3699 953 3937 1010 Andreas

2383 1025 2655 1116 Cretensis
2685 1029 3147 1101 archiepiscopus,
3173 1034 3243 1090 de
3295 1052 3424 1106 quo,
3459 1050 3727 1111 tanquam
3768 1046 3935 1116 magni

2381 1114 2618 1173 Canonis
2638 1129 2880 1186 auctore,
2913 1123 3158 1193 quaedam
3187 1125 3422 1185 diximus
3443 1130 3479 1184 2
3506 1132 3742 1203 Aprilis,
3776 1114 3936 1204 agen-

2384 1216 2466 1263 tes
2500 1209 2566 1263 de
2598 1209 2658 1265 S.
2695 1209 2860 1266 Maria
2884 1212 3202 1286 Egyptiaca
3233 1227 3287 1273 et
3327 1219 3467 1275 infra
3505 1223 3775 1281 dicemus.
3804 1227 3938 1281 Coll-

2381 1310 2469 1356 tur
2502 1303 2535 1356 ι
2585 1299 2709 1358 Julii
2752 1315 2844 1360 aut
2870 1305 3038 1365 Junii.
3071 1308 3303 1377 Quintus
3338 1314 3393 1367 in
3422 1314 3523 1370 hoc
3548 1317 3730 1374 dextri
3760 1320 3936 1375 lateris

2378 1392 2567 1447 ordine
2600 1391 2835 1449 Joannes
2861 1393 3245 1454 Eucliaitarum
3289 1402 3667 1472 metropolitae,
3702 1417 3792 1463 est
3846 1424 3932 1463 au-

2378 1497 2515 1553 ctor,
2555 1496 2612 1540 ut
2652 1486 2907 1553 diximus,
2937 1488 3054 1557 ejus
3086 1491 3245 1548 ollicii
3274 1495 3419 1563 quod
3468 1496 3556 1553 hic
3610 1506 3928 1557 tractamus.

2380 1576 2634 1647 Sequitur
2666 1578 2933 1649 Georgius
2962 1579 3283 1641 Nicomedia;
3327 1588 3773 1661 archiepiscopus
3811 1610 3825 1645 :
3854 1594 3931 1648 cui

2379 1668 2557 1723 varias
2580 1683 2901 1741 panegvres,
2928 1670 2996 1723 ad
3029 1669 3423 1742 Metaphrasten
3470 1678 3726 1750 imperite
3751 1684 3933 1736 tradu—

2377 1772 2517 1826 ctas,
2552 1762 2793 1819 restituit
2845 1762 3074 1817 Allatius
3102 1801 3118 1827 ,
3159 1764 3400 1835 pluribus
3436 1769 3501 1826 de
3552 1786 3621 1828 eo
3673 1788 3841 1845 agens
3884 1776 3930 1828 in

697 1850 800 1911 uis;
817 1850 860 1903 si
880 1849 1135 1915 hietiam,
1156 1826 1449 1920 D.Joseplii
1470 1826 1681 1906 car—teris
1695 1852 1946 1907 omnibus
1964 1826 2267 1921 anteponi.»
2302 1826 2345 1881 Β
2384 1849 2629 1909 Distriba
2667 1853 2734 1909 de
2757 1851 3003 1925 Georgiis
3036 1873 3049 1907 :
3084 1826 3191 1924 quo
3224 1867 3404 1913 autem
3437 1861 3637 1920 vixerit
3664 1826 3930 1938 tempore,

763 1940 855 1995 25.
889 1942 966 1996 Ex
998 1942 1157 1997 dictis
1206 1957 1313 1997 non
1351 1950 1561 1997 tantum
1616 1944 1916 2014 colligitur,
1948 1944 2041 2011 qui
2080 1944 2275 2013 quibus

699 2033 751 2088 in
788 2048 1052 2089 canonum
1079 2049 1349 2091 concursu
1387 2044 1820 2103 anteponantur;
1861 2049 2047 2091 verum
2082 2037 2271 2099 etiam,

694 2127 914 2197 quinam
946 2126 1264 2183 sinteorum
1295 2136 1548 2181 auctores
1587 2127 1866 2197 praecipul.
1892 2124 2105 2180 Talium
2136 2126 2272 2181 insi-

696 2236 855 2289 gnem
885 2228 1132 2275 catenam
1156 2219 1339 2275 videre
1353 2228 1437 2274 est
1460 2229 1588 2275 ante
1621 2216 1916 2284 Triodium,
1938 2234 2083 2273 anno
2110 2218 2268 2283 1601,

693 2327 953 2368 excusum
989 2312 1247 2378 Venetiis,
1292 2326 1457 2381 opera
1478 2322 1533 2367 et
1555 2311 1733 2368 studio
1766 2309 1983 2368 laximi
2013 2310 2273 2383 Cythere-

693 2420 811 2459 rum
842 2406 898 2459 in
912 2404 1090 2477 Cypro
1107 2404 1367 2474 episcOpi.
1387 2403 1463 2459 lbi
1481 2413 1761 2475 spectatur
1788 2405 1841 2461 in
1860 2404 2038 2460 fronte
2070 2405 2269 2475 imago,

693 2498 908 2553 titulum
954 2498 1075 2553 libri
1105 2496 1495 2566 complectens,
1526 2505 1740 2567 sumpta
1779 2511 1845 2551 ex
1874 2496 2106 2566 quodam
2159 2512 2271 2552 ma-

694 2590 994 2658 nuscripto,
1046 2590 1275 2645 duorum
1332 2597 1425 2642 aut
1482 2590 1643 2642 trium
1701 2587 2022 2644 surculorum
2055 2596 2270 2644 atatem

692 2681 965 2736 habente:
1020 2680 1073 2735 in
1124 2696 1228 2750 qua
1259 2680 1516 2752 imagine,
1552 2680 1858 2737 ministerio
1884 2682 2047 2736 trium
2086 2681 2270 2753 genio-

692 2786 811 2825 rum
876 2773 1142 2825 minorum
1198 2770 1536 2838 duorumque
1611 2770 1875 2842 majorum
1952 2772 2266 2843 angelorum

691 2864 950 2933 utrinque
993 2864 1252 2918 stantium
1290 2902 1303 2927 ,
1362 2865 1787 2920 circumducitur
1837 2867 1990 2936 quasi
2048 2876 2268 2937 torques

690 2970 785 3011 seu
834 2964 1024 3011 catena
1073 2955 1396 3010 annulurum
1447 2956 1634 3027 viginti
1685 2970 1902 3021 novem,
1978 2966 2165 3011 mutuo
2207 2972 2268 3013 se

688 3047 1197 3116 complectentium,
1224 3045 1530 3116 dependens
1550 3059 1617 3102 ex
1643 3059 1764 3103 sum
1775 3060 1863 3103 mo
1891 3059 1999 3101 uno
2022 3046 2268 3101 ornatio-

690 3140 845 3209 rique
861 3141 1469 3206 toreumate.Christum
1495 3140 1781 3197 Dominum
1806 3146 2263 3212 repraesentante;
2291 3164 2335 3224 ο

684 3242 810 3286 cum
838 3230 941 3287 hoc
966 3246 1060 3302 per
1080 3233 1316 3289 extimos
1337 3231 1651 3303 angelorum
1674 3232 1981 3289 lateralium
2002 3232 2261 3290 humeros

686 3321 951 3380 deﬂuente
990 3324 1254 3380 versiculo
1280 3342 1296 3376 :

798 3499 864 3567 Ol
902 3497 971 3551 τὰ
985 3497 1141 3567 μέλη
1166 3496 1498 3566 πλέξαντες
1520 3499 1720 3567 ὕμνων
1742 3499 1983 3567 ἐνθέων,

798 3566 1124 3634 Ηυηιιιὸηιυι
1157 3571 1393 3622 modulos
1426 3571 1477 3622 Iri
1500 3566 1831 3639 composuere
1857 3589 2150 3632 sacrorum.

688 3746 847 3803 Juvat
882 3748 1042 3819 hujus
1070 3759 1276 3806 catena
1298 3750 1714 3820 explicationem
1752 3751 1865 3819 jam
1904 3766 1935 3807 a
1984 3752 2042 3808 P.
2089 3756 2259 3825 Pape.

690 3844 913 3899 hrochio
946 3845 1013 3899 ad
1047 3838 1187 3899 diem
1220 3843 1290 3899 30
1318 3844 1538 3912 Aprilis,
1568 3854 1696 3899 tom.
1731 3844 1817 3913 ΙΙΙ,
1852 3862 1904 3917 p.
1943 3845 2069 3912 788,
2094 3864 2256 3905 exor-

689 3948 845 3995 sam,
877 3932 999 3987 istic
1035 3947 1419 4002 recognoscere
1444 3943 1605 4004 atque
1633 3938 1926 4008 corrigere,
1954 3937 2111 4010 juxta
2143 3954 2261 3995 me-

690 4024 856 4080 liores
879 4024 1099 4080 notitias
1127 4034 1308 4095 postea
1344 4037 1618 4096 acceptas.

757 4116 847 4171 ει.
902 4115 1327 4188 Uuiuscujusque
1381 4119 1522 4174 sacri
1591 4131 1758 4189 poeta:
1812 4124 1932 4179 icon
1994 4124 2253 4189 dimidia,

687 4209 906 4280 proprio
939 4209 1149 4265 habitus
1197 4220 1253 4266 et
1295 4210 1499 4267 ordinis
1533 4212 1807 4269 schemate
1836 4214 2112 4280 distincta,
2175 4217 2258 4271 in-

689 4312 771 4357 trs
824 4303 1108 4372 praedictos
1152 4301 1377 4357 annulus
1427 4314 1857 4374 reprzesentatur.
1895 4306 1988 4373 Et,
2019 4323 2085 4365 ne
2128 4325 2259 4383 vaga

689 4401 910 4448 exerret
953 4392 1298 4460 conjectura,
1362 4392 1630 4449 adduntur
1682 4396 1887 4453 circum
1939 4408 2101 4469 caput
2161 4415 2258 4455 uo-

2377 1944 2607 1998 necdum
2628 1944 3016 2014 comperimus.
3052 1944 3288 2001 Proximi
3314 1947 3545 2020 Georgio
3563 1964 3620 2010 et
3646 1954 3796 2013 inter
3818 1959 3927 2028 epi.

2374 2050 2565 2107 scopos
2598 2035 2771 2093 ultimi
2804 2046 3059 2094 notantur
3088 2038 3409 2108 Methodius,
3433 2043 3768 2116 Cyprianus,
3794 2052 3933 2106 Ana-

2374 2128 2536 2185 tolius
2565 2148 2581 2184 :
2613 2144 2803 2187 omnes
2851 2131 3011 2187 nobis
3060 2134 3245 2206 ignoti.
3300 2134 3430 2203 Quis
3470 2138 3614 2193 enim
3663 2154 3933 2209 postremo

2372 2219 2492 2277 loco
2519 2220 2746 2277 relatum
2779 2220 2970 2277 credat
3012 2236 3132 2279 esse
3179 2224 3238 2281 S.
3272 2224 3733 2294 Anatolium,suh
3762 2233 3933 2289 Theo-

2371 2309 2528 2366 dosio
2556 2309 2781 2370 Juniore
2833 2314 3484 2389 Constantiuopolitanum
3511 2318 3882 2389 patriarcham
3912 2326 3933 2378 τ

2370 2398 2612 2456 Primum
2634 2402 2822 2460 liceret
2852 2407 3214 2465 verosimllius
3241 2410 3462 2467 credere
3491 2422 3614 2466 esse
3661 2426 3816 2480 eum,
3843 2418 3928 2485 qui

2369 2493 2473 2549 sub
2499 2492 2558 2549 S.
2585 2493 2867 2553 Theodora
2892 2498 3272 2559 orthodoxiatn
3328 2502 3603 2571 restituit;
3651 2504 3756 2561 sed
3808 2515 3931 2564 tunc

2377 2582 2652 2640 debuisset
2676 2587 2912 2658 ιπεροηί
2949 2586 3232 2647 Philotheo
3250 2600 3304 2648 et
3336 2594 3550 2651 ceteris
3571 2594 3930 2653 lnlermediis.

2369 2670 2645 2727 Clauduut
2694 2688 2858 2744 porro
2888 2674 3031 2732 hanc
3062 2677 3260 2735 seriem
3306 2682 3601 2753 scriptores
3641 2699 3714 2740 ex
3745 2686 3933 2742 ordine

2367 2763 2614 2819 saeculari
2640 2766 2911 2837 quinque,
2933 2767 3043 2825 Leo
3072 2769 3348 2841 Despotes,
3378 2771 3486 2828 ιω
3508 2773 3787 2845 Magister,
3830 2777 3932 2831 Ba-

2366 2854 2521 2913 silius
2565 2856 2902 2930 Pegoriotes,
2947 2858 3213 2929 Justinus,
3244 2861 3506 2933 Sergius:
3534 2864 3601 2921 de
3627 2869 3830 2938 quibus
3854 2872 3933 2925 nio

2366 2946 2443 3003 hil
2463 2948 2659 3007 docere
2686 2965 2926 3021 possum.

2438 3041 2697 3099 Catenam
2741 3045 3123 3115 praelaudatam
3157 3047 3209 3103 in
3245 3048 3465 3105 sinistro
3493 3049 3665 3107 latere
3696 3054 3922 3125 implent

2367 3145 2434 3185 ex
2472 3133 2661 3188 ordine
2692 3137 2993 3193 monastico
3046 3141 3338 3210 scriptores
3391 3144 3830 3213 quatuordeeim.
3880 3151 3930 3203 In

2368 3224 2456 3281 bis
2516 3226 2671 3282 nobis
2704 3225 2903 3299 cogniti
2969 3238 3113 3297 sunt,
3169 3232 3402 3292 Joannes
3447 3235 3843 3305 Damascenus,
3882 3253 3933 3295 ct

2366 3332 2487 3375 cum
2518 3318 2621 3377 hoc
2659 3320 2867 3391 pariter
2895 3318 3160 3377 educatus
3184 3322 3409 3380 Cosmas
3427 3364 3443 3391 ,
3474 3338 3660 3397 postea
3689 3331 3933 3403 Ilajumaz

2367 3411 2677 3483 episcopus,
2705 3412 2772 3469 de
2816 3427 2925 3483 quo
2959 3427 3186 3487 agemus
3246 3413 3310 3471 ιι
3358 3416 3648 3484 Octobris;
3706 3422 3933 3496 Josepli.

2366 3503 2735 3560 communiter
2770 3502 3221 3578 Hymuographus
3276 3506 3452 3564 dictus
3482 3546 3499 3576 ,
3533 3509 3693 3580 cujus
3750 3512 3929 3571 Vitam

2364 3593 2611 3651 dedimus
2637 3609 2697 3651 ιιι
2722 3595 2955 3666 Aprilis;
2987 3597 3364 3671 Theophanes,
3393 3613 3761 3675 cognomento
3796 3607 3934 3664 Gra-

2362 3694 2505 3758 ptus,
2541 3688 2612 3744 ob
2641 3685 2877 3745 frontem
2915 3692 3328 3750 contumeliosis
3360 3695 3608 3753 versibus
3636 3699 3709 3756 ab
3741 3699 3933 3757 icono-

2364 3782 2557 3836 macho
2588 3779 2886 3851 Theopliilo
2908 3793 3209 3851 exaratam,
3237 3784 3332 3855 qui
3368 3801 3421 3842 xi
3464 3788 3720 3848 Octobris
3752 3792 3930 3859 solus,

2361 3880 2416 3926 et
2449 3884 2663 3925 rursum
2702 3884 2826 3925 cum
2880 3870 3048 3928 fratre
3091 3872 3376 3931 Theodoro
3408 3892 3557 3934 xxvtt
3610 3880 3929 3942 Decembris

2362 3967 2829 4016 commemoratur.
2846 3955 3037 4017 Ceteri
3056 3964 3211 4019 nobis
3228 3964 3397 4037 ignoti
3426 3977 3577 4034 sunt,
3604 3969 3929 4044 Byzantius,

2362 4047 2671 4120 Stephanus
2701 4047 3069 4123 Hagiopolites
3092 4093 3109 4120 ,
3141 4052 3408 4129 Georgius
3458 4057 3771 4132 Siceliotes,
3838 4067 3925 4123 Si-

2361 4156 2539 4205 meon,
2565 4140 2901 4211 Philotheus,
2928 4144 3192 4204 Arseuius
3210 4190 3227 4215 ,
3266 4149 3511 4225 Babylas,
3536 4152 3777 4225 Ephrem
3828 4159 3929 4216 Ca-

2359 4234 2489 4297 rie,
2545 4234 2789 4292 Andreas
2842 4232 3089 4309 Pyrrhus
3138 4240 3254 4295 sive
3294 4241 3463 4299 Rufus
3494 4284 3511 4309 ,
3548 4254 3606 4300 et
3657 4247 3928 4306 Studites.

2358 4323 2490 4393 Quis
2531 4335 2712 4384 autem
2742 4328 2831 4384 hic
2870 4342 2968 4398 per
2998 4333 3425 4389 antonomasiam
3474 4335 3547 4389 ita
3577 4336 3756 4394 dictus
3786 4340 3811 4394 2
3841 4343 3926 4396 An

2363 4430 2587 4487 magnus
2622 4416 2947 4475 Theodorus
2973 4418 2997 4473 f
3023 4421 3094 4476 At
3124 4421 3267 4477 inter
3290 4424 3496 4491 primos
3538 4426 3707 4484 locari
3754 4448 3926 4489 mere.

690 4485 859 4549 mina,
911 4493 970 4539 ut
1018 4484 1195 4539 solent
1237 4486 1288 4540 in
1333 4486 1614 4541 nummis:
1647 4495 1807 4558 atque
1854 4490 1926 4546 ita
1957 4506 2023 4547 ex
2063 4492 2251 4549 dextro
2284 4505 2330 4563 ο
2357 4484 2549 4563 [min-2

695 4578 863 4633 latere
888 4577 1245 4641 descendunt,
1282 4576 1611 4642 Germanus,
1641 4580 1950 4647 patriarcha
1978 4583 2253 4639 Constan-

691 4669 1117 4737 tiuopnlitanus,
1155 4668 1243 4738 qui
1305 4667 1499 4723 colitur
1565 4671 1632 4725 l2
1685 4669 1845 4738 Maii,
1904 4672 2024 4729 fidei
2087 4689 2250 4730 causa

689 4759 792 4815 sub
814 4757 993 4814 Leone
1026 4762 1263 4815 Armeno
1308 4762 1439 4817 sede
1468 4776 1563 4816 sua
1610 4764 1849 4833 ejectus:
1881 4764 2249 4837 Sophrouius,

689 4852 994 4924 patriarcha
1044 4849 1594 4924 Hierosolymitanus,
1644 4858 1710 4911 de
1754 4856 1907 4927 cujus
1937 4874 2125 4930 opera,
2194 4861 2248 4915 in

689 4946 1035 5002 restituendis
1077 4944 1293 5001 Menaeis
1352 4962 1472 5001 cum
1516 4945 1576 5005 S.
1627 4946 1837 5005 Joanne
1906 4952 2248 5011 Damasceno

690 5038 953 5105 impensa,
979 5037 1185 5106 egimus
1217 5038 1278 5092 ll
1323 5037 1497 5094 Martii
1534 5058 1548 5095 :
1576 5038 1892 5097 Philotheus
1925 5045 2242 5113 patriarcha

688 5129 1443 5200 Cunstautinopolitanus,ab
1474 5147 1614 5188 anno
1656 5147 1907 5190 ucccutt
1964 5151 2135 5208 usque
2177 5137 2245 5192 ad

689 5236 828 5277 uxv
851 5221 1088 5290 ejusdem
1120 5222 1298 5278 smculi
1332 5238 1533 5293 :quem
1601 5224 1724 5282 licet
1766 5224 2240 5297 Wangnerechius

691 5324 899 5373 noster.
941 5314 994 5366 in
1036 5314 1171 5370 libro
1202 5314 1275 5369 De
1303 5313 1551 5370 Mariano
1579 5311 1881 5372 Grecorum
1906 5318 2118 5386 pietate,
2179 5334 2243 5375 ac

689 5400 798 5457 Leo
854 5404 1081 5460 Allutius
1133 5407 1325 5460 merito
1384 5406 1679 5476 sugillenl,
1713 5422 1817 5462 non
1878 5406 2049 5464 solum
2109 5409 2247 5466 schi-

691 5492 881 5549 smatis
906 5497 1078 5559 titulo,
1108 5496 1200 5551 sed
1228 5498 1390 5553 etiam
1422 5499 1690 5554 haereseos
1727 5499 1778 5553 in
1810 5498 2048 5572 Georgio
2088 5499 2242 5557 Pala-

2422 4598 2511 4653 26.
2545 4594 2692 4652 Infra
2728 4613 2941 4666 omnes,
2978 4610 3033 4656 et
3085 4600 3239 4671 quasi
3283 4618 3509 4675 gemina
3541 4608 3703 4664 seriei
3740 4612 3926 4668 vincu-

2355 4686 2462 4742 lum
2488 4728 2503 4754 ,
2540 4687 2763 4757 ponitur
2810 4691 2999 4747 Cassia
3024 4732 3041 4757 ,
3081 4691 3147 4749 de
3176 4709 3284 4766 qua
3334 4695 3652 4755 Theodorus
3679 4700 3920 4759 Prodro-

2354 4795 2475 4835 mus
2508 4778 2648 4850 apud
2669 4780 2925 4837 Allatium
2952 4781 3170 4841 dissert.
3204 4783 3229 4840 ί
3265 4785 3331 4841 de
3354 4785 3512 4844 libris
3535 4791 3733 4849 eet-les.
3768 4794 3921 4851 Grae-

2351 4884 2538 4926 corum
2594 4882 2719 4942 pag.
2758 4871 2846 4936 75.
2878 4885 3045 4943 agens
3090 4876 3157 4931 de
3188 4889 3399 4931 canone
3440 4876 3665 4937 Sabbati
3689 4886 3868 4941 sancti
3902 4903 3917 4939 :

2357 4978 2377 5013 ι
2414 4958 2561 5028 Opus
2595 4962 2810 5030 quidem
2840 4971 2945 5027 est,
2979 4963 3171 5036 inquit,
3206 4965 3274 5019 ad
3300 4964 3544 5036 quintam
3575 4970 3748 5041 ipsam
3777 4974 3919 5030 oden

2349 5051 2515 5107 Marci
2540 5053 2778 5124 episcopi
2810 5052 3173 5123 Hydruntini;
3199 5056 3267 5113 ab
3290 5074 3354 5114 ea
3382 5075 3559 5131 usque
3589 5063 3659 5117 ad
3690 5078 3918 5133 nonam,

2349 5144 2526 5214 magni
2573 5154 2745 5217 poeta:
2788 5143 3032 5213 Cosmte;
3068 5148 3162 5203 sed
3197 5150 3365 5207 multo
3393 5162 3519 5209 ante
3542 5150 3835 5226 (Marcum)
3860 5171 3922 5214 ut

2349 5251 2415 5292 ex
2439 5250 2543 5290 non
2584 5236 2783 5307 scripta
2826 5239 3118 5295 traditione
3148 5238 3431 5309 discimus,
3452 5243 3649 5300 mulier
3664 5251 3917 5317 quaedam

2348 5327 2563 5389 nobilis.
2598 5336 2745 5384 easta
2775 5338 2829 5383 et
2852 5331 3023 5400 virgo,
3054 5332 3138 5387 cui
3161 5348 3355 5391 nomen
3380 5334 3606 5402 Cassia,
3642 5340 3915 5409 ejusmodi

2348 5419 2727 5475 modulationis
2763 5420 2932 5488 prima
2972 5422 3071 5478 fuit
3119 5430 3331 5491 auctor,
3360 5434 3705 5484 etcanonem
3734 5431 3913 5499 ipsum

2348 5509 2592 5568 absolvit.
2630 5510 2731 5579 Qui
2761 5526 2891 5569 vero
2920 5528 3042 5569 eam
3086 5516 3360 5573 subsecuti
3414 5527 3564 5583 sunt,
3600 5519 3774 5577 melos
3819 5525 3918 5577 ad-

692 5600 778 5640 ma
803 5626 821 5653 ,
860 5584 1195 5643 Thaboritici
1242 5589 1459 5645 luminis
1501 5600 1771 5646 assertore
1804 5631 1820 5656 ,
1857 5592 2084 5649 laudatae
2111 5631 2126 5657 ,
2179 5608 2246 5649 ne
2345 5604 2553 5670 mimi,
2581 5604 2856 5676 indignum
2888 5606 3250 5665 nihilominus
3282 5608 3591 5678 judicans“
3623 5614 3914 5669 muliebri.

693 5686 872 5734 tamen
895 5678 1011 5749 ejus
1039 5696 1202 5751 opera
1228 5684 1431 5749 omnia,
1454 5683 1509 5739 in
1539 5684 1750 5740 laudem
1801 5695 2117 5742 sanctorum
2149 5704 2246 5742 va-

704 5772 904 5829 riorum
950 5783 1004 5830 et
1056 5774 1524 5842 locupletationem
1578 5791 1855 5833 sacrorum
1914 5780 2234 5848 hymnorum

2346 5692 2448 5749 bus
2508 5696 2847 5752 sermonibus
2916 5698 3101 5755 herois
3162 5698 3305 5755 illius
3355 5701 3563 5757 Casina
3625 5704 3918 5760 cautiones

2350 5782 2711 5855 conjungere,
2760 5786 2925 5844 Helos
2982 5790 3254 5845 tradentes
3313 5789 3536 5857 Marco,
3576 5802 3633 5849 et
3698 5795 3919 5850 hirnos
