4066 6314
676 372 767 426 AD
805 370 1250 427 ACOLUTHIA.“
1292 371 1537 427 OFFICll
1576 372 1810 431 ΕΒΑ-201
1856 372 2314 429 DiSSERTATlO
2344 372 2811 429 ONOMASTICA.
3171 391 3405 437 cccxx”:

172 490 557 559 tonsignaules,
599 488 965 559 tropariornm
1021 491 1474 562 compositionem
1508 490 1583 543 illi
1618 490 1714 545 soli
1748 499 1791 552 Α
1824 492 2016 553 velim;
2077 489 2332 544 nimirum
2393 490 2538 558 quod
2582 502 2863 546 auctorum
2919 495 3136 549 nomina
3191 500 3402 569 singula

168 586 557 639 canimisernut.
621 602 639 634 ι
698 581 843 641 Idem
904 584 972 638 de
1011 582 1189 640 Marco
1214 626 1229 650 ,
1264 584 1475 639 Cosmte
1531 600 1717 653 poema
1823 584 2052 655 singulis
2084 583 2388 639 caminibus
2412 583 2617 655 ιιι-εθεὶ
2652 584 2849 651 solent,
2884 590 3099 643 tametsi
3134 590 3405 649 interdum

168 679 451 749 supp!ente,
484 676 623 745 apud
658 678 904 732 eumdem
938 677 1192 732 Allatium
1226 675 1358 729 dicit
1388 675 1720 743 Nicephorus
1827 684 2138 744 taceantur,
2168 678 2499 747 quandoque
2529 676 2698 732 etiam
2734 679 3079 733 acrostichidi
3116 681 3316 739 innecti
3338 689 3404 739 ad

169 771 434 831 Callistus,
467 767 692 831 addens.
718 766 863 835 quod
888 766 976 821 ille
1010 768 1061 822 id
1089 766 1270 835 operis
1309 764 1627 833 susceperit,
1653 782 1719 820 ex

173 860 544 930 sapientissimi
605 861 948 929 imperatoris
1007 859 1207 915 Leonis
1247 859 1526 913 mandato.
1556 858 1718 926 Atqui

173 954 267 1006 Leo
304 952 558 1023 Sapiens,
587 952 701 1006 sive
733 949 1114 1021 PhilosOphus,
1143 950 1430 1021 imperavit
1463 951 1515 1004 in
1547 950 1720 1005 confi-

170 1045 264 1099 niis
315 1044 439 1098 noni
497 1059 561 1098 ac
609 1042 807 1097 decimi
845 1040 1318 1099 smculi:Cosmas
1359 1049 1537 1096 autem
1596 1056 1717 1097 cum

167 1134 354 1192 Joanne
382 1136 719 1192 Damasceno
768 1136 947 1191 floruit
980 1135 1179 1191 saeculo
1222 1144 1415 1190 octavo
1442 1134 1667 1190 dimidio
1702 1154 1715 1189 :

168 1230 295 1283 unde
318 1228 690 1297 consequitur,
722 1237 780 1280 nt
814 1224 1020 1289 Cassia,
1047 1223 1190 1280 inter
1225 1224 1476 1279 Cosmam
1501 1234 1555 1277 et
1580 1223 1720 1276 Mar-

165 1332 275 1372 cum
312 1318 511 1381 media,
544 1331 649 1370 non
683 1316 911 1383 amplius
945 1329 1054 1370 uno
1079 1316 1277 1372 secqu
1306 1313 1545 1368 Marcum
1582 1328 1719 1380 pra:-

167 1414 407 1476 cesserit;
458 1412 597 1465 citra
642 1412 1067 1465 controversiam
1096 1407 1398 1466 orthodoxa
1429 1450 1445 1475 ,
1483 1419 1537 1465 et
1598 1423 1722 1463 san-

168 1508 321 1557 ctiore
350 1504 545 1573 Spiritu
590 1502 765 1556 afllata
796 1544 810 1568 ,
852 1520 1015 1574 quam
1059 1504 1148 1556 illa
1179 1501 1453 1570 quondam
1480 1501 1723 1556 celeber-

168 1600 285 1650 rima
311 1597 532 1667 Sappho
561 1638 576 1661 ,
613 1607 671 1652 ut
707 1596 916 1653 Grmcia
944 1594 1255 1651 Christiana
1279 1594 1462 1665 gentili
1493 1592 1719 1648 Grtccim

199 1692 297 1743 ein
333 1691 434 1745 hoc
463 1692 683 1760 quidem
709 1691 958 1751 cederet;
1012 1686 1169 1755 digna
1204 1686 1291 1740 illa
1327 1684 1595 1755 profecto,
1651 1685 1720 1739 de

174 1798 255 1850 tua
305 1783 452 1854 plura
511 1784 772 1836 sciantur.
828 1777 1110 1833 Scirentur
1162 1787 1340 1833 autem
1398 1775 1548 1845 plura
1606 1779 1716 1831 for-

168 1877 329 1940 tassis,
375 1877 415 1930 si
478 1873 814 1927 inveniretur
863 1871 1173 1938 pra-laudati
1213 1868 1392 1923 Allatii
1455 1878 1718 1926 tractatus
1751 1854 1793 1908 Β

166 1969 229 2023 De
267 1967 493 2021 melodis
545 1966 883 2026 Graecorum,
915 1978 1051 2035 npus
1078 1962 1366 2033 allegatum
1398 1962 1466 2017 ab
1494 1975 1717 2018 auctore

166 2075 270 2129 pag.
309 2059 377 2113 82
399 2060 581 2114 citata:
616 2057 1027 2114 Dissertationis
1056 2096 1073 2122 ,
1109 2056 1199 2111 ubi
1251 2056 1385 2111 satis
1432 2055 1593 2111 habet
1624 2072 1714 2113 eo-

164 2152 388 2208 rumdem
442 2152 663 2207 nomina
714 2154 844 2209 dare
910 2166 1082 2222 usque
1130 2152 1197 2207 ad
1263 2151 1601 2222 septuaginta
1663 2163 1717 2208 et

164 2261 307 2300 unum
335 2287 352 2313 ,
380 2261 555 2317 eaque
586 2262 692 2301 non
737 2245 939 2311 omnia,
974 2242 1151 2315 qualia
1211 2245 1317 2299 huc
1349 2247 1716 2301 transcribere

166 2352 257 2392 non
284 2340 573 2408 gravabor.

223 2427 303 2483 27.
336 2446 352 2479 ι
388 2428 529 2483 Sunt
554 2441 755 2491 autem,
780 2426 1061 2481 Anatolius
1085 2466 1100 2491 ,
1127 2426 1376 2482 Andreas
1404 2425 1712 2494 Cretensis,

165 2522 389 2577 Andreas
440 2520 711 2593 Pyrrhus,
739 2521 1025 2576 Anthimus
1055 2560 1071 2585 .
1101 2521 1451 2583 Athanasius,
1481 2519 1715 2577 Basilius

169 2615 468 2678 monachus,
486 2612 716 2669 Basilius
736 2612 1039 2686 Pegoriota,
1065 2611 1240 2684 Byzas
1256 2614 1371 2670 sive
1396 2612 1713 2686 Byzantius,

163 2702 332 2758 Cassia
395 2707 513 2761 sive
567 2706 823 2761 Cassiana
875 2707 988 2761 sive
1043 2706 1211 2761 lcasia
1242 2749 1257 2773 ,
1288 2705 1716 2777 Christophorus

168 2806 578 2863 protoasecreta.
638 2794 888 2850 Clemens
914 2834 931 2861 ,
971 2794 1361 2851 Constantinus
1405 2796 1716 2869 Porpher-

162 2899 390 2957 genueta,
416 2888 668 2953 Cosmas,
692 2886 997 2960 Cyprianus
1043 2888 1365 2953 monachus,
1400 2888 1592 2949 David.
1618 2890 1717 2943 De-

166 2981 393 3047 metrius,
422 2979 731 3035 Dorothens
767 2980 1089 3042 monachus,
1141 2978 1457 3033 Emmanuel
1508 2978 1716 3035 Palma-

162 3069 360 3130 laerita.
396 3071 714 3127 Emmanuel
743 3070 917 3139 Phile,
950 3071 1201 3142 Ephrem,
1230 3070 1553 3143 Euthymins
1598 3074 1714 3125 mo-

161 3163 368 3227 nachus,
394 3163 640 3227 Gabriel,
666 3162 931 3236 Georgius
957 3162 1409 3228 Nicomediensis,
1441 3163 1705 3235 Georgius

160 3250 372 3316 Siculus,
388 3254 694 3309 Germanus
718 3257 1027 3322 patriarcha
1050 3255 1703 3327 Constantinopolitanus,

160 3342 466 3400 Hierotheus
530 3347 852 3412 monachus,
889 3344 1405 3417 lgnatius,Joattnes
1439 3352 1713 3421 archiepi-

161 3451 374 3505 scopus,
411 3435 652 3491 Joannes
706 3438 1069 3494 Damascenus
1094 3479 1109 3505 ,
1148 3438 1386 3497 Joannes
1443 3429 1710 3499 Euchaita

160 3540 503 3600 cognomento
542 3528 850 3601 Maus-opus,
887 3528 1127 3587 Joannes
1163 3532 1507 3601 Stauracius,
1534 3533 1706 3591 Joan-

161 3639 240 3677 nes
288 3621 558 3683 Zonaras,
599 3621 865 3693 Josephns
908 3622 1140 3691 Studita,
1177 3624 1421 3684 Justinus
1457 3627 1710 3695 Decadio,

156 3714 251 3771 Leo
278 3719 599 3786 imperator,
632 3715 738 3769 Leo
774 3716 1049 3785 magister,
1077 3714 1189 3773 Leo
1241 3718 1527 3789 Peganius,
1568 3720 1710 3775 Mar-

155 3822 235 3861 cus
287 3806 631 3870 monachus,
669 3804 976 3871 Mauroleo,
1035 3804 1342 3864 Methodius
1391 3820 1538 3880 patr.
1603 3811 1709 3868 CP.

157 3895 544 3967 Metrophanes,
571 3892 799 3949 Michael
819 3893 1046 3960 Psellus,
1076 3894 1407 3966 Nicephorius
1434 3898 1709 3966 Callistus,

155 3989 346 4044 Nicetas
398 3988 747 4053 lleracleota,
779 3987 993 4044 Nicetas
1020 3989 1335 4047 Stechatius
1362 4031 1378 4056 ,
1418 3992 1707 4059 Nicolaus,

155 4080 288 4136 Mus
332 4081 678 4153 Xantopolus
702 4123 716 4146 ,
749 4081 950 4138 Paulus
982 4084 1298 4139 Ammonius
1324 4124 1340 4150 ,
1394 4084 1708 4159 Philippus.

153 4172 449 4230 Philotbeus
507 4185 651 4246 patr.
706 4174 811 4231 CP.
845 4174 1069 4233 Photius
1119 4180 1448 4245 monachus,
1481 4179 1709 4237 Photius

152 4275 277 4332 patr.
316 4264 451 4330 CP.,
482 4265 783 4335 Procopius
806 4266 1221 4340 chart0phylax,
1255 4268 1559 4335 Romanus,
1584 4270 1707 4327 Ste-

152 4360 344 4424 phanus
389 4356 735 4429 Hagiopolita
760 4397 777 4423 ,
812 4355 1125 4427 Stephanus
1172 4360 1392 4415 Sabaita
1421 4402 1436 4426 ,
1475 4362 1704 4431 Sergius

153 4448 497 4520 llagiopolita.
532 4448 871 4519 Sophronius
893 4462 1030 4519 patr.
1072 4449 1358 4517 Hierosol.,
1384 4452 1702 4511 Theodorus

1825 768 2005 822 linem.
2047 769 2223 839 Atque
2247 767 2362 822 haec
2391 767 2457 821 de
2494 767 2875 823 communibus
2924 772 3227 827 canonibus
3260 776 3403 830 dicta

1822 870 2005 915 sunto.

1890 973 1917 1045 5
1945 972 2032 1029 IV.
2064 973 2140 1029 De
2165 976 2359 1049 Magno
2390 992 2590 1049 canone
2609 1019 2624 1041 ,
2663 975 2958 1049 duzologt‘is
2982 1018 2996 1043 ,
3036 979 3329 1043 theotoriis,

2264 1048 2560 1111 catabasia,
2588 1058 2637 1101 et
2670 1048 2955 1118 apolyfico.

1889 1136 1975 1193 29.
2009 1135 2065 1191 lu
2096 1136 2289 1191 triodio
2323 1146 2499 1193 exstat
2534 1137 2671 1191 allus
2695 1154 2909 1209 quoque
2934 1154 3132 1201 canon,
3158 1140 3246 1207 qui
3289 1157 3403 1194 ma-

1822 1245 1956 1299 gnus
1976 1228 2301 1300 appellatur,
2341 1238 2451 1282 tum
2480 1230 2881 1298 quia-abundat
2932 1234 3221 1305 exquisitis
3272 1249 3398 1305 gra-

1822 1320 2168 1389 vissimisque
2199 1318 2523 1385 sententiis;
2556 1330 2669 1374 tum
2698 1321 2846 1392 quia,
2872 1339 2993 1379 cum
3027 1325 3209 1380 caeteri
3229 1341 3395 1379 cano-

1825 1424 1920 1464 nes
1974 1412 2216 1481 triginta,
2275 1424 2370 1466 ant
2425 1410 2583 1483 paulo
2628 1414 2906 1481 amplius,
2946 1417 3181 1486 troparia
3219 1418 3399 1472 conti-

1824 1514 2013 1567 neant,
2055 1505 2154 1557 iste
2178 1506 2243 1559 ad
2274 1507 2503 1560 ducenta
2521 1516 2575 1564 et
2598 1507 2993 1578 quinquaginta
3026 1510 3368 1579 progreditur

1824 1593 1975 1660 Quod
1999 1594 2335 1663 significatur
2376 1595 2523 1649 hisce
2550 1597 2754 1653 Triodii
2792 1596 2970 1653 verbis
3004 1614 3019 1652 :
3057 1587 3293 1667 At'ys‘rat
3334 1600 3394 1652 δὲ

1826 1687 1997 1757 μέγας
2038 1684 2237 1749 κανὼν,
2275 1685 2403 1748 ῐσως
2436 1686 2502 1741 ἄν
2532 1703 2617 1749 τις
2660 1689 2823 1753 εἴποι,
2848 1691 2943 1744 καὶ
2968 1690 3090 1745 κατ’
3118 1690 3288 1756 αὑτὰς
3314 1693 3403 1745 ἑν-

1822 1779 1969 1841 νοίας
1996 1780 2088 1831 καὶ
2131 1780 2199 1833 τὰ
2227 1779 2657 1852 ἐνθυμήματα...
2704 1782 2798 1833 καὶ
2818 1782 2921 1845 ὃτι,
2944 1784 3053 1835 τῶν
3069 1784 3273 1839 λοιπῶν
3306 1803 3404 1839 κα-

1825 1874 2012 1931 νόνων.
2041 1872 2146 1925 ἀνὰ
2173 1873 2468 1944 τριάκοντα
2512 1874 2608 1928 καὶ
2644 1874 2843 1947 μικρόν
2878 1892 2933 1927 τι
2964 1875 3101 1948 πρὸς
3127 1879 3404 1950 τροπάρια

1825 1964 2075 2033 ἑχόντων,
2122 1954 2277 2027 οὗτος
2324 1962 2403 2027 εἱς
2434 1962 2682 2017 διακόσια
2725 1967 2821 2021 καὶ
2856 1968 3193 2039 πεντήκοντα
3222 1968 3402 2039 πρόει-

1827 2069 1929 2104 σιν.
1970 2053 2075 2107 Sed
2132 2052 2319 2123 quidni
2367 2052 2486 2125 ejus
2538 2054 2766 2109 canonis
2819 2067 3095 2113 auctorem
3141 2067 3197 2112 et
3242 2073 3404 2127 argu-

1827 2155 2063 2197 mentum
2097 2159 2162 2198 ex
2197 2146 2385 2199 eodem
2437 2146 2531 2201 illo
2576 2144 2800 2201 Triodio
2853 2146 3119 2201 declarem
3147 2149 3170 2199 ἲ
3201 2149 3401 2202 Τοῦτον

1823 2233 1931 2286 τῶν
1953 2234 2121 2299 ὅντως
2157 2238 2393 2289 κανόνων
2448 2238 2702 2307 μέγιστον
2751 2239 3007 2293 ἁπάντων
3034 2239 3269 2311 ἀρίστως
3309 2242 3405 2293 καὶ

1823 2328 2155 2399 τεχνηέντως
2206 2328 2507 2401 ἡρμόσατο,
2554 2332 2647 2384 καὶ
2686 2332 3024 2404 συνέγραψεν
3064 2336 3091 2387 ὁ
3128 2335 3186 2387 ὲν
3228 2334 3404 2403 ἁγίοις

1824 2418 2014 2491 Πατὴρ
2049 2420 2205 2493 ἡμῶν
2242 2420 2518 2492 Ἀνδρέας,
2551 2423 2581 2475 ὁ
2631 2424 3059 2494 ἀρχιεπίσκοπος
3093 2427 3338 2497 Κρήτης,
3375 2426 3407 2479 ὁ

1824 2512 1917 2565 καὶ
1953 2512 2388 2585 Ἱεροσολυμίτης
2409 2512 2827 2585 ὀνομαζόμενος,
2866 2515 2923 2579 ὃς
2948 2515 3174 2588 ὥρμητο
3202 2517 3298 2587 μὲν
3339 2518 3406 2569 ἐκ

1824 2604 2236 2675 Δαμασκοῦ.....
2261 2607 2449 2660 Πᾶσαν
2472 2606 2583 2679 γὰρ
2609 2607 2855 2673 Παλαιὰ
2883 2610 2977 2663 καὶ
2995 2609 3141 2674 Νέας
3160 2610 3406 2682 ἱστορίαν

1822 2698 2098 2770 Διαθήκης
2120 2698 2528 2769 ἐρανισάμενος,
2565 2701 2659 2755 καὶ
2685 2700 2965 2773 ἀθροίσας,
3003 2702 3065 2757 τὸ
3106 2702 3280 2775 παρὸν
3306 2704 3402 2775 ήρ-

1826 2790 2029 2863 μόσατο
2084 2790 2268 2863 μέλος,
2314 2791 2423 2846 ἀπὸ
2470 2786 2643 2864 Ἀδὰμ
2692 2792 2890 2865 δηλαδὴ
2926 2795 3088 2867 μέχρι
3108 2798 3204 2850 καὶ
3234 2796 3403 2867 αὐτῆς

1822 2882 2058 2954 Χριστοῦ
2087 2883 2427 2957 ἀναλήψεως.
2462 2884 2557 2938 καὶ
2589 2881 2684 2937 τοῦ
2719 2883 2829 2937 τῶν
2872 2886 3187 2939 ἀποστόλων
3229 2887 3402 2959 κηρύ-

1821 2990 2047 3043 γματος.
2085 2974 2461 3047 Προτρέπεται
2496 2974 2627 3044 γοῦν
2654 2974 2746 3030 διὰ
2775 2975 2967 3031 τούτου
2997 2979 3176 3032 πᾶσαν
3202 2977 3403 3051 ψυχὴν,

1823 3064 1923 3118 ὅσα
1965 3065 2063 3135 μὲν
2097 3067 2274 3133 ἀγαθὰ
2312 3068 2408 3138 τῆς
2458 3067 2695 3139 ἱστορίας
2743 3067 2940 3141 ζηλοῦν
2977 3072 3073 3125 καὶ
3118 3070 3401 3141 μιμεῖσθαι

1823 3155 1960 3227 πρὸς
1984 3156 2234 3228 δύναμινο
2284 3159 2383 3211 ὅσα
2412 3158 2470 3212 δὲ
2510 3160 2617 3212 τῶν
2649 3160 2868 3229 φαύλων
2918 3162 3275 3231 ἀποφεύγειν,
3309 3166 3398 3217 καὶ

1825 3252 1913 3305 ἀεὶ
1943 3250 2077 3322 πρὸς
2098 3250 2230 3304 Θεὸν
2246 3250 2561 3323 ἀνατρέχειν
2581 3251 2668 3305 διὰ
2686 3252 2991 3323 μετανοίας,
3021 3254 3109 3308 διὰ
3130 3254 3401 3325 δακρύων,

1818 3345 1911 3399 καὶ⁸
1933 3344 2393 3415 ὲξομολογήσεως,
2411 3344 2504 3397 καὶ
2536 3345 2639 3415 τῆς
2666 3344 2829 3416 ἄλλης
2858 3345 3098 3417 δηλονότι
3114 3347 3390 3418 εὐαριστήο

1817 3454 1974 3500 σεως.
2007 3436 2153 3508 Πλὴν
2184 3439 2263 3499 εἰς
2296 3436 2549 3490 τοσοῦτόν
2590 3438 2741 3491 ἐστιν
2768 3435 2962 3509 εὔρους
3004 3438 3099 3491 καὶ
3132 3439 3397 3511 ἐμμελὴς,

1814 3528 1888 3591 ὡς
1919 3528 2011 3580 καὶ
2041 3526 2213 3598 αὐτὴν
2239 3528 2338 3598 τὴν
2384 3527 2754 3599 σκληροτέραν
2779 3527 2956 3600 ψυχὴν
2989 3529 3190 3594 ἱκανῶς
3221 3529 3401 3600 μαλά-

1818 3619 1925 3685 ξαι,
1956 3622 2051 3673 καὶ
2106 3622 2240 3691 πρὸς
2266 3619 2535 3693 ἀνάληψιν
2580 3620 2787 3690 ἀγαθοῦ
2830 3622 3115 3692 διεγεῖραι,
3142 3623 3191 3674 εἱ
3241 3622 3401 3691 μόνον

1819 3712 1957 3785 μετὰ
1982 3711 2451 3783 συντετριμμένης
2480 3712 2707 3783 καρδίας
2726 3712 2827 3766 καὶ
2856 3710 3131 3782 προσοχῆς
3166 3711 3398 3783 ἀνηκού-

1815 3823 1915 3878 σης
1935 3805 2211 3876 cauom.
2247 3804 2399 3872 Quod
2429 3805 2507 3859 sic
2540 3802 2734 3859 Latine
2766 3805 2929 3859 reddo
2950 3819 2969 3857 :

1890 3914 1909 3946 ι
1951 3896 2105 3950 Hunc
2138 3908 2267 3949 vere
2317 3908 2382 3949 ex
2426 3893 2679 3950 omnibus
2726 3896 3027 3952 canonibus
3074 3900 3392 3965 maximum.

1813 3989 2019 4057 optime
2058 3987 2460 4055 artificioseque
2496 3988 2670 4041 texuit
2702 3997 2867 4056 atque
2906 3991 3236 4059 conscripsit
3263 3989 3392 4047 ss..-

1812 4092 1935 4137 ctus
1974 4080 2137 4137 Pater
2188 4086 2375 4134 noster
2415 4078 2683 4144 Andreas,
2717 4078 2989 4135 Cretensis
3027 4082 3393 4152 archiepisco-

1812 4190 1932 4245 pus,
1984 4183 2343 4246 cognomento
2391 4171 2937 4246 Hierosolymitanus.
3001 4187 3067 4228 ex
3127 4174 3392 4234 Damasco

1809 4268 2167 4323 oriundus....
2203 4266 2471 4323 Universa
2500 4268 2647 4323 enim
2677 4266 2885 4338 antiqui
2927 4275 2981 4323 et
3011 4268 3135 4323 novi
3169 4268 3389 4327 fmdens

1810 4361 2064 4423 historia,
2088 4370 2273 4417 coacta
2294 4362 2347 4416 in
2384 4376 2576 4423 unum,
2603 4360 2670 4414 ab
2689 4360 2900 4415 Adamo
2930 4375 3100 4431 usque
3138 4361 3204 4415 ad
3228 4359 3390 4417 Chri-

1810 4455 1877 4510 sti
1926 4470 2219 4510 ascensum
2259 4453 2736 4525 apostolorumque
2773 4452 3239 4522 praedicationem,
3281 4453 3387 4510 hoe

150 4541 423 4610 Cmtouita,
447 4542 773 4598 Theodorus
796 4541 1407 4609 Studita,'t'l‘lteodosius
1425 4543 1701 4613 Lascaris,
1738 4554 1781 4611 ι)
1811 4556 2130 4617 perpetuum
2167 4547 2443 4602 canticum
2489 4544 2736 4601 deduxit.
2769 4544 3108 4600 Adhortatur
3133 4560 3265 4619 ergo
3291 4563 3388 4615 per

152 4630 471 4691 Theodosius
518 4631 775 4705 Syceota,
803 4631 1189 4704 Theophanes,
1221 4634 1561 4707 Theophilus
1600 4638 1707 4694 im-

148 4739 367 4795 perator,
395 4727 698 4785 Timocles.
732 4747 750 4780 ι

205 4818 285 4873 38.
340 4820 619 4877 Hactenus
648 4821 910 4889 Allatius,
940 4824 1033 4881 sed
1068 4825 1259 4883 ordine
1307 4827 1453 4883 nullo
1488 4846 1501 4882 :
1539 4843 1701 4900 quem

146 4924 252 4979 ego,
298 4924 350 4967 ut
408 4916 752 4970 commodior
781 4925 950 4979 esset.
999 4917 1396 4988 alphabeticum
1436 4920 1587 4985 feci;
1636 4922 1705 4977 li-

148 5002 342 5058 beatius
390 5005 689 5077 utiliusqne
731 5007 1171 5081 chronologicmn
1234 5011 1481 5078 daturus,
1534 5016 1578 5070 si
1638 5016 1704 5071 de

146 5094 353 5165 singulis
381 5098 724 5155 haberentur
771 5099 1091 5157 documenta
1123 5102 1333 5157 idonea.
1362 5105 1429 5160 Et
1454 5106 1567 5162 hare
1596 5107 1703 5162 alia

148 5187 297 5251 possit
330 5203 451 5243 esse
516 5203 681 5244 causa
743 5191 1003 5262 Optandi,
1047 5203 1104 5247 ut
1156 5192 1405 5249 alicunde
1473 5199 1701 5263 prodeat

148 5280 501 5345 prelaudatus
531 5282 597 5335 de
616 5280 923 5338 Graecorum
956 5283 1181 5339 melodis
1232 5294 1520 5343 tractatus.
1550 5287 1698 5343 Inte-

149 5368 233 5423 rim
282 5371 471 5428 iisdem
514 5374 710 5429 merito
762 5375 1198 5434 adnumerandus
1248 5382 1554 5451 suggeritur
1611 5396 1701 5435 no-

149 5460 360 5519 minatus
418 5479 591 5535 supra
653 5465 967 5523 Theodorus
1017 5467 1351 5526 Prodromus
1404 5473 1497 5543 qui
1559 5473 1702 5542 ipsos

148 5564 363 5610 canones
423 5556 638 5626 primus
705 5562 1123 5617 commentando
1173 5565 1474 5633 exposuit:
1539 5564 1695 5620 Nice-

148 5643 295 5710 phoro
322 5645 660 5714 Biemmidzc,
697 5650 750 5703 in
789 5660 928 5705 orat.
973 5652 998 5706 1
1036 5655 1100 5708 de
1140 5670 1383 5725 process.
1415 5656 1473 5711 S.
1524 5656 1702 5726 Spiri-

150 5741 235 5789 tus.
264 5738 376 5792 ideo
401 5740 585 5794 dictus
604 5742 633 5792 ὁ
660 5740 767 5793 τῶν
799 5744 957 5815 ἱερῶν
982 5746 1235 5800 Κανόνων
1258 5748 1474 5820 πρῶτος
1512 5764 1698 5819 σαφη-

147 5826 331 5891 νιστής.
373 5832 472 5886 Est
498 5842 552 5886 et
578 5834 746 5901 aliud,
800 5836 866 5892 de
913 5852 1020 5907 quo
1081 5847 1133 5896 te
1165 5841 1448 5908 monitum,
1496 5840 1692 5908 lector,

1812 4636 1917 4692 hoc
1939 4651 2159 4693 omnem
2189 4637 2451 4701 animam,
2476 4645 2534 4691 ut
2575 4650 2697 4706 qua:
2718 4636 2770 4692 in
2804 4636 3153 4693 historiarum
3188 4653 3385 4691 monu-

1813 4727 2016 4783 mentis
2063 4728 2239 4781 cernit
2268 4742 2387 4782 esse
2414 4728 2553 4781 bona
2602 4738 2657 4781 et
2689 4725 3001 4792 laudabilia,
3031 4740 3094 4781 ea
3127 4740 3224 4795 pro
3256 4726 3386 4780 viri-

1809 4816 1911 4874 bus
1971 4828 2242 4885 sectetur;
2269 4835 2388 4891 qua:
2421 4820 2585 4884 mala,
2621 4818 2792 4890 fugiat
2816 4826 2871 4873 et
2898 4828 3212 4887 aversetur;
3238 4835 3383 4876 sem-

1808 4927 2013 4982 perque
2057 4913 2125 4968 ad
2174 4911 2341 4967 Deum
2378 4920 2620 4968 recurrat
2654 4925 2751 4981 per
2782 4911 3232 4982 rcsipiscentiam,
3286 4928 3384 4981 per

1808 5004 2105 5076 lacrymas,
2141 5020 2237 5074 per
2269 5005 2590 5061 delictorum
2624 5006 3040 5075 confessionem,
3068 5017 3124 5063 et
3150 5021 3250 5075 per
3275 5006 3383 5062 alia

1808 5095 2115 5162 huiusmodi
2152 5097 2396 5165 placandi
2428 5097 2592 5152 divini
2633 5098 2875 5154 numinis
2926 5098 3259 5169 adiumenta.
3287 5098 3382 5153 Et-

1806 5190 1949 5243 enim
1984 5189 2071 5243 hic
2097 5203 2270 5243 canon
2299 5199 2404 5242 tam
2431 5188 2625 5245 ﬂuidus
2654 5200 2740 5244 est
2780 5198 2998 5258 tamque
3032 5200 3292 5261 argutus.
3324 5201 3381 5243 ut

1806 5291 2040 5335 tuentem
2063 5279 2228 5334 etiam
2252 5280 2522 5335 duriorem
2546 5282 2679 5335 satis
2703 5280 2966 5347 emolliat,
2986 5290 3039 5337 et
3059 5283 3126 5336 ad
3147 5298 3378 5352 sequen—

1804 5376 1931 5428 dum
1982 5374 2269 5428 honestum
2322 5375 2687 5443 decorumque
2715 5374 2938 5439 excitet,
2994 5374 3155 5431 modo
3195 5375 3379 5428 auium

1805 5468 2040 5524 contrito
2072 5477 2128 5523 et
2164 5468 2341 5524 debita
2378 5484 2502 5525 cum
2530 5468 2834 5524 attentione
2860 5468 3145 5539 psallatur.
3185 5485 3203 5517 ι
3244 5468 3377 5535 Quae

1804 5558 2021 5629 quidem
2053 5560 2281 5617 attentio
2314 5578 2383 5617 ne
2423 5560 2595 5626 desit,
2640 5568 2895 5615 cantatur
2932 5558 3098 5622 lente,
3123 5573 3259 5614 sonu
3289 5556 3373 5611 lu-

1805 5651 2001 5723 gubri,
2051 5663 2104 5706 et
2154 5655 2326 5707 ternis
2386 5656 2450 5707 ad
2497 5653 2733 5721 troparia
2792 5650 3002 5720 singula
3050 5649 3373 5719 prostratio-

1806 5744 1982 5798 nibus.

1876 5838 1964 5894 '50.
2002 5836 2234 5911 Tempus
2257 5850 2581 5910 autem,an
2627 5837 2851 5914 Magnus
2878 5836 2965 5894 ille
2995 5850 3167 5893 canon
3193 5836 3246 5891 in
3274 5847 3373 5891 ec-
