4066 6314
686 362 909 403 οεειιιν

2014 354 2546 411 PROLEGOMENA.

686 466 853 521 clesia
900 465 1206 521 recitandus
1248 475 1333 521 est
1380 476 1523 523 totus
1552 468 1697 538 (nam
1728 484 1825 540 per
1852 480 2031 539 partes
2061 473 2252 527 recita-
2285 481 2327 534 Α
2358 475 2429 528 tio
2473 469 2664 541 major.
2712 471 2917 528 Prmter
2946 470 3211 538 duplicem
3243 470 3401 527 iSIam
3433 471 3778 542 Δοξολογίαν,
3808 489 3924 528 ma-

689 564 779 610 tttr
811 556 981 623 prima
1016 557 1841 632 Quadragesintaehebdomada),
1867 564 2171 633 assignatur
2198 563 2247 616 in

688 649 886 703 triodio
936 648 1163 718 aliisque
1219 649 1368 703 libris
1403 652 1786 708 ecclesiasticis
1833 655 2119 726 ήπέμπτη
2151 655 2252 725 τῆς

688 738 943 808 πέμπτης
989 739 1277 811 ἑϐδομάδος
1329 741 1429 811 τῆς
1479 743 1950 815 Τεσσαρακοστῆς,
2004 749 2102 801 huc
2145 755 2248 812 est,

696 849 712 880 s
740 829 871 882 feria
897 831 1083 899 quinta
1120 833 1318 901 quinta:
1353 835 2246 910 hebdomadzcqttadragesimalis,s

688 930 807 984 quae
832 916 971 970 hanc
991 918 1060 971 ob
1086 934 1305 973 causam
1322 936 1364 995 ,ο
1389 921 1592 979 Grecis
1619 926 1875 992 peculiari
1901 928 2253 999 appellatione

691 1006 885 1060 dicitur
921 1006 1113 1062 festum
1142 1010 1235 1063 τοῦ
1262 1012 1497 1082 μεγάλου
1516 1015 1761 1080 κανόνος,
1797 1017 2064 1073 interdum
2089 1019 2251 1072 etiam

690 1097 915 1170 πέμπτη
942 1098 1035 1153 τοῦ
1071 1102 1309 1165 κανόνος.
1346 1104 1497 1159 Unde
1529 1122 1630 1159 non
1663 1106 1934 1163 immerito
1971 1124 1999 1162 a
2037 1107 2252 1164 Gretse-

672 1208 752 1261 ιτο
779 1204 961 1245 nostro
989 1195 1400 1261 reprehenditur
1428 1196 1618 1251 Junius
1637 1235 1653 1261 ,
1681 1198 1822 1267 quod
1854 1200 2020 1265 dicat,
2058 1203 2249 1256 festum

690 1282 867 1351 magni
903 1286 1127 1339 canonis
1158 1302 1278 1341 esse
1327 1290 1662 1343 Dominicam
1710 1293 2065 1347 orthodoxize.
2095 1310 2114 1346 s
2153 1294 2251 1345 Er-

690 1384 796 1439 rat,
825 1376 999 1445 inquit
1026 1375 1338 1443 Gretserus,
1367 1395 1515 1433 more
1550 1396 1649 1434 suo
1688 1381 1944 1448 solemni;
1997 1399 2119 1437 nam
2152 1384 2253 1438 Do-

688 1466 883 1523 minica
914 1470 1249 1526 orthodoxize
1272 1480 1389 1525 erat
1429 1474 1605 1540 prima
1640 1473 1919 1530 Dominiea
1938 1476 2252 1547 Quadrage.

688 1560 840 1615 sime
867 1575 882 1614 :
909 1581 928 1615 ›
949 1578 1067 1631 quae
1095 1564 1232 1617 ratio
1263 1563 1417 1632 plana
1448 1566 1507 1619 ﬁt
1540 1583 1663 1621 cum
1691 1583 1755 1624 ex
1787 1570 1928 1634 aliis,
1951 1579 2062 1623 tum
2086 1571 2255 1625 maxi-

689 1665 777 1725 me
801 1666 865 1705 ex
896 1653 1075 1722 typico
1094 1651 1151 1707 S.
1173 1654 1328 1709 Saba:
1357 1671 1477 1725 cap.
1510 1657 1600 1725 42,
1623 1660 1776 1729 cujus
1812 1662 1999 1716 titulus
2015 1672 2117 1721 est,
2137 1664 2255 1716 Διά-

686 1739 837 1805 ταξις
860 1742 957 1813 τῆς
976 1742 1195 1816 πρώτης
1216 1748 1485 1819 κυριακῆς
1514 1750 1622 1802 τῶν
1638 1752 1808 1819 ἁγίων
1827 1754 2107 1824 νηστειῶν,
2138 1757 2257 1826 ἤτοι

685 1832 784 1903 τῆς
813 1834 1142 1907 ὀρθοδοξεας.
1178 1857 1196 1889 ι
1236 1840 1379 1892 Ordo
1405 1845 1591 1908 prima:
1630 1843 1919 1901 Dominicis:
1942 1858 2252 1904 sanctorum
2288 1836 2328 1889 Β

681 1926 1009 1997 jt‘jtlttiot'um
1067 1930 1145 1984 vel
1194 1932 1547 1989 orthodosiae.
1583 1954 1602 1988 t
1664 1935 1841 1992 Prima
1887 1954 2100 2009 quoque
2131 1956 2253 1998 ver-

686 2020 752 2071 ba
780 2020 923 2074 illius
955 2022 1147 2088 capitis
1186 2022 1299 2080 inec
1330 2036 1494 2081 sunt:
1526 2031 1592 2099 τῇ
1638 2033 1873 2100 κυριακῇ
1905 2032 2002 2103 τῆς
2033 2032 2251 2105 ὀρθοδο-

687 2106 825 2175 eleg.
866 2115 1006 2179 Quid
1058 2131 1185 2171 vero
1219 2115 1432 2171 Juniutn
1466 2121 1517 2171 in
1553 2120 1692 2174 hunc
1721 2138 1964 2179 errorem
1990 2131 2251 2198 rapuerit,

688 2204 823 2257 tnihi
855 2206 1069 2273 quidem
1107 2223 1210 2260 non
1237 2220 1319 2261 est
1352 2210 1596 2265 divinatu
1627 2212 1862 2269 diﬂicile.
1892 2217 2153 2287 Agedum,
2175 2219 2251 2272 fa-

686 2294 895 2349 ciamus
923 2296 1240 2364 periculum.
1267 2299 1443 2353 Prima
1477 2301 1565 2355 illa
1608 2303 2042 2378 Quadragesinue
2066 2308 2249 2363 Domi-

686 2388 809 2439 nica
836 2384 1018 2458 (quam
1054 2403 1119 2441 ex
1149 2389 1400 2448 restituto
1435 2394 1728 2465 imaginum
1774 2412 2049 2451 sacrarum
2080 2399 2247 2464 cultu,

682 2488 739 2531 et
770 2480 1036 2536 hereticis
1065 2481 1361 2553 profligatis
1380 2486 1711 2557 ὀρθοδοξίας,
1744 2490 1893 2559 quasi
1926 2500 2087 2543 rectae
2128 2492 2247 2546 ﬁdei

685 2572 989 2643 nominant)
1023 2591 1161 2629 veru:
1190 2589 1457 2647 rectaeque
1489 2580 1611 2634 fidei
1653 2582 2042 2650 professionem
2090 2585 2249 2637 emit-

688 2675 804 2718 tttnt
830 2665 1027 2731 Graeci,
1058 2677 1108 2721 et
1137 2668 1347 2740 singula
1379 2670 1656 2738 religionis
1681 2676 1876 2743 capita,
1909 2676 2081 2744 palam
2112 2688 2166 2731 et
2195 2678 2246 2730 in

684 2767 899 2827 aperto,
924 2774 1057 2814 voce
1080 2758 1188 2814 alta
1211 2762 1559 2831 conﬁtentur,
1584 2769 1951 2837 sectariosque
1979 2779 2032 2822 et
2061 2783 2245 2823 eorum

684 2852 921 2907 haereses
968 2853 1125 2923 longo
1173 2856 1365 2909 ordine
1416 2855 1628 2914 iteratis
1685 2860 2049 2917 anathematis
2097 2864 2250 2918 dam-

683 2950 834 2993 nant.

752 3029 840 3085 5|.
867 3029 992 3086 Haec
1017 3036 1157 3103 apud
1174 3035 1510 3092 Philothenm
1544 3042 1905 3109 patriarcham
1933 3046 2248 3101 Constanti-

683 3121 1051 3189 nopolitanunt
1084 3124 1317 3182 aliumve
1352 3127 1557 3198 legerat
1592 3130 1822 3187 fortasse
1844 3132 2070 3198 Junius;
2102 3150 2248 3189 cum-

681 3224 790 3281 que
846 3212 1107 3282 novisset,
1155 3216 1387 3286 plurium
1437 3221 1793 3279 conciliorum
1838 3224 2146 3281 sanctiones
2195 3199 2319 3281 etc

683 3302 1167 3360 anathematismos
1196 3310 1377 3362 vocari
1427 3325 1688 3378 canones,
1722 3315 1867 3369 venit
1893 3316 1989 3385 ipsi
2022 3316 2074 3371 itt
2100 3333 2250 3372 men-

687 3403 791 3446 tem
826 3396 1087 3465 cogitare,
1118 3396 1371 3467 Magnum
1404 3416 1667 3456 canonem
1704 3419 1825 3460 esse
1854 3406 2065 3477 longam
2100 3410 2246 3464 illaut

681 3498 961 3539 sacrorum
1017 3486 1323 3557 dogmatum
1370 3500 1531 3560 atque
1583 3495 1983 3551 anathentatunt
2030 3501 2246 3566 seriem,

678 3591 841 3644 quam
868 3577 1025 3633 modo
1046 3580 1304 3635 diximus.
1326 3580 1419 3635 llis
1449 3595 1626 3639 autem
1659 3587 1729 3640 ita
1757 3590 2082 3657 constitutis,
2122 3608 2249 3648 ceu-

681 3667 797 3719 seu‘
836 3668 953 3721 ﬁeri
1000 3671 1262 3738 potuisse.
1301 3682 1358 3726 ut
1380 3673 1570 3731 Junius
1607 3678 1779 3746 prima
1813 3678 2087 3739 Dominiea
2107 3684 2243 3752 Qua-

680 3760 998 3828 dragesimte
1028 3761 1224 3817 festum
1251 3763 1429 3836 Magni
1473 3771 1697 3824 canonis
1715 3775 1800 3843 agi
1828 3790 1934 3829 non
1959 3777 2250 3833 arbitrare-

685 3850 813 3903 turl
837 3849 913 3904 En
960 3853 1123 3923 igitur
1155 3856 1319 3926 stirps
1345 3873 1407 3913 ac
1423 3876 1603 3914 semen
1632 3860 1847 3918 Juniani
1877 3868 2250 3941 errorislouge

693 3941 1179 4011 verisimillimum;
1223 3958 1278 4002 et
1315 3950 1473 4003 simul
1515 3953 1752 4018 addisce,
1802 3970 2060 4024 quantum
2106 3962 2248 4029 peri-

690 4035 872 4090 culum
904 4040 1118 4092 errandi
1150 4042 1347 4095 adeant
1372 4042 1467 4107 illi,
1491 4044 1729 4113 quiante
1769 4051 1834 4103 de
1854 4050 2030 4118 aliqua
2064 4066 2120 4105 re
2162 4051 2246 4105 di-

678 4135 811 4180 cunt
856 4131 1180 4184 sententiam
1207 4174 1223 4198 ,
1252 4149 1412 4202 quam
1466 4136 1773 4207 intelligunt
1820 4142 1946 4209 quid
1985 4142 2057 4196 sit
2092 4143 2141 4196 id
2178 4145 2244 4199 de

678 4233 790 4286 quo
843 4220 1167 4289 disputetur.
1219 4224 1326 4280 Nos
1380 4227 1701 4295 disputaturi
1771 4248 1891 4287 mox
1944 4236 2010 4288 de
2050 4234 2244 4289 Θεοτοο

679 4307 841 4373 λείοις.
874 4310 1167 4378 periculum
1217 4314 1356 4369 istud
1380 4316 1670 4374 formidare
1713 4322 1930 4379 minime
1954 4324 2241 4393 debemus;

677 4400 807 4467 quia
829 4398 1112 4455 Θεοτόκιον
1137 4404 1266 4473 quid
1294 4406 1388 4471 sit,
1413 4405 1523 4475 jam
1553 4424 1695 4464 nunc
1730 4412 2063 4470 instituimus
2092 4418 2243 4473 dice-

678 4507 772 4559 re;
804 4508 1000 4562 nempe
1041 4496 1284 4551 ultimum
1314 4499 1538 4554 odarum
1567 4501 1681 4557 sive
1700 4507 2032 4562 canticorum
2068 4519 2244 4578 tropa-

679 4585 840 4650 rium,
886 4602 991 4654 quo
1033 4588 1246 4656 aliquod
1303 4589 1539 4661 Virginis
1578 4596 1766 4649 matris
1814 4601 2163 4666 praeconium,
2190 4611 2243 4656 et

678 4676 898 4745 quidem
927 4681 1388 4735 accommodatum
1425 4686 1673 4754 tempori,
1720 4690 2044 4746 continetur.
2099 4691 2244 4749 Solet

680 4779 863 4821 autent
900 4770 955 4823 in
984 4769 1175 4825 ciliciis
1201 4774 1585 4832 ecclesiasticis
1608 4790 1885 4835 contracta
1920 4785 2021 4840 hac
2047 4797 2172 4841 nota
2214 4789 2242 4842 θ

679 4876 784 4914 non
812 4876 936 4916 raro
962 4864 1178 4935 depingi
1197 4884 1213 4933 ;
1232 4878 1286 4920 et
1313 4878 1437 4924 ante
1461 4873 1814 4939 peuultimqu
1835 4880 2127 4946 troparium
2162 4883 2241 4945 τὸ,

675 4957 833 5021 Δόξα
868 4959 1048 5027 Πατρὶ
1074 4961 1172 5014 καὶ
1222 4962 1330 5028 Υἱῷ
1379 4963 1477 5017 καὶ
1517 4964 1662 5034 ἁγίῳ
1717 4969 2032 5038 Πνεύματι,
2063 4971 2244 5027 Gloria

676 5048 854 5118 Patri,
871 5080 1058 5130 AN
1086 5067 1132 5109 et
1163 5054 1304 5108 Filio
1329 5070 1376 5110 et
1406 5060 1625 5130 Spiritui
1653 5072 1830 5115 sancto
1854 5073 2128 5119 contracte
2147 5066 2245 5121 hac

676 5080 703 5103 ι
730 5080 854 5118 ut”,
1086 5080 1132 5109 ct
1163 5080 1197 5108 ι’
1216 5080 1304 5108 tua
1329 5080 1374 5110 ει
1406 5080 1624 5130 δρινιιυι
1653 5080 1830 5115 saneto
1854 5080 2128 5119 contraete
2147 5080 2243 5121 huc

676 5142 845 5214 ﬁgura
866 5080 1329 5207 ὢηοωιυιη
1361 5157 1693 5223 ροιικρὶίτὶιιιι·
1724 5174 1739 5223 ς
1772 5171 2106 5226 sequensque
2129 5174 2243 5213 ver-

677 5245 901 5312 siculus,
931 5247 1042 5300 Kal
1082 5247 1219 5314 νῦν,
1255 5246 1353 5300 καὶ
1384 5248 1519 5313 αἰεὶ,
1568 5247 1668 5302 καὶ
1713 5252 1799 5315 εις
1842 5250 1985 5317 τοὺς
2026 5250 2242 5318 αἰῶνας

674 5337 795 5393 τῶν
825 5339 1071 5404 αἰώνων,
1096 5340 1163 5393 Et
1188 5357 1322 5394 nunc
1349 5354 1396 5395 et
1428 5357 1627 5409 semper
1649 5353 1695 5395 et
1727 5343 1781 5395 in
1805 5344 1997 5397 secula
2026 5346 2243 5398 καταιο-

676 5448 791 5487 rum
812 5473 828 5499 ,
857 5432 936 5499 τῷ
961 5432 1235 5505 Θεοτοκίῳ
1257 5450 1469 5506 semper
1492 5436 1853 5506 praemittitur.
1885 5435 2000 5490 Non
2022 5453 2237 5502 possunt

672 5526 801 5594 quin
846 5526 931 5581 hic
960 5528 1119 5582 etiam
1152 5529 1317 5583 verbo
1344 5527 1619 5593 adnotein,
1653 5528 1833 5583 Gloria
1866 5527 2068 5584 Patria
2093 5531 2241 5587 Grae-

672 5620 752 5674 cis
788 5621 893 5675 dici
918 5619 1235 5691 Δοξολογίαν
1260 5624 1484 5697 μικράν,
1513 5625 1626 5679 sive
1659 5623 2106 5694 gloriﬁcationem
2136 5624 2238 5677 nti-

668 5726 858 5769 norent
907 5714 975 5767 ad
1032 5714 1385 5770 diﬁ’ercntiam
1440 5716 1622 5787 hymni
1672 5714 1919 5785 angelici,
1966 5714 2150 5769 Gloria
2183 5718 2237 5770 in

670 5805 906 5868 excelsis.
926 5820 1044 5870 qua
1068 5807 1266 5872 dicitur
1286 5808 1572 5878 Δοξολογία
1607 5810 1818 5879 μεγάλη
1834 5812 1949 5868 sive
1967 5811 2235 5881 glorilicao

2349 565 2518 633 jorem
2544 571 2597 617 ct
2639 565 2927 629 minorem,
2977 575 3059 619 est
3111 574 3166 619 et
3219 564 3395 627 tertia,
3443 566 3740 636 Τρισάγιον
3783 567 3924 621 dicta

2352 665 2492 710 ater
2532 657 2757 723 repetita
2801 673 2929 713 voce
2960 657 3173 725 Ἄγιος.
3220 671 3410 728 nempe
3457 657 3651 727 Ἄγιος
3681 663 3714 715 ὁ
3759 659 3924 726 Θεὸς,

2352 749 2518 817 ἅγιος
2571 749 2837 819 ὶσχιερὸς,
2885 751 3048 820 ἅγιος
3096 750 3413 818 ἀθάνατος,
3448 748 3714 817 ἐλέησον
3747 749 3924 823 ἡμᾶς,

2354 838 2581 895 Sanctus
2612 841 2769 904 Deus,
2800 853 3015 897 sanctus
3035 840 3211 911 fortis,
3234 853 3449 897 sanctus
3468 842 3804 910 immortalis,
3830 844 3926 897 mi-

2353 948 2523 987 serere
2551 935 2719 987 nostri
2728 976 2741 989 .
2760 932 2984 998 Quando
3000 944 3175 990 autem
3194 942 3248 987 et
3264 935 3530 1002 quomodo
3552 934 3626 988 sit
3654 933 3746 988 ille
3772 937 3925 990 trisa-

2356 1022 2427 1092 gii
2458 1024 2690 1094 hymnus
2723 1022 3081 1087 introductus,
3118 1022 3328 1079 erudite
3362 1026 3607 1094 disputat
3646 1021 3924 1082 Habertus

2357 1114 2408 1168 in
2440 1115 2598 1168 Libro
2634 1113 2932 1184 Pontiﬁcali
2962 1125 3087 1171 ante
3113 1116 3300 1179 citato,
3322 1130 3443 1185 pag.
3479 1117 3567 1172 64.

2423 1208 2514 1262 52.
2547 1208 2651 1260 Sed
2682 1224 2765 1262 nte
2799 1220 3055 1263 revocant
3093 1209 3377 1274 Θεοτόκια,
3412 1223 3527 1276 quae
3553 1210 3699 1265 unde
3730 1202 3923 1263 nomen

2358 1295 2681 1358 invenerint,
2702 1296 2934 1365 ignorari
2964 1312 3069 1350 non
3091 1309 3286 1366 potest,
3314 1298 3418 1351 nisi
3443 1298 3510 1351 ab
3529 1314 3594 1353 eo
3617 1298 3707 1353 cui
3743 1297 3922 1368 ignota

2359 1398 2441 1443 est
2477 1386 2794 1443 Nestoriana
2849 1388 3070 1458 perﬁdia
3108 1406 3121 1441 :
3167 1390 3351 1458 paucis
3372 1404 3499 1455 ergo
3541 1392 3590 1445 id
3616 1394 3922 1463 expediam.

2359 1480 2653 1535 Tortuosus
2692 1481 2785 1536 ille
2831 1482 3050 1537 coluber
3082 1482 3181 1548 (sic
3216 1482 3284 1535 ab
3305 1482 3673 1539 Alexandrino
3722 1484 3924 1555 Cyrillo

2361 1576 2668 1629 nominatur
2690 1573 2988 1645 Nestorius)
3009 1572 3372 1629 beatissimam
3401 1574 3672 1645 Virginem
3693 1576 3923 1631 Mariam

2359 1666 2689 1739 pernegabat
2716 1682 2834 1724 esse
2861 1668 3119 1722 Θεοτὸκον
3132 1668 3243 1722 sive
3268 1666 3577 1735 Deiparam;
3612 1674 3923 1725 asserebat-

2359 1774 2461 1829 que
2480 1759 2656 1827 potius
2675 1762 3037 1834 Χριστοτόκος
3069 1774 3121 1815 et
3143 1762 3575 1836 ἁνθρωποτόκον,
3602 1780 3700 1820 seu
3734 1784 3754 1816 s
3779 1765 3924 1820 Chrio

2358 1853 2609 1920 stiparam
2665 1864 2719 1909 et
2776 1853 3008 1910 hominis
3062 1856 3420 1924 genitricem»
3453 1871 3573 1912 esse
3612 1856 3921 1912 dicendam.

2359 1944 2504 1998 Hanc
2528 1943 2856 2014 impietatem
2885 1960 2989 1999 non
3016 1946 3256 2002 tulerunt
3277 1949 3562 2005 Catholici.
3587 1947 3735 2021 Ergo
3760 1950 3925 2004 varia:

2356 2045 2541 2091 contra
2571 2036 2869 2095 Nestorium
2892 2046 3157 2109 coguntur
3186 2043 3395 2108 synodi,
3420 2040 3643 2112 ejusque
3671 2044 3924 2099 hmresint

2357 2129 2749 2197 condemnant;
2775 2140 2829 2185 et
2862 2130 3003 2184 inter
3028 2130 3164 2185 alias
3187 2130 3476 2200 Ephesina,
3497 2147 3615 2202 quae
3640 2135 3722 2187 sie
3747 2135 3922 2187 fullni-

2356 2232 2486 2278 nat:
2512 2224 2581 2277 Ei’
2608 2242 2691 2289 τις
2715 2224 2812 2295 οὐχ
2841 2222 3093 2295 ὁμολογεῖ
3122 2222 3254 2277 Θεὸν
3304 2218 3440 2277 εἶναι
3472 2224 3612 2276 κατὰ
3666 2223 3923 2295 ἀλήθειαν

2353 2317 2441 2370 τὸν
2488 2317 2852 2389 Ἐμμανουὴλ,
2890 2318 2984 2371 καὶ
3013 2316 3102 2372 διὰ
3148 2315 3309 2371 τοῦτο
3336 2316 3596 2371 Θεοτόκον
3634 2316 3737 2388 τὴν
3766 2316 3923 2385 ἁγίαν

2354 2406 2628 2479 Παρθένον
2667 2409 2984 2479 (γεγέννηκε
3020 2408 3128 2480 γὰρ
3155 2407 3428 2479 σαρκικῶς
3457 2407 3634 2481 σάρκα
3660 2408 3923 2478 γεγονότα

2353 2498 2444 2551 τὸν
2497 2503 2561 2553 ὲκ
2613 2499 2747 2553 Θεοῦ
2777 2500 2995 2569 Λόγον)·
3029 2499 3274 2571 ἀνάθεμα
3303 2499 3463 2554 ἔστω.
3499 2516 3518 2553 t
3562 2500 3616 2553 Si
3644 2500 3772 2569 quis
3822 2514 3924 2551 nor

2354 2588 2641 2644 conﬁtetur
2672 2590 3070 2643 Ennnanuelem
3124 2605 3310 2643 verum
3336 2590 3501 2643 Deum
3524 2603 3667 2653 esse,
3695 2598 3751 2643 et
3778 2590 3850 2643 ob
3876 2589 3923 2642 id

2356 2689 2600 2734 sanctam
2640 2679 2908 2749 Virginem
2984 2681 3076 2734 Dei
3132 2681 3443 2749 genitricem
3507 2679 3721 2751 (genuit
3780 2680 3923 2735 enim

2352 2769 2793 2827 illaincarnatutn
2815 2771 2903 2827 Dei
2929 2773 3160 2827 Verbum
3180 2775 3473 2827 secundum
3494 2772 3775 2846 carnem),
3806 2788 3907 2826 ana

2355 2868 2535 2922 thema
2592 2868 2683 2922 sit.
2728 2885 2748 2920 ι
2784 2867 2859 2923 Ex
2906 2868 3007 2924 hoc
3053 2878 3229 2923 autem
3293 2878 3531 2939 tempore
3580 2885 3681 2925 vox
3732 2869 3903 2924 Θεοτό

2352 2978 2448 3025 κος
2489 2962 2541 3015 in
2596 2962 2916 3032 explicando
2962 2963 3353 3018 lucarnationis
3405 2964 3663 3034 mysterio
3690 2965 3920 3019 obtinuit

2353 3055 2599 3109 eumdem
2660 3070 2815 3107 usum
2849 3071 2913 3110 ac
2968 3056 3351 3126 principatum,
3388 3071 3544 3124 quem
3576 3056 3627 3109 in
3660 3056 3921 3125 mysterio

2355 3142 2635 3200 Trinitatis
2664 3157 2789 3200 ante
2838 3150 3149 3201 obtinuerat
3192 3164 3288 3201 vox
3322 3148 3624 3218 ὁμοούσιος.
3656 3146 3727 3202 Ut
3780 3148 3921 3201 enim

2354 3234 2406 3287 in
2436 3233 2718 3289 Trinitatis
2746 3238 3003 3305 mysterio
3037 3248 3145 3292 tota
3185 3238 3309 3292 ﬁdei
3349 3239 3629 3292 catholica:
3672 3239 3817 3294 ratio
3847 3249 3920 3293 at-

2351 3340 2458 3396 que
2480 3326 2743 3397 professio
2775 3343 2884 3381 uno
2930 3328 3411 3384 consubstantialis
3452 3331 3717 3385 vocabulo
3753 3331 3919 3385 conti-

2352 3420 2465 3474 neri
2495 3420 2819 3489 putabatur;
2852 3421 2987 3475 adeo
3024 3430 3082 3473 ut
3134 3430 3390 3491 tanquam
3441 3432 3640 3479 tessera
3674 3425 3922 3493 quaedam

2352 3512 2659 3581 haberetur,
2688 3529 2808 3583 qua:
2836 3512 3082 3570 fmderati
3114 3517 3413 3585 sociatique
3438 3516 3703 3573 Catholici
3738 3528 3923 3572 mutuo

2351 3617 2470 3656 sese
2493 3602 2872 3659 dist-emebant
2894 3606 2961 3661 ab
2992 3607 3259 3672 hostibus,
3292 3620 3347 3663 et
3378 3610 3683 3665 contrarias
3712 3610 3816 3664 sibi
3843 3611 3922 3663 in-

2350 3694 2524 3749 vicem
2572 3694 2794 3752 Sabellii
2830 3705 2885 3753 et
2923 3699 3039 3753 Arii
3067 3698 3302 3755 haereses
3339 3715 3442 3754 una
3476 3699 3630 3769 plaga
3660 3699 3921 3754 conﬁcie-

2354 3788 2517 3852 bant;
2554 3788 2632 3843 sic
2664 3788 2729 3843 ad
2747 3790 3097 3859 proﬁtendam
3125 3792 3430 3846 distinctius
3463 3792 3919 3853 lui-amationem,

2353 3882 2680 3949 praecipuum
2719 3882 2769 3933 in
2796 3895 2926 3935 voce
2962 3881 3225 3943 Θεοτὸκος
3256 3891 3584 3936 momentum
3617 3898 3646 3935 a
3672 3880 3919 3937 Catholi-

2348 3974 2426 4027 cis
2459 3974 2806 4028 constitutum
2834 3980 2946 4038 est;
2971 3983 3026 4028 et
3047 3988 3209 4044 quam
3237 3973 3325 4029 isti
3357 3974 3409 4027 in
3439 3973 3633 4028 tuenda
3673 3974 3762 4027 illa
3792 3990 3919 4029 voce

2348 4073 2680 4127 constantes,
2714 4072 2820 4118 tam
2866 4066 3053 4120 eadem
3083 4069 3440 4135 oppugnanda
3488 4066 3807 4135 pervicaces
3827 4069 3918 4121 ad-

2350 4154 2573 4209 versarii
2616 4153 2787 4209 fuere.
2831 4155 3006 4227 Atque
3040 4173 3102 4211 ea
3143 4171 3306 4212 causa
3346 4158 3555 4227 impulit
3586 4157 3829 4222 Graecos.
3863 4172 3918 4214 ut

2347 4260 2535 4314 preces
2579 4255 2635 4301 et
2688 4247 3115 4314 obsecrationes,
3161 4250 3358 4317 quibus
3388 4250 3554 4305 divini
3603 4250 3767 4307 oliicii
3793 4262 3916 4308 tem-

2346 4352 2477 4406 pore
2506 4352 2661 4406 opem
2711 4354 2917 4410 magna!
2945 4338 3129 4396 Matris
3173 4342 3481 4411 implorant,
3522 4342 3787 4397 Θεοτόκια
3824 4360 3916 4413 ap-

2347 4428 2625 4499 pellandas
2650 4432 2980 4487 censuerint.
3012 4431 3156 4487 Scita
3174 4435 3415 4503 profecto
3438 4445 3490 4489 et
3515 4436 3661 4489 utilis
3688 4434 3915 4504 appella-

2275 4547 2318 4601 ο
2350 4523 2424 4575 tio
2453 4542 2466 4576 ε
2509 4537 2631 4575 nam
2672 4525 3099 4594 quotiescunque
3120 4527 3199 4580 vel
3229 4528 3436 4580 titulum
3471 4528 3655 4580 harum
3693 4542 3912 4595 precum

2346 4613 3078 4687 intuebantur(intuebantur
3112 4627 3289 4671 autem
3321 4618 3664 4688 saepissime).
3692 4634 3800 4671 non
3820 4633 3914 4687 po-

2347 4715 2487 4761 terat
2518 4723 2620 4762 non
2647 4709 2777 4778 ipsis
2816 4711 3001 4764 venire
3033 4712 3084 4764 in
3119 4721 3449 4773 mentetn,et
3486 4712 3641 4765 ﬁdem
3664 4714 3909 4781 proﬁteri

2344 4802 2723 4864 orthodoxam,
2742 4812 2795 4856 et
2826 4802 3153 4871 impietatem
3179 4800 3414 4857 Nestorii
3439 4805 3738 4859 exsecrari.
3759 4804 3912 4859 Mitto

2344 4892 2527 4948 dicere
2553 4904 2883 4963 quantopere
2909 4909 2971 4948 es
3001 4903 3107 4948 tam
3133 4896 3318 4949 multis
3348 4905 3564 4965 tamque
3580 4897 3750 4951 variis
3778 4898 3907 4951 Θεο-

2342 4986 2562 5050 τοκίοις,
2598 4988 2650 5041 in
2703 4987 2893 5055 quovis
2926 4988 3178 5041 horarum
3215 4986 3390 5041 oﬁicio
3430 4990 3645 5042 recitari
3708 4990 3903 5054 solitis,

2345 5077 2579 5132 Mariana
2619 5078 2790 5148 pietas
2829 5077 3141 5134 Grmcornm
3189 5083 3399 5135 eluceat
3433 5098 3447 5134 :
3480 5082 3581 5137 hoc
3626 5084 3771 5137 enim
3821 5096 3905 5151 pe-

2344 5168 2531 5223 culiari
2580 5185 2741 5240 opere
2776 5170 2952 5226 facere
2985 5172 3206 5241 inempit
3239 5184 3425 5228 uoster
3452 5172 3637 5228 Simon
3664 5174 3905 5244 Wagne-

2344 5262 2614 5325 recchius,
2639 5262 2801 5315 editis
2846 5260 3119 5317 Centuriis
3148 5264 3396 5333 quinque
3430 5264 3681 5318 chiliadis
3718 5268 3905 5330 prima:

2341 5353 2601 5420 ejusmodi
2660 5355 3073 5418 theotociorum.
3115 5356 3237 5410 aliis
3298 5367 3480 5426 empta
3541 5356 3905 5411 continuandis

2343 5445 2672 5515 relinquens.

2410 5537 2497 5591 '55.
2560 5537 2861 5602 Θεοτοκίοις
2927 5538 3196 5594 interdum
3248 5539 3590 5594 subnectitur
3656 5537 3902 5593 καταϐα-

2341 5629 2449 5683 σεα.
2494 5629 2599 5684 Sed
2626 5631 2693 5685 de
2716 5634 2817 5685 hac
2847 5646 2977 5687 voce
3010 5631 3178 5686 altum
3219 5632 3385 5686 silent
3414 5640 3666 5687 auctores
3685 5645 3899 5697 omnes,

2340 5739 2476 5793 quos
2529 5724 2659 5778 mihi
2710 5724 2893 5779 videre
2956 5740 3193 5795 unquam
3249 5725 3441 5791 licuit,
3495 5734 3691 5795 praeter
3736 5739 3900 5779 unum

2338 5809 2626 5881 Cangium.
2678 5808 2779 5868 Hic
2842 5812 3043 5869 fatetur
3059 5814 3177 5885 ejus
3206 5814 3315 5870 vim
3345 5828 3410 5871 ac
3449 5813 3899 5885 signiﬁcationem
