4086 6318
692 338 782 393 AD
822 336 1278 393 ACULCTHIAM
1321 334 1566 391 OFFICII
1608 332 1846 392 GR/Etif
1891 332 2354 394 DlSSERTATlO
2396 330 2861 389 ONOMASTICA.

3205 346 3411 392 εοοιιν

163 454 383 509 nescire
409 465 488 515 se,
513 449 750 518 facitque
770 450 1138 519 conjecturam
1164 450 1397 518 aliquam
1429 465 1496 504 ex
1517 448 1726 517 signifi-

1832 453 1999 525 Κύριε
2034 454 2061 504 ὁ
2088 450 2222 514 Θεὸς
2262 448 2437 521 ἡμῶν,
2476 450 2856 516 ὲξαπόστειλον
2903 451 3035 520 ἡμῖν
3089 449 3318 521 δύναμιν
3351 442 3409 515 ἐξ

160 544 375 598 eatione
396 542 544 597 vocis
566 541 848 605 ἀνάδασις,
867 542 939 594 ita
961 542 1209 597 scribens
1233 559 1245 594 :
1275 559 1292 591 t
1318 541 1454 607 Quid
1487 541 1588 595 hac
1606 556 1737 596 voce

1841 546 2009 615 ὕψους
2067 545 2223 613 ἁγίου
2271 560 2385 606 σου,
2438 542 2530 595 καὶ
2583 540 2864 612 ὲνίσχυσον
2895 542 3045 612 ἡμᾶς
3084 542 3409 615 προσφέρειν

158 633 335 688 Grzeci
382 632 721 702 intelligant,
758 631 992 684 nondum
1040 647 1159 686 sum
1214 639 1516 695 assecutus,
1542 631 1645 685 nisi
1679 641 1728 684 ut

1840 656 1919 691 σοι
1950 636 2140 691 θυσίαν
2168 636 2535 707 ἀναιμάκτην,
2569 645 2677 689 etc.
2713 652 2730 684 ι
2767 631 2992 687 Domine
3025 633 3166 691 Deus
3205 645 3405 705 noster,

159 722 475 793 ἀναϐαθμοί
519 721 718 776 fuerint
762 722 1058 787 ἀναϐάσεις
1102 716 1329 792 καρδῖας
1371 738 1464 777 seu
1493 722 1737 786 εὐσεϐεῖς

159 816 292 887 περὶ
312 814 450 868 Θεοῦ
474 813 741 884 λογισμοί,
768 824 825 866 ιιι
845 814 1084 882 loquitur
1111 814 1359 877 Suidas,»
1390 816 1493 869 hoc
1516 825 1618 881 est,
1645 830 1733 869 as-

160 922 362 961 census
387 907 552 960 animi
588 921 682 960 seu
707 908 804 975 pia:
837 907 1191 976 cogitationes
1223 907 1291 961 de
1328 909 1469 962 Deo:
1497 925 1515 959 ι
1544 909 1612 961 ita
1636 923 1733 960 κα-

158 999 426 1063 ταϐάσεις
465 997 671 1052 fuerint
719 1000 870 1067 quasi
923 998 1242 1064 descensus,
1278 1014 1371 1054 seu
1406 1002 1473 1054 de
1499 1000 1734 1054 humana

160 1090 459 1161 fragilitate
492 1092 875 1161 cogitationes.
927 1110 944 1141 ι
982 1090 1135 1146 Sicut
1175 1093 1397 1162 ubique,
1450 1094 1520 1146 ita
1550 1102 1605 1148 et
1646 1093 1735 1147 hic

159 1199 431 1236 summam
474 1185 573 1236 viri
616 1184 973 1238 eruditionem
1008 1199 1261 1246 veneror,
1293 1184 1408 1251 pari
1458 1185 1735 1240 modestia:

159 1274 543 1341 coniunctam;
594 1274 696 1330 iSta
739 1284 915 1327 tamen
949 1274 1119 1343 ipsius
1173 1275 1481 1344 conjectura
1521 1275 1736 1330 videtur

161 1362 295 1417 mihi
333 1379 398 1417 ne
426 1363 716 1433 probabilis
753 1363 968 1431 quidem

230 1455 325 1509 δι.
366 1454 481 1509 Cur
509 1465 686 1507 autem
718 1454 791 1508 ita
816 1454 1089 1518 videatur,
1114 1470 1449 1526 cognoscere
1472 1468 1531 1511 ut
1562 1459 1731 1526 possit

160 1547 357 1610 lector,
389 1546 541 1613 quasi
568 1560 632 1598 ea
658 1561 778 1614 qua
830 1546 1004 1601 oculis
1043 1558 1363 1610 cernuntur,
1389 1548 1618 1603 sut‘liciet
1655 1549 1728 1602 illi

160 1632 245 1683 vel
272 1632 462 1683 unicus
497 1631 743 1684 modulus
762 1646 826 1684 ex
856 1631 946 1695 iis,
975 1633 1172 1699 quibus
1203 1633 1254 1685 in
1276 1644 1531 1688 secuturo
1558 1633 1731 1688 officio

159 1720 490 1775 Καταὸασεα
521 1722 854 1786 inscribitur,
875 1723 953 1777 sic
972 1724 1266 1792 procedens
1298 1737 1315 1777 :
1348 1724 1420 1777 Τὸ
1447 1724 1729 1795 στερέωμα

157 1812 266 1867 τῶν
292 1815 384 1866 ἐπὶ
421 1814 506 1869 σοὶ
537 1815 873 1869 πεποιθότων
903 1815 1223 1886 στερέωσον,
1258 1815 1449 1887 Κύριε,
1482 1816 1580 1888 τὴν
1614 1818 1733 1870 Ἐκ·-
1767 1808 1805 1860 Β

159 1905 415 1977 κλησίαν,
445 1908 511 1980 ἣν
537 1910 752 1979 ἐκτήσω
780 1908 859 1979 τῷ
904 1908 1067 1978 τιμίῳ
1098 1924 1188 1961 σου
1221 1908 1435 1979 αἵματι.
1474 1926 1495 1961 ι
1529 1909 1735 1963 Firma-

162 2009 405 2054 mentum
446 2000 829 2056 confidentium
860 2001 912 2053 in
947 2010 1034 2063 te,
1076 1999 1324 2066 Domine,
1375 2002 1527 2055 firma
1550 2002 1734 2058 Eccle-

159 2092 323 2155 siam,
377 2107 539 2161 quam
593 2090 924 2158 acquisivisti
966 2091 1203 2159 pretioso
1250 2103 1340 2148 tuo
1392 2097 1670 2165 sanguine.
1709 2114 1729 2147 ι

160 2183 278 2237 Huc
309 2186 570 2244 animum,
625 2182 727 2237 huc
767 2183 977 2249 oculos,
1027 2183 1216 2239 lector.
1249 2185 1621 2258 Quidqnatnne
1653 2199 1736 2244 est

160 2276 213 2327 in
244 2275 348 2328 hoc
377 2273 595 2327 modulo
629 2274 770 2342 quod
827 2278 1143 2331 memoriam
1198 2280 1401 2334 excitet
1430 2281 1496 2335 ad
1530 2282 1733 2350 cogita-

160 2369 364 2421 tionem
400 2365 718 2437 fragilitatis
749 2368 1001 2424 humana:
1028 2370 1052 2423 ἲ
1083 2370 1248 2441 Atqui
1278 2371 1583 2440 hnjnsmodi
1610 2384 1735 2429 sunt

160 2456 360 2511 moduli
427 2458 608 2513 exteri
672 2475 883 2522 omnes,
948 2462 1142 2526 quibus
1188 2478 1288 2516 vox
1352 2465 1451 2517 ista
1503 2468 1731 2535 praefigi-

161 2562 269 2614 tttr,
306 2559 365 2604 ut
428 2562 610 2621 postea
666 2552 950 2607 constabit.
1004 2552 1173 2623 Igitur
1223 2555 1328 2610 alio
1372 2560 1731 2614 convertenda

160 2660 317 2699 mens
380 2654 488 2711 est,
527 2645 631 2699 alia
668 2646 913 2700 facienda
960 2647 1297 2715 conjectura.
1330 2649 1458 2720 Ego,
1500 2661 1557 2704 ut
1589 2656 1731 2720 quod

158 2737 338 2793 sentio
364 2738 418 2792 in
443 2753 501 2793 re
526 2739 755 2794 obscura
788 2780 803 2802 ,
840 2739 890 2792 id
922 2738 1092 2795 libere
1133 2742 1441 2812 proloquar,
1476 2745 1734 2799 Καταὸα-

160 2830 250 2885 σία
312 2846 423 2887 non
468 2841 601 2902 puto
654 2847 771 2888 esse
832 2833 1056 2901 troparii
1099 2834 1369 2888 modulive
1398 2849 1588 2904 genus,
1639 2837 1732 2892 sed

157 2924 398 2993 aliquam
430 2924 818 2994 preprietatem
853 2926 997 2989 toni;
1053 2924 1125 2976 ita
1162 2932 1220 2977 ut
1266 2924 1404 2978 idem
1454 2926 1525 2979 sit
1587 2929 1732 2997 quod

159 3010 321 3065 vocis
376 3011 651 3080 depressio
680 3052 695 3076 ,
757 3011 1017 3066 demissio
1043 3050 1058 3073 ,
1094 3020 1147 3067 et
1172 3011 1238 3083 (si
1268 3014 1491 3070 musicis
1535 3018 1732 3091 placet)

157 3103 322 3155 etiam
380 3102 663 3158 descensio
744 3101 893 3157 Hanc
936 3102 1067 3158 mihi
1129 3118 1364 3162 mentem
1410 3107 1594 3176 injecit
1624 3111 1731 3167 Ha—

158 3190 445 3258 giopolites
477 3190 563 3245 ille
598 3206 690 3246 seu
720 3191 856 3247 liber
891 3209 995 3249 ms.
1020 3194 1087 3250 de
1120 3198 1326 3253 musica
1356 3202 1727 3257 ecclesiastica

155 3281 497 3345 Grtcorum,
522 3282 614 3353 qui
640 3286 780 3354 apud
816 3284 1095 3342 laudatum
1129 3287 1391 3358 Cangium
1420 3295 1583 3345 verbo
1618 3310 1732 3362 φω-

159 3376 223 3445 νή
293 3375 441 3428 inter
476 3377 583 3431 toni
642 3380 1000 3447 proprietates
1054 3384 1450 3449 novemdecim,
1501 3386 1733 3441 collocat

155 3479 352 3523 octavo
406 3468 527 3524 loco
558 3470 906 3542 κατάσασμα.
962 3472 1097 3528 Nam
1138 3476 1280 3545 apud
1332 3474 1551 3533 Graecos
1587 3481 1732 3535 nihi-

158 3561 204 3615 lc.
261 3563 384 3629 plus
422 3562 553 3615 mihi
602 3562 812 3616 videtur
871 3566 1132 3623 interesse
1183 3569 1325 3625 inter
1381 3573 1723 3628 καταϐασίαν

157 3663 209 3706 et
254 3649 637 3720 κατάϐασμα,
692 3667 853 3720 quam
913 3656 1055 3709 inter
1102 3659 1509 3717 descensionem
1551 3677 1606 3720 et
1635 3669 1725 3723 tle-

156 3754 415 3797 scensum
472 3740 614 3810 apud
671 3738 915 3799 Latinos.
953 3744 1210 3815 Sequitur
1234 3766 1364 3821 ergo
1390 3763 1448 3806 ut
1480 3756 1731 3811 κατασα-

156 3834 246 3888 σία.
278 3834 334 3885 in
368 3830 546 3886 ofiicio
572 3833 941 3893 ecclesiastico
976 3841 1175 3896 rectius
1202 3842 1417 3899 dicatur
1442 3861 1562 3903 esse
1587 3865 1729 3918 qua-

154 3928 197 3979 si
233 3926 453 3993 signum
479 3924 720 3994 aliquod,
739 3943 848 3996 quo
876 3930 1144 3986 indicetur
1168 3938 1401 4004 eantori,
1424 3941 1729 4009 proximum

155 4017 462 4087 troparium
498 4019 884 4075 succineudum
915 4037 1035 4077 esse
1061 4026 1315 4095 depressa
1355 4044 1488 4086 voce
1519 4032 1730 4089 minus-

152 4124 257 4180 que
282 4109 451 4164 elata.

220 4203 311 4258 55.
338 4201 528 4272 Neque
546 4204 721 4261 minus
744 4203 959 4262 ditIicile
981 4218 1063 4262 est
1090 4209 1293 4273 dicere.
1314 4216 1441 4287 quid
1466 4217 1538 4271 sit
1568 4218 1725 4285 Ἐξα-

152 4297 554 4368 ποστειλάριον.
580 4297 673 4353 Est
695 4301 910 4369 quidem
941 4302 1186 4358 modulus
1216 4305 1413 4374 aliquis
1465 4311 1579 4365 sive
1609 4323 1721 4366 tro-

153 4389 402 4455 pariutn;
440 4389 534 4441 sed
563 4404 660 4458 per
685 4392 813 4458 quid
866 4392 936 4448 ab
985 4394 1108 4450 aliis
1136 4395 1372 4463 differat,
1414 4405 1575 4457 variae
1602 4414 1728 4457 sunt

154 4478 503 4547 maximeque
547 4479 919 4549 discrepantes
962 4488 1249 4543 sententia:

151 4570 366 4625 videtur
387 4570 697 4639 complexus
724 4586 843 4627 esse
872 4574 1086 4634 Goarus
1119 4596 1243 4650 pag.
1266 4580 1356 4646 27,
1387 4583 1460 4638 ita
1488 4585 1712 4641 interro-

148 4677 320 4734 gans:
343 4680 363 4713 ι
392 4661 531 4716 Nam
555 4665 643 4721 ille
672 4666 901 4737 hymnus
925 4679 1029 4734 est,
1052 4673 1119 4726 ad
1142 4689 1299 4741 quem
1327 4676 1719 4735 concinentium

149 4760 200 4809 in
232 4752 391 4809 chori
444 4758 710 4823 gremium
753 4758 985 4813 mittitur
1017 4761 1259 4832 aliquis?
1310 4769 1392 4821 An
1426 4768 1549 4824 talis
1580 4771 1720 4827 alius

149 4846 239 4915 qui
286 4845 342 4899 iu
374 4845 549 4900 sancti
582 4848 664 4899 vel
697 4848 941 4920 mysterii
966 4850 1192 4921 alicujus
1232 4861 1550 4915 memoriam
1595 4860 1720 4926 ἐξα-

148 4938 526 5004 malum,
550 4938 875 4996 emittatur?
904 4942 1038 4998 Num
1070 4946 1253 5016 potius
1283 4949 1330 5004 is
1360 4962 1444 5006 est
1466 4954 1557 5022 qui
1590 4955 1716 5007 mit-

148 5034 369 5085 tendam
407 5032 643 5099 Spiritus
682 5035 856 5088 sancti
884 5040 1115 5105 gratiam
1150 5043 1424 5097 advocet?
1459 5046 1540 5100 vel
1569 5047 1718 5102 deni-

145 5138 251 5190 que
273 5124 391 5190 qui,
414 5124 569 5191 juxta
603 5124 745 5179 docti
772 5123 1031 5195 Ligaridii
1062 5146 1303 5199 sensum,
1329 5133 1446 5190 fere
1500 5151 1717 5208 semper

144 5218 210 5270 de
238 5216 610 5284 apostolorum
633 5219 684 5272 in
711 5220 897 5274 urbem
928 5222 1264 5291 dispersione
1290 5237 1344 5283 et
1368 5228 1717 5299 prtedicatio—

144 5320 231 5371 ne,
263 5316 454 5375 aperte
472 5307 558 5360 vel
584 5310 913 5367 subobscure
936 5316 1245 5373 memoriam
1270 5320 1499 5375 habeat?
1520 5341 1540 5373 ι
1557 5320 1717 5378 Certe

142 5401 307 5471 ionge
363 5400 582 5454 videtur
644 5404 1011 5473 probabilius,
1067 5410 1242 5479 inquit
1311 5413 1591 5484 Cangius,
1642 5416 1713 5471 ita

142 5491 475 5562 appellatum
528 5488 793 5559 ejusmodi
829 5495 1086 5566 hymnum
1131 5518 1161 5555 a
1194 5517 1326 5559 voce
1367 5505 1715 5573 Ἐξαπόστει-

141 5586 255 5645 λσν,
288 5596 409 5651 qua:
443 5582 496 5635 in
535 5584 602 5637 iis
633 5581 747 5639 fere
779 5607 994 5661 semper
1019 5598 1291 5659 occurrit,
1324 5608 1381 5652 ut
1428 5612 1508 5654 est
1540 5603 1715 5653 oratio

142 5686 226 5739 illa
259 5686 317 5741 in
350 5686 570 5758 liturgia
598 5687 1205 5752 Przsanctifieatorum,
1236 5689 1287 5742 id
1325 5701 1427 5756 est,
1458 5696 1621 5745 missa
1660 5695 1711 5745 in

140 5791 241 5841 qua
258 5775 371 5845 jam
410 5788 570 5829 antea
608 5787 983 5831 consecratum
1022 5793 1217 5848 corpus
1236 5778 1707 5834 Christisumitnr.

380 5866 656 5926 Panos.
690 5868 807 5927 Gtt.
853 5866 1090 5929 XXIX.

1836 730 2023 783 emitte
2081 729 2241 785 nobis
2303 729 2369 782 de
2430 725 2649 781 excelso
2714 736 2904 779 sancto
2961 734 3052 781 tuo
3105 730 3407 793 virtutem;

1835 830 1889 875 et
1949 819 2243 874 eorrobora
2312 834 2456 882 nos,
2519 827 2579 872 ut
2651 816 2745 871 tibi
2813 816 3102 874 offeramus
3176 819 3409 875 hostiam

1838 915 2197 972 incruentam.
2222 929 2241 961 ι
2269 920 2378 964 etc.
2416 911 2487 965 At
2514 925 2641 964 vero
2678 925 2802 964 cum
2835 925 2935 964 vox
2978 910 3068 966 illa
3097 911 3411 979 ὲξαπόστεμ

1835 1003 1925 1056 λον
1951 1020 2055 1057 non
2090 1013 2346 1057 occurrat
2370 1004 2421 1056 in
2448 1002 2680 1057 modulis
2708 1003 2813 1058 illis
2836 1004 3110 1070 omnibus,
3128 1021 3231 1060 non
3252 1009 3408 1062 video

1835 1098 2105 1164 quomodo
2139 1097 2250 1150 haec
2295 1094 2482 1165 Cangii
2521 1096 2824 1161 sententia,
2874 1110 3131 1168 tauquam
3165 1102 3409 1170 probabi-

1836 1188 1958 1251 lior,
1992 1188 2201 1243 admitti
2234 1198 2418 1259 queat.

1905 1280 1995 1343 56,
2029 1281 2117 1337 57.
2145 1279 2276 1333 Tam
2325 1281 2548 1333 multum
2594 1279 2852 1335 molestiae
2904 1298 3010 1336 non
3049 1283 3268 1341 facessit
3307 1303 3407 1342 vox

1834 1371 2200 1423 ἀπολυτίκιον.
2228 1370 2373 1426 ﬂant:
2394 1373 2631 1427 breviter
2650 1388 2713 1427 ac
2738 1386 2881 1428 recte
2906 1376 3137 1445 explicat
3158 1379 3409 1435 doetissi-

1836 1478 1955 1516 mus
1986 1464 2299 1530 Euehulogii
2336 1465 2603 1533 interpres
2648 1464 2856 1521 Goarns
2898 1482 3020 1536 pag.
3053 1468 3143 1523 '52.
3182 1488 3203 1523 r
3257 1472 3410 1527 Finis

1833 1556 1990 1611 obicii
2013 1554 2278 1619 ἀπόλυσις
2316 1564 2421 1623 est,
2459 1557 2573 1612 sive
2606 1558 2890 1613 dimissio:
2922 1558 3166 1616 Modulus
3194 1564 3281 1616 ille
3313 1570 3406 1636 qui

1835 1647 2177 1699 terminanth
2240 1647 2415 1702 otlicio
2486 1649 2713 1704 idoneus
2780 1663 3072 1720 censetur,
3146 1656 3407 1713 ἀπολυτίο

1834 1754 1953 1791 κιον
2003 1747 2086 1792 est
2133 1749 2231 1792 :et
2286 1741 2410 1807 quia
2480 1742 2613 1794 varii
2664 1752 2799 1795 sunt.
2830 1743 3135 1813 hujusmodi
3180 1764 3402 1814 versus.

1836 1832 1880 1885 is
1918 1832 2009 1898 qui
2033 1831 2139 1885 diei
2171 1831 2313 1884 illius
2344 1833 2593 1902 proprius
2630 1844 2734 1897 est,
2760 1836 3109 1893 ἁπολυτίκιον
3145 1841 3247 1914 τῆς
3272 1842 3407 1917 ἡμέ-

1838 1941 1934 1995 ρας
1977 1924 2160 1990 audit;
2220 1935 2274 1979 et
2335 1940 2523 1979 vocem
2582 1925 2765 1991 aliam,
2828 1933 3086 2003 στιχηρὸν
3133 1938 3404 2005 videlicet,

1834 2020 2253 2075 subaudiendam
2278 2020 2532 2088 postulat.
2557 2039 2575 2071 ι
2601 2020 2665 2074 Ει
2685 2038 2802 2093 pag.
2833 2023 2926 2079 ﬁt
2964 2025 3221 2098 adiungit,
3251 2049 3269 2082 ι
3299 2050 3402 2088 non

1837 2120 2041 2165 tantum
2072 2110 2230 2167 ofﬁcii
2272 2111 2523 2180 completi
2588 2111 2679 2165 flni
2714 2155 2729 2177 ,
2765 2129 2951 2170 verum
3000 2128 3055 2173 et
3107 2121 3245 2189 parti
3281 2122 3401 2191 ejus

1834 2204 2140 2273 prolixiori,
2178 2204 2458 2273 signanter
2496 2205 2564 2259 ab
2594 2205 2766 2260 altera
2810 2206 3060 2275 divarsm,
3087 2225 3245 2279 suam
3272 2216 3408 2271 ἀπό.

1831 2295 1985 2349 λυσιν
2019 2306 2073 2350 et
2117 2299 2407 2351 terminum
2445 2297 2729 2368 assignari.
2789 2317 2809 2351 ι
2853 2298 2948 2356 llic
2992 2317 3095 2359 vox
3125 2305 3239 2373 ipsa
3270 2309 3408 2364 ἀπό.

1831 2386 1986 2451 λυσις
2018 2402 2105 2442 me
2124 2398 2431 2443 commonet
2466 2398 2523 2443 nt
2560 2391 2785 2445 missum
2825 2408 3038 2464 quoque
3070 2394 3267 2452 faciam
3297 2401 3407 2457 lec-

1832 2478 2155 2547 torem,jam
2178 2478 2316 2533 forte
2340 2478 2623 2549 fatigatum
2644 2481 2869 2550 legenda
2899 2485 3059 2541 nimis
3080 2487 3238 2560 longa
3256 2491 3405 2547 circa

1833 2570 2093 2625 terminos
2116 2569 2261 2626 solos
2288 2571 2686 2628 dissertatione.
2710 2573 2930 2643 Verum,
2949 2593 3070 2632 cum
3097 2581 3171 2636 sit
3188 2583 3239 2645 in
3258 2599 3406 2640 more

1832 2664 2066 2733 positum
2088 2664 2446 2734 institutoque
2462 2664 2796 2732 Graecorum,
2814 2678 2869 2722 ut
2892 2673 3237 2739 pronuntiata
3250 2676 3409 2732 ’Am-

1833 2755 2047 2818 λύσεως
2077 2756 2309 2811 formula
2333 2796 2347 2820 ,
2381 2760 2709 2827 quandoque
2750 2760 2953 2829 aliquid
2988 2766 3352 2834 superaddant
3384 2785 3401 2834 ;

1832 2848 1990 2902 dabis
2032 2848 2160 2902 mihi
2197 2848 2339 2903 hanc
2372 2850 2583 2905 veniam
2606 2892 2621 2917 ,
2650 2853 2863 2907 erudite
2890 2854 3080 2923 lector,
3107 2866 3164 2911 ut
3192 2859 3293 2931 ego
3318 2863 3405 2920 hic

1833 2955 2049 3011 quoque
2072 2943 2433 3012 superaddam
2476 2943 2679 3014 aliquid
2715 2943 2781 2999 de
2813 2942 3038 3016 Typico,
3066 2947 3289 3022 ejusque
3324 2956 3405 3010 lai-

1834 3034 2021 3088 storia.
2047 3032 2304 3105 Typicum
2343 3035 2480 3089 liber
2522 3034 2834 3091 Graecorum
2870 3038 3270 3101 ecclesiasticus
3298 3058 3402 3112 est,

1834 3128 1925 3197 qui
1960 3127 2087 3197 quid
2116 3142 2332 3197 quoquo
2358 3128 2445 3183 die
2479 3129 2532 3182 in
2564 3128 2793 3183 ecclesia
2827 3140 3067 3199 tempore
3092 3135 3265 3191 divini
3292 3139 3402 3194 om.

1833 3220 1902 3272 cii
1931 3220 2264 3272 recitandum
2292 3220 2626 3291 agendumve
2678 3206 2769 3283 si't,
2801 3221 2946 3277 facili
2979 3226 3232 3283 methodo
3266 3245 3403 3301 prae-

1832 3308 2043 3363 scribit.
2079 3308 2242 3362 Varia
2273 3322 2454 3366 autem
2498 3313 2652 3369 initio
2688 3313 2836 3370 fuere
2866 3316 3089 3389 Typica,
3120 3322 3192 3377 ita
3229 3330 3288 3376 ut
3315 3338 3404 3379 es-

1833 3411 1951 3457 sent
1979 3410 2057 3457 tot
2086 3400 2255 3456 ferme
2285 3413 2416 3473 quot
2457 3404 2723 3460 ecclesiae.
2758 3407 2863 3462 Sed
2906 3412 3119 3466 tandem
3171 3413 3406 3469 labenti-

1833 3496 1931 3552 bus
1984 3496 2195 3552 saeculis
2242 3498 2444 3567 primas
2483 3497 2716 3551 obtinuit
2767 3498 2917 3567 illud,
2951 3503 3092 3571 quod
3128 3502 3186 3559 S.
3247 3504 3405 3564 Saba:

1836 3590 2056 3645 nomine
2117 3591 2428 3660 insignitur,
2481 3601 2537 3644 et
2594 3590 2736 3659 quod
2764 3603 2986 3649 sanctus
3036 3594 3124 3649 ille
3154 3595 3341 3664 abbas,
3371 3614 3402 3653 ιι

1835 3680 1936 3736 SS.
1964 3681 2249 3751 Euthymio
2281 3691 2335 3735 et
2365 3679 2680 3737 Tlteoctisto
2706 3694 3012 3751 acceptum,
3063 3687 3178 3742 suis
3209 3703 3403 3745 mona-

1832 3771 1955 3827 chis
1986 3770 2495 3843 Hierosolymitanis
2525 3775 2878 3844 praescripsit,
2912 3776 3053 3832 unde
3078 3787 3132 3832 et
3162 3777 3405 3839 Hieroso-

1833 3860 2130 3936 lymiticum
2157 3880 2185 3918 a
2215 3866 2490 3921 nomiullis
2521 3866 2740 3924 dicitur.
2767 3867 2961 3939 Porro,
2985 3886 3108 3927 eum
3142 3870 3405 3931 barbaro-

1834 3971 1951 4010 rum
1982 3956 2292 4011 incursione
2325 3960 2715 4021 intereidisset.
2760 3962 3068 4019 restitutum
3110 3975 3195 4021 est
3221 3968 3404 4023 studio

1832 4062 1895 4101 ac
1945 4048 2131 4103 labore
2163 4049 2221 4103 S.
2251 4048 2542 4117 Sophronii
2576 4055 2899 4122 patriarchae
2950 4056 3402 4131 Hierosolymita-

1832 4133 1922 4199 ni;
1962 4135 2157 4191 deinde
2188 4146 2241 4192 et
2267 4152 2296 4191 a
2333 4135 2391 4192 S.
2424 4136 2631 4195 Joanne
2661 4140 2997 4200 Damasceno
3029 4162 3208 4202 rerum
3248 4152 3403 4206 theo-

1831 4226 2124 4296 logicarum
2171 4228 2500 4297 peritissimo
2536 4230 2847 4289 innovatum
2881 4235 3001 4304 fuit,
3034 4247 3089 4289 et
3128 4239 3196 4293 ab
3224 4242 3401 4297 omni-

1832 4315 1931 4371 bus
1964 4333 2101 4386 pene
2125 4319 2420 4375 admissum
2448 4362 2463 4385 ,
2496 4335 2555 4376 ut
2592 4324 2756 4378 refert
2781 4324 3017 4396 Symeou
3048 4329 3399 4388 Thessaloni-

1831 4411 2010 4465 censis
2063 4412 2115 4464 in
2146 4410 2366 4481 Dialogo
2409 4424 2597 4468 contra
2646 4415 3099 4489 haereses.Atque
3159 4422 3263 4477 hoe
3317 4434 3403 4480 est

1294 4508 1313 4581 :7
1355 4505 1491 4559 quas
1538 4496 1724 4561 paucis
1755 4502 1801 4558 Β
1832 4499 1961 4554 illud
1985 4500 2270 4571 Typicum,
2298 4503 2439 4569 quod
2471 4503 2599 4557 mihi
2639 4504 2690 4557 in
2724 4505 2823 4561 hac
2851 4524 2908 4563 re
2946 4509 3103 4581 longe
3126 4514 3394 4572 obscuris-

1831 4593 1989 4657 sima,
2024 4593 2218 4645 nullius
2248 4593 2372 4647 trita
2399 4593 2661 4665 vestigiis,
2694 4596 2866 4653 facem
2891 4601 3240 4668 praelaturum
3264 4621 3403 4661 eon-

1832 4682 1957 4744 fido,
1988 4691 2043 4735 et
2069 4684 2209 4750 quod
2239 4683 2325 4737 hic
2366 4686 2608 4755 reperies
2640 4703 2670 4741 a
2710 4704 2794 4743 me
2831 4706 3204 4760 saepenumero
3231 4698 3403 4751 nomi‘

1828 4774 1969 4828 nari.
2005 4773 2333 4841 impressum
2361 4787 2543 4832 autem
2597 4778 2726 4832 illud
2753 4780 2983 4838 habetur
3010 4782 3250 4844 Venetiis
3292 4804 3401 4845 una

1828 4886 1947 4922 cum
1992 4870 2265 4937 plet-isque
2320 4870 2621 4939 hujusmodi
2677 4870 2830 4929 libris
2884 4875 3209 4935 ann01605
3258 4886 3400 4952 apud

1826 4962 2116 5014 Antonium
2146 4962 2408 5017 Pinellum
2432 5000 2447 5026 ,
2481 4963 2621 5018 sicut
2670 4966 2802 5020 illttd
2848 4968 3017 5023 multa
3050 4977 3401 5031 accuratione

1824 5055 2206 5109 emendaverat
2253 5052 2516 5124 Josapltat
2566 5056 3056 5128 hieromonaeltus,
3109 5080 3175 5119 ex
3209 5068 3398 5123 Andro

1824 5146 2105 5211 oriundus,
2143 5147 2488 5202 sanctissimo
2518 5148 2717 5203 domno
2755 5150 3008 5207 Gabriele
3052 5157 3394 5222 patriarcha-

1825 5234 1928 5289 lem
1974 5238 2225 5291 thronum
2252 5239 2551 5294 obtinente.
2586 5242 2747 5310 Atqui
2779 5242 2998 5299 Gabriel
3035 5245 3279 5304 Flamma
3308 5268 3399 5321 pa-

1826 5328 2182 5383 triarebatum
2239 5328 2484 5386 Venetiis
2516 5333 2753 5388 obtinuit
2794 5336 2949 5404 juxta
2988 5336 3271 5408 Ughellum
3300 5366 3305 5371 ·
3331 5344 3400 5401 ab

1822 5434 1965 5473 anno
1999 5420 2163 5486 1584,
2215 5422 2436 5476 ineunte
2459 5421 2718 5479 Januario
2770 5426 2837 5479 ad
2885 5424 2953 5483 M
2988 5426 3112 5483 Julii
3150 5432 3273 5485 anni
3318 5448 3402 5487 se-

1821 5513 2074 5581 quentis;
2111 5514 2256 5569 unde
2284 5514 2555 5585 intelligas
2584 5530 2768 5570 curam
2803 5517 2948 5573 illam
2985 5521 3146 5575 annis
3176 5527 3398 5581 octodeo

1822 5605 1926 5658 cim
1958 5605 2110 5675 prius
2137 5606 2438 5675 impensam
2468 5608 2640 5676 operi,
2670 5622 2830 5676 quam
2856 5610 2987 5666 illud
3015 5613 3159 5681 typis
3204 5616 3394 5669 admo-

1822 5706 2057 5749 veretur.
2080 5695 2137 5749 Si
2164 5710 2281 5763 qum
2313 5713 2412 5750 vox
2438 5699 2539 5751 alia
2570 5699 2855 5754 obscurior
2881 5713 3156 5769 occurrat,
3188 5697 3307 5759 eam
3335 5707 3389 5762 in

1820 5784 2207 5839 Commentarii
2256 5788 2397 5840 serie
2423 5787 2832 5854 explicabimus.

3028 5900 3068 5939 υ
