4066 6314
700 349 922 391 CCCXXV]

2062 505 2085 512 ,ν
2097 506 2363 514 ἠπο-

2073 338 2601 397 PROLEGOMENA.

2366 505 3909 529 *Μ

1265 685 2088 800 ACOLUTHIA
2174 692 2885 804 TRIPLICIS
2964 693 3368 807 FESTI

847 920 939 982 Ex
973 917 1232 996 Typico,
1267 916 1541 989 Menaeis,
1576 914 1838 994 aliisque
1876 913 2223 977 Ritualibus
2263 917 2495 977 Grmcis
2526 918 2863 996 impressis,
2894 920 3237 1002 interprete
3270 928 3522 993 Nicolao
3554 932 3796 1011 Rayzeo

2060 1019 2375 1078 societatis
2411 1021 2575 1079 Jesu.

2020 1323 2250 1379 CAPUT
2294 1323 2587 1381 PRIML'M.

1954 1487 2025 1539 De
2065 1489 2353 1541 minoribus
2402 1488 2663 1555 Vesperis.

765 1623 853 1680 38.
912 1621 1222 1691 Exploratis
1258 1621 1367 1687 jam
1420 1619 1486 1669 iis
1527 1619 1799 1683 omnibus,
1835 1635 1898 1672 ex
1931 1620 2127 1687 quibus
2158 1618 2271 1671 ofli-
2301 1625 2343 1678 A
2372 1624 2460 1690 qui
2488 1626 2845 1680 accendendis
2901 1627 2951 1678 in
2993 1628 3187 1697 templo
3212 1629 3502 1687 luminibus
3532 1646 3749 1702 prmest.
3784 1638 3845 1691 Et
3870 1636 3940 1693 sic

689 1721 829 1774 cium
870 1716 1143 1779 Graecum,
1182 1712 1345 1766 veluti
1392 1727 1455 1764 ex
1494 1712 1711 1766 totidem
1753 1712 2033 1782 principiis
2064 1726 2126 1765 ac
2155 1711 2266 1766 ele-

694 1813 895 1869 mentis
932 1808 1314 1871 constituitur;
1354 1806 1658 1872 proximum
1711 1815 1814 1869 est,
1860 1816 1918 1858 ut
1958 1814 2125 1858 totum
2175 1805 2267 1856 tri-

686 1906 844 1976 plicis
874 1904 996 1957 festi
1032 1900 1265 1957 otIicium
1302 1908 1705 1968 reprzcsentem,
1734 1898 1797 1951 ad
1832 1898 1991 1951 fidem
2029 1897 2267 1950 liberan-

687 2002 812 2054 dam
872 2011 1070 2051 meam.
1128 1993 1292 2047 Facio
1356 2000 1535 2044 autem
1600 1991 1811 2044 initium
1879 2005 1910 2044 a
1967 1988 2261 2057 Vesperis,

686 2106 822 2160 quas
850 2089 986 2143 scito
1021 2084 1160 2155 apud
1185 2083 1404 2138 Graecos
1441 2081 1630 2137 diebus
1668 2081 1896 2151 singulis
1941 2096 2063 2135 esse
2090 2081 2267 2133 binas.

684 2185 819 2239 Alia:
877 2194 1113 2247 namque
1180 2175 1410 2243 majores
1478 2184 1632 2235 sunt,
1691 2174 1929 2227 minores
1991 2173 2130 2225 alim.
2199 2173 2270 2224 De

686 2275 989 2333 minoribus
1036 2272 1147 2341 agit
1176 2269 1440 2339 Typicum
1472 2267 1531 2319 S.
1584 2266 1763 2327 Sabm,
1796 2281 1916 2332 cap.
1952 2266 2003 2326 1,
2036 2266 2127 2320 ubi
2160 2276 2268 2319 sta-

685 2372 780 2426 tim
810 2377 927 2438 post
966 2367 1109 2419 hunc
1160 2360 1397 2423 titulum,
1421 2357 1638 2427 Εῖδησις
1672 2356 1762 2410 τοῦ
1804 2356 2000 2428 μικροῦ
2045 2358 2265 2428 ἑσπεςι-

682 2462 799 2527 νοῦ,
833 2463 934 2515 hoc
980 2468 1084 2520 est,
1131 2474 1147 2506 ι
1189 2453 1386 2508 Notitia
1421 2450 1688 2503 minorum
1736 2464 2108 2518 vesperarum,
2143 2469 2160 2500 ›
2190 2452 2271 2503 sic

682 2556 851 2611 habet
870 2572 883 2607 :
901 2551 1017 2622 Πρὸ
1028 2548 1120 2601 τοῦ
1144 2547 1292 2598 δῦναι
1312 2544 1401 2595 τὸν
1419 2542 1590 2611 ἥλιον,
1605 2542 1772 2609 ’ἤγουν
1793 2542 1921 2609 περὶ
1947 2541 2094 2611 ὥραν
2111 2541 2269 2591 δεκά-

681 2662 782 2717 την
823 2642 922 2713 τῆς
953 2641 1183 2712 ἡμέρας,
1218 2635 1508 2705 ἀνέρχεται
1530 2635 1557 2685 ὁ
1594 2630 2109 2701 κανδηλάπτης,καὶ
2128 2634 2271 2683 ποιεῖ

682 2736 975 2811 μετάνοιαν
1012 2730 1090 2801 τῷ
1130 2726 1454 2800 προεστῶτι,
1502 2724 1596 2778 καὶ
1634 2722 1907 2777 κατελθὼν
1933 2722 2270 2795 σημαίνειτὸ

686 2830 905 2904 μικρόν.
959 2846 977 2878 ί
1026 2826 1165 2878 Ante
1195 2822 1326 2876 solis
1360 2833 1641 2879 occasum,
1686 2816 1940 2870 videlicet
1991 2817 2138 2870 circa
2171 2818 2267 2869 bo-

683 2937 801 2977 ram
831 2918 935 2975 diei
962 2914 1255 2975 decimam,
1305 2909 1551 2964 ascendit
1591 2906 1961 2974 candelaptes,
1994 2906 2267 2973 corporis-

2374 1715 2622 1767 muneris
2663 1714 2814 1768 istius
2844 1720 2980 1772 ratio
3006 1719 3159 1788 plene
3196 1723 3570 1793 cumulateque
3596 1730 3936 1796 exprimitur.

2440 1803 2527 1856 40.
2558 1803 2707 1871 Quod
2736 1805 2990 1875 Typicum
3022 1826 3181 1879 supra
3218 1810 3365 1875 dicit,
3399 1814 3756 1883 candelapten
3782 1820 3935 1872 etiam

2370 1896 2522 1963 signo
2554 1912 2854 1952 convoeare
2885 1901 3160 1966 populum,
3196 1903 3247 1953 id
3291 1919 3394 1957 non
3424 1903 3614 1971 opinor
3644 1909 3935 1963 universim

2369 2003 2553 2042 verum
2590 2005 2710 2043 esse
2739 2006 2751 2041 :
2780 2006 2899 2044 cum
2919 1992 3146 2063 Cyrillus
3171 1994 3675 2065 Scythopolitanus,
3708 1997 3935 2054 Joannes

2370 2077 2642 2145 Moschus,
2658 2092 2709 2136 et
2726 2082 3041 2137 Theodorus
3056 2084 3263 2137 Studita
3278 2100 3368 2139 eas
3387 2096 3570 2154 partes
3584 2090 3937 2141 canonarchaa

2372 2173 2607 2227 tribuere
2625 2175 2925 2228 videantur.
2953 2173 3125 2230 Verba
3144 2176 3348 2231 Moschi
3375 2189 3429 2233 et
3458 2178 3686 2233 Studita:
3708 2180 3933 2233 referam

2370 2263 2594 2321 inferius
2625 2267 2765 2321 aliud
2800 2284 2981 2337 agens.
3011 2268 3122 2323 lmo
3164 2285 3289 2323 vero
3312 2272 3402 2339 qui
3430 2275 3531 2326 hoc
3565 2274 3784 2342 signum
3812 2273 3933 2331 edit,

2372 2361 2416 2413 is
2454 2370 2482 2412 a
2531 2359 2736 2413 Codino
2759 2374 2876 2426 cap.
2911 2360 2963 2421 1,
3012 2362 3242 2427 pentade
3280 2362 3312 2415 5
3344 2362 3409 2426 (si
3441 2372 3614 2417 tamen
3645 2366 3754 2418 hoc
3786 2374 3935 2433 caput

2370 2452 2554 2506 Codini
2586 2451 2699 2518 sit),
2734 2451 3129 2521 λαοσυνάκτης,
3152 2467 3242 2505 seu
3276 2464 3490 2510 coactor
3520 2458 3723 2525 populi,
3755 2457 3933 2526 appel-

2372 2543 2531 2606 latur,
2564 2554 2617 2594 et
2639 2544 2781 2595 inter
2811 2546 2989 2597 numia
3032 2546 3398 2601 ecclesiastica
3426 2549 3642 2615 ponitur
3674 2561 3931 2620 tanquam

2373 2636 2643 2703 peculiare
2671 2636 2912 2701 aliquod,
2947 2651 2976 2687 a
3009 2640 3329 2706 eaaterisque
3363 2639 3695 2705 seiunctum:
3734 2650 3931 2695 tantum

2369 2729 2543 2793 abest,
2571 2736 2628 2780 ut
2654 2727 2996 2795 candelaptes
3034 2727 3085 2779 id
3111 2728 3212 2781 sibi
3246 2742 3460 2797 semper
3485 2746 3546 2785 ac
3578 2733 3783 2801 ubique
3818 2734 3930 2785 vin-

2370 2822 2527 2876 dicet.
2567 2821 2900 2890 Quapropter
2950 2834 3051 2873 non
3102 2830 3303 2876 temere
3346 2837 3445 2890 ego
3482 2824 3928 2888 existimaverim,

2370 2915 2473 2966 duo
2510 2912 2595 2965 illa
2636 2913 2838 2975 munia,
2882 2912 3245 2966 λαοσυνάκτου
3278 2922 3333 2967 et
3374 2913 3775 2983 κανδηλάπτου,
3812 2914 3931 2968 alibi

684 3029 791 3085 que
821 3008 1176 3066 inclinatione
1208 3009 1505 3057 veneratur
1539 2997 1825 3067 prmsidem
1864 3012 1955 3049 seu
1983 2997 2263 3061 altbalem;
2299 2988 2339 3041 Β
2370 3004 2421 3055 in
2455 3006 2587 3057 duos
2612 3005 2858 3058 distribui
2891 3006 3162 3069 homines,
3188 3007 3313 3061 alibi
3339 3010 3484 3061 coire
3518 3006 3569 3061 in
3605 3023 3796 3060 unum.
3820 3005 3928 3059 Jam

683 3114 738 3156 et
761 3107 1044 3170 postquam
1075 3090 1379 3156 descendit,
1414 3088 1590 3157 pulsat
1626 3086 1842 3155 signum
1877 3090 2072 3140 minus.
2113 3105 2131 3137 ι

755 3192 843 3245 '59.
885 3189 959 3244 De
992 3189 1096 3242 hoc
1130 3186 1285 3254 signo
1316 3191 1608 3250 antequam
1666 3179 1849 3232 dicere
1890 3178 2134 3243 instituo,
2199 3179 2264 3233 de

685 3289 801 3355 ipso
825 3280 1141 3347 candelapte
1164 3290 1333 3344 pauca
1362 3274 1558 3336 dicam,
1590 3282 1648 3323 ut
1678 3284 1839 3325 omne
1861 3271 2077 3325 errandi
2122 3272 2263 3339 peri-

683 3376 863 3433 culum
896 3378 1197 3426 avertatur.
1227 3366 1370 3420 Sane
1395 3362 1658 3418 Meursius
1675 3374 1728 3416 et
1745 3362 2037 3417 Gretscrus
2056 3373 2259 3429 noster,

682 3479 993 3539 quanquam
1016 3461 1520 3523 ﬂorerentuterque
1546 3455 1741 3525 lingua:
1774 3453 1978 3509 Graeca:
2007 3454 2258 3519 scientia,

683 3571 868 3617 tamen
899 3555 1063 3624 hujus
1097 3562 1374 3607 notionem
1426 3546 1662 3602 nominis
1703 3546 1934 3599 assecuti
1970 3561 2075 3601 non
2112 3554 2258 3611 sunt,

680 3658 965 3725 propterea
1017 3643 1163 3716 quod
1212 3640 1383 3697 radici
1439 3639 1555 3693 sive
1589 3638 1793 3692 nomint
1842 3634 2031 3690 Graeco
2062 3638 2259 3707 κανδή-

681 3744 751 3798 λα
779 3741 1050 3797 notionem
1077 3733 1321 3790 eamdem
1347 3730 1643 3799 subiectam
1669 3742 1788 3801 esse
1805 3735 2077 3797 putarent,
2103 3736 2263 3795 atque

683 3836 876 3892 Latino
901 3829 1153 3893 candela;
1182 3828 1233 3881 in
1253 3840 1360 3894 quo
1390 3824 1649 3878 errabant
1671 3818 2262 3889 vebementcr.Quippc

679 3927 742 3981 τὸ
773 3922 1048 3990 κανδήλα
1072 3916 1338 3988 significat
1374 3914 1696 3983 lampadem,
1724 3913 1880 3967 sicuti
1918 3928 2134 3980 possum
2163 3913 2257 3965 de-

682 4025 987 4073 monstrare
1036 4025 1103 4065 ex
1162 4008 1328 4062 variis
1378 4006 1703 4075 scriptorum
1736 4005 2124 4059 monumentis.
2173 4004 2259 4059 ln-

682 4110 871 4181 primis
900 4101 1512 4173 Hierosolymitanorum
1565 4097 1873 4167 patriarcha
1914 4096 1971 4150 S.
2022 4095 2259 4167 Sophro-

680 4205 826 4265 nius,
857 4202 908 4254 in
952 4198 1070 4251 Vita
1114 4194 1217 4250 SS.
1248 4191 1371 4262 Cyri
1401 4201 1451 4245 et
1490 4190 1715 4244 Joannis
1751 4189 1826 4241 ait
1867 4205 1882 4245 :
1913 4190 2024 4243 Καὶ
2062 4192 2256 4260 μικρὸν

678 4293 773 4347 τοῦ
822 4294 919 4362 τῆς
952 4288 1216 4359 κανδήλας
1273 4284 1450 4337 ελαίου
1478 4282 1578 4352 τῆς
1607 4282 1718 4336 ἄνω
1767 4283 1870 4352 πρὸ
1899 4286 1997 4353 τῆς
2020 4282 2111 4335 τοῦ
2142 4285 2255 4335 Em-
2284 4336 2325 4362 η

676 4387 842 4457 τῆρος
894 4382 1096 4442 εἰκόνος
1125 4376 1430 4446 ἁπτομένης
1478 4372 1656 4426 λαϐὼν
1692 4374 1772 4435 εἰς
1805 4372 2082 4441 ληκύθιον.
2132 4392 2143 4422 ι
2190 4374 2249 4426 Et

679 4472 1073 4545 aliquantulum
1117 4470 1221 4524 olei
1248 4487 1312 4521 cx
1343 4466 1589 4535 lampade
1624 4476 1748 4519 ante
1780 4464 2086 4521 Servatoris
2116 4464 2247 4517 ima-

678 4570 856 4638 ginem
897 4566 1119 4620 ardente
1151 4562 1433 4627 excipiens
1462 4561 1512 4613 in
1557 4560 1847 4628 lecythum.
1891 4577 1907 4607 ι
1956 4558 2084 4613 Item
2118 4559 2251 4610 cita-

680 4671 791 4712 tum
846 4655 1105 4726 Typicum
1142 4668 1262 4721 cap.
1308 4651 1395 4714 19,
1427 4651 1490 4703 ad
1522 4652 1662 4703 diem
1698 4650 1763 4704 16
1790 4648 2029 4704 Januarii
2065 4670 2077 4705 :
2110 4650 2254 4702 Δεδο-

674 4768 767 4805 ται
794 4751 849 4803 δὲ
881 4748 973 4801 καὶ
1008 4747 1157 4815 ἅγιον
1185 4746 1362 4798 ἔλαιον
1387 4744 1498 4805 τοῖς
1525 4742 1772 4811 ἀδελφοῖς
1811 4744 1875 4795 ὲκ
1919 4743 2018 4812 τῆς
2049 4745 2251 4815 κανδὴ-

676 4845 774 4907 λας
805 4840 899 4895 τοῦ
931 4840 1109 4908 ἁγίου.
1149 4857 1166 4890 ι
1205 4838 1371 4891 Datur
1400 4847 1455 4890 et
1495 4846 1740 4890 sanctum
1768 4836 1946 4891 oleum
1995 4835 2250 4891 fratribus

675 4952 739 4991 ex
788 4934 963 4991 sancti
1008 4933 1275 5002 lampade.
1315 4950 1332 4981 ι
1396 4929 1513 4983 Alia
1548 4939 1604 4981 ut
1642 4939 1978 4997 praeteream,
2027 4939 2249 4985 testatur

675 5029 910 5097 Cangius
944 5026 1048 5080 dici
1082 5026 1221 5092 apud
1245 5023 1534 5084 Codinum,
1562 5020 2074 5091 deAntiquitatibus
2096 5023 2241 5077 Con-

672 5117 1187 5190 stantinOpolitanis,
1216 5116 1455 5186 κανδὴλα
1487 5111 1700 5183 ὑαλίνη,
1734 5115 1833 5169 hoc
1863 5124 1965 5176 est,
2003 5131 2019 5164 ‹
2043 5114 2245 5184 lampas

674 5215 873 5268 vitrea.
910 5232 927 5265 ι
962 5212 1118 5267 Unde
1144 5211 1357 5266 Goarus
1375 5225 1495 5279 pag.
1529 5205 1652 5270 560,
1682 5205 1971 5261 Meursium
2002 5216 2056 5260 et
2089 5206 2245 5259 Gret-

674 5319 855 5358 serum
883 5302 1005 5372 jure
1038 5302 1229 5356 merito
1254 5303 1529 5365 coarguit;
1556 5299 1873 5365 asseritque,
1902 5297 1961 5350 τὸ
1983 5296 2243 5365 κανδηλά-

675 5412 817 5464 πτης
841 5394 984 5457 duci,
1024 5408 1129 5447 non
1158 5407 1186 5445 a
1217 5392 1476 5454 candelis,
1509 5392 1603 5445 sed
1636 5407 1665 5442 a
1692 5390 2025 5458 lampadibus
2053 5405 2242 5442 accen-

674 5488 882 5540 dendis.
904 5488 969 5539 At
997 5502 1140 5551 vero,
1174 5486 1428 5553 quoniam
1460 5491 1543 5537 est
1565 5484 1616 5536 in
1634 5482 2084 5536 Pentecostarioo
2108 5498 2238 5533 καν-

672 5576 947 5648 δηλάπτης
994 5578 1150 5630 ἅπτει
1203 5577 1271 5628 τὰ
1323 5576 1489 5647 κηρία
1540 5576 1715 5628 πάντα
1777 5576 1868 5626 καὶ
1894 5572 1991 5636 τὰς
2045 5572 2239 5643 κανδή-

672 5669 789 5733 λας,
834 5687 852 5719 ι
894 5670 1236 5739 candelaptes
1263 5668 1509 5722 accendit
1539 5683 1727 5723 cereos
1768 5683 1956 5723 omnes
1996 5682 2059 5722 ac
2104 5666 2237 5719 lam-

672 5756 859 5832 pades,
891 5780 907 5813 ι
950 5762 1130 5815 malim
1163 5779 1261 5832 ego
1306 5760 1660 5827 candelapten
1696 5761 2037 5831 interpretari
2088 5776 2230 5826 eum,

2370 3110 2495 3148 vero
2523 3110 2641 3148 cum
2675 3094 2933 3165 Typicum
2960 3098 3017 3150 S.
3046 3097 3199 3152 Saba:
3233 3100 3483 3164 afﬁrmet,
3514 3101 3727 3170 signum
3758 3115 3789 3152 a
3810 3114 3935 3153 can-

2367 3186 2576 3255 delapte
2597 3188 2747 3253 dari,
2777 3189 2896 3256 quis
2938 3204 3041 3242 non
3068 3191 3243 3242 videat
3274 3194 3325 3243 in
3354 3192 3523 3259 ipsius
3552 3194 3728 3247 Laura
3770 3210 3926 3247 unum

2364 3280 2534 3335 solum
2587 3290 2814 3350 utroque
2854 3282 2956 3335 isto
2998 3296 3217 3333 munere
3265 3283 3501 3335 functum
3560 3286 3721 3338 esse?
3750 3287 3920 3353 Atque

2363 3384 2489 3423 ecce
2515 3370 2595 3423 via
2625 3369 2801 3424 facilis
2829 3380 2881 3423 et
2912 3369 3159 3440 expedita
3188 3369 3483 3424 adducendi
3514 3372 3565 3422 in
3586 3374 3927 3426 concordiam

2364 3461 2596 3520 codices,
2631 3462 2721 3531 qui
2758 3462 2929 3531 prima
2957 3459 3137 3515 fronte
3180 3460 3281 3515 sibi
3312 3468 3495 3515 mutuo
3533 3461 3813 3516 adversari
3859 3462 3933 3514 vi.

2363 3548 2575 3602 dentur.

2432 3642 2521 3695 41.
2549 3640 2701 3697 Nunc
2730 3643 2793 3697 de
2814 3644 2988 3714 signo,
3014 3658 3119 3714 quo
3157 3643 3327 3701 (ἓταί
3358 3645 3421 3701 ad
3447 3644 3702 3715 templum
3738 3659 3929 3701 convo-

2364 3743 2577 3798 cantur,
2608 3735 2892 3790 dicendum
2931 3745 3037 3800 est,
3066 3746 3119 3791 et
3154 3738 3448 3793 audiendus
3477 3739 3725 3803 Allatius,
3753 3738 3844 3809 qui
3879 3738 3926 3791 in

2367 3823 2749 3882 dissertatione
2805 3831 2870 3881 de
2924 3830 3285 3883 recentiorum
3343 3830 3653 3886 Grecorum
3718 3833 3925 3901 templis

2362 3930 2489 3986 P33.
2516 3918 2634 3983 101,
2670 3922 2748 3973 sic
2773 3920 2888 3973 infit
2918 3938 2933 3973 :
2969 3938 2986 3968 ι
3026 3920 3329 3989 Campanas
3376 3932 3427 3977 et
3463 3926 3812 3995 campauaria
3835 3925 3925 3992 (ita

2364 4007 2436 4061 illi
2482 4010 2801 4077 campanilia
2836 4013 3050 4078 vocant)
3087 4012 3247 4065 etiam
3283 4015 3424 4083 apud
3453 4015 3692 4082 Graacos,
3723 4025 3926 4083 postre-

2364 4100 2464 4154 mis
2502 4101 2693 4157 saltem
2741 4102 3092 4171 temporibus,
3155 4106 3207 4159 in
3267 4122 3363 4159 usu
3424 4107 3609 4170 fuisse,
3662 4109 3834 4161 habeo
3863 4122 3923 4160 ex

2362 4193 2563 4257 multis,
2594 4193 2686 4249 sed
2728 4196 2992 4265 prazcipue
3015 4212 3078 4249 ex
3116 4195 3331 4266 Georgii
3370 4196 3711 4266 Pachymera:
3753 4195 3924 4249 [liuo-

2360 4284 2463 4345 ria,
2496 4283 2585 4352 qui
2620 4299 2805 4338 earum
2846 4284 3041 4352 smpius
3078 4286 3339 4349 meminit,
3378 4286 3465 4339 lib.
3497 4302 3590 4340 vn.
3639 4286 3745 4340 Τοῦ
3766 4288 3808 4340 δ’
3832 4286 3921 4342 αὖ·

2356 4372 2449 4425 τοῦ
2489 4374 2655 4443 μηνὸς
2699 4375 2835 4445 μετὰ
2884 4374 2980 4445 τὴν
3018 4376 3342 4447 τριακοστὴν
3371 4376 3464 4430 τοῦ
3497 4377 3629 4449 πρὸς
3661 4378 3915 4449 ἑσπέραν,

2355 4464 2589 4527 ἐντεθεὶς
2616 4465 2781 4535 λίκνῳ
2814 4467 2842 4517 ὁ
2888 4466 3103 4537 Ἰωσὴφ,
3143 4468 3298 4539 μόνον
3329 4470 3427 4523 οὐκ
3454 4471 3653 4532 ἄπνους
3677 4470 3772 4535 ὢν,
3800 4471 3920 4523 πολ-

2356 4556 2461 4608 λῶν
2484 4558 2608 4627 περὶ
2638 4559 2875 4627 ἑκάτερα
2898 4562 3309 4631 παρεπομένων,
3345 4564 3437 4615 καὶ
3467 4562 3919 4632 ὲπευφημούντων

2355 4647 2422 4699 τὰ
2452 4652 2877 4720 προπεμπτήρια
2908 4653 2991 4720 ἐφ’
3016 4652 3204 4723 ὕμνοις
3236 4655 3328 4707 καὶ
3368 4654 3580 4723 κρότοις
3600 4656 3915 4728 ἀνθρώπων.

2354 4740 2433 4792 ἔτι
2468 4742 2524 4794 δὲ
2556 4740 2775 4795 καὶτῶν
2806 4744 2903 4815 τῆς
2925 4745 3215 4818 ἐκκλησίας
3244 4747 3613 4818 συνακτηρίων
3639 4750 3914 4809 κωδώνων,

2354 4835 2430 4897 εἰς
2468 4834 2527 4886 τὸ
2547 4840 2930 4906 πατριαρχεῐον
2952 4838 3233 4906 ἀνάγεται.
3269 4839 3331 4889 Ol
3361 4838 3416 4891 δὲ
3447 4839 3538 4891 τοῦ
3570 4841 3793 4911 κλήρου,
3830 4838 3914 4908 μό-

2351 4924 2431 4988 λις
2465 4925 2561 4996 τὴν
2593 4927 2881 4999 ἐσπερινὴν
2904 4930 3174 5000 ὑμνῳδίαν
3205 4928 3323 4982 καθ’
3360 4931 3582 4993 ἑαυτοὺς
3611 4930 3915 4982 ἐκτελέσαν-

2350 5034 2458 5080 τες,
2494 5019 2616 5070 ὲπεὶ
2657 5018 2850 5089 ὄρθρος
2878 5014 2965 5089 ἦν,
3005 5021 3096 5072 καὶ
3132 5020 3267 5089 πρὸς
3305 5022 3402 5092 τὴν
3436 5022 3730 5090 ἐκκλησίαν
3756 5022 3913 5091 ἀπήν-

2348 5124 2473 5171 των,
2528 5110 2667 5162 κατὰ
2714 5110 2773 5162 τὸ
2820 5110 3046 5179 σύνηθές
3104 5128 3303 5179 σφισιν,
3344 5114 3554 5173 ἑαυτοῖς
3603 5110 3799 5166 ἇὸατον
3831 5114 3911 5164 τὸν

2348 5200 2469 5251 ναὸν
2532 5202 2839 5263 κατενόουν,
2870 5202 2945 5265 ὡς
2996 5203 3128 5271 μηδὲ
3177 5203 3507 5272 σημάντροις
3551 5204 3643 5256 καὶ
3677 5205 3909 5257 κώδωσιν

2346 5294 2732 5366 ἠθροισμένοι..
2755 5315 2772 5346 ε
2808 5296 2917 5350 Hoc
2944 5299 3130 5352 eodem
3169 5312 3373 5359 mense,
3424 5306 3541 5365 post
3571 5300 3712 5353 diem
3756 5298 3907 5361 trice-

2353 5404 2369 5435 ι
2403 5387 2761 5453 simum,cum
2785 5390 3275 5455 advesperasceret,
3293 5389 3491 5443 lectica:
3522 5390 3802 5457 impositus
3825 5388 3906 5442 Jo-

2348 5494 2367 5526 ‹
2401 5482 2553 5547 septi,
2576 5488 2779 5533 tantum
2810 5497 2914 5533 non
2940 5481 3223 5547 exanimis,
3247 5480 3429 5535 multis
3454 5481 3576 5534 hinc
3600 5483 3906 5549 atqueillinc

2347 5587 2365 5617 ι
2405 5572 2908 5637 concomilantilms,
2948 5581 3000 5627 et
3032 5574 3289 5643 prmeunti
3324 5589 3529 5643 pompa:
3551 5572 3906 5643 applandcnti-

2346 5681 2364 5713 α
2399 5664 2515 5729 bus,
2545 5666 3035 5720 nonsinelaudibus
3067 5666 3359 5733 ctstrepitu
3380 5667 3903 5733 hominum,necnou

2346 5775 2363 5807 ‹
2398 5757 2636 5813 ecclesia:
2669 5758 2965 5829 campanis,
3002 5774 3116 5829 quae
3143 5760 3394 5830 populum
3422 5761 3681 5818 advocare
3723 5760 3901 5823 solent,
