4086 6318
1250 374 1475 432 ACOLU
1490 376 1649 431 TIIIA
1687 376 2021 435 Tllll’lJClS
2063 379 2284 437 FESTI.

3145 397 3394 439 οοειινιι

162 507 183 543 t
217 489 660 554 rebuantibus,in
697 490 1081 559 patriarchium
1100 490 1400 548 deducitur.
1425 494 1525 561 Qui
1554 505 1730 550 autem
1762 505 1807 559 Α
1836 498 2003 567 nulla,
2042 516 2147 555 non
2176 513 2367 566 magna
2404 500 2685 555 admodum
2713 543 2727 563 ,
2753 500 2847 555 sed
2884 513 3071 568 pennae
3130 502 3398 555 anserina:

160 600 179 634 ι
217 600 281 639 ex
320 586 470 640 clero
492 593 667 650 erant,
701 586 787 641 vis
814 585 1136 655 veSpertinis
1160 587 1411 643 laudibus
1445 590 1728 659 sejunctim

157 693 177 727 t
212 674 500 738 absolutis,
532 690 651 729 cum
682 677 1000 731 matutinum
1040 687 1247 748 tempus
1274 679 1510 747 adesset,
1551 693 1605 736 et
1634 697 1731 751 pro

158 788 175 817 ι
214 780 367 820 more
402 765 455 817 in
506 769 787 822 ecclesiam
817 768 1213 832 convenissent,
1254 768 1586 825 inaccessum
1621 772 1723 825 sibi

161 877 176 907 ι
217 854 475 923 templum
498 873 615 912 esse
642 855 892 909 videbant
916 866 1165 927 tanquam
1188 857 1275 925 qui
1304 873 1477 927 neque
1504 874 1720 927 campa-

159 968 177 999 ι
214 947 299 1000 nis
340 963 515 1018 neque
540 948 907 1003 tintinnabulis
930 948 1509 1019 fuissentcongregati.
1552 972 1570 1003 ι
1614 952 1729 1006 llue

150 1039 296 1092 addit
321 1041 545 1095 Allatius
572 1038 689 1092 loco
712 1041 1007 1107 praecitato,
1037 1056 1100 1093 ex
1124 1040 1397 1095 Michaelis
1422 1041 1577 1097 Pselli
1609 1060 1728 1097 ora-

152 1133 299 1188 tione
338 1132 574 1187 nondum
604 1133 747 1185 edita
776 1134 839 1183 ad
867 1130 1282 1184 Constantinum
1318 1135 1725 1186 monomachum

151 1225 516 1279 testimonium
572 1222 675 1276 tale
714 1236 729 1272 :
763 1222 900 1273 Ἀλλ’
956 1222 1014 1274 οὐ
1058 1221 1234 1291 πάντη
1282 1224 1561 1296 τερφοήσῃ
1620 1227 1729 1287 τοῖς

147 1314 467 1383 ὀῳθπιλμοῖς,
510 1312 625 1364 οὐδὲ
676 1312 759 1379 ἐφ’
816 1311 955 1376 ὅλοις
1000 1316 1406 1385 προμειδιὰσεις
1448 1320 1559 1379 τοῖς
1586 1318 1720 1386 ὀρω-

150 1409 357 1477 μένοις·
400 1404 639 1474 ἐξεγερεῖ
670 1405 776 1474 γάρ
802 1422 859 1458 σε
890 1407 1063 1477 μέσης
1092 1409 1284 1471 νυκτὸς
1314 1411 1341 1461 ὁ
1372 1410 1558 1461 κώδων
1593 1410 1620 1459 ὁ
1650 1410 1724 1461 ἱε-

149 1497 263 1568 ρὸς,
321 1497 415 1548 καὶ
469 1495 628 1560 θείοις
666 1498 1049 1570 ἐνστηλωθήσῃ
1082 1498 1350 1564 ἐδάφεσιν.
1409 1520 1425 1552 t
1474 1500 1577 1554 Sed
1620 1515 1723 1555 non

147 1587 296 1642 omni
326 1602 389 1641 ex
420 1596 569 1657 parte
615 1590 785 1644 oculis
822 1588 1199 1653 delectaberis,
1238 1605 1336 1643 nec
1386 1593 1438 1644 in
1472 1594 1723 1649 omnibus

148 1680 458 1735 visibilibus
484 1682 743 1750 gaudebis
783 1700 796 1735 :
827 1680 1251 1736 excitabitenim
1290 1691 1339 1735 te
1362 1684 1537 1737 media
1570 1695 1725 1741 nocte

145 1790 365 1829 sacrum
428 1773 870 1837 tintinnabulum,
908 1781 962 1828 et
1013 1776 1184 1831 sacris
1241 1776 1521 1831 incumbes
1572 1778 1689 1846 pavi

146 1864 366 1918 ruentis.
402 1881 423 1914 ι

216 1973 307 2026 η.
332 1973 408 2027 Ex
446 1975 526 2030 his
558 1975 762 2032 duobus
798 1981 1118 2035 testimoniis
1152 1992 1294 2038 recte
1327 1987 1549 2040 conficit
1580 1986 1723 2041 Alla-

148 2067 274 2131 tius,
308 2080 597 2136 eampanas
642 2072 928 2139 postremis
975 2075 1326 2141 temporibus,
1378 2078 1430 2129 id
1464 2088 1547 2132 est
1574 2080 1716 2133 eirea

147 2171 271 2211 ann.
326 2173 433 2212 IS].
483 2161 535 2211 in
578 2176 675 2214 usu
723 2160 890 2215 fuisse
939 2165 1078 2232 apud
1123 2164 1373 2229 Graecos;
1406 2181 1717 2237 quanquam

143 2261 326 2316 putem
355 2264 454 2317 ego
482 2251 644 2304 fuisse
680 2253 845 2307 multo
872 2263 1016 2309 ante.
1051 2255 1262 2310 Etenim
1300 2258 1441 2313 hunc
1505 2259 1720 2315 Graecos

148 2342 423 2409 accepisse
450 2358 479 2395 a
500 2339 716 2397 Venetis
756 2344 856 2399 sub
886 2360 1084 2399 annum
1115 2361 1409 2403 neccuxw
1428 2360 1616 2403 auctor
1639 2361 1721 2405 est

148 2434 395 2486 Andreas
433 2431 723 2501 Dandulus,
759 2437 810 2491 in
838 2439 1097 2493 chronico
1122 2455 1222 2493 ms.
1257 2449 1312 2495 et
1335 2456 1401 2495 ex
1436 2457 1499 2496 eo
1526 2441 1715 2497 Sabel-

143 2527 279 2581 licus
309 2527 549 2581 Ennead.
582 2528 638 2591 9,
668 2528 761 2583 lib.
791 2546 829 2583 ι.
868 2530 975 2585 Sed
1016 2531 1225 2601 direpto
1258 2534 1597 2601 postmodum
1631 2534 1711 2604 (ut

144 2621 486 2689 prosequitur
533 2621 781 2686 Allatius,
842 2638 963 2692 pag.
1016 2624 1141 2694 102)
1194 2642 1213 2675 t
1269 2626 1480 2693 imperii
1545 2631 1717 2696 capite

146 2709 428 2779 Byzantio,
484 2712 795 2781 ditioneque
856 2714 1060 2781 reliqua
1100 2714 1410 2770 Graecorum
1460 2732 1487 2769 a
1521 2718 1715 2773 Turcis

140 2809 429 2868 occupata,
460 2814 844 2870 campanarum
875 2818 1002 2858 usus
1048 2805 1102 2857 in
1137 2805 1384 2871 urbibus,
1424 2808 1474 2860 in
1518 2808 1714 2875 quibus

145 2890 241 2958 ipsi
268 2889 495 2959 degunt,
528 2890 869 2947 intermissus
897 2900 1000 2955 est,
1032 2906 1097 2946 ne
1130 2908 1224 2962 per
1263 2909 1440 2949 aerem
1461 2897 1704 2965 palantes

142 2982 382 3047 animas,
418 2984 577 3038 timor
602 2984 866 3050 incussus,
897 2985 1077 3055 quiete
1110 3002 1215 3056 qua
1245 2988 1514 3053 fruuntur,
1546 3004 1709 3058 expo-

144 3073 252 3123 liet.
292 3070 372 3123 Ita
419 3071 637 3126 fanatici
663 3075 736 3127 illi
768 3077 1033 3139 homines,
1064 3092 1129 3130 ex
1173 3079 1509 3132 ethnicorum
1538 3083 1713 3145 genti-

142 3161 382 3230 liumque
431 3164 786 3231 nugamentis,
823 3166 888 3220 de
934 3167 1213 3221 animabus
1247 3169 1712 3237 philosotlhantur.
1742 3193 1784 3248 ρ

140 3250 484 3322 Quapmpter
504 3255 809 3309 sacerdotes
826 3253 997 3310 Graeci
1028 3255 1205 3327 ligneo
1232 3259 1616 3325 instrumento,
1644 3262 1712 3315 ad

139 3342 360 3399 Grzecos
404 3346 458 3398 in
502 3345 785 3402 ecclesiam
834 3351 1234 3418 convocandos,
1277 3361 1522 3407 utuntur.
1553 3352 1610 3407 ld
1632 3360 1717 3408 est

140 3435 345 3506 lignum
372 3436 616 3491 binarum
639 3441 1082 3509 decempedarum
1109 3442 1461 3513 longitudine,
1486 3446 1713 3501 duorum

139 3526 436 3597 digitorum
475 3531 852 3595 crassitudine,
910 3532 1194 3588 latitudine
1248 3547 1499 3603 quatuor,
1547 3553 1711 3607 quam

141 3620 349 3689 optime
392 3620 716 3686 dedolatum,
759 3643 866 3682 non
902 3627 1083 3682 fissum
1120 3636 1212 3682 aut
1253 3630 1538 3693 rimosum,
1570 3634 1712 3701 quod

142 3726 302 3765 manu
363 3711 581 3767 sinistra
640 3716 873 3769 medium
932 3726 1122 3772 tenens
1166 3720 1425 3773 sacerdos
1465 3721 1547 3774 vel
1570 3722 1709 3777 alius

142 3806 252 3876 (qui
296 3806 681 3861 Λαοσννὰκτου
720 3823 914 3863 munus
953 3810 1105 3865 obire
1135 3810 1315 3883 debet)
1353 3812 1542 3867 dextra
1576 3814 1712 3869 mal-

142 3896 222 3950 leo
250 3912 321 3952 ex
344 3898 536 3952 eodem
570 3898 736 3969 ligno,
759 3900 963 3953 cursim
996 3901 1124 3956 hinc
1148 3902 1275 3958 inde
1310 3914 1712 3972 transcurrens,

142 3992 302 4043 modo
333 3990 391 4044 in
422 4006 581 4043 unam
611 4000 844 4061 partem,
876 3992 1036 4046 modo
1068 3993 1121 4045 in
1149 3993 1399 4063 alteram,
1432 4012 1601 4066 prope
1626 3997 1714 4053 vel

140 4082 354 4135 eminus
380 4081 450 4135 ab
473 4083 586 4150 ipsa
618 4083 835 4139 sinistra
860 4123 875 4147 ,
908 4085 981 4137 ita
1017 4083 1219 4154 lignum
1256 4086 1598 4151 deverberat,
1653 4098 1711 4143 ut

141 4168 334 4233 ictum,
375 4185 518 4225 nunc
555 4171 768 4239 plenum
796 4214 812 4238 ,
846 4189 991 4228 nunc
1024 4190 1268 4243 gravem,
1295 4193 1438 4234 nunc
1467 4190 1707 4247 acutum,

144 4273 287 4313 nunc
349 4260 643 4327 crebrum,
695 4278 839 4315 nunc
895 4274 1175 4319 extensum
1243 4268 1430 4333 edens,
1468 4271 1707 4338 perfecta

140 4352 375 4405 musices
406 4351 634 4407 scientia
660 4353 884 4409 auribus
924 4356 1247 4411 suavissime
1270 4359 1612 4428 moduletur;
1656 4372 1713 4417 et

138 4440 237 4496 hoc
266 4442 645 4513 σημαντήριον
677 4454 1036 4515 nuncupatur,
1055 4447 1333 4517 magisque
1358 4452 1577 4520 proprio
1607 4468 1705 4508 no-

139 4533 281 4585 mine
308 4534 801 4604 χειροσήμαντρον,
819 4537 959 4603 quod
986 4544 1232 4593 manibus
1261 4549 1508 4596 teneatur
1528 4542 1704 4613 iisque
1735 4536 1780 4591 D

137 4624 398 4691 pulsetur,
421 4626 488 4678 ad
507 4624 865 4681 dilTerentiam
890 4628 1114 4683 alterius
1144 4632 1341 4699 magni,
1362 4635 1502 4701 quod
1526 4635 1703 4705 μέγας

139 4718 453 4787 σήμαντρον
480 4716 695 4780 dicitur.
739 4734 803 4774 ex
842 4722 1027 4776 eodem
1062 4722 1244 4793 ligno,
1278 4733 1332 4777 et
1372 4725 1426 4779 in
1466 4728 1705 4785 turribus

138 4806 255 4861 sive
295 4809 681 4874 campanariis.
720 4813 926 4867 catenis
966 4813 1159 4869 ferreis
1202 4815 1319 4870 suis
1343 4819 1705 4876 extremitati-

137 4894 241 4950 bus
266 4898 611 4967 appenditur.
654 4897 787 4954 Illud
841 4914 925 4955 est
970 4904 1163 4974 insigni
1218 4906 1609 4976 magnitudine,
1646 4918 1705 4963 ut

138 4989 465 5057 quandoque
492 5004 583 5043 sex
638 4988 845 5058 palmos
901 4991 1145 5055 latitudo,
1175 5009 1339 5048 unum
1375 4996 1701 5063 crassitudo,

137 5078 361 5146 triginta
385 5078 660 5149 longitudo
685 5092 952 5150 exazquet,
991 5084 1292 5153 malleoque
1338 5100 1438 5155 pro
1496 5090 1706 5159 magni-

137 5166 325 5220 tudine
358 5169 671 5222 semanterii
716 5168 975 5237 pulsetur.
1016 5189 1036 5223 ι

203 5258 301 5312 43.
332 5258 610 5314 Hactenus
633 5262 883 5325 Allatius,
916 5280 943 5317 a
969 5281 1074 5335 quo
1110 5267 1467 5341 Hieronymus
1488 5271 1695 5343 Magius

132 5368 239 5407 non
281 5353 413 5405 nihil
446 5353 733 5421 discrepat,
764 5355 816 5409 in
856 5355 949 5411 illo
979 5358 1119 5413 libro
1136 5375 1293 5429 quem
1323 5363 1388 5416 de
1417 5344 1703 5417 Tintinna-

130 5444 277 5498 bulis
308 5445 446 5512 apud
484 5443 797 5513 Byzantios,
836 5448 976 5503 inter
1002 5454 1289 5521 compedes
1338 5454 1577 5522 scripsit.
1618 5454 1696 5510 lbi

127 5535 275 5588 enim
308 5549 428 5603 cap.
465 5533 530 5588 15
555 5535 803 5605 affirmat,
836 5543 1218 5597 semanterium
1253 5545 1462 5600 duobus
1497 5547 1699 5614 pulsari

132 5626 343 5680 malleis
372 5666 386 5691 ,
424 5642 599 5697 neque
633 5630 766 5684 adeo
797 5634 969 5687 teneri
1018 5649 1198 5689 manu.
1230 5634 1394 5690 Juvat
1424 5637 1701 5706 subjicere

130 5715 303 5785 ipsius
332 5719 497 5771 verba
524 5733 644 5788 quae
662 5720 774 5775 haec
796 5730 920 5776 sunt
946 5741 957 5775 :
991 5740 1011 5775 ι
1049 5724 1532 5783 Simandrum'esse
1553 5728 1699 5784 scias

129 5808 365 5876 ligneam
397 5809 727 5866 tabulam...
758 5810 947 5880 Capita
977 5812 1240 5874 foramina
1286 5820 1489 5876 habent
1537 5832 1643 5876 non
1664 5848 1691 5861 -

1834 593 2110 650 calamove
2143 592 2431 661 scriptorio
2462 595 2665 660 pervia.
2700 595 2755 648 In
2786 592 2965 649 medio
2998 602 3213 647 tenuem
3248 592 3395 648 funi-

1834 686 2012 741 culum
2041 686 2303 742 continet.
2337 685 2438 751 Qui
2470 685 2723 755 populum
2755 688 2820 742 ad
2870 687 3128 755 templum
3157 695 3239 739 est
3268 700 3400 739 con-

1832 789 2191 836 vocaturus...
2217 787 2343 831 ante
2378 778 2523 833 fores
2554 777 2754 857 templi.
2784 779 2862 831 vel
2915 780 3059 835 edito
3089 777 3207 833 loco
3245 778 3398 831 tabu-

1834 874 1940 926 lam
1972 880 2324 941 praenotatam
2354 870 2560 924 malleis
2603 870 2814 924 duobus
2836 867 3027 936 ligneis
3052 870 3253 941 pulsat,
3285 883 3397 923 non

1833 966 1949 1020 sine
1975 963 2152 1033 aliqua
2192 968 2403 1020 ratione
2429 964 2654 1025 musica,
2686 972 2847 1030 atque
2872 961 3089 1015 interim
3125 964 3179 1016 in
3202 965 3395 1034 gyrun’t

1834 1058 2036 1112 sensim
2097 1059 2373 1111 volvitur:
2406 1069 2509 1121 qua
2544 1069 2601 1107 rc
2649 1054 2740 1119 ﬁt,
2780 1063 2835 1108 ut
2866 1052 3081 1124 gravior
3127 1068 3246 1106 cum
3291 1069 3396 1106 non

1834 1153 2043 1217 ingrata
2080 1151 2370 1204 raucedine
2400 1161 2567 1201 sonus
2592 1146 2886 1199 emittatur.
2918 1144 3144 1211 Tabula,
3165 1159 3268 1198 non
3290 1160 3395 1212 qua

1832 1243 2009 1306 latior,
2049 1242 2141 1296 sed
2171 1257 2271 1311 qua
2310 1241 2516 1295 arctior
2550 1247 2673 1301 est,
2704 1238 2856 1306 quasi
2911 1240 3057 1293 librae
3087 1252 3285 1307 scapus
3341 1238 3392 1289 in

1831 1333 2052 1389 sinistro
2085 1332 2348 1400 pulsantis
2376 1331 2603 1383 humero
2632 1326 2897 1395 quiescit;
2934 1341 2993 1378 ac
3027 1340 3092 1378 ne
3131 1324 3395 1395 pulsando

1831 1425 2122 1488 dilabatur,
2158 1422 2399 1477 funiculo
2444 1418 2702 1489 praedicto
2752 1416 3026 1469 mordicus
3053 1417 3395 1484 apprehenso

1833 1517 2136 1572 retinetur:
2180 1515 2427 1567 manilms
2463 1512 2605 1565 enim
2636 1528 2740 1565 non
2798 1510 2958 1573 licet,
2997 1517 3106 1560 tum
3134 1507 3295 1575 quod,
3330 1521 3394 1559 ca

1829 1606 2194 1677 apprehensa,
2246 1618 2377 1658 sono
2419 1618 2523 1655 non
2579 1616 2767 1669 parum
2803 1601 3047 1664 decedit;
3090 1608 3203 1653 tum
3265 1598 3394 1665 quia

1831 1710 2059 1767 utraque
2114 1710 2307 1751 manus
2357 1693 2551 1748 malleo
2583 1693 2892 1763 impeditur.
2936 1691 3209 1747 Ambabus
3248 1692 3393 1747 enim

1833 1793 2084 1848 manibus
2111 1791 2358 1860 pulsatur
2393 1789 2518 1843 hinc
2541 1788 2667 1841 inde
2697 1827 2711 1851 ,
2743 1796 2799 1839 ut
2830 1799 2971 1838 nunc
2998 1786 3240 1853 quaedam
3295 1784 3397 1838 frc-

1758 1859 1798 1911 Β
1828 1892 2230 1954 queutatncnta,
2260 1897 2399 1935 nunc
2424 1880 2900 1949 quasdampausas
2928 1876 3134 1929 audias.
3191 1895 3210 1927 ι

1892 2047 1979 2099 44.
2010 2044 2144 2100 Cum
2184 2049 2364 2096 autem
2408 2039 2539 2092 dicit
2588 2038 2793 2106 Magius
2830 2037 2971 2089 illam
3009 2035 3247 2091 tabulam
3283 2051 3390 2089 non

1824 2154 1978 2204 posse
2040 2134 2213 2189 teneri
2278 2132 2551 2196 manibus,
2591 2145 2655 2184 eo
2687 2130 2827 2197 quod
2854 2144 2915 2181 ca
2950 2130 3029 2182 sic
3054 2128 3391 2198 apprehensa

1825 2240 2043 2277 necesse
2098 2228 2169 2279 sit
2229 2224 2455 2279 multum
2508 2222 2573 2276 de
2624 2236 2755 2275 sono
2810 2220 3090 2281 decedere,
3120 2220 3392 2274 videbitur

1823 2320 2053 2370 fortasse
2110 2315 2382 2383 aliquibus
2436 2313 2762 2380 rejiciendus
2806 2327 2928 2367 esse
2980 2310 3234 2374 Allatius,
3297 2314 3390 2382 qui

1820 2423 1941 2463 eam
1993 2422 2152 2460 manu
2207 2406 2426 2460 sinistra
2465 2404 2633 2459 teneri
2666 2402 2916 2471 aﬂirmat,
2948 2412 2999 2459 et
3032 2402 3275 2458 nihilomi
3326 2420 3384 2456 as

1820 2500 2201 2557 suavissimum
2237 2501 2398 2552 edere
2436 2505 2778 2552 concentum.
2807 2496 2874 2548 At
2905 2494 3064 2549 facile
3095 2497 3391 2565 dissipatur

1820 2597 1920 2650 ista
1950 2593 2089 2649 ratio
2128 2611 2142 2646 :
2175 2591 2374 2661 quippe
2406 2590 2450 2644 si
2470 2604 2629 2643 manu
2652 2588 3111 2657 apprehendatur,
3138 2602 3245 2641 non
3274 2588 3388 2655 ipsa

1822 2685 2129 2739 immediate
2167 2682 2370 2748 tabula,
2405 2681 2498 2736 sed
2521 2678 2790 2734 funiculus
2822 2679 2906 2733 ille
2934 2695 3039 2747 quo
3090 2677 3270 2733 tabula
3333 2679 3385 2731 in

1823 2777 2003 2831 medio
2029 2776 2260 2829 libratur
2286 2788 2340 2829 et
2378 2774 2597 2843 paribus
2654 2771 2997 2825 examinatu‘r
3031 2770 3383 2837 ponderibus,

1822 2877 1930 2920 tam
1962 2865 2143 2920 clarus
2173 2866 2351 2919 editur
2406 2880 2571 2919 sonus
2593 2903 2609 2928 ,
2648 2877 2807 2932 quam
2842 2861 2887 2915 si
2945 2857 3387 2929 apprehendatur

1820 2959 2073 3015 dentibus
2107 2975 2120 3012 :
2155 2957 2283 3026 quid
2316 2957 2459 3011 enim
2494 2956 2560 3009 ad
2585 2971 2775 3009 sonum
2812 2955 3063 3019 interest,
3094 2952 3384 3008 manibus-

1819 3065 1886 3105 ne
1907 3065 1974 3104 an
2001 3048 2254 3109 dentibus
2284 3044 2557 3100 funiculus
2584 3046 2685 3099 iste
2719 3044 3010 3098 teneatur?
3032 3043 3098 3097 Et
3130 3059 3261 3098 vero
3287 3043 3386 3095 mi-

1823 3158 1939 3195 rum
1971 3150 2073 3205 est,
2112 3142 2213 3194 hoc
2274 3154 2379 3193 non
2431 3135 2766 3192 succurrisse
2828 3134 3023 3204 Magio,
3077 3133 3374 3188 delinc‘anti

1819 3233 2044 3286 formam
2071 3230 2418 3300 hagiosideri,
2456 3231 2600 3298 quod
2640 3226 2721 3299 (ut
2748 3227 2929 3282 videre
2959 3234 3040 3281 est
3078 3225 3256 3294 capite
3295 3238 3383 3280 sea

1816 3321 2029 3392 quenti)
2052 3320 2317 3375 retinetur
2346 3333 2505 3373 manu
2532 3356 2548 3383 ,
2579 3315 2877 3371 funiculum
2906 3313 3372 3383 apprehendente.

1813 3415 1896 3468 An
1929 3412 2068 3467 forte
2095 3409 2306 3480 putavit
2343 3410 2395 3463 in
2433 3407 2772 3479 bagiosidero
2806 3420 2911 3458 non
2952 3401 3239 3457 intercludi
3295 3417 3386 3457 sc-

1814 3519 1966 3569 num,
1994 3501 2281 3557 intercludi
2312 3508 2492 3556 autem
2521 3500 2575 3553 in
2600 3498 2691 3553 illo
2715 3496 2842 3561 alio,
2871 3498 3013 3565 quod
3040 3495 3153 3565 jam
3181 3503 3381 3548 tracta-

1816 3612 1954 3662 mus,
1988 3595 2315 3651 semanterio
2342 3592 2566 3663 ligneo?
2600 3591 2787 3658 lnepta
2828 3598 2876 3643 et
2914 3587 3143 3642 ridicula
3195 3586 3383 3641 isthtee

1813 3697 1956 3743 esset
1996 3688 2176 3755 opinio
2213 3706 2226 3739 :
2266 3700 2386 3754 quae
2424 3684 2568 3737 enim
2600 3680 2823 3748 hujusce
2871 3677 3199 3734 discriminis
3243 3679 3383 3733 ratio

1814 3775 2116 3832 adinveniri
2150 3772 2385 3843 posset?
2420 3772 2535 3825 Huc
2589 3769 2795 3824 accedit
2853 3768 2999 3839 quod
3047 3768 3227 3837 potius
3280 3769 3383 3821 mi—

1814 3878 2011 3922 nuatur
2037 3882 2223 3929 sonus,
2252 3864 2468 3935 quando
2494 3876 2747 3932 percussa
2779 3858 2955 3915 tabula
3001 3859 3264 3930 pulsantis
3316 3859 3372 3912 in

1815 3963 2038 4015 humero
2066 3956 2422 4028 conquiescit,
2455 3955 2529 4010 uti
2559 3953 2673 4008 ﬁeri
2705 3955 2781 4008 ait
2827 3949 3055 4022 Magius.
3084 3950 3181 4007 Hic
3214 3950 3380 4021 igitur

1812 4052 1943 4105 nihil
1978 4060 2061 4105 est
2089 4050 2231 4121 quod
2264 4064 2363 4104 nos
2390 4058 2547 4118 cogat
2578 4046 2645 4100 ad
2677 4045 2935 4099 Allatium
2978 4043 3330 4099 deserendum
3357 4060 3375 4113 ;

1816 4140 1945 4195 nihil
1974 4140 2142 4197 etiam
2175 4154 2273 4195 cur
2297 4138 2433 4192 ﬁdes
2464 4137 2754 4204 abrogetur
2790 4132 2986 4204 Magio,
3018 4134 3110 4203 qui
3139 4149 3261 4204 quas
3283 4135 3375 4189 hic

1812 4234 1978 4288 refert
2001 4271 2017 4297 ,
2047 4233 2162 4287 suis
2192 4233 2419 4300 ipsemet
2447 4228 2729 4296 usurpavit
2775 4227 2945 4281 oculis
2976 4244 2989 4282 :
3018 4237 3179 4296 atque
3233 4228 3369 4281 adeo

1810 4340 1917 4380 non
1962 4324 2069 4379 erit
2107 4323 2451 4394 impudentia:
2472 4320 2735 4389 judicare,
2767 4322 3007 4378 locis-vet
3034 4319 3373 4389 temporibus

1813 4417 2043 4472 diversis
2078 4415 2348 4471 diversam
2378 4414 2547 4471 fuisse
2587 4414 2829 4485 pulsandi
2864 4411 3177 4468 semanterii
3209 4410 3375 4465 ratio-

1810 4520 1955 4561 nem.
1988 4504 2218 4573 Lignum
2240 4519 2389 4569 vero,
2416 4520 2483 4559 ex
2514 4520 2620 4574 quo
2644 4504 2930 4560 conﬁcitur
2953 4501 3371 4565 semanterium,

1809 4599 2114 4667 prmdurum
2145 4605 2309 4651 estet
2346 4611 2375 4651 a
2432 4596 2631 4652 Graecis
2684 4594 2961 4665 σφενδάκη
3021 4594 3321 4663 appellatur
3356 4611 3371 4647 :

1806 4686 2091 4755 Corrupte,
2130 4686 2305 4754 inquit
2340 4686 2592 4749 Allatius,
2618 4700 2683 4740 eo
2714 4683 2858 4752 quod
2904 4697 3011 4738 non
3058 4682 3205 4737 aliud
3251 4680 3371 4737 fue-

1812 4781 1899 4841 rit,
1964 4788 2022 4831 ut
2080 4778 2193 4847 ipse
2253 4778 2469 4847 quidem
2506 4777 2821 4841 existimat,
2866 4790 3031 4847 quam
3096 4771 3371 4843 σφένδαμ-

1808 4888 1896 4935 νος
1947 4870 2330 4941 TbeOphrasti,
2372 4881 2427 4926 et
2456 4886 2581 4927 acer
2618 4870 2796 4926 Plinii.
2833 4868 3070 4926 Rectene
3100 4883 3167 4921 au
3212 4880 3371 4921 secus

1810 4962 1898 5015 hic
1934 4971 2175 5025 censeat,
2219 4977 2325 5016 non
2360 4962 2534 5015 habeo
2562 4959 2745 5015 dicere

1874 5096 1964 5150 45.
1997 5096 2108 5150 Hoc
2141 5097 2284 5161 dico,
2310 5111 2465 5150 usum
2521 5094 2892 5164 hujuscemodi
2928 5096 3198 5165 lignorum
3247 5110 3368 5152 esse

1807 5189 2238 5257 antiquissimum
2280 5205 2294 5243 :
2334 5187 2388 5241 id
2418 5187 2561 5241 enim
2613 5187 2880 5258 colligitur
2903 5203 2966 5243 ex
3009 5190 3239 5247 concilio
3276 5193 3377 5248 Ni-

1806 5294 1954 5333 czeno
1993 5295 2051 5343 ιι,
2101 5289 2208 5332 aet.
2249 5277 2302 5342 4,
2339 5278 2425 5331 ubi
2466 5278 2783 5349 Euthymius
2825 5280 3081 5336 diaconus
3133 5292 3190 5336 et
3250 5299 3372 5339 mo-

1807 5371 2013 5422 nachus
2047 5383 2141 5437 pro
2171 5368 2425 5437 episc0po
2452 5368 2685 5424 GOllhitB
2734 5371 2848 5423 hmc
2891 5370 3042 5440 legit,
3072 5386 3142 5425 ex
3197 5373 3371 5428 mira-

1805 5460 1938 5514 culis
1971 5458 2029 5516 S.
2061 5460 2329 5514 Anastasii
2362 5460 2635 5530 martyris.
2665 5460 2800 5530 Φέρε
2826 5462 2889 5532 δὴ
2924 5460 3019 5513 καὶ
3054 5460 3121 5513 τὰ
3151 5465 3209 5517 ὲν
3234 5465 3374 5518 Και-

1806 5551 1967 5621 σαρίᾳ
1989 5550 2086 5620 τῆς
2107 5550 2468 5619 Παλαιστίνης
2494 5549 2759 5619 γενόμενα.
2786 5551 2889 5604 ὑπὸ
2913 5550 3008 5604 τοῦ
3036 5552 3193 5620 ἁγίου
3230 5541 3373 5609 me}

1803 5641 1861 5693 τὸ
1907 5640 2126 5693 δυνατὸν
2177 5642 2558 5712 ἱσαιτορὴσιυμεν⁸
2611 5642 3013 5712 Πλησιάσαντος
3063 5646 3119 5696 ὲν
3146 5647 3212 5715 τῇ
3243 5647 3374 5717 ἁγίᾳ

1805 5726 1956 5778 πόλει
2000 5726 2093 5779 τοῦ
2121 5728 2274 5795 ἁγίου
2309 5727 2580 5796 λειψάνου,
2611 5730 2852 5796 γνωστὸν
2890 5732 3093 5801 γέγονε,
3108 5733 3256 5805 πάσῃ
3303 5737 3368 5806 τῇ

1805 5818 1983 5873 πόλει·
2016 5820 2108 5874 καὶ
2125 5819 2459 5887 εὐφροσύνης
2488 5821 2728 5889 μεγάλης
2756 5822 3084 5890 πλησθέντες
3113 5826 3372 5893 ἅπαντες,
