4066 6314
694 380 960 419 CCCXXV”!

694 480 1040 540 ἀναστάντες,
1073 479 1138 530 τά
1170 495 1223 530 τε
1261 477 1377 547 ἱερὰ
1421 475 1548 541 ξύλα
1585 475 1945 544 σημάναντες,
1986 472 2265 544 συνηθροί-
2296 485 2340 534 Α

695 569 897 636 simam
928 569 1163 629 ἅπαντες
1194 569 1249 619 ὲν
1280 564 1357 634 τῷ
1388 565 1677 633 πανσέπτῳ
1708 562 1820 633 ναῷ
1847 563 1945 630 τῆς
1978 560 2262 614 Θεοτὸκου.

694 660 1060 730 ἐπιλεγομένῳ
1098 660 1193 729 τῆς
1223 658 1387 721 Νέας.
1427 678 1445 706 ι
1486 657 1575 710 Eia
1612 672 1773 717 nunc,
1811 666 1945 708 etca
1973 668 2093 720 qua:
2129 654 2264 721 apud

692 750 995 806 Caesaream
1045 749 1342 803 Pam-stimo
1402 766 1428 802 a
1470 748 1526 802 S.
1564 748 1855 802 Anastasio
1914 745 2055 797 facta
2092 754 2213 800 sunt
2242 783 2256 806 ,

695 845 869 911 quoad
922 843 1040 912 ejus
1078 842 1189 896 lieri
1246 852 1443 911 potest,
1479 856 1815 896 enarremus.
1849 837 1983 891 Cum
2021 840 2084 889 ad
2142 852 2265 891 sau-

694 947 835 988 ctam
871 935 1146 989 civitatem
1202 935 1741 1003 appropinquassent
1789 929 1960 983 sancti
2007 929 2262 998 reliquiae,

696 1028 747 1082 id
788 1029 1021 1084 innotuit
1048 1028 1314 1081 universa:
1346 1028 1550 1080 civitati
1583 1067 1596 1090 ,
1637 1035 1691 1078 et
1730 1022 1906 1076 hetitia
1947 1037 2138 1091 magna
2164 1020 2265 1072 iin~

696 1122 822 1188 pleti
848 1129 971 1174 sunt
993 1136 1203 1175 omnes.
1226 1120 1288 1172 Et
1312 1130 1595 1189 surgentes
1614 1130 1877 1184 sacraque
1906 1113 2049 1185 ligna
2071 1127 2262 1183 pereu-

698 1215 889 1267 tieules
921 1222 1291 1266 convenerunt
1322 1213 1373 1265 in
1399 1226 1608 1265 summe
1628 1208 1992 1263 venerandum
2017 1208 2259 1275 Deipatnc

697 1303 971 1371 templum,
1007 1305 1147 1371 quod
1170 1303 1370 1356 dicitur
1401 1303 1579 1355 Notae.
1607 1321 1623 1353 ι
1663 1301 1813 1370 Ligui
1850 1299 2029 1352 itidem
2068 1297 2255 1350 memi-

694 1392 1016 1448 nitJoannes
1048 1393 1318 1456 Moschus,
1347 1394 1397 1445 in
1435 1392 1597 1447 Prata
1626 1387 2024 1459 Spirit.Cap.ll
2050 1405 2061 1439 :
2083 1384 2260 1455 Κρου-

694 1502 881 1548 σαντος
908 1486 1002 1539 τοῦ
1033 1485 1363 1553 κανονάρχον
1407 1484 1468 1536 τὸ
1503 1484 1678 1550 ξύλον,
1713 1482 1799 1549 ἐφ’
1828 1472 1870 1546 ᾧ
1906 1476 2112 1537 πάντας
2138 1476 2263 1535 τοὺς

690 1578 952 1646 ἀδελφοὺς
984 1577 1335 1649 συκαχθῆναι.
1373 1596 1389 1629 ι
1415 1576 1764 1631 Canonari-hu
1801 1574 1997 1642 lignum
2022 1570 2266 1638 pulsante

691 1672 757 1723 ad
820 1685 1006 1724 omnes
1060 1672 1252 1726 l'ratres
1291 1666 1714 1737 congregandos.
1755 1684 1771 1713 ι
1830 1663 1894 1717 Ει
1951 1662 2266 1715 Theodorus

692 1762 924 1825 Studita,
971 1764 1021 1815 in
1059 1761 1387 1816 carminibus
1420 1760 1613 1828 quibus
1647 1756 1935 1823 alloquitur
1990 1764 2260 1806 cauonar—

689 1851 846 1904 chain
878 1871 888 1903 :

1290 2113 1665 2168 SAGERDOS.

760 2208 1077 2263 Benedictus
1110 2207 1247 2259 Deus
1294 2216 1499 2269 noster,
1530 2220 1671 2259 nunc
1738 2213 1791 2259 et
1837 2216 2070 2271 semper,
2112 2210 2165 2255 et
2204 2200 2256 2254 in

692 2299 888 2355 secula
916 2298 1254 2353 smcnlorum.
1282 2298 1474 2355 Amen.

1119 2385 1410 2442 PRAESES
1457 2384 1831 2443 ECCLESIE.

784 2478 994 2545 Venite,
1020 2480 1327 2534 adoremus.

760 2573 847 2626 47.
894 2573 959 2626 Et
1012 2571 1193 2642 psallit
1222 2572 1486 2640 psalmum
1537 2570 1946 2641 prommiacum,
2004 2566 2256 2632 Benedic,

690 2665 867 2720 anima
905 2679 1043 2730 mea,
1080 2664 1384 2721 Dominum.
1440 2665 1663 2720 Domine
1712 2667 1849 2718 Deus
1897 2676 2066 2729 meus,
2107 2670 2258 2715 tran-

691 2755 853 2821 quilla
915 2767 970 2810 et
1028 2757 1296 2811 submissa
1332 2772 1484 2815 voce.
1517 2758 1583 2810 Et
1613 2756 1800 2809 eodem
1835 2754 1993 2809 modo
2051 2754 2254 2808 dicitur

690 2848 977 2915 psalmus,
1058 2847 1317 2913 Domine,
1384 2848 1658 2911 clamavi,
1730 2854 1857 2900 tono
1913 2845 2250 2901 dominicati.

687 2936 1006 2993 “ecitantur
1036 2937 1286 2993 versiculi
1324 2947 1448 2991 tres.
1493 2939 1557 2993 Et
1583 2938 1885 3004 psalluntur
1908 2952 2097 2992 versus
2136 2950 2257 3003 pro-

688 3032 844 3085 somii
896 3031 1011 3087 sive
1054 3029 1319 3086 similares
1370 3031 1477 3085 toni
1531 3030 1586 3095 3,
1629 3031 1771 3085 sicut
1814 3030 1900 3092 Ὠς
1927 3029 2175 3097 γενναῖον
2197 3029 2254 3081 ὲν

691 3123 982 3194 μάρτυσιν.

1126 3214 1398 3271 VERSUS
1438 3213 1818 3269 SIMILARES.

758 3305 849 3364 £8.
899 3306 1104 3361 Christi
1156 3307 1461 3370 charilate,
1516 3306 1710 3370 Basili,
1761 3306 2058 3359 ascendens
2090 3306 2149 3370 in
2176 3306 2257 3359 al-

2071 355 2595 412 PROLECOMIZNA.

2440 474 2690 545 Σὰλπιζε
2747 475 2927 543 καιρῷ
2952 478 3015 530 τὸ
3050 477 3260 545 ξύλον,
3303 482 3448 535 καθὸ
3496 478 3642 535 δέοι.

2440 544 2503 596 Et
2532 556 2758 610 tempore
2784 558 2833 599 et
2860 550 2976 610 rite,
3009 544 3071 603 ut
3096 556 3241 615 tuba,
3271 550 3410 620 ligno
3440 569 3587 607 cane.

2371 638 2513 691 Alios
2569 639 2715 694 locos
2762 642 3039 710 congessit
3069 644 3327 707 Allatius,
3368 645 3644 714 congessit
3681 649 3741 698 et
3796 640 3917 698 Caa

2369 734 2506 799 gius,
2547 747 2684 800 quos
2722 742 2899 803 potest
2929 734 3178 789 curiosus
3239 736 3407 790 lector
3440 738 3750 793 consulere.
3808 733 3938 787 Mihi

2369 822 2499 876 satis
2530 823 2689 878 debet
2724 840 2843 881 esse
2873 827 2961 880 hic
3003 829 3190 893 paucis
3224 827 3546 891 ostendisse,
3578 830 3710 897 quid
3768 827 3837 883 sit
3871 826 3942 880 si-

2369 929 2529 981 gnum
2587 914 2765 970 minus
2798 956 2813 979 ,
2849 917 2977 987 quid
3026 915 3220 983 majus.
3274 919 3435 972 Extra
3486 918 3600 971 hate
3651 919 3762 974 duo
3793 919 3940 987 signa

2370 1014 2492 1057 sunt
2536 1013 2591 1055 et
2645 1003 2746 1057 alia
2774 1044 2789 1068 ,
2819 1021 2939 1075 qua:
2961 1018 3214 1062 secuturo
3245 1010 3421 1075 capite
3451 1010 3631 1062 locum
3663 1008 3943 1065 invenient

2370 1112 2547 1149 suum.
2580 1095 2696 1149 Jam
2744 1097 2887 1150 enim
2941 1100 3151 1170 signum
3190 1098 3367 1152 minus
3416 1114 3513 1152 nos
3566 1099 3634 1152 ad
3689 1102 3941 1171 templum

2369 1184 2678 1238 Gnneorum
2704 1197 2880 1250 vocat,
2908 1196 2966 1239 ut
2998 1190 3048 1243 in
3077 1190 3374 1245 minoribus
3396 1190 3633 1256 vesperis
3656 1199 3713 1243 et
3745 1200 3942 1257 specte-

2372 1293 2489 1331 mus
2521 1290 2874 1349 congregatos
2904 1279 3121 1345 fratres,
3157 1292 3209 1336 et
3242 1282 3575 1337 sacerdotem
3605 1281 3941 1336 intonantem

2370 1370 2671 1423 audiamus.

2436 1459 2525 1512 46.
2588 1457 2678 1514 Sic
2726 1476 2855 1528 ergo
2911 1464 3257 1532 prosequitur
3298 1463 3556 1533 Typicum
3595 1461 3936 1531 εΣυναχθένο

2367 1568 2473 1604 των
2513 1553 2620 1607 τῶν
2671 1553 2914 1620 ἀδελφῶν
2968 1556 3026 1606 ὲν
3077 1559 3142 1625 τῇ
3193 1553 3457 1623 ἐκκλησίᾳ.
3508 1553 3744 1624 ἄρχεται
3796 1554 3824 1604 ὁ
3864 1556 3939 1607 ἰε-

2371 1646 2515 1714 ρεύς.
2577 1646 2932 1715 Congregatis
2977 1649 3029 1702 in
3080 1647 3307 1701 ecclesia
3339 1645 3597 1700 fratribus
3636 1644 3939 1701 incioitsa-

2369 1741 2578 1791 turdos.

3016 2090 3280 2145 ΙΕΡΕΥΣ.

2440 2189 2737 2260 Εὐλογητὸς
2785 2188 2812 2237 ὁ
2846 2184 2977 2247 Θεὸς
3013 2184 3167 2254 ἡμῶν
3194 2186 3277 2237 ἀεὶ
3312 2184 3404 2237 καὶ
3436 2184 3517 2247 εἰς
3564 2184 3696 2247 τοὺς
3742 2182 3938 2244 αιῶνας

2358 2280 2465 2334 τῶν
2490 2280 2717 2334 αἰώνων.
2767 2280 2958 2347 Ἀμήν.

2859 2366 3423 2422 ΕΚΚΑΗΣΙΛΡΧΗΣ.

2436 2463 2619 2523 Δεῦτε,
2655 2460 3142 2532 προσκυνήσωμεν.

2435 2554 2543 2607 Καὶ
2566 2551 2756 2622 ψάλλει
2785 2551 2875 2604 τὸν
2908 2548 3266 2622 προοιμιακὸν
3303 2549 3513 2620 ψαλμὸν
3563 2550 3642 2612 τὸ,
3690 2548 3935 2617 Εὑλόγει,

2363 2645 2395 2715 ἡ
2430 2644 2576 2715 ψυχή
2611 2662 2735 2715 μου,
2761 2643 2850 2697 τὸν
2880 2641 3102 2713 Κύριον·
3133 2642 3303 2713 Κύριε
3352 2644 3378 2695 ὁ
3411 2640 3542 2702 Θεός
3587 2656 3712 2710 μου,
3754 2639 3937 2711 ἡσύχῳ

2361 2736 2630 2805 φωνῇκαὶ
2676 2735 2934 2805 ἠρεμαίᾳ.
2968 2729 3278 2795 Εἷθόὖτως
3320 2732 3552 2802 λέγομεν
3595 2731 3678 2797 τὸ,
3744 2730 3935 2804 Κύριε,

2358 2824 2648 2895 ἐκέκραξα,
2698 2828 2778 2888 εἰς
2818 2826 2907 2878 τὸν
2958 2822 3089 2896 ἦχον
3123 2825 3222 2894 τῆς
3257 2822 3543 2894 κυριακῆς.
3593 2823 3852 2895 Ἰστῶμεν
3883 2824 3935 2877 δὲ

2361 2917 2573 2987 στίχους
2594 2916 2654 2969 δ’.
2702 2917 2812 2968 Καὶ
2841 2913 3112 2985 ψάλλομεν
3148 2914 3381 2986 στιχηρὰ
3406 2914 3711 2986 προσόμοια
3739 2916 3873 2986 ἤχου
3894 2913 3934 2965 δ’

2366 3007 2501 3077 πρὸς
2530 3007 2588 3059 τό
2624 3006 2711 3068 Ὠς
2748 3007 2988 3073 γενναῖον
3019 3005 3077 3055 ὲν
3104 3004 3389 3074 μάρτυσιν.

2772 3222 3071 3273 ΣΤΙΧΗΡΑ
3099 3220 3516 3273 ΠΡΟΣΟΜΟΙΔ.

2445 3315 2530 3367 Ἐν
2574 3313 2652 3383 τῷ
2695 3312 2838 3383 ὕψει,
2885 3310 3149 3372 Βασίλειε,
3195 3310 3295 3379 τῆς
3332 3306 3566 3380 Χριστοῦ
3604 3306 3934 3380 ἀγαπήσεως

688 3407 840 3462 tum,
893 3398 1283 3467 contemplatus
1332 3413 1391 3453 es
1446 3398 1721 3452 recondita
1770 3398 1937 3464 ipsius
1978 3412 2043 3451 ac
2073 3397 2251 3451 divina

2363 3404 2564 3467 ἀναϐὰς
2597 3403 2988 3464 κατώπτευσας
3020 3398 3089 3452 τὰ
3119 3397 3403 3471 ἀπόρρητα
3452 3396 3615 3451 αὐτοῦ
3674 3400 3770 3453 καὶ
3820 3399 3933 3454 θεῖα

688 3488 944 3555 mysteria
975 3530 988 3554 ,
1023 3502 1141 3557 qure
1177 3497 1428 3558 tanquam
1452 3488 1669 3557 pietatis
1708 3503 1886 3559 praeco
1913 3488 2133 3559 sapiens
2164 3489 2260 3545 de—

694 3578 873 3632 texisti
899 3588 954 3634 et
981 3579 1344 3634 manifestasti
1369 3580 1601 3650 populis.
1620 3580 1799 3647 Quare
1822 3588 1964 3649 pete,
1987 3596 2021 3635 ο
2050 3590 2258 3646 sancte,

691 3685 721 3723 a
754 3670 992 3739 pernicie
1018 3670 1381 3739 periculisque
1408 3669 1627 3723 liberari
1646 3670 1763 3724 illos
1792 3670 1881 3739 qui
1919 3670 2149 3725 fideliter
2175 3685 2262 3725 sc-

691 3771 931 3831 quuutur
956 3770 1045 3813 tua
1076 3761 1347 3830 dogmata.

762 3853 851 3907 49.
917 3851 1243 3906 Sermonum
1297 3861 1513 3906 tuorum
1570 3866 1634 3906 ac
1681 3852 1987 3921 dogmatum
2042 3851 2257 3922 sapien-

694 3942 789 4004 tia,
843 3951 1029 3997 sancte
1056 3940 1301 4013 Gregori.
1339 3941 1550 3996 solviSti
1582 3941 1795 3997 vincula
1836 3942 2147 4010 hmresum;
2204 3953 2259 3997 et

690 4032 1004 4088 orthodoxae
1038 4031 1158 4085 fidei
1188 4034 1475 4088 concordia
1502 4034 1831 4103 conjunxisti
1865 4034 2053 4098 bonos,
2086 4048 2252 4103 agno—

691 4132 901 4179 scentes
938 4134 993 4177 et
1024 4121 1303 4177 laudantes
1326 4124 1606 4179 Christum
1638 4144 1652 4179 :
1686 4141 1715 4180 a
1752 4140 1860 4196 quo
1886 4134 2012 4197 pete
2034 4124 2259 4181 liberari

693 4231 721 4269 a
752 4214 986 4285 pernicie
1012 4214 1371 4285 periculisque
1399 4215 1538 4281 illos,
1573 4218 1665 4285 qui
1698 4217 1928 4272 ﬁdeliter
1955 4219 2258 4289 suscipiunt

691 4316 778 4361 tua
805 4306 1061 4361 divinitus
1092 4307 1289 4361 dictata
1320 4309 1583 4376 dogmata.

762 4399 849 4453 50.
912 4398 1161 4455 Christus
1241 4409 1292 4453 te
1354 4400 1535 4469 posuit
1580 4397 1793 4452 ﬁrmum
1858 4399 2255 4454 ﬁrmamentum

694 4492 947 4546 Ecclesia:
991 4507 1124 4557 suae,
1171 4489 1328 4546 Pater
1355 4502 1562 4555 sancte,
1588 4489 1769 4543 divina
1799 4490 1979 4546 locute
2008 4490 2255 4561 Chryso-

691 4595 884 4649 stoiue,
922 4594 980 4637 ut
1001 4598 1121 4638 eam
1162 4598 1407 4638 servares
1456 4582 1783 4637 immobilem
1836 4590 1995 4653 atque
2029 4583 2258 4653 inexpu-

693 4677 959 4748 gnabilem
1003 4679 1263 4731 adversus
1296 4678 1637 4731 inimicorum
1667 4676 1923 4746 impetus,
1957 4689 2011 4733 et
2060 4688 2117 4733 ut
2166 4693 2259 4749 pe-

695 4781 833 4823 teres
884 4768 1109 4823 letiferis
1136 4769 1439 4824 animorum
1479 4770 1972 4839 perturbationibus
2042 4770 2255 4825 liberari

693 4875 807 4926 eos,
839 4862 927 4931 qui
970 4862 1162 4916 sitiunt
1216 4870 1428 4917 tuorum
1494 4879 1796 4919 sermonum
1827 4866 2251 4918 sententiarum-

692 4967 797 5023 que
828 4954 1067 5023 pelagus.

762 5045 851 5098 5l.
901 5045 1182 5099 Trinitatis
1239 5045 1466 5099 selectos
1515 5043 1698 5109 ﬂores,
1739 5046 1985 5116 pratique
2036 5046 2257 5099 immor-

696 5136 813 5191 talis
843 5146 1175 5205 unguentum
1224 5137 1561 5201 exhalantes,
1609 5150 1775 5206 atque
1828 5138 2257 5205 iucundissimos

692 5228 1041 5299 intelligibilis
1071 5229 1205 5283 solis
1256 5231 1457 5296 radios,
1497 5242 1551 5286 et
1582 5231 1781 5286 divinis
1810 5232 1924 5285 suis
1961 5233 2257 5287 luminibus

694 5321 1059 5376 illuminantes
1093 5332 1311 5388 terram,
1332 5322 1665 5378 celebremus
1700 5323 1962 5378 Joannem
1985 5324 2258 5395 Magnum,

690 5410 938 5465 divinum
988 5411 1292 5481 theologum
1346 5411 1705 5482 Gregorium,
1760 5423 1816 5468 et
1860 5414 1967 5466 alta
2028 5414 2257 5482 quadam

692 5514 873 5559 mente
904 5504 1183 5572 praeditum
1208 5503 1483 5558 Basilium.

833 5593 1037 5649 Gloria.
1558 5596 1740 5650 Tonus
1776 5594 2025 5665 obliquus
2057 5593 2113 5651 2.

763 5684 1018 5741 Ilomiues
1054 5684 1147 5739 Dei
1198 5694 1252 5740 et
1299 5686 1483 5741 lidelcs
1530 5686 1696 5749 servi,
1730 5684 2041 5741 sacerdotes
2076 5684 2258 5739 Domi-

696 5779 771 5843 ni,
803 5779 900 5833 viri
931 5780 1338 5842 desideriorum,
1376 5794 1498 5833 vasa
1548 5779 1851 5841 electionis,
1889 5777 2151 5832 columna:
2191 5786 2242 5830 et

2289 4723 2337 4783 ο

2366 3499 2659 3571 μυστήρια,
2714 3496 2857 3566 ἅπερ
2899 3491 3237 3554 ἀνεκάλυψας
3278 3490 3370 3543 καὶ
3411 3489 3724 3561 ὲτράνωσας
3767 3490 3930 3553 λαοῖς,

2364 3590 2637 3652 εὐσεϐείας
2660 3587 2735 3652 ὡς
2787 3586 2959 3657 κῆρυξ
2991 3585 3172 3653 σοφός·
3214 3582 3303 3635 Αιδ
3330 3583 3597 3656 πρέσϐευε
3642 3584 3711 3636 ἐκ
3734 3582 3931 3653 φθορᾶς

2362 3679 2453 3733 καί
2493 3677 2746 3729 κινδύνων
2793 3673 3133 3745 λυτρωθῆναι
3179 3673 3304 3737 τοὺς
3332 3673 3537 3736 πιστῶς
3564 3670 3931 3741 ὲφεπομένους

2359 3771 2469 3829 τοῖς
2504 3769 2615 3830 σοῖς
2633 3767 2915 3835 δόγμασιν.
2951 3765 3085 3820 ὄσιε.

2430 3857 2567 3920 Τοὺς
2620 3855 2949 3926 συνδέσμους
2993 3852 3241 3916 διέλυσας
3295 3851 3403 3905 τῶν
3443 3849 3731 3920 αἱρέσεων,
3782 3849 3929 3909 ὅσα,

2359 3952 2423 4020 τῇ
2456 3948 2617 4019 σοφίᾳ
2648 3948 2757 4001 τῶν
2786 3948 2959 4017 λόγων
2996 3947 3089 4000 καὶ
3112 3945 3393 4015 δογμάτων
3431 3959 3544 4005 σου,
3593 3941 3781 4004 καὶείς
3808 3939 3928 4011 ὀμό-

2362 4060 2508 4096 νοιαν
2534 4042 2791 4113 ἡθροισας
2830 4038 3107 4112 ὀρθοδόξου
3143 4035 3375 4098 πίστεως
3410 4031 3537 4097 τοὺς
3563 4031 3928 4102 εὐγνώμονας.

2362 4134 2593 4204 Χριστὸν
2612 4132 3010 4203 εὐφημοῦντας,
3029 4127 3318 4198 Γρηγόριε,
3337 4127 3395 4180 δν
3416 4127 3623 4181 ἱκέτευε
3652 4128 3717 4179 ὲκ
3734 4125 3928 4195 φθορᾶς

2363 4225 2621 4279 κινδύνων
2668 4221 3002 4295 λυτρωθῆναι
3060 4236 3184 4282 τους
3232 4218 3436 4284 πιστῶς
3471 4217 3928 4290 προσδεχομένους

2363 4316 2430 4368 τὰ
2462 4316 2529 4369 σὰ
2561 4315 2867 4385 Θεόφθογγα
2908 4311 3176 4381 δόγματα.

2448 4409 2689 4479 Ἀρραγῆ
2742 4424 2801 4459 σε
2853 4406 3101 4476 Θεμέλιον
3143 4405 3171 4457 δ
3218 4404 3451 4474 Χριστὸς
3506 4399 3829 4471 ὲπεστήριξε
3865 4400 3927 4466 τῆ

2360 4497 2526 4551 αὑτοῦ
2559 4497 2872 4568 Ἐκκλησία,
2902 4496 3084 4567 Πάτερ
3108 4496 3240 4557 ὅσιε,
3274 4492 3542 4565 τηροῦντα
3568 4492 3772 4561 ταύτην
3803 4490 3926 4542 ἀσα-

2362 4591 2567 4654 λευτον,
2596 4590 2689 4643 καὶ
2722 4589 3144 4659 ἀκαταμάχητον
3174 4585 3277 4638 τῶν
3311 4582 3519 4655 ἐχθρῶν
3548 4582 3666 4644 ταῖς
3704 4578 3926 4651 προσϐο-

2361 4681 2500 4746 λαῖς,
2557 4682 2859 4754 θεορῤῆμον
2918 4678 3287 4749 Χρυσὸστομε,
3340 4674 3433 4727 καὶ
3466 4671 3833 4745 πρεσϐεύοντα
3867 4670 3924 4721 ἐκ

2364 4772 2548 4827 παθῶν
2601 4770 2957 4842 ψυχοφθόρων
2986 4764 3322 4836 λυτρωθῆναι
3355 4762 3481 4825 τοὺς
3527 4759 3796 4829 διψῶντας
3824 4756 3923 4811 τῶν

2362 4865 2467 4916 σῶν
2486 4864 2659 4932 λόγων
2686 4863 2778 4917 καὶ
2808 4860 3090 4930 νοημάτων
3110 4856 3170 4908 τὸ
3196 4855 3449 4923 πέλαγος.

2430 5046 2539 5113 Τῆς
2576 5042 2799 5113 Τριάδος
2828 5039 3070 5107 ὲκλόγια,
3092 5037 3365 5109 ἀκηράτου
3396 5033 3655 5105 λειμῶνός
3686 5050 3747 5086 τε
3769 5030 3915 5098 ἄνθη.

2359 5136 2424 5187 τε
2450 5134 2717 5205 μυρίπνοα
2751 5132 2840 5184 καὶ
2872 5128 3228 5199 τερπνότατα,
3254 5125 3345 5179 τοῦ
3362 5123 3552 5196 νοητοῦ
3577 5124 3652 5187 ὡς
3667 5123 3920 5194 ὑπάρχον-

2360 5244 2454 5289 τας
2485 5222 2916 5293 ἁκτῖναςὴλὶου,
2950 5221 3044 5273 καὶ
3070 5220 3399 5288 ’,τωτίζοντας
3430 5216 3525 5287 τὴν
3558 5216 3658 5285 γῆν
3686 5218 3805 5276 ταῖς
3827 5211 3919 5266 αὑ·

2360 5318 2465 5372 τῶν
2518 5318 2687 5379 Θεῖαις
2735 5313 3021 5383 λάμψεσιν,
3080 5312 3487 5381 εὐφημήσωμεν
3538 5306 3785 5375 Ἰωάννην
3838 5300 3920 5355 τὸν

2364 5411 2534 5481 μέγαν
2571 5411 2666 5462 σὺν
2698 5406 2774 5477 τῷ
2806 5406 2932 5476 Θείῳ
2977 5404 3214 5474 θεολόγῳ
3247 5401 3531 5473 Γρηγορίῳ
3564 5398 3655 5453 καὶ
3679 5398 3774 5451 τὸν
3802 5396 3914 5465 ὑψί-

2360 5522 2481 5557 νουν
2512 5500 2809 5554 Βασίλειον.

2533 5592 2687 5659 Δόξα.
3407 5579 3572 5653 Ἤχος
3596 5580 3683 5635 πλ.
3722 5579 3786 5651 β’.

2436 5685 2745 5755 Ἄνθρωποι
2796 5682 2891 5734 τοῦ
2933 5678 3067 5733 Θεοῦ
3098 5678 3190 5731 καὶ
3229 5675 3406 5729 πιστοὶ
3435 5672 3637 5726 οἰκέται
3661 5712 3674 5735 ,
3702 5670 3920 5736 λειτουρ-

2349 5774 2433 5840 γοὶ
2464 5773 2691 5839 Κυρίου,
2719 5772 2910 5839 ἄνδρες
2938 5765 3263 5835 ἐπιθυμιῶν,
3291 5762 3457 5833 σκεύη
3481 5760 3733 5829 ἐκλογῆς,
3756 5756 3917 5813 στῦλοι
