4086 6318
1264 376 1664 434 ACOLUTHIA
1702 377 2039 434 TlilPLlClS
2079 375 2300 433 FESTI.
3162 392 3384 435 cccxxrx

143 500 237 551 xui.
291 497 641 568 στηρίγματα
672 497 770 568 τῆς
832 497 1177 568 Ἐκκλησιας,
1230 498 1502 569 βασιλείας
1532 500 1756 570 κληροο,

1772 506 1800 563 ι
1831 498 2141 554 fulcimenta
2171 495 2449 563 Ecclesia,
2474 494 2631 565 regni
2662 496 2923 561 basi-edes,
2957 509 3026 551 ne
3055 494 3385 566 cessetispro

145 589 321 658 νόμοι,
372 588 449 658 μὴ
488 588 881 659 παρασιωπᾶτε
930 586 1023 640 τοῦ
1050 587 1179 659 βοᾷν
1212 589 1352 660 ὑπὲρ
1378 589 1530 661 ἡμῶν
1586 590 1719 661 πρὸς

1057 587 1179 659 βοᾷν
1212 589 1352 660 ὑπὲρ
1378 589 1530 661 ἡμῶν
1586 590 1719 661 πρὸς
1824 590 1979 645 nobis
2009 589 2244 644 clamare
2276 588 2343 643 ad
2367 586 2670 643 Dominum.

147 681 374 732 Κύριον.

239 697 374 752 ριον.

274 770 387 822 Καὶ
409 768 505 822 νῦν
1275 770 1572 822 Θεοτόκιον.

1965 772 2030 827 Et
2059 788 2219 827 nunc.
3006 769 3246 827 Mariale.

219 859 473 924 Θεοτόκε,
504 860 569 913 σὺ
598 854 649 913 εἶ
676 862 707 931 ὴ
736 859 974 929 ἄμπελος
1008 860 1041 931 ἠ
1068 859 1314 932 ἀληθινή.
1826 862 1832 916 1

1101 859 1314 932 κληθινή.
1826 862 1919 917 Dei
1951 863 2221 931 Genitrix,
2250 874 2303 919 tu
2330 878 2388 920 es
2418 864 2545 920 vitis
2568 878 2714 918 vera.

219 950 400 1004 Con.
440 949 529 1003 52.
565 950 665 1025 llic
685 950 894 1003 videtur
926 950 1162 1025 recitari
1190 952 1362 1005 oratio
1398 951 1517 1014 ⁴Ιιῶς
1565 950 1768 1020 ἱλαρὸν,
1800 952 1987 1025 saltem
2018 962 2275 1025 quantum
2304 968 2524 1025 possunt
2536 950 2843 1025 _conjic_ere_
2858 967 2928 1009 ex
2953 968 3074 1025 cap.
3108 954 3135 1008 1
3168 952 3384 1025 Typici.

153 1018 284 1074 Eam
322 1031 503 1074 autem
534 1020 827 1074 orationem
853 1020 1084 1074 exhibeo
1119 1021 1405 1091 integram,
1438 1018 1801 1088 nrontesstat
1831 1024 1971 1090 apud
2004 1022 2246 1078 Goarum
2281 1018 2407 1093 pag.
2432 1021 2503 1077 32
2536 1018 2867 1094 Eucbologii.

219 1112 343 1175 Φῶς
386 1112 566 1182 ἱλαρὸν
599 1110 758 1179 ἁγίας
802 1110 960 1182 δόξης
1006 1110 1273 1165 ἀθανάτου
1302 1113 1533 1186 Πατρὸς,
1559 1113 1721 1184 οὐρα-

1900 1113 2103 1169 anen
2184 1115 2477 1184 jucundum
2545 1124 2751 1171 sancta:
2830 1114 3010 1186 gloria:
3072 1113 3388 1169 immortalis

149 1207 286 1269 νίου,
311 1207 489 1275 ἁγίου,
519 1204 780 1275 μάκαρος,
815 1204 989 1275 Ἰησοῦ
1021 1205 1241 1275 Χριστὲ,
1266 1205 1610 1270 ὲλθόντεςὲπὶ
1628 1207 1725 1276 τὴν

1830 1204 2027 1264 Patris,
2057 1204 2322 1269 ctelestis,
2344 1204 2541 1271 sancti,
2576 1205 2740 1271 beati,
2769 1203 2898 1262 Jesu
2926 1204 3157 1271 Christe,
3196 1218 3391 1272 prove-

150 1297 242 1351 τοῦ
259 1296 413 1367 ἡλίου
430 1295 597 1361 δύσιν,
634 1294 829 1358 ἰδόντες
858 1294 973 1364 φῶς
999 1295 1299 1366 ὲσπερινὸν,
1320 1296 1348 1348 ὑ
1358 1295 1489 1367 μνοῦ
1497 1313 1594 1368 μεν
1617 1297 1727 1348 Πα-

1832 1297 1903 1350 cti
1935 1299 1999 1350 ad
2030 1296 2159 1352 solis
2190 1311 2465 1363 occasum,
2486 1306 2538 1352 et
2561 1308 2844 1353 cernentes
2870 1298 3041 1353 lucem
3062 1298 3387 1360 serotinam,

148 1389 310 1458 τέρα,
362 1386 510 1445 Υἱὺν.
547 1385 640 1439 καὶ
672 1385 826 1453 ἄτιον
855 1385 1099 1457 Πνεῦμα,
1135 1386 1288 1441 Θεόν.
1341 1388 1523 1453 Ἀξιόν
1567 1406 1625 1441 σε
1671 1391 1727 1442 ὲν

1828 1388 2109 1445 laudamus
2164 1391 2401 1455 Patrem,
2450 1390 2666 1454 Filium,
2696 1401 2753 1446 et
2812 1392 3075 1460 Spiritum
3122 1397 3390 1455 sanctum,

152 1483 289 1533 πᾶσι
326 1481 537 1548 καιροῖς
571 1477 851 1547 ὑμνεῖσθαι
883 1482 1086 1548 φωναῖς
1123 1479 1351 1547 αἰσίαις,
1377 1480 1473 1533 Υἱὲ
1496 1480 1650 1543 Θεοῦ,
1699 1485 1725 1534 ὁ

1835 1482 2022 1537 Deum.
2048 1478 2286 1552 Equum
2319 1490 2405 1537 est
2441 1491 2512 1548 te,
2538 1480 2637 1536 Fili
2663 1481 2792 1548 Dei,
2818 1481 3042 1553 largitor
3076 1482 3223 1545 vitm,
3244 1481 3391 1537 omni

152 1571 329 1633 διδοὺς
356 1568 518 1641 ζωήν·
555 1569 634 1623 διὸ
664 1572 691 1622 ὁ
718 1570 920 1642 κόσμος
942 1586 999 1624 σε
1027 1570 1235 1635 δοξάζει

1834 1574 2116 1628 celebrare
2169 1584 2453 1644 tempore;
2512 1573 2740 1644 ideoque
2768 1583 2820 1629 te
2842 1573 3070 1631 mundus
3101 1582 3244 1629 totus
3274 1573 3392 1629 lau-

1755 1661 1793 1713 Β
1832 1664 1989 1718 dibus
2012 1664 2371 1735 prosequitur.

222 1751 403 1829 Con.
434 1752 522 1829 ὃὸ.
552 1752 751 1829 Deinde
776 1753 1337 1829 cantatnrpsalntus,
1373 1753 1430 1829 '_O
1456 1755 1669 1829 ittipto;
1695 1758 1830 1811 ὲὸασ

1783 1760 2065 1823 ισίλευσεν,
2101 1779 2118 1811 ι
2153 1758 2412 1815 Dominus
2442 1760 2685 1828 regnavit
2715 1773 2731 1812 :
2760 1778 2781 1829 ι
2811 1761 2905 1814 sed
2934 1759 3054 1829 quis
3086 1758 3305 1829 precise
3328 1773 3396 1814 ex

154 1821 334 1899 tribus
355 1824 611 1899 ‘psalmis
643 1825 743 1899 it:_t_
774 1824 1172 1899 incipientibus,
1226 1840 1330 1878 non
1378 1821 1593 1899 indicat
1643 1828 1922 1899 'liypicnm.
1972 1821 2107 1899 Tum
2142 1831 2339 1884 dicitur
2388 1821 2582 1894 oratio,
2608 1821 2979 1899 Καταξίωσον,
3030 1821 3277 1899 quam‘in
3301 1843 3398 1884 an-

157 1892 328 1969 [Equis
348 1891 656 1969 Graecorum
677 1891 988 1969 Ritualibus
1020 1894 1110 1945 diu
1145 1894 1617 1969 frustraquzesivi.
1650 1891 1831 1961 Q'u’arc
1860 1904 2034 1954 visum
2087 1898 2189 1952 fuit
2236 1913 2357 1954 eam
2403 1891 2715 1955 describere
2749 1891 2815 1953 εἰ
2855 1891 3143 1967 llorolo'gio
3185 1896 3399 1969 Crypta:

160 1961 422 2025 l-‘erratm,
451 1965 713 2032 impresso
747 1963 927 2018 Romae
953 1978 1103 2017 anno
1138 1964 1294 2018 lb'i'l.
1330 1961 1420 2019 Sic
1451 1982 1579 2035 ergo
1602 1978 1777 2021 sonat.

225 2054 596 2120 Καταξίωσον,
630 2054 822 2128 Κύριε,
849 2056 906 2107 ἐν
940 2058 1006 2127 τῇ
1041 2057 1248 2129 ἑσπέρᾳ
1275 2060 1444 2131 ταύτῃ
1486 2060 1728 2131 ἀναμαρ-

1906 2063 2174 2132 Dignare,
2254 2062 2517 2126 Domine,
2573 2064 2673 2120 boc
2729 2077 2950 2133 vespere
3004 2062 3121 2116 sine
3175 2071 3397 2132 peccato

155 2147 353 2216 τήτους
405 2146 740 2216 φυλαχθῆναι
778 2148 947 2219 ἡμᾶς.
1003 2149 1305 2219 Εὐλογητὸς
1346 2146 1414 2213 si,
1452 2150 1643 2222 Κύριε,
1698 2155 1724 2204 ὁ

1834 2168 1930 2206 nos
1960 2154 2254 2208 custodire.
2286 2151 2607 2207 Benedictus
2633 2166 2712 2215 cs,
2734 2152 2979 2215 Domine,
3010 2149 3151 2206 Deus
3180 2150 3396 2206 Patrum

156 2237 287 2301 Θεὸς
307 2236 758 2309 Πατέρωνήμῶν,
778 2239 870 2292 καὶ
899 2242 1107 2294 αἱνετὸν
1135 2242 1228 2295 καὶ
1257 2241 1639 2313 δεδοξασμένον
1668 2245 1727 2297 τὸ

1833 2252 2141 2297 nostrorum
2168 2258 2184 2308 ;
2220 2254 2274 2298 et
2301 2241 2572 2297 laudabile
2598 2252 2652 2298 et
2698 2242 2991 2312 gloriosum
3023 2255 3220 2297 nomen
3249 2251 3396 2296 tuum

155 2329 331 2399 δνομά
361 2345 453 2382 σου
487 2330 568 2395 εἰς
589 2332 715 2395 τοὺς
743 2331 963 2397 αἰῶνας.
1007 2334 1196 2404 ’Δμήν.

743 2331 963 2397 αἰῶνας.
1007 2334 1196 2404 ’Δμήν.
1828 2335 1882 2389 itt
1911 2335 2125 2391 smcula.
2153 2334 2344 2389 Amen.

228 2418 640 2495 Cnu_l._Veru_m
672 2438 755 2495 pan
804 2425 1049 2479 eamdem
1079 2425 1222 2479 illam
1254 2426 1551 2495 orationem
1580 2426 1924 2480 adhibuerim
1958 2426 2296 2495 antiquiores
2350 2424 2547 2489 Grmci,
2596 2426 2784 2495 dubito
2816 2442 2831 2483 :
2863 2425 2988 2493 quia
3020 2426 3125 2480 hoc
3169 2424 3399 2482 Horolo-

160 2490 307 2564 gium
346 2492 508 2546 habet
552 2492 799 2560 plurima,
830 2510 951 2564 quas
981 2503 1105 2547 sunt
1137 2495 1329 2564 ritibus
1359 2494 1672 2549 Latinorum
1706 2499 1881 2562 potius
1912 2490 2320 2563 qttatn'Grmcor
2345 2512 2434 2549 um
2479 2494 2801 2550 confortnia.
2829 2490 2957 2551 Post
2979 2497 3278 2552 orationem
3300 2510 3401 2550 κα-

158 2557 447 2625 ταξῖωσον,
475 2557 807 2630 quiscunque
834 2557 1047 2618 demum
1075 2564 1159 2616 illa
1188 2562 1370 2628 fuerit,
1398 2567 1617 2620 videntu
1635 2582 1658 2619 r
1682 2557 1785 2619 dici
1818 2557 2118 2634 sequentia.

160 2653 254 2717 Εις
306 2652 401 2705 τὸν
452 2653 629 2776 “grav
682 2655 909 2725 στιχηρὰ
942 2654 1258 2727 προσόμοια.
1307 2653 1477 2727 Ἦχος
1518 2658 1605 2711 πλ.
1663 2655 1728 2726 β’,

555 2724 830 2776 ὀιήμεοος
863 2724 1112 2776 ἀνέστης.
1145 2727 1364 2776 Χοιστέ.

1835 2656 1923 2710 5i.
1955 2655 2035 2710 Ad
2089 2655 2412 2710 versiculum
2463 2669 2653 2711 versus
2694 2654 2982 2710 similares.
3018 2652 3156 2710 Ton.
3208 2656 3319 2712 obl.
3342 2657 3400 2724 2,

2103 2727 2242 2776 sicut
2265 2725 2573 2776 Τοιήαεοος
2606 2725 2858 2776 ἀνέστης.
2892 2726 3113 2776 Χοιστι.

571 2724 831 2795 ριήμερος
863 2724 1364 2798 ἀνέστης,’Χριστέ.
1389 2724 1419 2727 ”
1666 2724 1674 2726 “
2103 2727 2242 2781 sicut
2265 2725 2573 2797 Τριήμερος
2606 2725 2858 2796 ἀνέστης,
2892 2726 3113 2796 Χριστιτ

242 2815 309 2868 Ἠ
368 2814 528 2887 χάρις
585 2816 983 2889 ὑπερίσχυσεν,
1037 2822 1069 2891 ἠ
1115 2820 1294 2884 πίστις
1343 2821 1733 2891 ἐπεκράτησεν,

1907 2818 2090 2874 Gratia
2149 2817 2475 2887 przm'aluit,
2538 2818 2884 2887 exsuperavit
2936 2816 3110 2880 lides,
3162 2817 3391 2873 scientia

164 2904 457 2978 ὶπληρώθη
509 2907 683 2962 πάντα
717 2908 967 2978 γνώσεως
1022 2910 1176 2975 Θεοῦ,
1232 2912 1318 2965 διὰ
1353 2913 1460 2966 τῶν
1506 2913 1737 2966 ἀποστό-

1845 2907 1936 2961 Dei
1970 2908 2188 2977 impleta
2235 2918 2365 2962 sunt
2410 2908 2612 2972 omnia,
2648 2922 2745 2977 per
2775 2907 3072 2977 apostolos,
3118 2916 3281 2977 atque
3310 2909 3404 2963 do-

164 3003 295 3067 λων,
348 2999 437 3057 διὰ
463 3001 572 3056 τῶν
622 3001 974 3067 διδασκάλων,
1031 3003 1125 3057 καὶ
1170 3005 1438 3076 σωτηρίαν
1479 3005 1738 3077 ἐπλουτή-

1411 3025 1438 3058 ν
1479 3005 1738 3077 ὲπλουτή-
1836 3010 2042 3063 ctores,
2068 3008 2123 3053 et
2151 3013 2247 3053 nos
2277 2999 2448 3054 salute
2476 2998 2788 3068 locupletati
2816 3014 3024 3054 sumus.

168 3111 358 3164 σαμεν.

239 3184 453 3253 Στίχος.
483 3184 861 3254 Καυχήσονται
884 3186 1018 3238 ὅσιοι
1044 3188 1100 3239 ἐν
1126 3186 1273 3257 δόξῃ.
1766 3190 1806 3243 C

1766 3190 1806 3243 c
1915 3182 2002 3235 55.
2038 3180 2243 3237 Versic.
2273 3181 2630 3236 Exsultabunt
2654 3179 2832 3239 sancti
2865 3180 2918 3235 in
2943 3179 3136 3251 gloria.

236 3274 480 3346 Οὑράνια
528 3275 819 3347 μυστήρια,
858 3276 1173 3347 ἀνθρώπινα
1227 3278 1548 3349 μαθήματα,
1591 3297 1716 3351 χαρι

1913 3271 2165 3327 ϐωιεειίε
2213 3287 2408 3325 arcana
2435 3312 2450 3338 ,
2491 3275 2737 3328 humana:
2780 3272 3050 3337 scientiae,
3100 3286 3394 3328 concursus

170 3369 393 3439 σμάτων
424 3367 692 3440 συνδρομὴ
721 3368 1075 3423 παντοδαπῶν
1125 3369 1267 3441 μετά
1309 3370 1743 3442 κατορθωμάτων

1844 3365 2133 3436 gratiarum
2183 3364 2359 3419 omnis
2411 3365 2624 3435 generis
2662 3379 2784 3419 cum
2813 3374 2961 3419 recte
3009 3363 3192 3428 factis,
3240 3378 3403 3434 supe-

168 3461 446 3515 νικώντων
473 3460 649 3515 πάντα
670 3460 845 3530 λόγον,
871 3463 995 3526 τοὺς
1029 3466 1176 3534 τρεῖς
1193 3463 1379 3531 ἁγίους
1394 3463 1745 3535 ὲθαυμάστω-

1847 3463 2090 3517 rantibus
2112 3477 2328 3517 omnem
2359 3462 2683 3527 orationem,
2716 3462 2815 3519 bos
2846 3471 2955 3518 tres
2984 3472 3205 3518 sanctos
3235 3462 3404 3518 admi-

175 3569 294 3606 σαν.

1848 3553 2051 3609 rabiles
2074 3552 2272 3608 fecere.

249 3647 462 3715 Στίχος.
504 3647 567 3699 Οἱ
613 3646 777 3716 ἱερεῖς
816 3664 929 3712 σου,
958 3647 1153 3719 Κύριε,
1183 3649 1493 3702 ὲνδύσονται
1539 3648 1745 3700 δικαιο-

1918 3642 2007 3697 56.
2064 3643 2271 3697 Versic.
2332 3642 2650 3699 Sacerdotes
2715 3645 2821 3710 tui,
2882 3644 3129 3709 Domine,
3184 3645 3404 3701 induent

174 3736 361 3805 σύνην.

1851 3732 2135 3803 justitiam.

244 3828 525 3893 Βασίλειος
556 3830 584 3882 ὁ
624 3828 801 3892 ἔνθεος
834 3828 975 3895 νοῦς,
1026 3828 1324 3901 Γρηγόριος
1356 3830 1389 3899 ἡ
1422 3826 1539 3880 θεῖα
1573 3826 1743 3898 φωνὴ.

1920 3826 2161 3884 Basilius
2224 3844 2375 3884 mens
2430 3828 2537 3884 Deo
2601 3827 2799 3898 plena,
2872 3823 3169 3896 Gregorius
3227 3824 3406 3880 divina

188 3920 442 3991 Ἰωάννης
465 3923 493 3973 ὁ
522 3920 856 3991 παγκόσμιος
889 3921 1163 3994 λαμπτὴρ,
1185 3923 1234 3975 οἱ
1257 3924 1403 3993 τρεῖς
1422 3923 1521 3992 τῆς
1541 3919 1747 3974 ἀνωτάο

1852 3936 1976 3986 vox,
2006 3918 2243 3975 Joannes
2271 3922 2417 3974 omni
2450 3935 2515 3975 ex
2545 3932 2700 3990 parte
2727 3930 2978 3976 ornatum
3002 3917 3405 3986 candelabrum,

174 4028 253 4064 τω
282 4010 612 4082 θεράποντες
634 4013 855 4083 Τριάδος
882 4014 971 4065 καὶ
996 4014 1296 4068 λειτουονοὶ
1322 4011 1748 4078 ωνδοξαζέσθω-

1850 4023 1961 4066 tres
1992 4014 2222 4068 ministri
2243 4013 2691 4085 supremte'Trini
2708 4016 2834 4070 tatis
2856 4032 2918 4068 ac
2947 4016 3260 4068 sacerdotes
3279 4027 3404 4069 con-

180 4118 300 4155 σαν.

1849 4103 2242 4175 gloriﬁcentur-

305 4193 461 4261 Δόξα.
1219 4192 1391 4268 Ἦχος
1421 4199 1602 4260 αὑτός.

1989 4200 2190 4256 Gloria.
2897 4192 3073 4251 Tontts
3107 4198 3267 4256 idem.

250 4281 348 4347 Εὖ,
372 4285 551 4339 δοῦλοι
588 4286 780 4355 ἀγαθοὶ
819 4290 913 4343 καὶ
946 4289 1146 4356 πιστοὶ,
1170 4285 1251 4354 εὖ,
1279 4292 1504 4363 ἐργάται
1530 4290 1623 4344 τοῦ
1645 4293 1748 4361 ἁμ-

1920 4292 2007 4346 5'7.
2075 4289 2234 4345 Servi
2297 4290 2420 4347 boni
2476 4298 2529 4344 et
2581 4288 2796 4353 ﬁdeles,
2850 4288 3016 4344 seduli
3069 4286 3301 4357 operarii
3358 4286 3410 4341 in

184 4377 423 4442 πελῶνος
454 4379 775 4449 Χριστοῦ,οῖ
797 4381 890 4432 καὶ
919 4381 979 4433 τὸ
1006 4380 1167 4452 βάρος
1195 4384 1292 4451 τῆς
1322 4382 1530 4451 ἡμέρας
1556 4381 1749 4451 βαστά-

1858 4381 2059 4437 Christi
2094 4384 2274 4447 vinea,
2302 4382 2394 4451 qui
2435 4383 2688 4451 portastis
2721 4385 2930 4451 pondus
2968 4382 3098 4447 diei,
3127 4382 3179 4433 el
3228 4381 3410 4434 datum

184 4486 396 4534 σαντες,
440 4469 534 4528 καὶ
563 4470 625 4522 τὸ
655 4469 932 4541 δεδομένον
969 4473 1225 4525 τάλαντον
1256 4470 1604 4544 αὐξήσαντες,
1656 4472 1748 4524 καὶ
1788 4542 1797 4544 _

1800 4542 1810 4544 ς
1858 4475 2112 4529 talentum
2141 4474 2395 4543 auxistis,
2430 4488 2605 4544 neque
2641 4475 2907 4530 invidistis
2934 4484 3055 4544 post
3078 4487 3170 4527 vos
3194 4472 3413 4528 venien-

180 4565 296 4624 τοῖς
326 4562 445 4631 μεθ’
470 4563 623 4634 ὑμῶν
643 4563 855 4617 ἐλθοῦσι
875 4564 946 4635 μὴ
982 4563 1363 4635 φθονήσαντες.
1380 4542 1483 4617 ήΔιὸ
1509 4565 1750 4635 ῆνοικται
1786 4542 1793 4595 Ῑ

1799 4542 1826 4596 D
1858 4567 2021 4621 tibus.
2063 4567 2185 4620 Ideo
2217 4566 2370 4621 vobis
2398 4542 2587 4636 aperta
2619 4578 2700 4621 est
2732 4569 2883 4637 regni
2922 4542 3109 4635 ianua.
3144 4564 3412 4619 lntrantes

184 4652 330 4723 πύλη
364 4652 640 4722 βασιλείας
670 4656 817 4725 ὑμῖν.
852 4654 1197 4717 Εἰσελθόντες
1227 4652 1317 4709 οὖν
1350 4658 1429 4719 εἰς
1461 4654 1557 4725 τὴν
1581 4652 1751 4724 χαρὰν

1859 4656 2025 4725 igitur
2046 4656 2097 4709 in
2142 4656 2397 4725 gaudium
2429 4654 2758 4721 Conditoris,
2793 4665 2944 4711 orate
2968 4670 3065 4725 pro
3093 4656 3268 4721 nobis,
3290 4668 3415 4708 san-

180 4745 275 4799 τοῦ
307 4748 649 4817 ποιησαντος,
678 4747 1047 4815 πρεσϐεύσατε
1070 4746 1207 4817 ὑπὲρ
1232 4749 1264 4816 ἡ
1275 4749 1408 4818 μῶν,
1440 4750 1581 4816 ἆγιοι
1604 4746 1750 4799 διδά-

613 4764 649 4810 ;,
678 4747 1047 4815 πρεσϐεύσατε
1070 4746 1207 4817 ὑπὲρ
1232 4749 1408 4818 ἡμῶν,
1440 4750 1581 4816 ἅγιοι
1604 4746 1750 4799 διδά-
1853 4748 1921 4801 eti
1958 4749 2226 4802 doctores.

185 4838 399 4893 σκαλοι.

314 4932 423 4984 Καὶ
454 4930 567 4984 νῦν.
1311 4930 1611 4983 Θεοτόκιον.

1992 4926 2058 4978 Ει
2083 4940 2245 4979 nunc.
3031 4922 3268 4979 Mariale.

253 5022 447 5085 οὐδεὶς
493 5022 841 5093 προστρέχων
884 5022 977 5074 ἐπὶ
1040 5022 1121 5075 σοὶ
1162 5022 1614 5093 κατῃσχυμμὲνος
1646 5021 1753 5073 ἀπὸ

1922 5013 2089 5070 Nemo
2127 5030 2416 5072 accurrens
2467 5021 2533 5070 ad
2566 5027 2633 5077 te,
2684 5030 2815 5084 pura
2843 5014 3003 5085 Virgo
3024 5013 3269 5071 Genitrix
3296 5017 3410 5086 Dei,

182 5114 281 5168 σοῦ
311 5114 685 5187 ἐκπορεύεται,
707 5114 841 5183 ἁγνὴ
866 5114 1107 5185 Παρθὲνε
1130 5115 1375 5167 θεοτόκε’
1392 5112 1504 5165 ἀλλ’
1526 5115 1754 5165 αἰτεῖται

1857 5106 2156 5163 derelictus
2184 5108 2279 5163 abs
2310 5120 2361 5163 te
2388 5108 2651 5173 discedit;
2677 5109 2769 5163 sed
2800 5111 2931 5178 petit
2962 5109 3210 5179 gratiam,
3241 5118 3296 5164 et
3318 5108 3414 5165 do-

180 5209 285 5276 τὴν
319 5206 495 5277 χάριν,
513 5206 607 5261 καὶ
630 5206 893 5278 λαμϐάνει
918 5208 978 5261 τὸ
994 5208 1221 5279 δώρημα
1244 5207 1380 5278 πρὸς
1404 5205 1465 5259 τὸ
1483 5207 1753 5277 συμφέρον

1247 5207 1380 5278 πρὸς
1404 5205 1465 5259 τὸ
1483 5207 1753 5277 συμφέρον
1856 5216 1980 5253 Itum
2014 5203 2206 5270 accipit
2230 5201 2467 5271 petitioni
2510 5202 2860 5256 conveniens.

180 5299 286 5368 τῆς
323 5298 609 5369 αἰτήσεως.

259 5409 375 5463 Νῦν
399 5410 654 5475 ἀπολύεις
712 5412 802 5465 τὸν
846 5412 1029 5467 δοῦλόν
1062 5431 1177 5465 σου.
1215 5412 1287 5464 Τὸ
1323 5411 1631 5480 Τρισάγιον.

1926 5401 2075 5455 Nunc
2133 5401 2357 5457 dimittis
2429 5417 2641 5455 servum
2705 5412 2871 5454 tnutn.
2932 5397 3275 5469 Trisagittm,
3351 5400 3414 5453 de

1857 5510 1964 5563 quo
1989 5511 2135 5548 num.
2167 5496 2252 5548 5|.

734 5631 912 5684 ΑΙΙΟΛ
922 5632 1227 5686 ΥΤΙΚΙΟΝ.

2398 5622 2867 5681 DIMISSORIUM.

261 5721 331 5780 Οἱ
356 5723 465 5776 τῶν
504 5723 813 5777 ἀποστόλων
838 5722 1148 5793 ὁμότροποι,
1190 5722 1284 5775 καὶ
1320 5721 1416 5789 τῆς
1438 5720 1760 5790 οἰκουμένης

1930 5719 2017 5773 58.
2050 5720 2237 5774 Iisdem
2282 5718 2475 5787 quibus
2513 5716 2734 5787 apostoli
2774 5717 3012 5771 moribus
3060 5717 3290 5782 prmtliti,
3332 5720 3412 5770 do

190 5813 519 5878 διδάσκαλοι,
552 5812 631 5882 τῷ
654 5812 893 5885 Δεσπότη
919 5812 1023 5867 τῶν
1053 5814 1185 5868 ὅλων
1218 5810 1585 5884 πρεσῦεύσατε
1614 5814 1757 5885 εἰρή-

1864 5822 2055 5867 ctnrcs
2094 5813 2329 5867 universi
2380 5812 2525 5866 orbis
2556 5854 2568 5875 ,
2622 5821 2773 5866 orate
2833 5813 3199 5865 universorum
3241 5809 3411 5863 Domi:
