4086 6318
1236 393 1626 446 ACULU'I‘IIIA
1668 391 1995 441 'llill’LtLtb
2035 391 2254 437 bbb'lt.

1771 391 1995 438 ll’blLtb
2035 393 2062 437 l‘
2082 391 2194 437 bb'l
2214 407 2254 436 ι.
3162 397 3384 441 ΩΕΩΧΧΧΙ

215 516 487 572 Εἰσελθὼν
531 512 587 564 δὲ
625 515 718 567 καὶ
785 513 862 574 εἰς
906 509 967 562 τὺ
1014 511 1166 580 ἆγιον
1219 511 1387 579 βῆμα,
1438 507 1582 575 λέγει
1631 508 1726 576 τὴν
1757 506 1800 564 Λ

1780 506 1800 562 ι
1901 501 1990 555 66.
2064 501 2344 568 Ingressus
2426 506 2602 552 autem
2679 503 2923 550 sanctum
2993 493 3197 546 aditum
3261 495 3393 550 dicit

151 613 313 684 εὐχὴν
331 609 424 663 τοῦ
461 606 802 677 θυμιάματος
823 604 942 657 καθ’
965 605 1173 658 ἑαυτόν.

1831 603 2047 647 secreto
2111 590 2413 646 orationem
2481 591 2545 644 ad
2613 587 3038 642 iucensationem
3090 584 3195 638 dici
3262 586 3385 640 soli-

1828 696 1955 739 tam.

231 780 411 832 Cotta.
448 778 618 838 llanc,
654 776 740 832 ltic
770 777 822 831 in
857 778 1058 847 Typico
1085 777 1364 839 omissam,
1397 776 1605 831 Gnarus
1641 779 1859 833 exhibet
1882 779 2230 846 sequentibus
2263 773 2461 834 verbis.

219 869 562 923 Κατεύθυνον
615 869 712 940 τὴν
770 868 1079 938 προσευχὴν
1119 867 1297 936 ἡμῶν,
1345 867 1420 931 ὡς
1475 868 1722 942 θυμίαμα

1905 870 2090 938 Dirige
2173 869 2476 924 orationem
2545 873 2831 927 nostram,
2899 870 2959 916 ut
3010 861 3288 917 incensum
3338 860 3392 914 in

151 962 385 1016 ἐνώπιόν
415 977 528 1026 σου,
576 963 669 1014 κα.)⁸
718 957 1006 1028 πρόσδεξαι
1059 960 1226 1026 αὐτὴν
1262 961 1338 1022 εἰς
1384 959 1556 1030 ὀσμὴν
1589 965 1722 1014 εὐω-

1831 972 2125 1033 conspectu
2161 971 2272 1026 tuo,
2300 969 2356 1016 et
2406 955 2627 1024 suscipe
2673 972 2790 1010 eam
2819 957 2874 1010 in
2907 955 3126 1011 odorem
3159 953 3395 1010 suavita-

147 1055 278 1115 δίας.
1829 1055 1918 1108 tis.

221 1151 386 1204 Certe
416 1152 526 1205 hate
551 1149 723 1200 oratio
757 1160 786 1198 a
813 1145 992 1201 Goaro
1025 1147 1313 1203 exhibetur
1333 1166 1451 1218 pag.
1483 1150 1573 1214 29,
1599 1166 1771 1218 neque
1797 1151 1955 1203 aliam
1989 1169 2087 1223 ego
2129 1151 2342 1219 uspiam
2367 1148 2572 1204 inveni.

239 1244 300 1298 '0
354 1243 410 1295 δὲ
461 1237 839 1307 κανδηλάπτης
901 1239 1175 1307 ἐκφωνεῖ,
1231 1242 1582 1302 Κελεύσατε,
1629 1259 1720 1309 γε-

1904 1242 2036 1296 Τιιιιι
2073 1241 2450 1308 candelaptes,
2499 1256 2660 1294 manu
2712 1237 3004 1308 praeferens
3056 1237 3391 1306 lampadem,

149 1335 431 1404 γωνοτέρᾳ.
457 1333 627 1402 φωνῇ,
648 1332 862 1402 κρατῶν
889 1336 981 1387 καὶ
1010 1333 1104 1402 τὴν
1128 1331 1384 1402 λαμπάδα
1414 1332 1472 1382 ὲν
1500 1335 1565 1401 τῇ
1584 1336 1726 1402 χειρὶ

1170 1331 1384 1402 ιμπάδα
1414 1332 1472 1382 ὲν
1500 1335 1565 1401 τῇ
1584 1336 1726 1402 χειρὶ
1835 1333 2098 1388 exclamat
2133 1333 2364 1389 clariore
2389 1345 2540 1397 voce,
2571 1330 2783 1386 Jubete.

149 1446 340 1480 αυτου.

221 1518 455 1591 Colunt
490 1517 606 1591 Quo
645 1518 811 1591 verbo
846 1534 949 1572 non
971 1516 1124 1591 jubet
1152 1517 1350 1591 (inquit
1382 1518 1592 1572 Goarus
1626 1517 1743 1591 loco
1770 1517 1897 1591 jatn_
1924 1511 2113 1571 citato)
2135 1521 2205 1591 ut
2228 1511 2526 1591 sacerdote
2555 1510 2881 1591 adveniente
2909 1509 3090 1591 cuncti
3128 1518 3352 1591 surgant
3374 1527 3392 1591 _:

149 1587 280 1656 quin
319 1578 850 1661 potius-virumilitatis
879 1578 1262 1661 tttodestiaaoue
1291 1590 1724 1661 demonstranda:
1759 1578 1959 1661 studio,
1992 1589 2148 1661 rogat
2183 1589 2241 1634 ut
2287 1580 2533 1660 jubeant,
2579 1578 2894 1661 quasi‘aliis
2926 1578 3392 1661 itttperaturiﬂtt

147 1647 456 1731 assurgattt.
491 1657 678 1731 vllem
741 1673 846 1710 non
879 1658 1099 1731 omnino
1149 1659 1450 1731 absimilem
1503 1658 1634 1731 facit
1680 1659 1817 1731 apud
1842 1647 2080 1709 Latinos'
2105 1647 2458 1731 lector,_qui,
2482 1647 2637 1731 just‘a
2667 1649 2888 1704 Petrum
2924 1647 3263 1731 Damianum,
3297 1647 3388 1731 lib.

150 1719 416 1783 Dominus
450 1728 707 1781 vobiscum
763 1726 1046 1795 appellato,
1113 1743 1233 1794 cap.
1290 1728 1346 1788 2,
1387 1747 1403 1777 t
1443 1719 1868 1780 benedictionem
1901 1741 1931 1778 a
1981 1723 2263 1778 sacerdote
2299 1722 2422 1775 dum
2467 1721 2622 1789 petit,
2660 1735 2765 1774 non
2798 1727 2947 1786 rogat
2985 1728 3036 1770 ιιι
3075 1719 3392 1781 benedicat;

146 1802 241 1854 sed
271 1809 330 1851 ιιι
365 1796 684 1850 benedicere
709 1795 1217 1867 jubeatquempiatn
1242 1797 1429 1850 alium.
1471 1815 1489 1846 ι

217 1889 504 1959 Θυμιάσας
556 1886 613 1940 δὲ
660 1888 689 1940 ὁ
746 1889 922 1960 ἱερεὺς
1003 1889 1362 1960 σταυροειδῶς
1411 1890 1508 1960 τὴν
1563 1889 1722 1957 ἁγίαν
1754 1898 1796 1952 Β

1783 1901 1796 1950 ι
1893 1886 1981 1941 67.
2028 1887 2163 1940 Cum
2223 1884 2479 1940 sacerdos
2528 1883 2580 1936 in
2625 1880 2851 1936 formam
2913 1879 3094 1935 crucis
3151 1881 3396 1934 incensa‘

145 1979 428 2052 τράπεζαν
458 1982 550 2034 καὶ
588 1981 706 2035 ὅλον
752 1981 812 2034 τὸ
866 1981 1271 2050 θυσιαστήριον,
1322 1981 1598 2054 ἐξέρχεται
1638 1981 1726 2034 διὰ

1828 1981 1901 2034 vit
1941 1985 2184 2033 sanctam
2247 1991 2490 2032 mensam
2540 1983 2822 2040 totumque
2871 1973 3066 2039 altare,
3119 1972 3397 2044 egreditur

143 2073 252 2124 τῶν
306 2071 476 2141 ἁγίων
519 2072 719 2145 θυρῶν,
767 2073 861 2125 καὶ
909 2074 1137 2140 ποιήσας
1187 2072 1416 2143 σταυρὸν
1449 2074 1584 2142 μετὰ
1635 2073 1724 2127 τοῦ

1824 2070 2030 2126 sanctis
2061 2067 2256 2140 portis,
2280 2078 2334 2121 et
2366 2064 2644 2121 thuribulo
2677 2071 2802 2117 ante
2832 2063 3110 2119 cancellos
3163 2065 3396 2120 bematis

147 2165 415 2236 θυμιατοῦ
437 2165 771 2219 κατενώπιον
802 2163 892 2216 τοῦ
921 2163 1253 2233 ἱλαστηρίου,
1290 2165 1610 2233 ἀπέρχεται,
1637 2163 1727 2213 καὶ

1824 2162 2052 2216 formata
2107 2174 2291 2225 cruce,
2324 2160 2434 2214 abit
2480 2166 2535 2214 et
2590 2157 2836 2211 incensat
2876 2154 3164 2224 imaginem
3224 2159 3395 2211 sancti

145 2257 322 2328 θυμιᾷ
349 2258 446 2327 τὴν
469 2257 651 2311 εἰκόνα
681 2256 773 2308 τοῦ
811 2255 987 2322 ἁγίου,
1021 2252 1135 2307 εἶτα
1167 2255 1305 2308 κατὰ
1338 2255 1427 2306 τὸν
1455 2252 1726 2324 καθηγού-

1826 2251 1929 2322 (vel
1977 2254 2120 2307 illius
2160 2253 2251 2321 qui
2309 2261 2393 2305 est
2446 2248 2694 2305 ecclesia:
2767 2245 3045 2310 tutelaris,
3101 2247 3188 2302 vel
3243 2246 3395 2317 cujus

150 2366 332 2417 μενον,
357 2350 452 2399 καὶ
482 2350 562 2410 εις
592 2348 716 2410 τοὺς
746 2345 839 2399 δύο
868 2349 1058 2417 χοροὺς
1085 2345 1223 2398 κατὰ
1254 2345 1428 2409 τάξιν,
1465 2346 1562 2416 τῆς
1587 2342 1723 2413 λαμ-

1827 2342 2022 2396 festum
2105 2339 2344 2410 agitur),
2399 2337 2594 2390 deinde
2655 2337 2901 2391 incensat
2947 2335 3231 2403 prasidem
3275 2353 3288 2388 :
3342 2345 3397 2389 et

146 2439 314 2500 πάδος
352 2437 593 2506 δηλονότι
622 2439 1100 2510 προπορευομένης
1119 2437 1301 2492 αὑτοῦ.
1333 2439 1389 2490 '0
1408 2437 1465 2489 δὲ
1496 2435 1722 2503 ἐξελθὼν

1829 2435 1963 2490 duos
2028 2433 2228 2488 choros
2282 2438 2502 2486 servato
2557 2427 2792 2492 ordine,
2837 2427 3094 2482 nimirum
3149 2427 3397 2495 lampade

145 2530 240 2582 καὶ
264 2531 346 2591 εἰς
373 2529 502 2590 τοὺς
537 2528 837 2599 νάρθηκας,
870 2532 961 2582 καὶ
992 2529 1261 2599 θυμιάσας
1293 2528 1568 2583 κάνταῦθα
1599 2527 1721 2591 τοὺς

1827 2541 1948 2581 eum
1990 2533 2287 2594 praeeunte.
2321 2520 2616 2590 Postquam
2667 2528 2848 2574 autem
2902 2533 3159 2589 egressus
3203 2528 3288 2574 est
3343 2521 3396 2572 in

147 2621 412 2684 ἀδελφοὺς
442 2619 583 2673 κατὰ
614 2619 765 2686 τάξιν
796 2619 1144 2693 ὑποστρέφει.

1827 2619 2160 2684 narthecem,
2197 2625 2360 2686 atque
2398 2614 2469 2670 ibi
2505 2612 2699 2670 ordine
2735 2612 3038 2668 incensavit
3063 2611 3282 2677 fratres,
3311 2627 3397 2666 re-

1833 2707 2082 2758 vertitur.

219 2803 315 2858 68.
374 2802 556 2874 Cqul.
607 2801 914 2874 Jucundumﬁ
956 2802 1046 2858 hic
1100 2801 1246 2874 forte
1292 2801 1477 2874 lectori
1534 2800 1694 2854 fuerit
1746 2799 2064 2869 intelligere,
2107 2801 2232 2874 quid
2264 2803 2333 2854 sit
2373 2803 2553 2874 templi
2587 2803 2815 2874 νάρθηξ.
2871 2803 2963 2855 Est
2997 2816 3132 2874 ergo
3178 2801 3397 2874 proprie

219 2823 315 2858 06o
374 2823 556 2858 LOMI.
607 2823 909 2858 Jucunaum
958 2823 1046 2858 DIC
1100 2823 1237 2856 torte
1292 2823 1477 2856 ιειτιυῐι
1534 2823 1694 2854 Ιυιςινιι
1747 2823 2064 2869 ιιιιιειιιξςυῑις,
2107 2823 2232 2866 ψιιιι
2264 2823 2333 2854 Sil.
2373 2823 2553 2870 ιθῐῐιριι
2587 2823 2654 2856 να
2693 2823 2815 2874 οης.
2871 2823 2963 2855 ιει
3002 2823 3132 2869 ergo
3179 2823 3394 2870 PI'OIH'IC

150 2874 381 2926 narthex
430 2872 577 2929 locus
621 2873 1023 2944 paenitentibus,
1080 2871 1586 2944 eatecliumenisque
1644 2879 1833 2944 atque
1860 2871 2260 2944 energumeuis
2286 2871 2610 2944 assignatus.
2648 2823 2716 2926 ﬁt
2753 2874 2934 2944 dicere
2959 2872 3046 2925 tibi
3078 2871 3164 2924 ille
3195 2869 3394 2934 fuerit,

151 2952 385 3022 extrane
417 2957 483 2996 an
522 2941 663 2997 intra
694 2943 1004 3006 ecclesiam,
1036 2945 1136 2997 hoc
1185 2957 1339 3008 opus,
1371 2943 1455 2996 hic
1482 2942 1634 2994 labor
1662 2949 1743 2993 est
1773 2959 1785 2993 :
1821 2941 1873 2994 id
1902 2950 2078 2994 tamen
2110 2941 2347 2993 conabor
2372 2942 2654 2997 declarare
2682 2942 2946 2997 brevitate
2977 2952 3175 3010 quanta
3210 2952 3396 3010 potero

152 3026 414 3064 mamma.

217 3082 454 3136 Allatius
497 3083 709 3150 quidem
763 3080 1084 3151 Narthecetn
1140 3079 1231 3148 qui
1295 3089 1347 3134 et
1383 3079 1614 3150 πρόναος
1673 3078 1916 3151 dicitur,_
1938 3081 2086 3146 quasi
2130 3099 2147 3130 t
2177 3080 2419 3151 anterius
2463 3081 2743 3151 templum,
2792 3101 2809 3133 ι
2845 3081 3033 3136 iisdem
3080 3080 3275 3150 quibus
3303 3096 3394 3134 ec-

153 3152 384 3205 clesiam
420 3148 588 3205 muris
618 3150 1039 3215 circumscribit,
1077 3152 1333 3218 ponitque
1359 3148 1497 3204 intra
1533 3151 1677 3202 illam
1711 3166 1723 3201 :
1759 3151 1851 3202 sed
1883 3148 2094 3202 Goarus
2124 3149 2459 3215 ponitextra,
2485 3160 2538 3206 et
2562 3148 2747 3206 censet
2765 3167 2884 3205 esse
2910 3148 3151 3204 ecclesiae
3180 3168 3198 3200 t
3232 3153 3397 3204 vestiv

151 3220 360 3283 bulum,
401 3221 731 3290 propylaeum
769 3242 787 3274 ι
826 3237 918 3276 seu
960 3241 978 3272 t
1011 3223 1275 3290 porticum
1311 3240 1329 3273 ι
1357 3218 1634 3290 (porticula
1677 3219 1866 3289 vulgus
1896 3218 2148 3290 appellat)
2177 3233 2297 3286 qua:
2325 3219 2453 3273 tedis
2480 3235 2648 3274 sacras
2671 3223 2840 3288 portis
2866 3223 3204 3275 obversatur.
3232 3218 3392 3273 Uter-

148 3304 252 3354 que
282 3305 384 3355 pro
414 3306 472 3343 se
507 3291 662 3344 affert
693 3293 1047 3346 auctoritates
1081 3306 1184 3343 non
1211 3292 1372 3344 leves.
1398 3291 1591 3344 Verum
1619 3302 1748 3358 puto
1775 3304 1897 3356 ego,
1954 3290 2090 3342 hanc
2125 3290 2437 3357 opinionum
2478 3290 2790 3344 varietatem
2821 3303 3002 3346 natant
3042 3306 3162 3345 esse
3205 3304 3272 3343 ex
3305 3305 3392 3352 eo,

149 3362 294 3421 quod
320 3361 584 3429 nonsatis
604 3361 1339 3414 observaverintGrmcorum
1359 3360 1642 3424 ecclesias,
1671 3359 1802 3412 alias
1820 3373 1940 3429 esse
1959 3359 2278 3429 catholicas,
2307 3375 2424 3428 qua
2449 3360 2654 3414 scilicet
2679 3361 2893 3429 utrique
2918 3360 3070 3413 sexui
3099 3360 3394 3429 universitn

149 3437 372 3492 patent;
403 3428 536 3481 alias
557 3431 909 3493 monasticas,
939 3446 1057 3497 quae
1089 3429 1217 3483 solis
1241 3430 1370 3482 viris
1391 3471 1406 3494 ,
1436 3429 1481 3480 si
1507 3431 1779 3492 virorum;
1807 3428 1891 3479 vel
1923 3427 2052 3482 solis
2089 3427 2432 3495 mulieribus,
2468 3431 2511 3483 si
2551 3427 3044 3486 sanctimonialium
3091 3431 3219 3484 sint.
3258 3428 3392 3483 Nam

151 3498 434 3565 prioribus
467 3501 692 3552 nartbex
730 3502 970 3554 exterior
996 3509 1096 3563 est,
1150 3498 1538 3568 posterioribus
1592 3512 1696 3550 non
1725 3499 1884 3559 item;
1943 3499 2015 3549 uti
2064 3498 2305 3565 pluribus
2335 3501 2567 3553 ostendit
2610 3501 2854 3554 eruditus
2901 3499 3157 3568 Cangius,
3184 3514 3252 3553 ex
3287 3514 3396 3566 quo

145 3569 298 3635 juvat
329 3582 505 3636 pauca
541 3568 797 3622 delibare.

220 3637 312 3708 69.
331 3635 635 3707 Postquam
667 3639 958 3708 prteclarus
984 3639 1070 3692 ille
1105 3647 1315 3701 auctor,
1345 3636 1397 3690 in
1436 3635 1706 3692 Glossario
1737 3639 1923 3708 inedia:
1952 3646 2000 3690 et
2026 3637 2221 3704 inﬁma:
2252 3635 2550 3690 ercitatis
2576 3638 2825 3702 dixisset,
2863 3656 2880 3687 t
2915 3638 3227 3692 narthecetn
3274 3653 3396 3692 esse

150 3707 424 3775 porticum
465 3718 590 3761 ante
621 3707 802 3777 templi
837 3709 1182 3771 vestibulum,
1222 3710 1300 3761 sic
1325 3709 1521 3760 dictam
1554 3709 1694 3776 quod
1729 3707 1912 3761 feruhc
1943 3709 2177 3774 speciem
2216 3711 2487 3774 praal'erat,
2519 3723 2640 3762 cum
2679 3709 2728 3761 in
2755 3708 3092 3761 latitudinem
3122 3708 3188 3760 ad
3221 3709 3397 3776 ipsius

149 3779 280 3830 mdis
310 3777 507 3830 facient
531 3778 853 3843 diducatur;
885 3793 1112 3844 esseque
1135 3788 1284 3832 extra
1323 3777 1517 3839 a'dem,
1551 3782 1593 3830 si
1636 3777 1893 3830 ecclesias
1924 3778 2220 3829 catholicas
2247 3790 2580 3845 spectemus,
2615 3797 2632 3829 ι
2677 3779 2726 3831 id
2757 3782 2899 3845 quod
2929 3778 3019 3831 lib.
3047 3794 3103 3830 ιιι
3130 3778 3395 3831 Consum--

151 3848 404 3915 (iunpolis
437 3847 771 3912 Christianw,
806 3865 952 3900 num.
992 3851 1058 3899 18
1079 3888 1092 3911 ,
1121 3849 1308 3915 probat
1336 3863 1398 3898 ex
1438 3847 1721 3914 Procopio,
1742 3846 1968 3911 Codino,
2003 3845 2324 3911 Tlteoriauo,
2354 3847 2667 3902 Siletitiario
2697 3859 2751 3903 et
2776 3849 2927 3913 aliis;
2965 3850 3145 3900 statim
3173 3850 3352 3901 subdit
3379 3869 3392 3904 :

156 3931 175 3963 4
203 3913 260 3967 In
286 3919 698 3986 monachorum
724 3932 852 3971 vero
885 3913 1132 3971 ecclesiis
1163 3918 1323 3968 aliter
1358 3930 1414 3968 se
1446 3931 1533 3969 res
1562 3913 1742 3969 habet.
1773 3916 1860 3969 Ea:
1887 3919 2028 3969 enim
2058 3919 2108 3970 iii
2143 3929 2254 3970 tres
2285 3927 2465 3986 partes
2497 3919 2809 3971 dividuntur
2847 3935 2862 3970 :
2899 3917 2949 3968 in
2983 3915 3133 3986 βῆμα
3163 3933 3255 3970 seu
3292 3917 3394 3970 Sa-

151 3985 421 4055 crarlutn,
451 3991 564 4040 suis
592 3987 846 4041 cancellis
889 3988 1251 4054 disparatum;
1295 3986 1344 4036 in
1398 3986 1543 4048 ναόν,
1581 3987 1632 4038 iti
1690 4001 1794 4054 quo
1831 3987 2078 4040 monachi
2114 3985 2435 4051 consistunt,
2468 3991 2579 4040 suis
2614 3988 2816 4055 pariter
2859 3985 3116 4040 cancellis
3164 3987 3393 4038 divisum

151 4068 181 4103 a
215 4053 428 4128 reliqua
461 4058 594 4128 aade,
651 4072 808 4124 quam
845 4053 1092 4128 νάρθηκα
1148 4055 1454 4128 appellant,
1485 4057 1625 4123 quod
1650 4053 1717 4109 iis
1751 4076 1764 4109 ι

1778 4056 2023 4127 κάρθηκος
2060 4061 2230 4128 vicem
2258 4064 2494 4128 praestet
2516 4094 2529 4117 ,
2565 4053 2690 4109 licet
2715 4056 2918 4128 nonsit
2949 4069 3136 4110 revera
3166 4055 3391 4127 νάρθηξ,

151 4132 213 4196 ιιι
262 4126 356 4190 qui
389 4124 531 4176 intra
561 4126 726 4192 ipsam
760 4124 927 4181 cedent
965 4124 1139 4180 exstet
1169 4127 1416 4192 illiusque
1468 4136 1613 4192 septa
1653 4142 1668 4180 :
1705 4129 1756 4179 in
1794 4124 2111 4196 quat-auten
2145 4126 2418 4196 νάρθηκος
2467 4125 2696 4196 figuram
2747 4126 2966 4183 retinet.
3017 4141 3139 4179 cum
3169 4124 3395 4195 excepto

152 4193 370 4246 bemate
405 4233 420 4256 ,
450 4197 712 4261 potiorem
748 4198 878 4250 aedis
927 4207 1129 4266 partem
1179 4198 1416 4250 obtineat
1470 4195 1597 4248 ναὸν
1627 4234 1641 4258 ,
1676 4213 1768 4250 seu
1812 4193 2229 4249 inonacltorutn'
2253 4193 2487 4258 chorus;
2512 4193 2751 4264 ireliqua
2803 4205 2957 4264 parte
2982 4235 2996 4258 ,
3059 4206 3118 4250 ut
3147 4196 3260 4249 dixi
3285 4193 3392 4261 {in

159 4272 458 4330 angustum
486 4273 787 4326 contracta,
825 4278 880 4317 et
940 4270 990 4318 iu
1047 4266 1386 4319 latitudinem
1439 4266 1680 4331 diducta,
1715 4281 1886 4332 eaque
1947 4266 2296 4318 sweulari‘bus
2332 4267 2617 4333 permissa,
2647 4278 2897 4332 tauquam
2952 4281 3016 4318 eo
3072 4268 3245 4321 instar
3281 4282 3395 4332 ρω-

156 4333 453 4386 nitentium
483 4336 883 4396 accedentibus,
917 4352 1035 4387 cum
1072 4339 1137 4389 iis
1171 4337 1310 4386 intra
1351 4336 1475 4387 ναὸν
1501 4337 1800 4388 consistere
1848 4351 1950 4386 non
2005 4336 2256 4390 liceat....
2289 4338 2461 4402 Atque
2489 4353 2606 4389 eam
2652 4335 2820 4389 ferme
2867 4335 3028 4388 etiam
3068 4337 3397 4389 monastica-

156 4417 276 4474 ruut
302 4403 658 4456 ecclesiarum
685 4403 910 4458 formam
939 4423 1152 4472 semper
1200 4404 1364 4457 fuisse
1395 4407 1529 4473 apud
1565 4421 1662 4457 nos
1697 4421 1789 4457 seu
1828 4404 2066 4468 Latinos,
2115 4405 2274 4458 facile
2308 4409 2584 4469 concedat,
2622 4407 2869 4474 quisquis
2901 4407 3158 4459 attentius
3189 4416 3395 4460 veteres

157 4471 428 4538 ejusmodi
472 4475 796 4528 monasticas
819 4475 959 4527 ades
987 4471 1454 4536 cotisideraverit’;
1483 4474 1533 4526 itt
1570 4474 1764 4542 quibus
1797 4474 2181 4528 monachorum
2215 4476 2458 4539 chorum,
2494 4471 2654 4537 quem
2685 4471 2908 4541 capSum
2960 4475 3204 4529 ecclesiae
3235 4491 3394 4529 voca-

155 4543 290 4594 bant
321 4545 406 4612 (ut
436 4543 654 4616 quidam
694 4546 897 4616 volunt)
943 4547 1215 4616 potiorem
1245 4545 1372 4616 tedis
1402 4552 1610 4616 partem
1639 4559 1907 4616 occupare
1937 4547 2410 4616 animadverteret,
2450 4547 2652 4614 reliqua
2681 4543 3155 4616 sa:ﬁc_ularib_uskseu
3206 4563 3396 4616 κοσμι-

155 4616 275 4674 κοίς
339 4621 578 4686 patente.
621 4612 887 4682 Quidquid
939 4615 1099 4682 igitur
1136 4615 1188 4666 itt
1251 4614 1314 4686 iis
1342 4615 1731 4686 monachorum

1782 4614 2015 4686 :cclesiis
2067 4624 2218 4686 extra
2252 4612 2704 4686 tiartheeem’cst,
2745 4613 3059 4686 ἐξωνάρθηξ
3087 4626 3137 4669 et
3188 4612 3395 4684 ξώσῒης

156 4691 416 4754 corrupte
449 4684 663 4745 dicitur,
694 4687 825 4738 aedis
879 4686 1085 4736 scilicet
1145 4684 1490 4754 V't-‘Slibtlltltll,
1523 4685 1607 4754 tibi
1662 4685 1713 4736 in
1749 4684 1992 4737 ecclesiis
2028 4684 2307 4754 catholicis
2352 4684 2558 4754 νάρθηξ
2606 4684 2860 4737 collocari
2919 4684 3092 4750 Solet,
3143 4687 3195 4740 in
3244 4687 3397 4754 cujus

155 4751 496 4825 discrimen,
546 4755 854 4825 interiorem
926 4757 1234 4806 nattliecetn
1268 4792 1280 4812 ,
1335 4753 1726 4823 Ἐσωνάροηκα
1800 4763 2009 4806 vocant.
2071 4773 2088 4804 ›
2153 4753 2277 4806 Ηιιξε
2321 4751 2594 4822 (iungitis,
2639 4756 2834 4822 quibus
2885 4754 3018 4807 scite
3075 4751 3398 4825 egregieque

153 4820 389 4894 positis,
428 4833 481 4872 et
541 4823 895 4875 conciliantur
944 4826 1311 4889 tiisctepautt-s
1347 4820 1646 4877 doctorum
1679 4825 1995 4890 sententiae,
2029 4833 2082 4876 et
2140 4825 2299 4876 facile
2349 4820 2718 4894 intelliguntur
2778 4839 2839 4876 ea
2888 4839 3003 4890 qua:
3055 4820 3400 4894 prosequitur

155 4888 444 4959 ’fypicuttt.

224 4985 339 5037 Καὶ
384 4986 637 5039 εἰσελθὼν
676 4988 804 5039 εἵσω
831 4990 926 5059 τῆς
972 4989 1252 5060 βασιλικῆς
1289 4989 1479 5059 πύλης,
1527 4993 1730 5061 χαράτ-
1756 4999 1797 5053 C

1781 4999 1797 5052 ζ
1903 4993 1990 5046 7U.
2047 4990 2111 5044 Et
2154 4993 2363 5044 intrans
2395 5003 2604 5062 portam
2659 4994 2954 5059 basilicam,
3007 4995 3120 5044 sive
3171 4993 3394 5061 regiam,

149 5093 231 5133 τει
265 5078 406 5146 μετὰ
436 5078 528 5130 τοῦ
575 5079 836 5150 θυμιατοῦ
873 5084 1119 5152 σταυρόν.

976 5084 1119 5152 υρόν.
1836 5086 2109 5140 thuribulo
2133 5103 2346 5140 crucem
2373 5087 2588 5154 efiiugit.

223 5171 412 5253 (ξονι,
452 5176 656 5253 Quippe
685 5179 980 5253 quodantc
1010 5180 1268 5253 diximus,
1301 5195 1404 5253 per,
1420 5190 1602 5248 portas
1641 5181 1891 5235 basilicas
1939 5191 2122 5250 patere
2162 5185 2364 5236 aditum
2416 5185 2468 5236 in
2527 5185 2777 5253 templum
2805 5223 2818 5246 ,
2853 5183 2906 5237 id
2961 5186 3027 5236 de
3075 5182 3274 5251 templo
3303 5196 3392 5234 ca-

153 5244 362 5321 tholico
397 5244 738 5323 intellectth
758 5248 876 5323 volo
905 5286 918 5310 ,
954 5264 1054 5323 non
1090 5249 1155 5301 de
1184 5244 1513 5323 tuon—astico;
1545 5254 1667 5318 quia
1729 5253 1780 5304 in
1834 5244 2284 5323 monasteriorum
2334 5253 2542 5320 templis
2597 5244 2772 5323 (qttale
2801 5244 2918 5306 erat
2955 5253 3100 5323 illud
3141 5244 3238 5318 pro
3293 5265 3399 5320 quo

145 5316 418 5379 scriptum
446 5325 531 5366 est
571 5316 670 5389 hoc
697 5317 997 5387 Typicum),
1027 5328 1194 5389 portae
1217 5319 1449 5373 basilica:
1478 5316 1578 5372 non
1608 5331 1733 5373 sunt
1770 5334 1939 5389 portae
1975 5322 2275 5376 exteriores
2302 5333 2356 5376 et
2382 5316 2930 5386 ettttiittni'tnaxitute;
2962 5323 3057 5375 sed
3092 5316 3395 5381 interiores,

146 5394 202 5462 ξι
239 5399 362 5448 qua:
391 5398 419 5460 e
447 5387 704 5440 ttarthece
727 5396 927 5462 ducunt
978 5394 1053 5462 ad
1085 5388 1211 5440 ναὸν
1247 5392 1357 5442 sive
1389 5393 1646 5462 chorum.
1695 5387 1829 5455 Quid
1884 5407 2018 5459 opus
2075 5402 2159 5445 est
2197 5393 2479 5462 pluribus?
2519 5394 2677 5447 Porta
2742 5393 2965 5446 basilica
3021 5392 3070 5442 itt
3126 5392 3226 5444 lioc
3281 5392 3396 5459 ipsu

149 5449 363 5530 Typtcg
394 5455 531 5530 intra
570 5458 918 5530 monasticam
945 5459 1227 5512 ecclesiam
1257 5461 1538 5514 manifeste
1562 5449 1932 5514 constituitur.
1962 5463 2014 5514 Id
2039 5449 2420 5530 quod-patebit
2446 5465 2604 5517 etiam
2636 5479 2703 5518 ex
2741 5462 3109 5530 sequentibus.
3150 5449 3395 5529 Quaproc.

148 5536 278 5586 pter
313 5521 499 5591 Typici
536 5526 731 5578 seriem
769 5537 1088 5595 repetamus.

226 5614 335 5665 Καὶ
366 5617 600 5683 ἐκφωνεῖ
636 5618 1028 5689 μεγαλοφώνως
1068 5623 1148 5689 τὸ,
1190 5623 1379 5694 Κύριε,
1415 5624 1724 5694 εὐλόγηπον,

1906 5627 1992 5679 7i.
2045 5625 2110 5680 Et
2160 5627 2294 5680 elata
2335 5643 2463 5682 voce
2521 5627 2824 5680 exclamat:
2859 5625 3106 5689 Benedic,
3138 5621 3392 5678 )ctnine:

155 5705 248 5756 καὶ
277 5705 446 5776 θυμιᾷ
465 5702 620 5770 αὖθις
635 5709 722 5762 τὸν
752 5711 1062 5781 προεστῶτα
1086 5713 1116 5784 ἧ
1136 5716 1212 5777 εἰς
1239 5715 1325 5770 τὸν
1351 5715 1508 5770 τόπον
1540 5717 1723 5780 αὑτοῦ,

1836 5727 1890 5772 et
1915 5719 2156 5772 iucensat
2188 5721 2378 5774 iterum
2409 5722 2688 5791 praesidem
2723 5719 2800 5774 vel
2831 5720 2994 5788 ipsius
3030 5718 3224 5780 locum,
3247 5715 3389 5770 dein.

152 5794 275 5850 εἶτα
301 5798 392 5849 τὸν
418 5797 590 5866 ἅγιον.

571 5817 590 5851 “·
1834 5812 1898 5866 dc.
1924 5821 2184 5866 sanctum.
