4086 6318
1214 370 1605 431 ΑΕΟΙΛᾹΤΙΙΙΔ
1655 374 1994 433 'l'lllPLlClS
2029 375 2245 435 FESTI.

249 488 422 563 ,Υπὲρ
496 487 765 543 πλεόντων
796 526 812 551 ,
873 486 1297 558 όδιιιτεορούντων
1332 530 1347 554 ,
1406 492 1703 548 νοσούντων
1724 534 1740 558 ,

1914 495 2019 551 Pro
2099 493 2469 567 navigantibus
2513 530 2532 557 ,

166 585 501 654 καμνόντων,
545 577 923 650 αἰχμαλώτων,
956 583 1048 635 καὶ
1088 581 1187 652 τῆς
1237 583 1506 656 σωτηρίας
1536 587 1733 654 αὐτῶν,

166 675 261 729 τοῦ
297 674 499 745 Κυρίου
527 671 826 745 δεηθῶμεν.
858 675 923 727 Χ.
958 671 1151 744 Κύριε,
1176 675 1414 748 ἐλέησον.

252 768 424 834 ’Υπὲρ
465 764 561 818 τοῦ
609 762 879 838 ρυσθῆναι
915 765 1062 836 ἡμᾶς
1117 768 1225 821 ἀπὸ
1276 768 1455 839 πάσης
1486 767 1733 838 θλίψεως,

167 860 362 933 ὀργῆς,
394 856 487 910 καί⁵
513 859 778 930 ἀνάγκης,
817 855 912 910 τοῦ
946 859 1152 931 Κυρίου
1189 859 1485 930 δεηθῶμεν.
1517 859 1584 916 Χ.
1628 864 1740 916 Κύ-

170 968 279 1023 ριε,
314 948 553 1019 ἐλέησον.

250 1042 579 1106 ’Δντιλὰὗου,
665 1039 858 1105 σῶσον,
947 1043 1198 1112 ἐλέησον,
1262 1044 1357 1098 καὶ
1415 1045 1740 1117 διαφύλαξον

169 1139 359 1208 ἡμᾶς,
412 1141 440 1194 ὁ
473 1136 641 1199 Θεὸς,
692 1138 758 1205 τῇ
806 1138 872 1206 σῇ
922 1137 1127 1206 χάριτι.
1196 1138 1262 1192 Χ.
1317 1138 1524 1212 Κύριε,
1586 1140 1741 1212 ἐλέηο

174 1246 288 1282 σον.

243 1321 355 1391 Τῆς
399 1316 689 1385 παναγίας,
730 1318 1021 1391 ἁχρὰντου,
1070 1322 1598 1394 ὑπερευλογημὲνης,
1653 1326 1740 1378 εν-

170 1410 324 1475 δὸξου
375 1407 653 1480 δεσποίνης
695 1408 850 1480 ἡμῶν
898 1411 1180 1477 Θεοτόκου,
1218 1412 1311 1465 καὶ
1343 1410 1431 1464 ἀεὶ
1462 1410 1740 1481 Παρθένου

173 1498 415 1570 Μαρίας,
456 1499 591 1570 μετὰ
643 1502 856 1555 πάντων
886 1502 993 1554 τῶν
1035 1503 1204 1569 ἁγίων
1253 1499 1740 1572 μνημονεύσαντες,

173 1590 399 1653 ἑαυτοὺς
419 1592 512 1643 καὶ
537 1590 797 1662 ἀλλήλους
824 1594 1002 1644 πᾶσαν
1034 1590 1133 1662 τὴν
1169 1591 1313 1666 ζωὴν
1335 1593 1494 1666 ἡμῶν
1526 1592 1745 1666 Χριστῷ

174 1683 253 1755 τῷ
276 1682 396 1755 Θεῷ
425 1684 818 1756 παραθώμεθα.
855 1682 923 1735 Χ.
971 1683 1082 1749 Σοὶ,
1114 1683 1308 1756 Κύριε.

3144 390 3410 439 CCCX!!!"

2611 492 2714 546 iter
2811 490 3098 565 agentibus
3140 530 3157 556 ,
3245 491 3411 547 inﬁr-

1839 589 1981 656 mis,
2031 586 2398 643 laborantibus
2436 624 2451 649 ,
2514 584 2786 653 captivis,
2835 596 2891 639 et
2942 598 3131 642 eorum
3184 582 3359 639 salute
3388 622 3405 651 ,

1840 678 2120 735 Dominum
2167 692 2466 747 precemur.
2521 675 2620 729 Ch.
2672 675 2933 739 Domine,
2996 678 3272 733 miserere.

1913 770 1980 827 Ut
2033 769 2329 824 liberemur
2382 771 2450 825 ab
2497 766 2644 823 onuti
2696 781 2959 831 aerumna,
3006 770 3180 839 plaga,
3215 778 3271 825 et
3317 779 3411 824 ne-

1839 863 2124 927 cessitate,
2208 858 2497 914 Dominum
2588 872 2891 931 precemur.
2964 856 3062 914 Ch.
3144 860 3398 917 Domine.

1843 952 2118 1008 miserere.

1911 1041 2156 1111 Suscipe,
2186 1056 2365 1108 serva,
2410 1042 2669 1095 miserere
2709 1052 2763 1097 et
2812 1041 3025 1097 custodi
3071 1054 3193 1107 nos,
3244 1039 3409 1107 Deus.

1843 1142 1932 1186 tua
1966 1136 2168 1201 gratia.
2197 1134 2300 1188 Ch.
2329 1132 2577 1193 Domine.
2602 1133 2878 1189 miserere.

1913 1308 2298 1374 Sanctissimm,
2342 1307 2695 1374 intemerata,
2739 1320 2900 1376 super
2937 1322 3125 1364 omnes
3176 1304 3402 1362 benediv

1842 1413 1965 1463 ctae,
1992 1400 2238 1469 gloriosae
2266 1401 2503 1455 Domina:
2532 1409 2731 1454 nostrae
2759 1396 3025 1468 Deipane,
3079 1408 3133 1452 et
3190 1410 3412 1469 semper

1842 1491 2063 1563 virginis
2128 1489 2309 1545 Maria:
2381 1506 2447 1545 ac
2523 1492 2764 1544 omnium
2831 1500 3145 1546 sanctorum
3208 1504 3412 1545 memo-

1844 1585 1978 1639 riam
2026 1592 2272 1655 agentes,
2314 1597 2413 1638 nos
2449 1582 2617 1653 ipsos,
2647 1593 2701 1637 et
2731 1582 2985 1645 invicem.
3030 1593 3084 1639 et
3111 1583 3274 1637 vitam
3307 1594 3404 1637 no-

1842 1686 2010 1729 stram
2062 1675 2279 1732 Christo
2347 1674 2457 1730 Deo
2505 1673 2945 1731 commendemus
3011 1691 3025 1727 :
3080 1673 3180 1729 Ch.
3236 1672 3397 1738 Tibi,

1847 1766 2088 1822 Domine.

245 1860 356 1912 Καὶ
384 1858 618 1927 ἐκφωνεί
655 1858 683 1910 ὀ
718 1858 912 1928 ἱερεύς·
955 1857 1078 1908 ’Ότι
1122 1856 1320 1926 πρέπει
1368 1874 1448 1909 σοι
1482 1859 1631 1911 πᾶσα
1658 1858 1743 1912 δό-

1913 1858 2003 1915 75.
2040 1861 2105 1914 Et
2134 1858 2402 1914 exclamat
2447 1859 2697 1913 sacerdos
2752 1875 2767 1913 :
2819 1857 2955 1926 Quia
3008 1856 3258 1912 convenit
3314 1858 3407 1913 tibi

175 1948 262 2013 θ’
290 1947 423 2017 τιμὴ
468 1946 560 1999 καὶ
609 1944 996 2018 προσκύνησις,
1024 1944 1101 2016 τῷ
1127 1944 1323 2014 Πατρὶ,
1373 1942 1563 2013 καὶτῷ
1607 1941 1743 2012 Υιῷ,

173 2041 270 2092 καὶ
302 2037 379 2110 τῷ
411 2037 547 2110 ἁγίῳ
568 2038 866 2111 Πνεύματι,
892 2036 986 2091 νῦν
1002 2038 1093 2092 καὶ
1115 2038 1223 2097 ἀεὶ,
1249 2036 1342 2089 καὶ
1365 2036 1444 2100 εἰς
1466 2035 1588 2099 τοὺς
1620 2034 1750 2089 αἰῶ-

173 2147 273 2196 νας
300 2129 407 2185 τῶν
440 2129 670 2186 αἰώνων.
715 2130 906 2201 ’Δμήν.

255 2224 449 2277 ’ἰστέον
479 2223 555 2281 δὲ.
598 2222 699 2287 ὅτι,
741 2223 869 2275 ὅταν
908 2220 1134 2291 λέγομεν
1163 2221 1240 2287 τὸ,
1281 2220 1611 2284 Ἀνοίξαντός
1655 2238 1746 2274 σου

170 2315 274 2383 τὴν
307 2316 461 2383 χεῖρα
484 2352 499 2375 ,
546 2314 575 2363 ὁ
608 2312 783 2381 ἱερεὺς
830 2310 1079 2361 ἀπελθὼν
1117 2310 1264 2377 λέγει
1299 2310 1397 2373 τὰς
1444 2309 1607 2379 εὐχὰς
1650 2310 1743 2363 τοῦ

172 2402 448 2473 λυχνικοῦ,
488 2402 769 2471 ἱστάμενος
800 2399 1046 2470 ἀσκεπὴς
1092 2400 1396 2472 ἔμπροσθεν
1427 2400 1533 2454 τῶν
1576 2401 1745 2469 ἁγίων

171 2494 375 2568 Θυρῶν.

1844 1952 2024 2005 omnis
2053 1950 2247 2020 gloria,
2290 1949 2464 2003 honor
2492 1960 2547 2003 et
2573 1948 2838 2013 adoratio,
2867 1950 3038 2015 Patri,
3078 1958 3133 2005 et
3168 1948 3326 2013 Filio,
3357 1958 3415 2004 ot

1846 2040 2070 2110 Spiritui
2094 2050 2284 2095 sancto
2314 2059 2329 2097 :
2357 2057 2497 2098 nunc
2521 2051 2577 2097 et
2615 2056 2831 2111 semper
2857 2050 2912 2096 et
2939 2042 2991 2096 in
3020 2043 3214 2096 saecula
3240 2058 3411 2099 saecu-

1846 2133 2044 2188 lorum.
2072 2132 2263 2187 Amen.

1936 2222 2228 2280 Sciendum
2264 2234 2443 2280 autem
2468 2233 2549 2279 est
2569 2266 2584 2291 ,
2622 2228 2764 2296 quod
2790 2228 3005 2298 quando
3037 2226 3267 2283 dicimus
3297 2240 3420 2281 ver-

1849 2315 2077 2370 siculum
2106 2316 2399 2384 Aperiente
2441 2325 2493 2371 te
2530 2332 2783 2384 manutn,
2816 2319 3068 2373 sacerdos
3125 2309 3322 2373 habeat
3360 2325 3417 2373 et

1852 2408 2044 2459 recitet
2082 2406 2359 2460 orationes
2384 2406 2675 2465 lucernarii
2708 2419 2856 2465 stans
2885 2410 3126 2465 detectus
3146 2420 3270 2465 ante
3294 2425 3420 2465 san-

1851 2506 1968 2552 ctas
1991 2496 2154 2555 fores.

242 2637 427 2723 (ἔοικ’
474 2634 547 2690 Ex
592 2634 694 2689 hoc
748 2633 1214 2723 locomconiicitur,
1262 2632 1580 2723 ’ῐιςσπερινξν
1625 2632 1756 2723 inter

1857 2647 1868 2690 ι
1911 2636 2165 2709 λυχνικόν
2207 2641 2499 2723 discrimen
2557 2657 2677 2698 esse
2720 2657 2825 2723 non
2873 2641 3163 2723 modicum.
3214 2640 3420 2723 Ουῖρρε

174 2709 460 2778 ισπερινόν
490 2718 594 2770 est,
633 2715 799 2785 totum
825 2702 1055 2785 cilicium
1085 2702 1447 2765 vespertiuutti
1474 2745 1489 2766 ,
1517 2703 1756 2785 _1uxv_txd

1857 2702 2110 2766 vero"seu
2152 2729 2171 2763 ε
2206 2712 2567 2767 lucernarium
2611 2733 2628 2766 ι
2668 2722 2752 2767 est
2808 2721 3017 2766 tantum
3054 2702 3259 2780 aliqua
3302 2702 3420 2782 ejus

175 2776 326 2850 pars,
348 2792 440 2831 seu
470 2776 712 2846 paucula:
739 2776 1028 2835 orationes.
1054 2789 1192 2842 quas
1216 2790 1316 2827 non
1347 2776 1613 2842 gravabor
1644 2776 1970 2837 describere.

796 2908 986 2962 ΕΥΧΗ
1045 2908 1123 2963 Α’.

247 3004 421 3075 Κύριε
475 3003 755 3074 οἰκτίρμον
803 3002 897 3055 καί⁵
932 3000 1201 3073 ὲλεῆμον,
1246 3000 1606 3072 μακρόθυμε,
1661 3001 1755 3053 καὶ

178 3096 457 3162 πολυέλεε,
490 3094 741 3150 ἐνώτισαι
762 3094 859 3165 τὴν
892 3093 1200 3166 προσευχὴν
1226 3092 1404 3163 ἡμῶν,
1457 3094 1551 3147 καὶ
1583 3092 1754 3163 πρόσο

179 3206 273 3259 χες
298 3192 362 3260 τῇ
394 3191 543 3260 φωνῇ
575 3187 676 3259 τῆς
706 3186 943 3260 δεήσεως
983 3184 1159 3256 ἡμῶν⁹
1192 3186 1417 3256 ποίησον
1457 3184 1573 3255 μεθ’
1598 3187 1629 3255 ἡ
1641 3183 1756 3255 μῶν

182 3280 408 3349 σημεῖον
438 3277 516 3339 εἰς
543 3275 763 3344 ἀγαθόν’
798 3276 1061 3348 ὁδήγησον
1100 3276 1249 3347 ἡμᾶς
1277 3277 1335 3328 ὲν
1386 3278 1453 3349 τῇ
1488 3275 1593 3347 ὁδῷ
1637 3291 1754 3338 σου,

178 3371 274 3426 τοῦ
304 3369 629 3442 πορεύεσθαι
657 3372 715 3423 ὲν
744 3373 811 3444 τῇ
833 3370 1058 3442 ἀληθείᾳ
1077 3386 1189 3425 σοιν
1219 3367 1488 3439 εὔφρανον
1513 3370 1609 3431 τὰς
1630 3385 1757 3439 καρ-

179 3464 298 3527 δίας
330 3463 490 3535 ἡμῶν
527 3464 606 3526 εἰς
632 3462 694 3514 τὸ
718 3461 997 3531 φοϐεῖσθαι
1046 3462 1106 3514 τὸ
1133 3461 1305 3532 ὄνομά
1352 3477 1445 3514 σου
1478 3461 1539 3514 τὸ
1581 3460 1752 3527 ἁγιον·

180 3558 313 3609 διότι
341 3556 516 3628 μέγας
548 3550 599 3607 εἴ
634 3555 698 3608 σὺ
734 3554 827 3606 καὶ
878 3552 1046 3606 ποιῶν
1094 3552 1394 3623 θαυμάσια·
1436 3555 1501 3605 σὺ
1537 3547 1587 3604 εἶ
1628 3552 1757 3616 Θεὸς

186 3648 369 3717 μόνος,
405 3648 499 3700 καὶ
526 3648 625 3700 οὐκ
651 3646 796 3700 ἔστιν
844 3645 1027 3716 ὅμοιός
1055 3661 1136 3698 σοι
1160 3647 1216 3698 ὲν
1240 3644 1402 3707 θεοῖς,
1439 3643 1633 3714 Κύριε,
1666 3642 1758 3696 δυ-

181 3738 343 3801 νατὸς
370 3740 427 3789 ὲν
459 3738 618 3802 ἐλέει,
673 3739 765 3791 καὶ
789 3736 990 3807 ἀγαθὸς
1020 3738 1077 3789 ὲν
1112 3734 1277 3807 ἰσχύϊ,
1309 3736 1391 3798 εἰς
1421 3733 1483 3787 τὸ
1524 3732 1758 3805 βοηθεῖν,

184 3831 278 3884 καὶ
310 3829 666 3893 παρακαλεῖν,
700 3830 793 3882 καὶ
823 3828 1015 3893 σώζειν
1046 3829 1253 3893 πάντας
1284 3830 1411 3891 τοὺς
1443 3826 1762 3892 ἐλπίζοντας

180 3925 263 3987 εἰς
287 3923 461 3993 δνομὰ
509 3938 602 3974 σου
632 3920 693 3974 τὸ
741 3921 912 3989 ἅγιον·
948 3922 1031 3974 ὄτι
1066 3921 1265 3990 πρέπει
1314 3937 1396 3974 σοι
1436 3922 1585 3973 πᾶσα
1612 3919 1760 3985 δόξα,

180 4017 318 4087 τιμὴ
352 4015 449 4068 καὶ
477 4014 858 4086 προσκύνησις,
883 4012 962 4083 τῷ
982 4012 1173 4083 Πατρὶ,
1201 4012 1294 4064 καὶ
1312 4010 1389 4081 τῷ
1417 4010 1553 4080 Υίῷ,
1570 4011 1662 4063 καὶ
1685 4009 1763 4080 τῷ

184 4108 328 4178 ἁγίῳ
366 4107 665 4177 Πνεύματι,
698 4105 813 4170 νῦν,
850 4107 944 4159 καὶ
994 4105 1105 4173 ἀεὶ,
1157 4103 1248 4157 καὶ
1278 4103 1358 4167 εἰς
1407 4102 1533 4164 τοὺς
1564 4101 1764 4165 αἰῶνας

182 4199 294 4253 τῶν
325 4197 558 4252 αἰώνων.
597 4199 788 4269 Ἀμήν.

816 4290 1006 4342 ΕΥΧΗ
1046 4289 1119 4341 B'.

256 4382 455 4454 Κύριε.
494 4380 567 4453 μὴ
596 4378 674 4451 τῷ
710 4378 866 4450 θυμῷ
903 4396 997 4432 σου
1034 4376 1259 4449 ἐλέγξῃς
1302 4380 1471 4448 ἡμᾶς.
1528 4378 1659 4451 μηδὲ
1695 4381 1762 4449 τῇ

185 4479 326 4547 ὀργῇ
363 4493 457 4530 σου
483 4474 775 4547 παιδεύσῃς
805 4474 971 4544 ἡμᾶς’
1009 4470 1145 4525 ἁλλὰ
1185 4470 1411 4542 ποίησον
1446 4471 1564 4541 μεθ’
1609 4472 1764 4543 ἡμῶν

188 4570 331 4625 κατὰ
375 4567 474 4639 τὴν
526 4566 821 4620 ἰπιείκειὰν
861 4583 976 4629 σου,
1020 4565 1169 4637 ἰατρὲ
1198 4566 1294 4619 καὶ
1321 4564 1628 4637 θεραπευτὰ
1658 4565 1765 4619 τῶν

188 4663 377 4733 ψυχῶν
412 4660 585 4732 ἡμῶν
646 4659 908 4730 ὣήγησον
937 4660 1085 4729 ἡμᾶς
1124 4660 1218 4712 ἐπὶ
1242 4659 1435 4729 λιμένα
1466 4658 1767 4728 θελήματός

192 4770 307 4806 σου·
345 4752 579 4822 φώτισον
601 4754 724 4814 τοὺς
754 4749 1061 4819 ὀφθαλμοὺς
1088 4749 1192 4804 τῶν
1228 4749 1466 4823 καρδιῶν
1496 4751 1653 4822 ἡμῶν
1686 4752 1767 4813 εἰς

191 4845 487 4913 ἐπίγνωσιν
527 4844 629 4913 τῆς
682 4841 781 4911 σῆς
815 4841 1085 4912 ἀληθείας·
1125 4839 1220 4895 καὶ
1256 4842 1496 4915 δώρησαι
1524 4843 1653 4913 ἡμῖν
1707 4842 1767 4895 τὸ

191 4933 380 4990 λοιπὸν
401 4936 499 5005 τῆς
526 4934 803 5005 παρούσης
835 4933 1047 5005 ἡμέρας
1077 4935 1349 5004 εἰρηνικὸν
1385 4936 1481 4989 xa‘l
1519 4936 1768 5008 ἁναμὰρο

192 5046 377 5101 τητον,
410 5028 505 5085 καὶ
532 5028 709 5082 πάντα
729 5027 821 5080 τὸν
870 5026 1060 5097 χρόνον
1108 5026 1206 5095 τῆς
1233 5022 1377 5095 ζωῆς
1423 5026 1599 5098 ἡμῶν,
1633 5043 1766 5098 πρε-

197 5122 406 5185 σϐείαις
433 5121 534 5190 τῆς
562 5121 719 5189 ἁγίας
763 5119 1023 5174 Θεοτόκου
1060 5120 1155 5172 καὶ
1187 5119 1400 5172 πάντων
1435 5119 1543 5172 τῶν
1574 5120 1763 5188 ἁγίων.

195 5217 318 5269 Ὀτι
345 5214 438 5267 σδν
466 5211 528 5265 τὸ
552 5211 771 5281 κράτος,
803 5212 897 5265 καὶ
928 5210 1022 5264 σοῦ
1049 5212 1194 5263 ἐστιν
1214 5211 1247 5278 ἡ
1286 5208 1551 5277 βασιλεία,
1604 5211 1700 5264 καὶ
1734 5213 1767 5281 ἡ

197 5308 445 5379 δύναμις,
466 5304 563 5360 καὶ
593 5306 628 5376 ἡ
647 5303 791 5370 δόξα.
811 5302 905 5355 τοῦ
935 5302 1146 5373 nam»;
1166 5342 1181 5366 ,
1206 5302 1302 5355 καὶ
1338 5300 1430 5354 τοῦ
1465 5300 1621 5363 Υἰοῦ,
1676 5302 1771 5355 καὶ

198 5398 288 5453 τοῦ
323 5397 482 5467 ἁγίου
503 5396 834 5466 Πνεύματος,
852 5393 967 5456 νῦν,
1000 5394 1093 5446 καὶ
1114 5395 1222 5456 ἀεὶ,
1255 5394 1347 5445 καὶ
1370 5396 1450 5456 εἰς
1480 5392 1607 5456 τοὺς
1636 5392 1769 5446 αἰῶ·

202 5506 294 5553 νας
321 5489 431 5543 τῶν
459 5486 691 5541 αἰώνων.
731 5486 1019 5608 ἈμέἶεΧΗ
1064 5555 1115 5607 Γ

265 5649 442 5722 Κύριε
487 5651 516 5703 ὁ
545 5647 677 5711 Θεὸς
708 5644 884 5717 ἡμῶν,
933 5645 1195 5717 μνήσθητι
1238 5645 1395 5717 ἡμῶν
1435 5644 1544 5697 τῶν
1584 5644 1764 5716 ἁμαρ-

201 5741 383 5798 τωλῶν
418 5740 513 5795 καὶ
539 5737 774 5809 ἀχρείων
802 5736 1002 5791 δούλων
1050 5754 1163 5802 σου,
1186 5737 1245 5790 ἔν
1274 5735 1353 5807 τῷ
1395 5734 1765 5790 επικαλεῖσθαι

204 5833 349 5907 ἡμᾶς
377 5832 438 5887 τὸ
468 5831 624 5901 ἔιγιοιν
651 5830 818 5900 ὄνομ-ξι
855 5846 963 5883 saw
993 5830 1083 5883 καὶ
1120 5827 1192 5899 μὴ
1225 5826 1586 5900 καταισχύνῃς
1621 5828 1764 5897 ἡμᾶς

2474 2916 2735 2975 ORATIO
2763 2914 2803 2971 Ι.

1920 3008 2009 3064 76.
2061 3008 2283 3065 Domine
2326 3010 2636 3065 misericors
2690 3017 2746 3062 et
2792 3006 3044 3076 benigne,
3102 3007 3423 3078 longanimis

1854 3108 1909 3154 et
1945 3098 2170 3154 multum
2196 3099 2455 3166 clemens,
2487 3100 2711 3155 auribus
2738 3100 2952 3170 percipe
2981 3098 3419 3168 deprecationem

1856 3202 2117 3257 nostram,
2147 3200 2202 3246 et
2237 3190 2455 3246 attende
2493 3190 2608 3245 voci
2653 3190 2915 3245 orationis
2950 3198 3187 3256 nostrae,
3217 3189 3301 3244 iac
3328 3205 3422 3243 no—

1856 3281 2064 3338 biscum
2090 3284 2301 3353 signum
2337 3282 2391 3337 in
2424 3282 2661 3347 bonum;
2715 3282 2889 3337 deduc
2926 3295 3025 3335 nos
3069 3282 3121 3335 in
3171 3280 3255 3335 via
3308 3288 3420 3341 tua.

1858 3384 1915 3428 ut
1951 3375 2003 3428 in
2044 3376 2273 3429 veritate
2318 3382 2408 3426 tua
2438 3372 2797 3428 ambulemus.
2844 3371 3100 3427 Exhilara
3131 3372 3294 3428 corda
3328 3386 3426 3425 no—

1858 3476 1997 3529 stra,
2058 3475 2119 3521 ut
2158 3466 2448 3521 timeamus
2504 3480 2697 3520 nomen
2758 3474 3009 3519 sanctum
3065 3473 3257 3527 tuum,
3294 3464 3423 3534 quia

1858 3575 2083 3631 magnus
2106 3574 2167 3614 es
2198 3568 2275 3625 tu,
2307 3568 2361 3613 et
2393 3558 2602 3613 iaciens
2632 3556 2934 3623 mirabilia;
2983 3564 3038 3609 tu
3070 3569 3131 3610 es
3171 3554 3314 3610 Deus
3336 3569 3424 3609 so-

1857 3649 1962 3714 lus,
1994 3661 2049 3704 et
2076 3666 2181 3704 non
2231 3659 2314 3705 est
2353 3650 2550 3705 similis
2582 3649 2657 3703 tui
2693 3648 2746 3703 in
2782 3647 2906 3716 diis,
2930 3646 3182 3711 Domine,
3236 3655 3428 3718 potens

1861 3743 1914 3798 in
1942 3742 2313 3798 misericordia
2343 3752 2399 3797 et
2431 3744 2605 3796 bonus
2632 3742 2684 3794 iu
2714 3740 2937 3806 virtute,
2967 3747 3019 3793 ut
3056 3754 3346 3794 succurras
3369 3748 3425 3793 et

1860 3832 2160 3887 consoleris
2209 3842 2266 3886 et
2311 3846 2494 3887 serves
2556 3846 2744 3885 omnes
2790 3840 3072 3899 sperantes
3104 3832 3155 3883 in
3210 3829 3427 3886 nomine

1864 3933 1976 3979 tuo.
2010 3922 2147 3990 Quia
2178 3924 2433 3978 convenit
2465 3923 2560 3977 tibi
2590 3920 2767 3976 omnis
2794 3921 2987 3990 gloria,
3009 3922 3183 3975 honor
3221 3933 3275 3976 et
3295 3920 3429 3977 ado-

1862 4016 2005 4070 ratio
2030 4054 2044 4080 ,
2083 4012 2230 4069 Patri
2265 4023 2318 4069 et
2347 4012 2482 4068 Filio
2536 4020 2591 4067 et
2626 4020 2815 4066 sancto
2868 4009 3095 4081 Spiritui
3128 4029 3142 4066 :
3173 4026 3318 4067 nunc
3374 4022 3431 4067 et

1863 4120 2080 4175 semper
2100 4113 2155 4159 et
2174 4104 2226 4157 in
2249 4102 2441 4158 saecula
2474 4100 2812 4156 smculorum.
2843 4101 3033 4159 Amen.

2462 4277 2720 4335 ORATIO
2762 4278 2827 4334 ll.

1936 4376 2023 4429 77.
2069 4373 2313 4436 Domine,
2352 4387 2419 4427 ne
2458 4371 2513 4427 in
2548 4371 2734 4426 furore
2763 4380 2854 4424 tuo
2882 4383 3079 4439 arguas
3114 4381 3232 4429 nos.
3257 4381 3431 4437 neque

1867 4466 1919 4521 in
1948 4467 2027 4521 ira
2058 4474 2145 4519 tua
2172 4465 2435 4534 corripias
2486 4479 2585 4519 nos
2614 4482 2627 4518 :
2658 4463 2753 4519 sed
2794 4460 2879 4515 iac
2910 4458 3190 4513 nobiscum
3233 4469 3430 4512 secun-

1865 4558 1991 4614 dum
2022 4554 2447 4611 misericordiam
2485 4564 2655 4616 tuam,
2682 4551 2889 4605 medice
2949 4558 3004 4604 et
3050 4556 3270 4603 curator
3300 4545 3421 4599 ani-

1866 4663 2073 4706 marum
2125 4658 2469 4711 nostrarum;
2508 4644 2710 4714 perduc
2742 4657 2840 4697 nos
2876 4641 2943 4696 ad
2987 4651 3205 4711 portum
3239 4638 3434 4693 volun-

1869 4741 1993 4796 tatis
2041 4739 2390 4805 lute;oculos
2437 4736 2681 4789 cordium
2733 4740 3045 4789 nostrorum
3076 4730 3316 4785 illumina
3375 4730 3430 4785 in

1869 4843 1971 4889 tua:
2012 4835 2259 4888 veritatis
2292 4830 2623 4900 agnitionem
2645 4868 2661 4893 ,
2715 4837 2878 4897 atque
2908 4824 3132 4893 hujusce
3158 4823 3265 4880 diei
3301 4824 3431 4879 reli-

1865 4941 2055 4996 quum,
2087 4939 2356 4991 omneque
2386 4922 2509 4975 vitae
2541 4930 2738 4975 nostra:
2778 4931 2987 4989 tempus
3028 4917 3334 4988 paciﬁcum,
3376 4924 3433 4970 et

1867 5034 1896 5071 a
1946 5027 2174 5087 peccato
2214 5016 2444 5070 liberum
2493 5027 2612 5068 esse
2650 5010 2886 5081 largire,
2954 5007 3437 5064 intercessionibus

1868 5119 2071 5165 sancta:
2100 5108 2193 5162 Dei
2222 5105 2513 5162 Cenitricis
2538 5115 2593 5159 et
2617 5104 2855 5158 omnium
2895 5110 3231 5155 sanctorum.
3288 5096 3425 5165 Quia

1869 5212 1958 5255 tua
1980 5209 2065 5255 cst
2089 5208 2352 5270 potestas,
2386 5206 2535 5253 tuum
2571 5204 2657 5252 est
2683 5207 2909 5264 regnum
2943 5201 2999 5245 et
3026 5191 3199 5245 virtus
3240 5200 3297 5246 et
3323 5189 3438 5260 glo-

1871 5294 1972 5358 ria,
2003 5289 2181 5347 Patris
2207 5300 2262 5346 et
2304 5289 2425 5345 Filii
2459 5301 2515 5345 et
2542 5287 2716 5343 sancti
2754 5284 3015 5354 Spiritus,
3055 5296 3197 5337 nunc
3218 5290 3271 5336 et
3292 5295 3437 5337 sem-

1869 5401 1986 5458 per,
2005 5394 2062 5441 et
2100 5383 2155 5439 in
2188 5382 2381 5439 uacula
2408 5378 2755 5437 seculorum.
2784 5376 2975 5431 Amen.

2464 5533 2723 5594 ORATIO
2762 5532 2853 5590 ιιι.

1944 5638 2033 5694 78.
2087 5638 2310 5692 Domine
2350 5634 2493 5689 Deus
2542 5644 2743 5695 noster.
2793 5638 3067 5686 memento
3103 5626 3276 5683 nostri
3309 5640 3439 5697 pec-

1875 5741 2120 5786 catorum
2144 5739 2200 5783 et
2230 5726 2501 5782 inutilium
2527 5740 2808 5781 servorum
2844 5733 3057 5779 tuorum
3080 5761 3097 5787 ,
3127 5736 3247 5776 cum
3282 5722 3437 5776 imo-

1873 5839 2065 5880 camus
2103 5830 2347 5880 sanctum
2395 5833 2591 5878 nomen
2622 5826 2805 5885 tuum;
2841 5824 2896 5873 et
2922 5828 2989 5870 ns
3016 5811 3312 5870 confundas
3338 5823 3439 5867 nos
