4086 6318
643 383 906 423 CCCXXX"

2008 363 2538 418 I’ROLEGOMENA.

643 498 673 536 a
710 488 1094 536 misericordiae
1154 491 1256 535 tua:
1301 483 1736 552 exspectatione;
1787 484 1878 538 sed
1905 484 2085 536 oumia
2140 482 2204 534 ad

2322 481 2415 534 ὶπὸ
2453 483 2551 551 τῆς
2585 481 2903 554 προσδοκίας
2937 484 3026 534 τοῦ
3079 484 3259 545 ἐλέους
3318 498 3432 542 σου,
3483 479 3623 534 ἀλλά
3669 483 3876 554 χάρισαι

643 574 872 628 salutem
903 572 1151 627 facientia
1181 575 1449 642 postulata
1477 576 1745 640 concede;
1775 587 1832 630 et
1865 575 1950 628 fac
1974 585 2033 627 ut
2057 589 2202 628 ame-

645 680 762 718 mus
792 673 845 716 et
887 665 1171 718 timeamus
1199 675 1250 718 te
1296 681 1363 719 ex
1414 677 1522 722 toto
1563 669 1747 731 corde,
1780 677 1832 723 et
1872 667 1923 719 in
1955 668 2204 720 omnibus

642 755 976 810 voluntatem
1025 767 1169 809 tuam
1227 771 1609 828 exsequamur.
1645 759 1778 826 Quia
1812 759 1982 812 bonus
2011 769 2065 812 et
2104 762 2200 814 ho-

643 847 849 899 minum
885 862 1072 900 amans
1123 846 1264 902 Deus
1294 863 1374 914 es,
1435 852 1637 918 tibique
1676 851 1900 920 gloriam
1956 851 2205 919 rependi-

645 951 784 998 mus,
833 935 1001 1002 Patri,
1037 948 1092 993 et
1143 938 1300 1003 Filio,
1339 952 1392 994 et
1421 952 1609 994 sancto
1652 942 1914 1010 Spiritui,
1949 955 2092 998 nunc
2154 952 2208 996 et

643 1041 876 1098 semper,
905 1039 959 1084 et
989 1033 1039 1084 in
1071 1033 1264 1086 saecula
1295 1033 1632 1088 saeculorum.
1663 1034 1855 1090 Amen.

1230 1207 1483 1264 ORATIO
1528 1207 1616 1264 IV.

722 1301 808 1367 79,
839 1299 924 1356 80.
971 1299 1069 1366 Qui
1107 1315 1210 1354 non
1258 1301 1502 1355 tacituris
1560 1301 1807 1356 laudibus
1841 1312 1894 1358 et
1928 1319 2204 1375 nunquam

648 1394 879 1449 ﬁnienda
930 1393 1320 1464 glorificatione
1359 1411 1387 1448 a
1422 1395 1624 1450 sanctis
1647 1395 1936 1451 virtutibus
1966 1399 2208 1454 celebra-

645 1489 759 1554 ris;
797 1488 957 1558 imple
993 1504 1056 1543 os
1116 1499 1354 1542 nostrum
1391 1488 1546 1543 laude
1601 1497 1691 1543 tua
1715 1529 1730 1554 ,
1767 1499 1824 1543 ut
1858 1493 2059 1546 nomini
2119 1503 2208 1545 tuo

643 1593 841 1637 sancto
878 1583 1163 1636 reddamus
1196 1579 1646 1650 magniﬁcentiam
1687 1596 1700 1631 :
1732 1590 1785 1635 et
1810 1596 1931 1635 cum
1961 1583 2209 1638 omnibus

646 1676 736 1744 qui
769 1685 820 1729 te
844 1675 894 1728 in
925 1677 1150 1730 veritate
1183 1676 1394 1739 timent,
1416 1686 1470 1729 et
1500 1674 1748 1727 mandata
1785 1684 1874 1730 tua
1897 1676 2206 1738 observant,

645 1777 851 1836 partem
879 1780 930 1822 et
969 1777 1167 1822 sortem
1202 1768 1355 1820 nobis
1394 1766 1693 1835 impertire,
1731 1770 1983 1836 precibus
2005 1777 2208 1822 sancta:

648 1860 892 1928 Deiparae
929 1868 983 1916 et
1008 1859 1247 1914 omnium
1297 1871 1609 1914 sanctorum
1651 1870 1885 1915 tuorum.
1919 1860 2053 1925 Quia
2084 1876 2211 1916 con-
2246 1837 2288 1892 Β

647 1951 795 2002 venit
820 1948 914 2003 tibi
943 1950 1120 2004 omnis
1148 1951 1338 2020 gloria,
1368 1951 1543 2005 honor
1574 1961 1627 2005 et
1669 1951 1932 2014 adoratio,
1963 1951 2130 2020 Patri,
2159 1963 2212 2006 et

650 2039 809 2102 Filio,
841 2050 897 2095 et
926 2052 1112 2096 sancto
1151 2043 1394 2110 Spiritui,
1421 2057 1561 2096 nunc
1595 2053 1647 2097 et
1677 2057 1908 2112 semper,
1936 2055 1988 2100 et
2027 2046 2080 2101 in
2120 2065 2213 2102 suav

647 2132 767 2185 eula
797 2135 1130 2187 saeculorum.
1166 2133 1356 2186 Amen.

1253 2302 1514 2366 ORATIO
1542 2309 1606 2364 V.

723 2397 815 2451 8i.
887 2396 1150 2464 Domine,
1205 2399 1452 2470 Domine,
1521 2403 1611 2471 qui
1674 2403 1869 2457 illibata
1919 2413 2005 2457 tua
2049 2419 2208 2456 manu

648 2492 899 2546 contines
926 2493 1130 2557 omnia,
1167 2494 1256 2562 qui
1298 2494 1622 2563 longanimis
1653 2510 1711 2549 es
1740 2509 1900 2562 super
1949 2508 2046 2548 nos
2097 2512 2212 2547 nm-

648 2599 766 2648 nes,
797 2593 849 2636 et
885 2586 972 2651 qui
998 2599 1161 2650 super
1198 2586 1400 2637 nostris
1451 2586 1596 2637 vitiis
1630 2586 2002 2649 paenitentiam
2058 2591 2207 2656 agis;

648 2673 1001 2726 reminiscere
1060 2672 1464 2726 miserationum
1505 2683 1715 2727 tuarum
1747 2684 1798 2728 et
1829 2677 2211 2731 misericordiae

650 2775 780 2831 tuae;
813 2767 1022 2834 respice
1050 2781 1146 2821 nos
1175 2767 1227 2821 in
1263 2766 1504 2822 bonitate
1551 2777 1661 2834 tua,
1687 2777 1740 2823 et
1767 2770 2022 2834 concede,
2064 2779 2121 2823 ut
2162 2780 2214 2824 et

651 2860 859 2927 reliquo
884 2859 1039 2926 hujus
1079 2861 1180 2916 diei
1209 2871 1447 2931 tempore
1472 2863 1652 2916 varias
1692 2863 1912 2932 maligni
1939 2865 2209 2918 machina-

650 2951 828 3002 tiones
858 2949 1092 3017 eﬂ’ugere
1125 2962 1212 3002 tua
1246 2955 1417 3018 gratia
1451 2953 1746 3007 valeamus.
1793 2953 2018 3007 Custodi
2051 2955 2212 3007 vitam

648 3049 890 3094 nostram
947 3039 1016 3091 ab
1046 3039 1260 3093 insidiis
1290 3039 1533 3102 liberam,
1569 3042 1738 3104 gratia
1777 3043 2104 3094 sanctissimi
2141 3046 2212 3095 tui

2310 573 2458 640 ἡμῖν,
2497 573 2687 642 Κύριε,
2721 573 2895 626 πάντα
2925 573 2992 624 τὰ
3024 574 3159 643 πρὸς
3182 572 3450 643 σωτηρίαν
3476 571 3877 640 αἰτήματα,ι.αὶ

2310 663 2542 728 ἀξίωσον
2578 668 2722 736 ημᾶς
2753 666 2972 734 ἀγαπᾷν
3014 665 3107 718 καὶ
3145 666 3424 732 φοϐεῖσθαί
3459 681 3516 716 σε
3551 664 3609 728 ἐξ
3645 664 3771 734 ὅλης
3800 668 3877 733 vi};

2311 757 2532 829 καρδίας
2563 760 2742 829 ἡμῶν,
2794 760 2887 812 καὶ
2935 761 3106 810 ποιεῖν
3143 759 3199 809 ὲν
3229 762 3361 811 πᾶσι
3403 759 3465 811 τὸ
3511 756 3728 824 θέλημά
3768 775 3876 809 σου.

2312 851 2431 902 Ὅτι
2471 851 2673 916 ἀγαθὸς
2696 851 2789 904 καὶ
2821 849 3198 919 φιλάνθρωπος
3211 847 3341 912 Θεὸς
3363 852 3652 921 ὑπάρχεις,
3688 849 3780 898 καί
3806 865 3880 900 σοι

2309 941 2408 1010 τὴν
2441 939 2597 1003 δόξαν
2631 941 3048 1013 ἀναπέμπομεν,
3075 940 3151 1008 τῷ
3186 941 3380 1010 Πατρὶ,
3407 943 3500 994 καὶ
3534 941 3613 1012 τῷ
3633 938 3770 1006 Υἱῷ,
3797 940 3884 992 καὶ

2313 1031 2388 1102 τῷ
2415 1031 2549 1100 ἁγίῳ
2577 1032 2874 1103 Πνεύματι,
2919 1032 3012 1085 νῦν
3045 1030 3138 1083 καὶ
3161 1031 3267 1090 ἀεὶ,
3303 1030 3391 1082 καὶ
3427 1034 3505 1094 εἰς
3526 1035 3656 1094 τοὺς
3681 1027 3876 1092 αἰῶνας

2315 1123 2417 1176 τῶν
2449 1123 2679 1186 αἰώνων,
2708 1125 2900 1195 Ἀμήν.

2953 1215 3142 1267 ΕΥΧΗ
3165 1218 3237 1269 Δ¹.

2394 1305 2453 1357 'O
2505 1308 2618 1370 τοῖς
2665 1307 2944 1374 ἀσιγήτοις
2975 1304 3162 1374 ὕμνοις
3197 1305 3290 1356 καὶ
3337 1301 3636 1366 ἀπαύστοις
3680 1303 3884 1370 δοξολο-

2313 1398 2459 1467 γίαις
2491 1398 2595 1452 ὑπὸ
2621 1397 2728 1450 τῶν
2759 1397 2928 1464 ἁγίων
2975 1397 3256 1464 δυνάμεων
3282 1393 3520 1464 ἀνυμνού
3531 1413 3716 1463 μενος,
3753 1397 3882 1465 πλή-

2319 1511 2487 1564 ρωσον
2515 1494 2576 1547 τὺ
2607 1493 2778 1562 στόμα
2819 1492 2976 1562 ἡμῶν
3003 1488 3393 1562 τῆςιαίνέσεῶς
3425 1506 3540 1550 σου,
3572 1491 3668 1541 τοῦ
3709 1491 3882 1543 δοῦναι

2320 1584 2690 1655 μεγαλοσύνην
2736 1581 2813 1651 τῷ
2839 1583 3062 1652 ὀνόματί
3122 1601 3213 1636 σου
3243 1581 3320 1651 τῷ
3343 1583 3498 1651 ἁγίῳ·
3531 1580 3626 1632 καὶ
3649 1580 3737 1642 δὺς
3761 1583 3884 1650 ἡμῖν

2320 1677 2512 1748 μερίδα
2533 1677 2622 1728 καὶ
2658 1674 2856 1743 κλῆρον
2883 1677 3020 1745 μετά
3057 1677 3269 1730 πάντων
3304 1675 3408 1728 τῶν
3436 1670 3791 1740 φοϐουμένων
3827 1687 3880 1722 σε

2318 1770 2373 1820 ἐν
2395 1765 2636 1835 ἀληθείᾳ,
2675 1765 2766 1816 καὶ
2807 1765 3184 1832 φυλασσόντων
3210 1768 3310 1827 τὰς
3346 1764 3562 1827 ἐντολάς
3616 1779 3732 1823 σου,
3761 1776 3881 1828 πρεο

2315 1860 2520 1922 σὸείαις
2569 1859 2671 1928 τῆς
2716 1859 2875 1926 ἁγίας
2903 1859 3164 1910 Θεοτόκου
3202 1858 3296 1909 καὶ
3326 1858 3541 1910 πάντων
3578 1855 3687 1907 τῶν
3722 1851 3881 1920 ἁγίων

2313 1971 2424 2006 σου.
2460 1952 2580 2003 ’Ότι
2617 1951 2817 2021 πρέπει
2843 1969 2920 2003 σοι
2958 1952 3103 2001 πᾶσα
3132 1949 3277 2012 δόξα,
3311 1950 3441 2018 τιμὴ
3475 1945 3883 2018 καὶπροσκύνη-

2313 2058 2414 2102 σις,
2449 2040 2526 2109 τῷ
2565 2042 2760 2112 Ila-.92,
2799 2043 2890 2094 καὶ
2923 2039 2998 2108 τῷ
3031 2037 3161 2107 Υἰῷ,
3195 2039 3384 2108 καὶτῷ
3419 2041 3555 2107 ἁγίῳ
3585 2039 3876 2107 Πνεύματι,

2311 2134 2404 2185 νῦν
2463 2135 2554 2186 καὶ
2615 2135 2720 2197 ἀεὶ,
2785 2133 2876 2185 καὶ
2930 2133 3010 2194 εἰς
3058 2133 3181 2192 τοὺς
3240 2131 3440 2192 αἰῶνας
3491 2131 3599 2181 τῶν
3657 2129 3881 2181 αἰώνων.

2324 2226 2514 2295 ’Λμήν.

2942 2315 3128 2368 ΕΥΧΗ
3165 2315 3238 2368 Ε’.

2381 2412 2570 2481 Κύριε,
2618 2409 2807 2480 Κύριε,
2843 2411 2870 2460 6
2893 2411 2956 2477 τῇ
2981 2409 3231 2478 ἀχράντῳ
3257 2425 3348 2459 σου
3385 2406 3608 2475 παλάμῃ
3655 2405 3884 2472 συνέχων

2312 2505 2378 2557 τὰ
2417 2506 2724 2574 σύμπαντα,
2781 2500 3148 2570 μακροθυμῶν
3204 2499 3294 2550 ἐπὶ
3337 2498 3541 2557 πάντας
3592 2499 3764 2566 ἡμᾶς,
3800 2498 3886 2549 καὶ

2317 2595 2589 2666 μετανοῶν
2631 2596 2722 2647 ἐπὶ
2777 2597 2894 2656 ταῖς
2923 2592 3140 2655 κακίαις
3167 2590 3344 2661 ἡμῶν,
3375 2589 3641 2660 μνήσθητι
3685 2590 3792 2642 τῶν
3813 2593 3886 2643 οἰ-

2313 2687 2556 2757 κτιρμῶν
2592 2703 2682 2738 σου
2719 2683 2923 2737 καὶτοῦ
2961 2684 3141 2745 ἐλέους
3175 2699 3287 2734 σου·
3331 2683 3622 2751 ἐπίσκεψαι
3665 2685 3812 2752 ἡμᾶς
3834 2684 3888 2735 ἐν

2312 2782 2378 2849 τῇ
2414 2778 2711 2849 ἀγαθὸτητί
2761 2795 2875 2839 σου,
2923 2777 3018 2829 καὶ
3050 2776 3136 2838 δὸς
3185 2777 3312 2845 ἡμῖν
3369 2774 3654 2843 διαφυγεῖν
3695 2775 3790 2827 καὶ
3834 2774 3889 2823 τὸ

2315 2873 2495 2925 λοιπὸν
2524 2872 2622 2941 τῆς
2650 2871 2928 2942 παρούσης
2946 2870 3156 2940 ἡμέρας
3183 2872 3246 2938 τῇ
3280 2872 3344 2938 σῇ
3377 2869 3557 2937 χάριτι
3591 2870 3658 2918 ἐκ
3676 2867 3782 2917 τῶν
3800 2863 3887 2916 τοῦ

2316 2964 2549 3035 πονηροῦ
2605 2965 2862 3018 ποικίλων
2915 2963 3340 3033 μηχανημάτων.
3412 2959 3890 3011 Ἀνεπιεοὺλευτον

2316 3058 2412 3124 τὴν
2441 3057 2581 3124 ζωὴν
2618 3058 2771 3125 ἡμῶν
2798 3054 3118 3122 διαφύλαξον
3157 3056 3219 3121 τῇ
3260 3054 3440 3120 χάριτι
3478 3050 3569 3100 τοῦ
3619 3049 3890 3115 παναγίον

649 3131 912 3198 Spiritus,
948 3131 1321 3186 misericordia
1363 3141 1417 3184 et
1453 3130 1784 3198 benignitate
1818 3135 2079 3199 unigeniti
2140 3136 2210 3184 tui

2322 3163 2412 3198 σου
2462 3147 2795 3214 Ηνεύματος,
2831 3146 2967 3196 ἐλέει
3006 3145 3097 3195 καὶ
3129 3141 3504 3210 φιλανθρωπίᾳ
3534 3139 3631 3191 τοῦ
3671 3156 3890 3207 μονογε-

648 3222 798 3287 Filii,
829 3239 949 3276 cum
977 3239 1084 3292 quo
1115 3225 1427 3278 benedictus
1472 3238 1530 3276 es
1557 3263 1572 3286 ,
1610 3237 1732 3276 cum
1768 3223 2112 3277 sanctissimo
2162 3235 2215 3276 et

649 3315 794 3368 bono
825 3324 876 3368 et
899 3315 1111 3369 vivillco
1141 3325 1229 3369 tuo
1259 3316 1482 3382 Spiritu,
1517 3330 1659 3370 nunc
1683 3323 1737 3370 et
1778 3329 1989 3384 semper
2045 3323 2098 3367 et
2160 3313 2212 3368 in

647 3405 843 3460 saecula
879 3405 1218 3460 saeculorum.
1253 3407 1440 3459 Amen.

1248 3495 1504 3551 ORATIO
1535 3496 1623 3551 VI.

722 3590 810 3644 82.
869 3590 1007 3645 Deus
1058 3606 1247 3660 magne
1293 3601 1346 3645 et
1398 3593 1767 3658 admirabilis,
1813 3595 1906 3663 qui
1960 3594 2219 3649 ineﬂ‘abili

651 3683 895 3737 bonitate
923 3694 977 3738 et
1015 3684 1323 3737 abundante
1357 3685 1695 3752 providentia
1743 3697 1936 3743 cuncta
1984 3688 2219 3740 admini-

655 3786 836 3841 stras;
887 3777 976 3845 qui
1007 3777 1145 3832 datis
1195 3779 1347 3832 nobis
1397 3779 1552 3848 Imjus
1589 3780 1771 3833 mundi
1816 3779 1970 3834 bonis
2000 3819 2013 3842 ,
2055 3780 2219 3833 etiam

656 3868 980 3935 promissum
1016 3884 1238 3939 regnum
1271 3871 1425 3926 nobis
1464 3873 1842 3935 obstrinxisti;
1877 3872 1967 3942 qui
1999 3882 2222 3939 prazter-

657 3959 732 4011 ita
775 3958 878 4011 diei
907 3968 1057 4026 parte
1088 3976 1184 4029 per
1210 3976 1464 4017 concessa
1499 3965 1634 4018 bona
1666 3979 1764 4017 nos
1797 3965 2064 4018 deduxisti
2106 3984 2119 4020 :
2155 3967 2220 4019 da

658 4049 814 4102 nobis
851 4059 908 4102 ut
942 4054 1209 4106 residuam
1238 4070 1451 4123 quoque
1486 4067 1693 4123 partem
1732 4057 2003 4126 inculpate
2038 4073 2220 4112 coram

658 4152 844 4195 sancta
871 4145 1039 4212 gloria
1070 4155 1155 4198 tua
1206 4149 1508 4215 transigere
1541 4149 1826 4217 possimus,
1855 4161 1910 4205 et
1965 4161 2017 4204 te
2049 4151 2220 4205 solum

657 4234 857 4288 bonum
914 4247 968 4290 et
1031 4239 1316 4308 benignum
1362 4239 1528 4293 Deum
1590 4253 1835 4296 nostrum
1896 4244 2219 4299 collaudare.

659 4328 796 4393 Quia
827 4339 880 4381 tu
906 4344 962 4383 es
996 4331 1136 4384 Deus
1188 4340 1394 4396 noster,
1427 4342 1480 4386 et
1513 4333 1608 4386 tibi
1642 4334 1869 4401 gloriam
1919 4336 2221 4400 referimus,

657 4419 829 4488 Patri,
858 4432 911 4475 et
938 4422 1094 4487 Filio,
1127 4433 1178 4477 et
1212 4436 1402 4480 sancto
1436 4426 1686 4494 Spiritui,
1714 4443 1875 4493 nunc,
1909 4439 1962 4483 et
1985 4443 2219 4498 semper,

658 4522 711 4565 et
743 4512 796 4566 in
827 4515 1017 4568 saecula
1041 4517 1378 4569 smculorum.
1415 4520 1606 4571 Amen.

1243 4696 1497 4750 ORATIO
1531 4697 1633 4750 VII.

731 4783 818 4849 83,
853 4784 942 4839 84.
980 4786 1118 4838 Deus
1156 4803 1346 4856 magne
1391 4801 1444 4842 et
1475 4791 1705 4849 excelse.
1742 4792 1830 4860 qui
1869 4790 2017 4846 solus
2061 4793 2228 4847 habes

663 4875 1160 4938 immortalitatem;
1218 4882 1308 4947 qui
1364 4881 1532 4935 lucem
1591 4883 1801 4937 habitas
1854 4883 2224 4950 inaccessam;

663 4967 754 5032 qui
787 4978 1091 5022 creaturam
1132 4985 1347 5025 omnem
1387 4973 1438 5026 in
1464 4975 1726 5041 sapientia
1768 4975 2094 5038 condidisti;
2137 4977 2225 5042 qui

663 5055 894 5109 divisisti
928 5057 1099 5112 lucem
1121 5075 1148 5110 a
1181 5060 1417 5114 tenebris
1445 5077 1458 5125 ;
1487 5065 1577 5129 qui
1611 5064 1941 5118 constituisti
1969 5065 2134 5118 solem
2171 5077 2229 5118 ut

664 5158 928 5220 praeesset
964 5150 1088 5212 diei,
1126 5150 1306 5203 lunam
1357 5167 1484 5205 vero
1516 5170 1580 5206 ac
1615 5156 1799 5211 stellas
1829 5167 1887 5209 ut
1940 5168 2231 5226 praeessent

669 5243 846 5306 nocti;
883 5243 971 5311 qui
1012 5258 1110 5297 nos
1136 5253 1447 5310 peccatores
1475 5257 1526 5298 et
1559 5245 1658 5299 hac
1700 5247 1831 5300 liora
1859 5264 2232 5317 praeoccupare

665 5334 863 5389 faciem
906 5343 1050 5387 tuam
1107 5334 1157 5387 in
1214 5336 1596 5401 confessione,
1643 5349 1694 5392 et
1747 5341 2085 5408 vespertinas
2139 5342 2230 5394 tibi

667 5426 853 5479 laudes
881 5423 1075 5480 oﬂ‘erre
1115 5425 1367 5490 voluisti;
1409 5429 1524 5496 ipse
1559 5430 1788 5497 benigne
1841 5431 2009 5499 dirige
2034 5433 2232 5484 oratio.

666 5533 788 5570 nem
821 5527 1084 5579 nostram,
1117 5518 1257 5571 sicut
1291 5519 1572 5573 incensum
1614 5521 1662 5572 in
1696 5531 1990 5587 conspectu
2037 5532 2146 5584 tuo,
2183 5533 2236 5575 ct

667 5626 786 5662 eam
829 5611 881 5663 in
905 5617 1128 5664 odorem
1167 5613 1452 5666 suavitatis
1501 5593 1747 5666 admitte.
1787 5614 1970 5667 Sedet
2000 5629 2237 5681 przcscn-

668 5709 777 5753 tem
812 5715 1091 5769 vesperam
1121 5712 1174 5755 et
1222 5711 1532 5770 sequentem
1593 5714 1803 5757 noctem
1856 5705 2012 5758 nobis
2065 5708 2238 5758 tribue

669 5793 971 5860 paciiicam.
1001 5794 1159 5849 Lucis
1192 5795 1359 5850 armis
1402 5794 1561 5851 indue
1597 5811 1713 5850 nos.
1755 5795 1943 5850 Libera
1969 5813 2068 5852 nos
2102 5813 2127 5850 a
2171 5798 2238 5850 ti-

2317 3237 2442 3299 νοῦς
2478 3255 2569 3288 σου
2603 3237 2756 3296 Υίοῦ,
2784 3235 2902 3306 μεθ’
2925 3229 2984 3288 οὗ
3015 3234 3303 3303 εὐλογητὸς
3335 3228 3384 3284 εἷ
3410 3234 3504 3284 σὺν
3531 3231 3610 3302 τῷ
3647 3233 3894 3300 παναγίῳ

2317 3327 2410 3379 καὶ
2435 3326 2620 3396 ἀγαθῷ
2651 3328 2742 3379 καὶ
2795 3326 3040 3397 ζωοποιῷ
3075 3343 3164 3379 σου
3192 3325 3486 3395 Πνεύματι,
3534 3323 3632 3376 νῦν
3668 3325 3767 3377 καὶ
3791 3323 3892 3384 ἀεὶ,

2320 3421 2412 3472 καὶ
2447 3420 2524 3482 είς
2552 3420 2677 3484 τοὺς
2700 3420 2900 3484 αἰῶνας
2920 3419 3023 3472 τῶν
3050 3419 3280 3473 αἰώνων.
3314 3419 3503 3488 Ἀμήν.

2945 3514 3131 3566 mtxn
3163 3515 3252 3579 εῖν.

2402 3607 2459 3656 ’0
2508 3604 2637 3666 Θεὸς
2687 3605 2855 3673 μέγας
2910 3605 3001 3656 καὶ
3060 3601 3402 3671 θαυμαστὸς,
3443 3603 3469 3650 6
3517 3599 3893 3669 ἀνεκδιηγήτῳ

2321 3695 2642 3766 ἀγαθωσύνῃ
2677 3699 2769 3748 καὶ
2804 3696 3029 3764 πλουσία
3058 3695 3280 3763 προνοίᾳ
3302 3691 3516 3743 διοικῶν
3543 3695 3610 3744 τὰ
3649 3691 3896 3761 σύμπαν-

2321 3806 2406 3848 τα,
2432 3792 2458 3840 6
2479 3789 2570 3838 καὶ
2592 3788 2660 3841 τὰ
2691 3789 2959 3855 ἐγκόσμια
2995 3786 3173 3852 ἀγαθὰ
3207 3788 3336 3854 ἡμῖν
3366 3785 3778 3854 δωρησάμενος,
3807 3787 3895 3838 καὶ

2322 3879 2706 3948 κατεγγυήσας
2733 3880 2864 3947 ἡμῖν
2896 3877 2991 3948 τὴν
3027 3877 3440 3947 ἐπηγγελμένην
3478 3878 3781 3945 βασιλείαν·
3812 3880 3894 3931 διὰ

2322 3970 2418 4037 τῆς
2453 3969 2553 4040 ἠδη
2587 3968 2997 4039 κεχαρισμένων
3023 3969 3241 4036 ἀγαθῶν
3264 3969 3584 4038 ὁδοποιήσας
3626 3971 3784 4041 ἡμῖν,
3806 3973 3895 4023 καὶ

2323 4061 2421 4128 τῆς
2447 4061 2658 4130 ἡμέρας
2683 4061 2740 4112 τὸ
2787 4061 3051 4131 παρελθὸν
3096 4063 3257 4133 μέρος
3294 4061 3399 4114 ἀπὸ
3426 4062 3626 4125 παντὸς
3655 4063 3895 4116 ἐκκλῖναι

2325 4146 2514 4198 κακοῦ·
2573 4146 2814 4217 δῶρησαι
2847 4151 2979 4219 ἡμῖν
3016 4150 3110 4202 καὶ
3148 4150 3209 4202 τὸ
3261 4149 3551 4203 ὑπόλοιπον
3595 4153 3895 4222 ἀμέμπτως

2326 4237 2603 4292 ἐκτελέσαι
2629 4238 2855 4291 ἐνώπιον
2883 4243 2980 4309 τῆς
3003 4240 3160 4308 ἁγίας
3185 4241 3339 4310 δόξης
3362 4258 3475 4302 σου,
3517 4243 3710 4310 ὑμνεῖν
3740 4261 3794 4294 σε
3812 4244 3896 4293 τὸν

2331 4333 2487 4402 μόνον
2537 4332 2738 4400 ἀγαθὸν
2768 4333 2861 4385 καὶ
2906 4332 3280 4403 φιλάνθρωπον
3315 4333 3445 4384 Θεὸν
3474 4332 3651 4400 ἡμῶν.
3685 4335 3805 4385 Ὅτι
3836 4335 3895 4385 σὺ

2329 4421 2379 4476 εἷ
2421 4428 2448 4477 6
2476 4425 2606 4486 Θεὸς
2627 4423 2796 4494 μῶν.
2824 4424 2916 4476 καὶ
2949 4425 3030 4474 σοὶ
3057 4425 3155 4492 τὴν
3189 4423 3340 4488 δόξαν
3380 4423 3801 4492 ἀναπέμπομεν,
3827 4423 3898 4492 τῷ

2328 4519 2522 4588 Πατρὶ,
2556 4519 2648 4571 καὶ
2669 4518 2747 4587 τῷ
2782 4516 2912 4584 Υἰῷ,
2951 4516 3041 4568 καὶ
3071 4516 3148 4585 τῷ
3183 4516 3319 4585 ἁγίῳ
3341 4515 3644 4584 Πνεύματι,
3677 4518 3773 4569 νῦν
3810 4520 3898 4570 καὶ

2329 4610 2432 4669 ἀεὶ,
2465 4609 2557 4661 καὶ
2586 4611 2662 4670 εἰς
2694 4609 2817 4669 τοὺς
2844 4607 3040 4668 αἰῶνας
3065 4606 3168 4659 τῶν
3196 4605 3423 4659 αἰώνων.
3458 4608 3653 4677 Ἀμήν.

2957 4699 3144 4750 ΕΥΧΗ
3191 4700 3263 4752 Ζ¹.

2410 4790 2467 4840 Ὀ
2505 4787 2634 4850 Θεὸς
2666 4787 2836 4857 μέγας
2861 4788 2952 4838 καὶ
2989 4786 3229 4856 ὕψιστος,
3258 4788 3286 4838 6
3321 4788 3475 4856 μόνος
3515 4787 3658 4857 ἔχων
3707 4792 3900 4844 ἀθανα-

2331 4879 2469 4941 σίαν,
2503 4879 2616 4947 φῶς
2649 4880 2810 4932 οἰκῶν
2840 4879 3151 4948 ἀπρόσιτον,
3198 4883 3225 4931 6
3259 4882 3438 4931 πᾶσαν
3484 4882 3582 4951 τὴν
3616 4882 3798 4935 κτίσιν
3848 4887 3900 4935 ἐν

2332 4973 2490 5041 cogi;
2513 4972 2937 5042 δημιουργήσας,
2967 4972 2993 5022 ὁ
3023 4970 3347 5040 διαχωρίσας
3368 4973 3642 5039 ἀναμέσον
3667 4975 3763 5026 τοῦ
3795 4992 3897 5041 φω-

2330 5065 2417 5126 τὸς
2441 5066 2534 5116 καὶ
2565 5064 2833 5133 ἀναμέσον
2853 5063 2945 5115 τοῦ
2979 5063 3220 5125 σκότους,
3246 5063 3337 5115 καὶ
3376 5063 3467 5114 τὸν
3490 5064 3644 5131 ἥλιον
3683 5065 3900 5133 θέμενος

2331 5157 2407 5216 εἰς
2435 5154 2680 5218 ἐξουσίαν
2713 5155 2811 5222 τῆς
2833 5154 3062 5223 ἡμέρας,
3102 5153 3326 5223 σελήνην
3355 5155 3410 5206 δὲ
3443 5155 3536 5206 καὶ
3570 5156 3809 5225 ἀστέρας
3830 5157 3902 5216 είς

2334 5246 2579 5312 ἐξουσίαν
2611 5248 2704 5316 τῆς
2733 5247 2943 5310 νυκτὸς,
2971 5247 2997 5297 ὁ
3022 5245 3363 5311 καταξιώσας
3405 5249 3552 5316 ἡμᾶς
3575 5249 3701 5308 τοὺς
3731 5249 3901 5316 ἀμαρ-

2334 5341 2534 5401 τωλοὺς
2565 5340 2657 5391 καὶ
2703 5339 2791 5389 ἐπὶ
2837 5340 2934 5407 τῆς
2974 5337 3254 5406 παρούσης
3303 5337 3448 5407 ῶρας
3487 5339 3801 5407 προφθάσαι
3846 5338 3902 5388 τό

2339 5431 2622 5502 πρόσωπόν
2662 5448 2752 5481 σου
2807 5432 2862 5480 ἐν
2907 5431 3309 5498 ἐξομολογήσει,
3341 5431 3433 5481 καὶ
3463 5430 3559 5498 τὴν
3612 5432 3904 5500 ἐσπερινήν

2342 5539 2418 5574 σοι
2444 5522 2743 5587 δοξολογίαν
2774 5524 3155 5590 προσαγαγεῖν·
3189 5521 3365 5582 αὐτὸς,
3387 5520 3760 5590 φιλάνθρωῃ,
3782 5539 3906 5575 κατ-

2341 5616 2552 5667 εύθυνον
2595 5617 2689 5683 τὴν
2723 5617 3024 5684 προσευχὴν
3085 5615 3239 5684 ἡμῶν
3276 5615 3348 5675 ῶς
3382 5613 3633 5681 Θυμίαμα
3684 5615 3905 5668 ἐνώπιόν

2345 5724 2455 5766 σου,
2493 5706 2584 5757 καὶ
2624 5705 2910 5775 πρόσδεξαι
2944 5705 3110 5774 αὐτὴν
3128 5707 3205 5767 εἰς
3243 5704 3415 5774 ὀσμὴν
3439 5705 3689 5769 εὐωδίας·
3731 5707 3904 5776 παρὰ·

2350 5815 2470 5866 σχον
2491 5797 2544 5849 δὲ.
2581 5799 2707 5866 ἡμῖν
2741 5799 2834 5865 τὴν
2863 5795 3139 5866 παροῦσαν
3160 5797 3394 5866 ἑσπέραν
3419 5798 3510 5850 καὶ
3536 5797 3905 5868 tmen-«am
