  <div class='ocr_page' id='page_1' title='image "/cluster/home/n/w/nwhite01/storage/ocr_20150623/29/pst.000005712274/343.png"; bbox 0 0 4066 6314; ppageno 0'>
   <div class='ocr_carea' id='block_1_1' title="bbox 612 360 2521 426">
    <p class='ocr_par' dir='ltr' id='par_1_1' title="bbox 612 360 2521 426">
     <span class='ocr_line' id='line_1_1' title="bbox 612 360 2521 426; baseline -0.005 0"><span class='ocrx_word' id='word_1_1' title='bbox 612 381 868 426; x_wconf 69' lang='lat' dir='ltr'><strong>cccxxx&quot;</strong></span> <span class='ocrx_word' id='word_1_2' title='bbox 1995 360 2521 417; x_wconf 75' lang='lat' dir='ltr'><strong>PROLEGOMENA.</strong></span> 
     </span>
    </p>
   </div>
   <div class='ocr_carea' id='block_1_2' title="bbox 618 473 2224 549">
    <p class='ocr_par' dir='ltr' id='par_1_2' title="bbox 618 475 2224 549">
     <span class='ocr_line' id='line_1_2' title="bbox 618 475 2224 549; baseline -0.006 -11"><span class='ocrx_word' id='word_1_3' title='bbox 618 496 705 538; x_wconf 88' lang='lat' dir='ltr'><strong>tua</strong></span> <span class='ocrx_word' id='word_1_4' title='bbox 754 491 837 537; x_wconf 86' lang='lat' dir='ltr'><strong>est</strong></span> <span class='ocrx_word' id='word_1_5' title='bbox 883 478 1145 549; x_wconf 77' lang='lat' dir='ltr'><strong>potentia,</strong></span> <span class='ocrx_word' id='word_1_6' title='bbox 1183 485 1238 530; x_wconf 88' lang='lat' dir='ltr'><strong>et</strong></span> <span class='ocrx_word' id='word_1_7' title='bbox 1276 485 1427 529; x_wconf 88' lang='lat' dir='ltr'><strong>tuum</strong></span> <span class='ocrx_word' id='word_1_8' title='bbox 1459 482 1543 529; x_wconf 86' lang='lat' dir='ltr'><strong>est</strong></span> <span class='ocrx_word' id='word_1_9' title='bbox 1576 488 1801 545; x_wconf 98' lang='lat' dir='ltr'><strong>regnum</strong></span> <span class='ocrx_word' id='word_1_10' title='bbox 1840 482 1894 529; x_wconf 87' lang='lat' dir='ltr'><strong>et</strong></span> <span class='ocrx_word' id='word_1_11' title='bbox 1923 475 2096 529; x_wconf 90' lang='lat' dir='ltr'><strong>virtus</strong></span> <span class='ocrx_word' id='word_1_12' title='bbox 2124 481 2224 536; x_wconf 58' lang='lat' dir='ltr'><strong>et}</strong></span> 
     </span>
    </p>
   </div>
   <div class='ocr_carea' id='block_1_3' title="bbox 2255 473 3861 549">
    <p class='ocr_par' dir='ltr' id='par_1_3' title="bbox 2281 473 3861 546">
     <span class='ocr_line' id='line_1_3' title="bbox 2281 473 3861 546; baseline 0.001 -19"><span class='ocrx_word' id='word_1_13' title='bbox 2281 476 2313 543; x_wconf 83' lang='grc' dir='ltr'><strong>ὴ</strong></span> <span class='ocrx_word' id='word_1_14' title='bbox 2357 474 2600 544; x_wconf 72' lang='grc' dir='ltr'>βασιλεία</span> <span class='ocrx_word' id='word_1_15' title='bbox 2645 475 2738 530; x_wconf 79' lang='grc' dir='ltr'>καὶ</span> <span class='ocrx_word' id='word_1_16' title='bbox 2785 477 2818 545; x_wconf 86' lang='grc' dir='ltr'><strong>ή</strong></span> <span class='ocrx_word' id='word_1_17' title='bbox 2856 474 3105 545; x_wconf 88' lang='grc' dir='ltr'>δύναμις,</span> <span class='ocrx_word' id='word_1_18' title='bbox 3140 474 3234 529; x_wconf 80' lang='grc' dir='ltr'>καὶ</span> <span class='ocrx_word' id='word_1_19' title='bbox 3274 476 3307 546; x_wconf 89' lang='grc' dir='ltr'><strong>ή</strong></span> <span class='ocrx_word' id='word_1_20' title='bbox 3344 474 3467 539; x_wconf 78' lang='grc' dir='ltr'>δόξα</span> <span class='ocrx_word' id='word_1_21' title='bbox 3492 473 3587 527; x_wconf 75' lang='grc' dir='ltr'>τοῦ</span> <span class='ocrx_word' id='word_1_22' title='bbox 3623 475 3861 545; x_wconf 78' lang='grc' dir='ltr'>Πατρδς,</span> 
     </span>
    </p>
   </div>
   <div class='ocr_carea' id='block_1_4' title="bbox 617 564 2223 644">
    <p class='ocr_par' dir='ltr' id='par_1_4' title="bbox 617 564 2176 644">
     <span class='ocr_line' id='line_1_4' title="bbox 617 564 2176 644; baseline -0.003 -20"><span class='ocrx_word' id='word_1_23' title='bbox 617 573 785 644; x_wconf 79' lang='lat' dir='ltr'><strong>gloria</strong></span> <span class='ocrx_word' id='word_1_24' title='bbox 840 569 1033 633; x_wconf 80' lang='lat' dir='ltr'><strong>Patris,</strong></span> <span class='ocrx_word' id='word_1_25' title='bbox 1087 577 1143 623; x_wconf 84' lang='lat' dir='ltr'><strong>et</strong></span> <span class='ocrx_word' id='word_1_26' title='bbox 1198 567 1361 632; x_wconf 83' lang='lat' dir='ltr'><strong>Filii,</strong></span> <span class='ocrx_word' id='word_1_27' title='bbox 1409 574 1463 621; x_wconf 90' lang='lat' dir='ltr'><strong>et</strong></span> <span class='ocrx_word' id='word_1_28' title='bbox 1521 564 1759 635; x_wconf 85' lang='lat' dir='ltr'><strong>Spiritus</strong></span> <span class='ocrx_word' id='word_1_29' title='bbox 1822 566 2017 622; x_wconf 89' lang='lat' dir='ltr'><strong>sancti.</strong></span> <span class='ocrx_word' id='word_1_30' title='bbox 2078 565 2176 621; x_wconf 84' lang='lat' dir='ltr'><strong>Clt.</strong></span> 
     </span>
    </p>
   </div>
   <div class='ocr_carea' id='block_1_5' title="bbox 2256 564 3862 644">
    <p class='ocr_par' dir='ltr' id='par_1_5' title="bbox 2288 564 3862 635">
     <span class='ocr_line' id='line_1_5' title="bbox 2288 564 3862 635; baseline 0 -18"><span class='ocrx_word' id='word_1_31' title='bbox 2288 565 2382 618; x_wconf 77' lang='grc' dir='ltr'><strong>καὶ</strong></span> <span class='ocrx_word' id='word_1_32' title='bbox 2410 564 2504 617; x_wconf 81' lang='grc' dir='ltr'>τοῦ</span> <span class='ocrx_word' id='word_1_33' title='bbox 2534 565 2684 633; x_wconf 80' lang='grc' dir='ltr'>Υἰοῦ,</span> <span class='ocrx_word' id='word_1_34' title='bbox 2703 566 2797 619; x_wconf 76' lang='grc' dir='ltr'><strong>καὶ</strong></span> <span class='ocrx_word' id='word_1_35' title='bbox 2825 564 2917 618; x_wconf 82' lang='grc' dir='ltr'>τοῦ</span> <span class='ocrx_word' id='word_1_36' title='bbox 2945 565 3100 633; x_wconf 80' lang='grc' dir='ltr'>ἁγίου</span> <span class='ocrx_word' id='word_1_37' title='bbox 3144 564 3475 635; x_wconf 82' lang='grc' dir='ltr'>Πνεύματος,</span> <span class='ocrx_word' id='word_1_38' title='bbox 3510 564 3602 617; x_wconf 80' lang='grc' dir='ltr'>νῦν</span> <span class='ocrx_word' id='word_1_39' title='bbox 3626 565 3721 618; x_wconf 80' lang='grc' dir='ltr'>καὶ</span> <span class='ocrx_word' id='word_1_40' title='bbox 3747 566 3862 629; x_wconf 74' lang='grc' dir='ltr'>ἀεὶ,</span> 
     </span>
    </p>
   </div>
   <div class='ocr_carea' id='block_1_6' title="bbox 616 654 3858 725">
    <p class='ocr_par' dir='ltr' id='par_1_6' title="bbox 616 654 3858 725">
     <span class='ocr_line' id='line_1_6' title="bbox 616 654 3858 725; baseline -0.003 -8"><span class='ocrx_word' id='word_1_41' title='bbox 616 661 811 717; x_wconf 75' lang='lat' dir='ltr'><strong>Amen.</strong></span> <span class='ocrx_word' id='word_1_42' title='bbox 2286 654 2379 708; x_wconf 80' lang='grc' dir='ltr'><strong>καὶ</strong></span> <span class='ocrx_word' id='word_1_43' title='bbox 2434 657 2513 717; x_wconf 84' lang='grc' dir='ltr'><strong>εἰς</strong></span> <span class='ocrx_word' id='word_1_44' title='bbox 2553 655 2676 718; x_wconf 75' lang='grc' dir='ltr'>τοὺς</span> <span class='ocrx_word' id='word_1_45' title='bbox 2720 655 2922 718; x_wconf 83' lang='grc' dir='ltr'><strong>αἰῶνας</strong></span> <span class='ocrx_word' id='word_1_46' title='bbox 2964 654 3073 707; x_wconf 81' lang='grc' dir='ltr'>τῶν</span> <span class='ocrx_word' id='word_1_47' title='bbox 3110 654 3336 708; x_wconf 82' lang='grc' dir='ltr'>αἰώνων.</span> <span class='ocrx_word' id='word_1_48' title='bbox 3386 656 3443 707; x_wconf 81' lang='grc' dir='ltr'>Ὀ</span> <span class='ocrx_word' id='word_1_49' title='bbox 3471 672 3589 725; x_wconf 86' lang='grc' dir='ltr'><strong>χορ.</strong></span> <span class='ocrx_word' id='word_1_50' title='bbox 3661 656 3858 724; x_wconf 69' lang='grc' dir='ltr'>Ἀμήν.</span> 
     </span>
    </p>
   </div>
   <div class='ocr_carea' id='block_1_7' title="bbox 689 744 2295 819">
    <p class='ocr_par' dir='ltr' id='par_1_7' title="bbox 689 746 2183 819">
     <span class='ocr_line' id='line_1_7' title="bbox 689 746 2183 819; baseline -0.004 -14"><span class='ocrx_word' id='word_1_51' title='bbox 689 749 857 805; x_wconf 84' lang='lat' dir='ltr'><strong>Solita</strong></span> <span class='ocrx_word' id='word_1_52' title='bbox 906 750 1232 819; x_wconf 78' lang='lat' dir='ltr'><strong>psalmorum</strong></span> <span class='ocrx_word' id='word_1_53' title='bbox 1269 748 1583 803; x_wconf 83' lang='lat' dir='ltr'><strong>recitatiOne</strong></span> <span class='ocrx_word' id='word_1_54' title='bbox 1623 746 1735 815; x_wconf 84' lang='lat' dir='ltr'><strong>jam</strong></span> <span class='ocrx_word' id='word_1_55' title='bbox 1784 746 2047 811; x_wconf 81' lang='lat' dir='ltr'><strong>absoluta,</strong></span> <span class='ocrx_word' id='word_1_56' title='bbox 2093 747 2183 800; x_wconf 88' lang='lat' dir='ltr'><strong>do-</strong></span> 
     </span>
    </p>
   </div>
   <div class='ocr_carea' id='block_1_8' title="bbox 2257 744 3863 819">
    <p class='ocr_par' dir='ltr' id='par_1_8' title="bbox 2369 744 3863 817">
     <span class='ocr_line' id='line_1_8' title="bbox 2369 744 3863 817; baseline -0.001 -19"><span class='ocrx_word' id='word_1_57' title='bbox 2369 746 2426 798; x_wconf 87' lang='grc'><strong>⁹0</strong></span> <span class='ocrx_word' id='word_1_58' title='bbox 2461 745 2518 798; x_wconf 80' lang='grc' dir='ltr'><strong>δέ</strong></span> <span class='ocrx_word' id='word_1_59' title='bbox 2541 744 2758 815; x_wconf 75' lang='grc' dir='ltr'>ταχθεὶς</span> <span class='ocrx_word' id='word_1_60' title='bbox 2794 745 3023 817; x_wconf 82' lang='grc' dir='ltr'>μοναχδς</span> <span class='ocrx_word' id='word_1_61' title='bbox 3049 745 3384 815; x_wconf 82' lang='grc' dir='ltr'>κανονάρχης</span> <span class='ocrx_word' id='word_1_62' title='bbox 3428 744 3564 816; x_wconf 72' lang='grc' dir='ltr'>μετὰ</span> <span class='ocrx_word' id='word_1_63' title='bbox 3590 746 3691 816; x_wconf 81' lang='grc' dir='ltr'>τὴν</span> <span class='ocrx_word' id='word_1_64' title='bbox 3724 763 3863 815; x_wconf 88' lang='grc' dir='ltr'>συμ-</span> 
     </span>
    </p>
   </div>
   <div class='ocr_carea' id='block_1_9' title="bbox 618 832 2224 910">
    <p class='ocr_par' dir='ltr' id='par_1_9' title="bbox 618 837 2185 910">
     <span class='ocr_line' id='line_1_9' title="bbox 618 837 2185 910; baseline -0.003 -16"><span class='ocrx_word' id='word_1_65' title='bbox 618 841 866 910; x_wconf 83' lang='lat' dir='ltr'><strong>signatus</strong></span> <span class='ocrx_word' id='word_1_66' title='bbox 894 840 1191 892; x_wconf 78' lang='lat' dir='ltr'><strong>monachus</strong></span> <span class='ocrx_word' id='word_1_67' title='bbox 1212 839 1581 902; x_wconf 87' lang='lat' dir='ltr'><strong>canonarcha,</strong></span> <span class='ocrx_word' id='word_1_68' title='bbox 1613 848 1797 892; x_wconf 89' lang='lat' dir='ltr'><strong>tonum</strong></span> <span class='ocrx_word' id='word_1_69' title='bbox 1847 837 2088 907; x_wconf 88' lang='lat' dir='ltr'><strong>suggerit</strong></span> <span class='ocrx_word' id='word_1_70' title='bbox 2129 847 2185 892; x_wconf 90' lang='lat' dir='ltr'><strong>et</strong></span> 
     </span>
    </p>
   </div>
   <div class='ocr_carea' id='block_1_10' title="bbox 2253 832 3859 910">
    <p class='ocr_par' dir='ltr' id='par_1_10' title="bbox 2291 832 3859 908">
     <span class='ocr_line' id='line_1_10' title="bbox 2291 832 3859 908; baseline 0 -19"><span class='ocrx_word' id='word_1_71' title='bbox 2291 836 2575 907; x_wconf 82' lang='grc' dir='ltr'>πλήρωσιν</span> <span class='ocrx_word' id='word_1_72' title='bbox 2600 837 2696 906; x_wconf 82' lang='grc' dir='ltr'>τῆς</span> <span class='ocrx_word' id='word_1_73' title='bbox 2728 836 2988 908; x_wconf 79' lang='grc' dir='ltr'><strong>συνήθους</strong></span> <span class='ocrx_word' id='word_1_74' title='bbox 3041 835 3373 906; x_wconf 85' lang='grc' dir='ltr'>στιχολογίας</span> <span class='ocrx_word' id='word_1_75' title='bbox 3403 836 3547 905; x_wconf 82' lang='grc' dir='ltr'><strong>λέγει</strong></span> <span class='ocrx_word' id='word_1_76' title='bbox 3588 837 3677 889; x_wconf 83' lang='grc' dir='ltr'><strong>τὸν</strong></span> <span class='ocrx_word' id='word_1_77' title='bbox 3702 832 3859 906; x_wconf 78' lang='grc' dir='ltr'>ἦχον,</span> 
     </span>
    </p>
   </div>
   <div class='ocr_carea' id='block_1_11' title="bbox 621 926 2227 999">
    <p class='ocr_par' dir='ltr' id='par_1_11' title="bbox 621 927 2183 999">
     <span class='ocr_line' id='line_1_11' title="bbox 621 927 2183 999; baseline -0.001 -15"><span class='ocrx_word' id='word_1_78' title='bbox 621 930 899 999; x_wconf 77' lang='lat' dir='ltr'><strong>psallimus</strong></span> <span class='ocrx_word' id='word_1_79' title='bbox 949 931 1190 992; x_wconf 87' lang='lat' dir='ltr'><strong>Domine.</strong></span> <span class='ocrx_word' id='word_1_80' title='bbox 1242 928 1493 997; x_wconf 89' lang='lat' dir='ltr'><strong>clamavi,</strong></span> <span class='ocrx_word' id='word_1_81' title='bbox 1535 927 1689 998; x_wconf 78' lang='lat' dir='ltr'><strong>juxta</strong></span> <span class='ocrx_word' id='word_1_82' title='bbox 1748 938 1931 983; x_wconf 86' lang='lat' dir='ltr'><strong>tonum</strong></span> <span class='ocrx_word' id='word_1_83' title='bbox 1997 929 2051 981; x_wconf 88' lang='lat' dir='ltr'><strong>in</strong></span> <span class='ocrx_word' id='word_1_84' title='bbox 2076 942 2183 989; x_wconf 75' lang='grc' dir='ltr'>,οε-</span> 
     </span>
    </p>
   </div>
   <div class='ocr_carea' id='block_1_12' title="bbox 2256 926 3862 999">
    <p class='ocr_par' dir='ltr' id='par_1_12' title="bbox 2292 926 3862 999">
     <span class='ocr_line' id='line_1_12' title="bbox 2292 926 3862 999; baseline -0.001 -18"><span class='ocrx_word' id='word_1_85' title='bbox 2292 928 2387 982; x_wconf 77' lang='lat' dir='ltr'><strong>xal.</strong></span> <span class='ocrx_word' id='word_1_86' title='bbox 2430 928 2724 999; x_wconf 78' lang='grc' dir='ltr'>ψάλλομεν,</span> <span class='ocrx_word' id='word_1_87' title='bbox 2765 927 2972 997; x_wconf 81' lang='grc' dir='ltr'>Κύριε,</span> <span class='ocrx_word' id='word_1_88' title='bbox 3020 926 3312 998; x_wconf 75' lang='grc' dir='ltr'>ἐκέκραξα,</span> <span class='ocrx_word' id='word_1_89' title='bbox 3373 930 3452 990; x_wconf 87' lang='grc' dir='ltr'><strong>εἰς</strong></span> <span class='ocrx_word' id='word_1_90' title='bbox 3496 927 3586 980; x_wconf 80' lang='grc' dir='ltr'>τὸν</span> <span class='ocrx_word' id='word_1_91' title='bbox 3629 931 3862 998; x_wconf 78' lang='grc' dir='ltr'><strong>τυχόντα</strong></span> 
     </span>
    </p>
   </div>
   <div class='ocr_carea' id='block_1_13' title="bbox 623 1014 2229 1090">
    <p class='ocr_par' dir='ltr' id='par_1_13' title="bbox 623 1021 1248 1077">
     <span class='ocr_line' id='line_1_13' title="bbox 623 1021 1248 1077; baseline -0.005 0"><span class='ocrx_word' id='word_1_92' title='bbox 623 1021 813 1077; x_wconf 86' lang='lat' dir='ltr'><strong>toecho</strong></span> <span class='ocrx_word' id='word_1_93' title='bbox 831 1033 1201 1077; x_wconf 80' lang='lat' dir='ltr'><strong>occurrentem</strong></span> <span class='ocrx_word' id='word_1_94' title='bbox 1233 1045 1248 1061; x_wconf 81' lang='grc' dir='ltr'><strong>ο</strong></span> 
     </span>
    </p>
   </div>
   <div class='ocr_carea' id='block_1_14' title="bbox 1275 1014 2881 1090">
    <p class='ocr_par' dir='ltr' id='par_1_14' title="bbox 2297 1014 2881 1090">
     <span class='ocr_line' id='line_1_14' title="bbox 2297 1014 2881 1090; baseline 0 -19"><span class='ocrx_word' id='word_1_95' title='bbox 2297 1014 2431 1090; x_wconf 78' lang='grc' dir='ltr'>ἦχον</span> <span class='ocrx_word' id='word_1_96' title='bbox 2454 1019 2553 1090; x_wconf 80' lang='grc' dir='ltr'>τῆς</span> <span class='ocrx_word' id='word_1_97' title='bbox 2579 1019 2881 1089; x_wconf 83' lang='grc' dir='ltr'>όκτωήχου.</span> 
     </span>
    </p>
   </div>
   <div class='ocr_carea' id='block_1_15' title="bbox 708 1129 3862 1203">
    <p class='ocr_par' dir='ltr' id='par_1_15' title="bbox 708 1129 3862 1203">
     <span class='ocr_line' id='line_1_15' title="bbox 708 1129 3862 1203; baseline -0.001 -14"><span class='ocrx_word' id='word_1_98' title='bbox 708 1134 796 1189; x_wconf 80' lang='lat'><strong>89.</strong></span> <span class='ocrx_word' id='word_1_99' title='bbox 826 1132 1009 1188; x_wconf 72' lang='lat' dir='ltr'><strong>Count.</strong></span> <span class='ocrx_word' id='word_1_100' title='bbox 1032 1132 1283 1203; x_wconf 65' lang='lat' dir='ltr'><strong>Suggerit</strong></span> <span class='ocrx_word' id='word_1_101' title='bbox 1309 1142 1486 1187; x_wconf 87' lang='lat' dir='ltr'><strong>antem</strong></span> <span class='ocrx_word' id='word_1_102' title='bbox 1520 1132 1894 1203; x_wconf 66' lang='lat' dir='ltr'><strong>canonarcltcs</strong></span> <span class='ocrx_word' id='word_1_103' title='bbox 1923 1142 2108 1203; x_wconf 86' lang='lat' dir='ltr'><strong>tonum</strong></span> <span class='ocrx_word' id='word_1_104' title='bbox 2137 1130 2286 1203; x_wconf 88' lang='lat' dir='ltr'><strong>illum</strong></span> <span class='ocrx_word' id='word_1_105' title='bbox 2327 1141 2476 1186; x_wconf 88' lang='lat' dir='ltr'><strong>stans</strong></span> <span class='ocrx_word' id='word_1_106' title='bbox 2508 1133 2559 1184; x_wconf 93' lang='lat' dir='ltr'><strong>in</strong></span> <span class='ocrx_word' id='word_1_107' title='bbox 2600 1131 2775 1186; x_wconf 91' lang='lat' dir='ltr'><strong>medio</strong></span> <span class='ocrx_word' id='word_1_108' title='bbox 2809 1129 3070 1197; x_wconf 65' lang='lat' dir='ltr'><strong>ecclesia},</strong></span> <span class='ocrx_word' id='word_1_109' title='bbox 3105 1142 3162 1185; x_wconf 91' lang='lat' dir='ltr'><strong>ut</strong></span> <span class='ocrx_word' id='word_1_110' title='bbox 3212 1145 3297 1187; x_wconf 88' lang='lat' dir='ltr'><strong>me</strong></span> <span class='ocrx_word' id='word_1_111' title='bbox 3334 1132 3491 1185; x_wconf 85' lang='lat' dir='ltr'><strong>docet</strong></span> <span class='ocrx_word' id='word_1_112' title='bbox 3545 1130 3862 1189; x_wconf 81' lang='lat' dir='ltr'><strong>Philotheus</strong></span> 
     </span>
    </p>
   </div>
   <div class='ocr_carea' id='block_1_16' title="bbox 630 1201 2415 1275">
    <p class='ocr_par' dir='ltr' id='par_1_16' title="bbox 630 1201 2415 1275">
     <span class='ocr_line' id='line_1_16' title="bbox 630 1201 2415 1275; baseline -0.002 -18"><span class='ocrx_word' id='word_1_113' title='bbox 630 1205 935 1275; x_wconf 75' lang='lat' dir='ltr'><strong>patriarcha</strong></span> <span class='ocrx_word' id='word_1_114' title='bbox 982 1201 1603 1273; x_wconf 80' lang='lat' dir='ltr'><strong>Constantitmpolitanus</strong></span> <span class='ocrx_word' id='word_1_115' title='bbox 1626 1205 1679 1257; x_wconf 89' lang='lat' dir='ltr'><strong>in</strong></span> <span class='ocrx_word' id='word_1_116' title='bbox 1713 1201 1909 1257; x_wconf 90' lang='lat' dir='ltr'><strong>Ordine</strong></span> <span class='ocrx_word' id='word_1_117' title='bbox 1936 1201 2078 1256; x_wconf 77' lang='lat' dir='ltr'><strong>sacri</strong></span> <span class='ocrx_word' id='word_1_118' title='bbox 2106 1202 2415 1259; x_wconf 78' lang='lat' dir='ltr'><strong>ministerii.</strong></span> 
     </span>
    </p>
   </div>
   <div class='ocr_carea' id='block_1_17' title="bbox 694 1310 2300 1402">
    <p class='ocr_par' dir='ltr' id='par_1_17' title="bbox 694 1310 2178 1381">
     <span class='ocr_line' id='line_1_17' title="bbox 694 1310 2178 1381; baseline -0.005 -11"><span class='ocrx_word' id='word_1_119' title='bbox 694 1314 939 1370; x_wconf 69' lang='lat' dir='ltr'><strong>Posthtec</strong></span> <span class='ocrx_word' id='word_1_120' title='bbox 990 1314 1245 1370; x_wconf 82' lang='lat' dir='ltr'><strong>sacerdos</strong></span> <span class='ocrx_word' id='word_1_121' title='bbox 1292 1311 1375 1367; x_wconf 92' lang='lat' dir='ltr'><strong>vel</strong></span> <span class='ocrx_word' id='word_1_122' title='bbox 1422 1312 1687 1367; x_wconf 85' lang='lat' dir='ltr'><strong>diaconus</strong></span> <span class='ocrx_word' id='word_1_123' title='bbox 1739 1310 1818 1381; x_wconf 83' lang='lat' dir='ltr'><strong>(ut</strong></span> <span class='ocrx_word' id='word_1_124' title='bbox 1870 1310 2040 1365; x_wconf 87' lang='lat' dir='ltr'><strong>moris</strong></span> <span class='ocrx_word' id='word_1_125' title='bbox 2072 1319 2178 1380; x_wconf 77' lang='lat' dir='ltr'><strong>est,</strong></span> 
     </span>
    </p>
   </div>
   <div class='ocr_carea' id='block_1_18' title="bbox 2254 1310 3860 1402">
    <p class='ocr_par' dir='ltr' id='par_1_18' title="bbox 2365 1325 3860 1402">
     <span class='ocr_line' id='line_1_18' title="bbox 2365 1325 3860 1402; baseline 0.003 -20"><span class='ocrx_word' id='word_1_126' title='bbox 2365 1325 2497 1383; x_wconf 78' lang='grc' dir='ltr'>Εἶτα</span> <span class='ocrx_word' id='word_1_127' title='bbox 2543 1330 2711 1401; x_wconf 73' lang='grc' dir='ltr'>θυμιᾷ</span> <span class='ocrx_word' id='word_1_128' title='bbox 2748 1333 2777 1383; x_wconf 90' lang='grc' dir='ltr'><strong>ό</strong></span> <span class='ocrx_word' id='word_1_129' title='bbox 2824 1330 3021 1402; x_wconf 75' lang='grc' dir='ltr'>ἱερεὺς,</span> <span class='ocrx_word' id='word_1_130' title='bbox 3071 1328 3394 1399; x_wconf 76' lang='grc' dir='ltr'>ῆδιάκονος,</span> <span class='ocrx_word' id='word_1_131' title='bbox 3432 1331 3508 1395; x_wconf 85' lang='grc' dir='ltr'><strong>ὡς</strong></span> <span class='ocrx_word' id='word_1_132' title='bbox 3556 1332 3674 1395; x_wconf 78' lang='grc' dir='ltr'>ἔθος</span> <span class='ocrx_word' id='word_1_133' title='bbox 3721 1334 3860 1386; x_wconf 67' lang='grc' dir='ltr'>ἐστὶ.</span> 
     </span>
    </p>
   </div>
   <div class='ocr_carea' id='block_1_19' title="bbox 626 1403 2232 1492">
    <p class='ocr_par' dir='ltr' id='par_1_19' title="bbox 626 1403 2183 1474">
     <span class='ocr_line' id='line_1_19' title="bbox 626 1403 2183 1474; baseline -0.004 -11"><span class='ocrx_word' id='word_1_134' title='bbox 626 1407 751 1463; x_wconf 83' lang='lat' dir='ltr'><strong>thus</strong></span> <span class='ocrx_word' id='word_1_135' title='bbox 773 1407 971 1474; x_wconf 87' lang='lat' dir='ltr'><strong>adolet,</strong></span> <span class='ocrx_word' id='word_1_136' title='bbox 998 1418 1314 1462; x_wconf 81' lang='lat' dir='ltr'><strong>consuetam</strong></span> <span class='ocrx_word' id='word_1_137' title='bbox 1344 1405 1609 1461; x_wconf 77' lang='lat' dir='ltr'><strong>exhibens</strong></span> <span class='ocrx_word' id='word_1_138' title='bbox 1641 1404 2005 1459; x_wconf 80' lang='lat' dir='ltr'><strong>reverentiam</strong></span> <span class='ocrx_word' id='word_1_139' title='bbox 2038 1403 2183 1457; x_wconf 90' lang='lat' dir='ltr'><strong>anti-</strong></span> 
     </span>
    </p>
   </div>
   <div class='ocr_carea' id='block_1_20' title="bbox 2255 1403 3861 1492">
    <p class='ocr_par' dir='ltr' id='par_1_20' title="bbox 2295 1418 3861 1492">
     <span class='ocr_line' id='line_1_20' title="bbox 2295 1418 3861 1492; baseline 0.003 -20"><span class='ocrx_word' id='word_1_140' title='bbox 2295 1418 2466 1472; x_wconf 85' lang='grc' dir='ltr'>ποιῶν</span> <span class='ocrx_word' id='word_1_141' title='bbox 2514 1419 2613 1491; x_wconf 76' lang='grc' dir='ltr'><strong>τὴν</strong></span> <span class='ocrx_word' id='word_1_142' title='bbox 2672 1418 2875 1490; x_wconf 82' lang='grc' dir='ltr'><strong>συνήθη</strong></span> <span class='ocrx_word' id='word_1_143' title='bbox 2953 1418 3241 1489; x_wconf 87' lang='grc' dir='ltr'>μετάνοιαν</span> <span class='ocrx_word' id='word_1_144' title='bbox 3300 1420 3378 1492; x_wconf 85' lang='grc' dir='ltr'>τῷ</span> <span class='ocrx_word' id='word_1_145' title='bbox 3447 1421 3861 1492; x_wconf 83' lang='grc' dir='ltr'>καθηγουμένῳ.</span> 
     </span>
    </p>
   </div>
   <div class='ocr_carea' id='block_1_21' title="bbox 626 1494 2232 1582">
    <p class='ocr_par' dir='ltr' id='par_1_21' title="bbox 626 1494 2184 1555">
     <span class='ocr_line' id='line_1_21' title="bbox 626 1494 2184 1555; baseline -0.003 -1"><span class='ocrx_word' id='word_1_146' title='bbox 626 1500 738 1555; x_wconf 87' lang='lat' dir='ltr'><strong>stiti</strong></span> <span class='ocrx_word' id='word_1_147' title='bbox 770 1498 853 1554; x_wconf 89' lang='lat' dir='ltr'><strong>vel</strong></span> <span class='ocrx_word' id='word_1_148' title='bbox 893 1498 1094 1555; x_wconf 81' lang='lat' dir='ltr'><strong>abbati.</strong></span> <span class='ocrx_word' id='word_1_149' title='bbox 1132 1497 1241 1554; x_wconf 83' lang='lat' dir='ltr'><strong>Nos</strong></span> <span class='ocrx_word' id='word_1_150' title='bbox 1274 1511 1401 1554; x_wconf 86' lang='lat' dir='ltr'><strong>vero</strong></span> <span class='ocrx_word' id='word_1_151' title='bbox 1435 1498 1730 1554; x_wconf 85' lang='lat' dir='ltr'><strong>recitamus</strong></span> <span class='ocrx_word' id='word_1_152' title='bbox 1763 1495 2057 1551; x_wconf 85' lang='lat' dir='ltr'><strong>versiculos</strong></span> <span class='ocrx_word' id='word_1_153' title='bbox 2087 1494 2184 1549; x_wconf 88' lang='lat' dir='ltr'><strong>de-</strong></span> 
     </span>
    </p>
   </div>
   <div class='ocr_carea' id='block_1_22' title="bbox 2260 1494 3866 1582">
    <p class='ocr_par' dir='ltr' id='par_1_22' title="bbox 2307 1509 3866 1582">
     <span class='ocr_line' id='line_1_22' title="bbox 2307 1509 3866 1582; baseline 0.001 -18"><span class='ocrx_word' id='word_1_154' title='bbox 2307 1510 2496 1582; x_wconf 80' lang='grc' dir='ltr'>Ἠμεῖς</span> <span class='ocrx_word' id='word_1_155' title='bbox 2533 1509 2590 1563; x_wconf 86' lang='grc' dir='ltr'>δὲ</span> <span class='ocrx_word' id='word_1_156' title='bbox 2632 1509 2865 1579; x_wconf 79' lang='grc' dir='ltr'><strong>ἱστῶμεν</strong></span> <span class='ocrx_word' id='word_1_157' title='bbox 2897 1510 3109 1580; x_wconf 77' lang='grc' dir='ltr'><strong>στίχους</strong></span> <span class='ocrx_word' id='word_1_158' title='bbox 3145 1517 3175 1562; x_wconf 89' lang='grc' dir='ltr'>ι’</span> <span class='ocrx_word' id='word_1_159' title='bbox 3212 1512 3318 1566; x_wconf 80' lang='grc' dir='ltr'><strong>ἀπὸ</strong></span> <span class='ocrx_word' id='word_1_160' title='bbox 3356 1512 3468 1576; x_wconf 86' lang='grc' dir='ltr'>τοῦ,</span> <span class='ocrx_word' id='word_1_161' title='bbox 3506 1513 3768 1582; x_wconf 80' lang='grc' dir='ltr'>Ἐξάγαγε</span> <span class='ocrx_word' id='word_1_162' title='bbox 3796 1516 3866 1566; x_wconf 83' lang='grc' dir='ltr'><strong>ἐκ</strong></span> 
     </span>
    </p>
   </div>
   <div class='ocr_carea' id='block_1_23' title="bbox 626 1581 2232 1658">
    <p class='ocr_par' dir='ltr' id='par_1_23' title="bbox 626 1588 1389 1658">
     <span class='ocr_line' id='line_1_23' title="bbox 626 1588 1389 1658; baseline -0.003 -13"><span class='ocrx_word' id='word_1_163' title='bbox 626 1604 766 1658; x_wconf 88' lang='lat' dir='ltr'><strong>cem,</strong></span> <span class='ocrx_word' id='word_1_164' title='bbox 795 1590 863 1644; x_wconf 90' lang='lat' dir='ltr'><strong>ab</strong></span> <span class='ocrx_word' id='word_1_165' title='bbox 888 1590 1038 1644; x_wconf 88' lang='lat' dir='ltr'><strong>Educ</strong></span> <span class='ocrx_word' id='word_1_166' title='bbox 1064 1603 1095 1643; x_wconf 88' lang='lat' dir='ltr'><strong>a</strong></span> <span class='ocrx_word' id='word_1_167' title='bbox 1123 1588 1389 1644; x_wconf 89' lang='lat' dir='ltr'><strong>custodia.</strong></span> 
     </span>
    </p>
   </div>
   <div class='ocr_carea' id='block_1_24' title="bbox 958 1581 2564 1658">
    <p class='ocr_par' dir='ltr' id='par_1_24' title="bbox 958 1581 2564 1652">
     <span class='ocr_line' id='line_1_24' title="bbox 958 1581 2564 1652; baseline -0.006 -8"><span class='ocrx_word' id='word_1_168' title='bbox 958 1590 1038 1644; x_wconf 89' lang='lat' dir='ltr'><strong>Iuc</strong></span> <span class='ocrx_word' id='word_1_169' title='bbox 1064 1603 1095 1643; x_wconf 84' lang='lat' dir='ltr'><strong>a</strong></span> <span class='ocrx_word' id='word_1_170' title='bbox 1123 1588 1389 1644; x_wconf 88' lang='lat' dir='ltr'><strong>custodia.</strong></span> <span class='ocrx_word' id='word_1_171' title='bbox 2299 1581 2564 1652; x_wconf 76' lang='grc' dir='ltr'><strong>φυλακῆς.</strong></span> 
     </span>
    </p>
   </div>
   <div class='ocr_carea' id='block_1_25' title="bbox 696 1698 3868 1771">
    <p class='ocr_par' dir='ltr' id='par_1_25' title="bbox 696 1698 3868 1771">
     <span class='ocr_line' id='line_1_25' title="bbox 696 1698 3868 1771; baseline -0.001 -13"><span class='ocrx_word' id='word_1_172' title='bbox 696 1701 787 1758; x_wconf 80' lang='grc' dir='ltr'><strong>θθ.</strong></span> <span class='ocrx_word' id='word_1_173' title='bbox 816 1702 998 1757; x_wconf 67' lang='grc' dir='ltr'><strong>(Σο-ι.</strong></span> <span class='ocrx_word' id='word_1_174' title='bbox 1032 1701 1129 1757; x_wconf 87' lang='lat' dir='ltr'><strong>Est</strong></span> <span class='ocrx_word' id='word_1_175' title='bbox 1177 1703 1265 1757; x_wconf 86' lang='lat' dir='ltr'><strong>hic</strong></span> <span class='ocrx_word' id='word_1_176' title='bbox 1309 1701 1533 1758; x_wconf 75' lang='lat' dir='ltr'><strong>ultimus</strong></span> <span class='ocrx_word' id='word_1_177' title='bbox 1564 1702 1859 1757; x_wconf 89' lang='lat' dir='ltr'><strong>versiculus</strong></span> <span class='ocrx_word' id='word_1_178' title='bbox 1894 1701 2083 1771; x_wconf 80' lang='lat' dir='ltr'><strong>psalmi</strong></span> <span class='ocrx_word' id='word_1_179' title='bbox 2114 1716 2269 1763; x_wconf 67' lang='lat' dir='ltr'><strong>ctu;</strong></span> <span class='ocrx_word' id='word_1_180' title='bbox 2296 1709 2354 1771; x_wconf 90' lang='lat' dir='ltr'><strong>nt</strong></span> <span class='ocrx_word' id='word_1_181' title='bbox 2397 1712 2525 1771; x_wconf 81' lang='lat' dir='ltr'><strong>ergo</strong></span> <span class='ocrx_word' id='word_1_182' title='bbox 2571 1698 2873 1771; x_wconf 73' lang='lat' dir='ltr'><strong>habeantur</strong></span> <span class='ocrx_word' id='word_1_183' title='bbox 2910 1700 3156 1754; x_wconf 81' lang='lat' dir='ltr'><strong>versiculi</strong></span> <span class='ocrx_word' id='word_1_184' title='bbox 3212 1702 3394 1757; x_wconf 87' lang='lat' dir='ltr'><strong>decem</strong></span> <span class='ocrx_word' id='word_1_185' title='bbox 3424 1742 3439 1768; x_wconf 91' lang='lat'><strong>,</strong></span> <span class='ocrx_word' id='word_1_186' title='bbox 3480 1702 3868 1759; x_wconf 88' lang='lat' dir='ltr'><strong>continuantur</strong></span> 
     </span>
    </p>
   </div>
   <div class='ocr_carea' id='block_1_26' title="bbox 628 1765 3867 1842">
    <p class='ocr_par' dir='ltr' id='par_1_26' title="bbox 628 1765 3867 1842">
     <span class='ocr_line' id='line_1_26' title="bbox 628 1765 3867 1842; baseline 0.001 -17"><span class='ocrx_word' id='word_1_187' title='bbox 628 1781 822 1827; x_wconf 81' lang='lat' dir='ltr'><strong>cantus</strong></span> <span class='ocrx_word' id='word_1_188' title='bbox 871 1788 967 1839; x_wconf 91' lang='lat' dir='ltr'><strong>per</strong></span> <span class='ocrx_word' id='word_1_189' title='bbox 1018 1788 1208 1826; x_wconf 88' lang='lat' dir='ltr'><strong>novem</strong></span> <span class='ocrx_word' id='word_1_190' title='bbox 1262 1774 1468 1839; x_wconf 82' lang='lat' dir='ltr'><strong>primos</strong></span> <span class='ocrx_word' id='word_1_191' title='bbox 1518 1773 1815 1827; x_wconf 77' lang='lat' dir='ltr'><strong>versiculos</strong></span> <span class='ocrx_word' id='word_1_192' title='bbox 1870 1765 2062 1842; x_wconf 73' lang='lat' dir='ltr'><strong>psalmi</strong></span> <span class='ocrx_word' id='word_1_193' title='bbox 2104 1770 2399 1840; x_wconf 86' lang='lat' dir='ltr'><strong>sequentis.</strong></span> <span class='ocrx_word' id='word_1_194' title='bbox 2424 1770 2507 1842; x_wconf 48' lang='lat' dir='ltr'><strong>At</strong></span> <span class='ocrx_word' id='word_1_195' title='bbox 2556 1782 2726 1842; x_wconf 85' lang='lat' dir='ltr'><strong>vero,</strong></span> <span class='ocrx_word' id='word_1_196' title='bbox 2758 1765 2904 1842; x_wconf 59' lang='lat' dir='ltr'><strong>festo</strong></span> <span class='ocrx_word' id='word_1_197' title='bbox 2962 1771 3125 1842; x_wconf 83' lang='lat' dir='ltr'><strong>trium</strong></span> <span class='ocrx_word' id='word_1_198' title='bbox 3190 1765 3511 1835; x_wconf 84' lang='lat' dir='ltr'><strong>doctorum,</strong></span> <span class='ocrx_word' id='word_1_199' title='bbox 3565 1790 3668 1826; x_wconf 88' lang='lat' dir='ltr'><strong>non</strong></span> <span class='ocrx_word' id='word_1_200' title='bbox 3726 1775 3867 1828; x_wconf 85' lang='lat' dir='ltr'><strong>reci-</strong></span> 
     </span>
    </p>
   </div>
   <div class='ocr_carea' id='block_1_27' title="bbox 632 1837 3853 1909">
    <p class='ocr_par' dir='ltr' id='par_1_27' title="bbox 632 1837 3853 1909">
     <span class='ocr_line' id='line_1_27' title="bbox 632 1837 3853 1909; baseline 0.001 -15"><span class='ocrx_word' id='word_1_201' title='bbox 632 1850 821 1896; x_wconf 83' lang='lat' dir='ltr'><strong>tantur</strong></span> <span class='ocrx_word' id='word_1_202' title='bbox 866 1837 966 1896; x_wconf 82' lang='lat' dir='ltr'><strong>nisi</strong></span> <span class='ocrx_word' id='word_1_203' title='bbox 994 1842 1244 1896; x_wconf 85' lang='lat' dir='ltr'><strong>versiculi</strong></span> <span class='ocrx_word' id='word_1_204' title='bbox 1265 1837 1419 1905; x_wconf 82' lang='lat' dir='ltr'><strong>octo,</strong></span> <span class='ocrx_word' id='word_1_205' title='bbox 1457 1837 1912 1906; x_wconf 80' lang='lat' dir='ltr'><strong>quemadmodum</strong></span> <span class='ocrx_word' id='word_1_206' title='bbox 1956 1842 2141 1894; x_wconf 86' lang='lat' dir='ltr'><strong>videre</strong></span> <span class='ocrx_word' id='word_1_207' title='bbox 2183 1837 2266 1894; x_wconf 78' lang='lat' dir='ltr'><strong>est</strong></span> <span class='ocrx_word' id='word_1_208' title='bbox 2313 1854 2375 1894; x_wconf 80' lang='lat' dir='ltr'><strong>ex</strong></span> <span class='ocrx_word' id='word_1_209' title='bbox 2400 1838 2639 1909; x_wconf 24' lang='lat' dir='ltr'><strong>Ablettteis</strong></span> <span class='ocrx_word' id='word_1_210' title='bbox 2664 1876 2679 1900; x_wconf 87' lang='lat'><strong>,</strong></span> <span class='ocrx_word' id='word_1_211' title='bbox 2721 1837 2808 1909; x_wconf 85' lang='lat' dir='ltr'><strong>ubi</strong></span> <span class='ocrx_word' id='word_1_212' title='bbox 2844 1848 2911 1909; x_wconf 88' lang='lat' dir='ltr'><strong>et</strong></span> <span class='ocrx_word' id='word_1_213' title='bbox 2952 1840 3203 1894; x_wconf 88' lang='lat' dir='ltr'><strong>dicuntur</strong></span> <span class='ocrx_word' id='word_1_214' title='bbox 3237 1851 3356 1909; x_wconf 87' lang='lat' dir='ltr'><strong>post</strong></span> <span class='ocrx_word' id='word_1_215' title='bbox 3389 1842 3508 1896; x_wconf 87' lang='lat' dir='ltr'><strong>illos</strong></span> <span class='ocrx_word' id='word_1_216' title='bbox 3534 1844 3853 1907; x_wconf 85' lang='lat' dir='ltr'><strong>versiculos,</strong></span> 
     </span>
    </p>
   </div>
   <div class='ocr_carea' id='block_1_28' title="bbox 629 1907 2235 1982">
    <p class='ocr_par' dir='ltr' id='par_1_28' title="bbox 629 1911 2235 1982">
     <span class='ocr_line' id='line_1_28' title="bbox 629 1911 2235 1982; baseline -0.002 -17"><span class='ocrx_word' id='word_1_217' title='bbox 629 1911 785 1979; x_wconf 87' lang='lat' dir='ltr'><strong>psalli</strong></span> <span class='ocrx_word' id='word_1_218' title='bbox 818 1925 1005 1966; x_wconf 88' lang='lat' dir='ltr'><strong>versus</strong></span> <span class='ocrx_word' id='word_1_219' title='bbox 1038 1911 1152 1966; x_wconf 82' lang='lat' dir='ltr'><strong>sive</strong></span> <span class='ocrx_word' id='word_1_220' title='bbox 1198 1912 1436 1965; x_wconf 82' lang='lat' dir='ltr'><strong>sticltera</strong></span> <span class='ocrx_word' id='word_1_221' title='bbox 1472 1911 1779 1968; x_wconf 72' lang='lat' dir='ltr'><strong>Prosuntma</strong></span> <span class='ocrx_word' id='word_1_222' title='bbox 1824 1923 1951 1965; x_wconf 92' lang='lat' dir='ltr'><strong>tono</strong></span> <span class='ocrx_word' id='word_1_223' title='bbox 1988 1911 2151 1982; x_wconf 85' lang='lat' dir='ltr'><strong>tertio</strong></span> <span class='ocrx_word' id='word_1_224' title='bbox 2182 1911 2235 1964; x_wconf 54' lang='lat' dir='ltr'><strong>sit</strong></span> 
     </span>
    </p>
   </div>
   <div class='ocr_carea' id='block_1_29' title="bbox 2260 1907 3866 1982">
    <p class='ocr_par' dir='ltr' id='par_1_29' title="bbox 2264 1907 3866 1982">
     <span class='ocr_line' id='line_1_29' title="bbox 2264 1907 3866 1982; baseline 0 -18"><span class='ocrx_word' id='word_1_225' title='bbox 2264 1923 2322 1964; x_wconf 92' lang='lat' dir='ltr'><strong>ut</strong></span> <span class='ocrx_word' id='word_1_226' title='bbox 2479 1909 2739 1982; x_wconf 32' lang='grc' dir='ltr'>γενναῖον-</span> <span class='ocrx_word' id='word_1_227' title='bbox 2759 1908 2817 1982; x_wconf 83' lang='grc' dir='ltr'><strong>ἐν</strong></span> <span class='ocrx_word' id='word_1_228' title='bbox 2849 1907 3313 1982; x_wconf 57' lang='grc' dir='ltr'>μάρτυσιντδοίιο</span> <span class='ocrx_word' id='word_1_229' title='bbox 3340 1912 3600 1982; x_wconf 78' lang='lat' dir='ltr'><strong>assignari</strong></span> <span class='ocrx_word' id='word_1_230' title='bbox 3658 1922 3866 1965; x_wconf 88' lang='lat' dir='ltr'><strong>tantum</strong></span> 
     </span>
    </p>
   </div>
   <div class='ocr_carea' id='block_1_30' title="bbox 632 1977 3867 2052">
    <p class='ocr_par' dir='ltr' id='par_1_30' title="bbox 632 1977 3867 2052">
     <span class='ocr_line' id='line_1_30' title="bbox 632 1977 3867 2052; baseline -0.001 -18"><span class='ocrx_word' id='word_1_231' title='bbox 632 1977 884 2052; x_wconf 78' lang='lat' dir='ltr'><strong>quatuor,</strong></span> <span class='ocrx_word' id='word_1_232' title='bbox 898 1981 1253 2052; x_wconf 78' lang='lat' dir='ltr'><strong>_sed_dicenda</strong></span> <span class='ocrx_word' id='word_1_233' title='bbox 1294 1982 1401 2046; x_wconf 92' lang='lat' dir='ltr'><strong>bis,</strong></span> <span class='ocrx_word' id='word_1_234' title='bbox 1432 1992 1490 2052; x_wconf 90' lang='lat' dir='ltr'><strong>ut</strong></span> <span class='ocrx_word' id='word_1_235' title='bbox 1518 1986 1627 2036; x_wconf 89' lang='lat' dir='ltr'><strong>sint</strong></span> <span class='ocrx_word' id='word_1_236' title='bbox 1650 1982 1807 2052; x_wconf 87' lang='lat' dir='ltr'><strong>quasi</strong></span> <span class='ocrx_word' id='word_1_237' title='bbox 1838 1992 1982 2043; x_wconf 87' lang='lat' dir='ltr'><strong>octo,</strong></span> <span class='ocrx_word' id='word_1_238' title='bbox 2014 1989 2073 2052; x_wconf 84' lang='lat' dir='ltr'><strong>ut</strong></span> <span class='ocrx_word' id='word_1_239' title='bbox 2108 1979 2345 2052; x_wconf 79' lang='lat' dir='ltr'><strong>indicant</strong></span> <span class='ocrx_word' id='word_1_240' title='bbox 2378 1977 2580 2052; x_wconf 65' lang='lat' dir='ltr'><strong>Menaea</strong></span> <span class='ocrx_word' id='word_1_241' title='bbox 2606 1977 2953 2052; x_wconf 78' lang='lat' dir='ltr'><strong>subjicienth</strong></span> <span class='ocrx_word' id='word_1_242' title='bbox 2967 1979 3192 2049; x_wconf 77' lang='lat' dir='ltr'><strong>singulis</strong></span> <span class='ocrx_word' id='word_1_243' title='bbox 3235 1981 3285 2033; x_wconf 93' lang='lat' dir='ltr'><strong>in</strong></span> <span class='ocrx_word' id='word_1_244' title='bbox 3310 1977 3528 2052; x_wconf 75' lang='lat' dir='ltr'><strong>rubrica</strong></span> <span class='ocrx_word' id='word_1_245' title='bbox 3554 1996 3737 2052; x_wconf 73' lang='lat' dir='ltr'><strong>vocem</strong></span> <span class='ocrx_word' id='word_1_246' title='bbox 3763 1982 3867 2044; x_wconf 76' lang='grc' dir='ltr'>δίς,</span> 
     </span>
    </p>
   </div>
   <div class='ocr_carea' id='block_1_31' title="bbox 633 2046 2239 2122">
    <p class='ocr_par' dir='ltr' id='par_1_31' title="bbox 633 2046 2239 2122">
     <span class='ocr_line' id='line_1_31' title="bbox 633 2046 2239 2122; baseline 0.001 -19"><span class='ocrx_word' id='word_1_247' title='bbox 633 2046 796 2122; x_wconf 59' lang='lat' dir='ltr'><strong>(bis.</strong></span> <span class='ocrx_word' id='word_1_248' title='bbox 837 2070 857 2104; x_wconf 71' lang='grc' dir='ltr'><strong>ι</strong></span> <span class='ocrx_word' id='word_1_249' title='bbox 885 2050 952 2122; x_wconf 36' lang='lat' dir='ltr'><strong>_l‘n</strong></span> <span class='ocrx_word' id='word_1_250' title='bbox 998 2049 1198 2120; x_wconf 84' lang='lat' dir='ltr'><strong>Typico</strong></span> <span class='ocrx_word' id='word_1_251' title='bbox 1250 2060 1425 2105; x_wconf 84' lang='lat' dir='ltr'><strong>autent</strong></span> <span class='ocrx_word' id='word_1_252' title='bbox 1466 2051 1620 2107; x_wconf 78' lang='lat' dir='ltr'><strong>idem</strong></span> <span class='ocrx_word' id='word_1_253' title='bbox 1667 2046 1753 2105; x_wconf 68' lang='lat' dir='ltr'><strong>sic</strong></span> <span class='ocrx_word' id='word_1_254' title='bbox 1810 2049 2125 2122; x_wconf 80' lang='lat' dir='ltr'><strong>exprimitur</strong></span> <span class='ocrx_word' id='word_1_255' title='bbox 2156 2070 2167 2105; x_wconf 91' lang='lat'>:</span> <span class='ocrx_word' id='word_1_256' title='bbox 2195 2051 2239 2104; x_wconf 80' lang='grc' dir='ltr'><em>Ἐ</em></span> 
     </span>
    </p>
   </div>
   <div class='ocr_carea' id='block_1_32' title="bbox 2263 2046 3869 2122">
    <p class='ocr_par' dir='ltr' id='par_1_32' title="bbox 2263 2046 3869 2122">
     <span class='ocr_line' id='line_1_32' title="bbox 2263 2046 3869 2122; baseline 0 -19"><span class='ocrx_word' id='word_1_257' title='bbox 2263 2068 2283 2103; x_wconf 76' lang='grc' dir='ltr'><strong>ν</strong></span> <span class='ocrx_word' id='word_1_258' title='bbox 2314 2046 2490 2120; x_wconf 79' lang='grc' dir='ltr'>ταύτῃ</span> <span class='ocrx_word' id='word_1_259' title='bbox 2520 2050 2586 2118; x_wconf 81' lang='grc' dir='ltr'>τῇ</span> <span class='ocrx_word' id='word_1_260' title='bbox 2620 2049 2805 2122; x_wconf 69' lang='grc' dir='ltr'>ἡμέρᾳ</span> <span class='ocrx_word' id='word_1_261' title='bbox 2833 2046 3077 2120; x_wconf 68' lang='grc' dir='ltr'>ἱστῶμεν</span> <span class='ocrx_word' id='word_1_262' title='bbox 3102 2050 3333 2122; x_wconf 77' lang='grc' dir='ltr'>στιχηρὰ</span> <span class='ocrx_word' id='word_1_263' title='bbox 3368 2049 3441 2119; x_wconf 87' lang='grc' dir='ltr'>η’,</span> <span class='ocrx_word' id='word_1_264' title='bbox 3489 2050 3869 2121; x_wconf 80' lang='grc' dir='ltr'>δευτεροῦντες</span> 
     </span>
    </p>
   </div>
   <div class='ocr_carea' id='block_1_33' title="bbox 630 2118 3866 2190">
    <p class='ocr_par' dir='ltr' id='par_1_33' title="bbox 630 2118 3866 2190">
     <span class='ocr_line' id='line_1_33' title="bbox 630 2118 3866 2190; baseline -0 -16"><span class='ocrx_word' id='word_1_265' title='bbox 630 2119 793 2190; x_wconf 83' lang='grc' dir='ltr'>αὑτά.</span> <span class='ocrx_word' id='word_1_266' title='bbox 831 2138 850 2171; x_wconf 79' lang='lat' dir='ltr'><strong>t</strong></span> <span class='ocrx_word' id='word_1_267' title='bbox 884 2118 994 2190; x_wconf 83' lang='lat' dir='ltr'><strong>Hoc</strong></span> <span class='ocrx_word' id='word_1_268' title='bbox 1046 2118 1135 2175; x_wconf 73' lang='lat' dir='ltr'><strong>die</strong></span> <span class='ocrx_word' id='word_1_269' title='bbox 1178 2122 1420 2175; x_wconf 76' lang='lat' dir='ltr'><strong>cauimus</strong></span> <span class='ocrx_word' id='word_1_270' title='bbox 1458 2122 1759 2177; x_wconf 85' lang='lat' dir='ltr'><strong>versiculos</strong></span> <span class='ocrx_word' id='word_1_271' title='bbox 1813 2131 1956 2189; x_wconf 90' lang='lat' dir='ltr'><strong>octo,</strong></span> <span class='ocrx_word' id='word_1_272' title='bbox 2004 2119 2153 2187; x_wconf 86' lang='lat' dir='ltr'><strong>ipsos</strong></span> <span class='ocrx_word' id='word_1_273' title='bbox 2218 2118 2579 2190; x_wconf 78' lang='lat' dir='ltr'><strong>duplicantes,</strong></span> <span class='ocrx_word' id='word_1_274' title='bbox 2617 2138 2637 2171; x_wconf 73' lang='grc' dir='ltr'><strong>ι</strong></span> <span class='ocrx_word' id='word_1_275' title='bbox 2674 2121 2879 2173; x_wconf 76' lang='lat' dir='ltr'><strong>Scilicet</strong></span> <span class='ocrx_word' id='word_1_276' title='bbox 2928 2118 3163 2174; x_wconf 83' lang='lat' dir='ltr'><strong>sticltera</strong></span> <span class='ocrx_word' id='word_1_277' title='bbox 3190 2118 3309 2175; x_wconf 45' lang='lat' dir='ltr'><strong>&quot;illa</strong></span> <span class='ocrx_word' id='word_1_278' title='bbox 3355 2118 3588 2190; x_wconf 83' lang='lat' dir='ltr'><strong>quatuor</strong></span> <span class='ocrx_word' id='word_1_279' title='bbox 3634 2118 3755 2189; x_wconf 77' lang='lat' dir='ltr'><strong>qua:</strong></span> <span class='ocrx_word' id='word_1_280' title='bbox 3812 2123 3866 2174; x_wconf 91' lang='lat' dir='ltr'><strong>in</strong></span> 
     </span>
    </p>
   </div>
   <div class='ocr_carea' id='block_1_34' title="bbox 633 2188 1552 2260">
    <p class='ocr_par' dir='ltr' id='par_1_34' title="bbox 633 2188 1552 2260">
     <span class='ocr_line' id='line_1_34' title="bbox 633 2188 1552 2260; baseline 0 -15"><span class='ocrx_word' id='word_1_281' title='bbox 633 2188 849 2246; x_wconf 68' lang='lat' dir='ltr'><strong>Menaeis</strong></span> <span class='ocrx_word' id='word_1_282' title='bbox 879 2189 1165 2255; x_wconf 82' lang='lat' dir='ltr'><strong>habentur,</strong></span> <span class='ocrx_word' id='word_1_283' title='bbox 1200 2200 1259 2244; x_wconf 94' lang='lat' dir='ltr'><strong>ut</strong></span> <span class='ocrx_word' id='word_1_284' title='bbox 1286 2192 1552 2260; x_wconf 86' lang='lat' dir='ltr'><strong>sequitur.</strong></span> 
     </span>
    </p>
   </div>
   <div class='ocr_carea' id='block_1_35' title="bbox 699 2294 2305 2377">
    <p class='ocr_par' dir='ltr' id='par_1_35' title="bbox 699 2294 2275 2375">
     <span class='ocr_line' id='line_1_35' title="bbox 699 2294 2275 2375; baseline -0.001 -14"><span class='ocrx_word' id='word_1_285' title='bbox 699 2304 789 2361; x_wconf 81' lang='lat'><strong>9|.</strong></span> <span class='ocrx_word' id='word_1_286' title='bbox 862 2303 1225 2360; x_wconf 89' lang='lat' dir='ltr'><strong>Instrumenta</strong></span> <span class='ocrx_word' id='word_1_287' title='bbox 1293 2306 1531 2374; x_wconf 68' lang='lat' dir='ltr'><strong>gratiae;</strong></span> <span class='ocrx_word' id='word_1_288' title='bbox 1606 2304 1836 2375; x_wconf 86' lang='lat' dir='ltr'><strong>Spiritus</strong></span> <span class='ocrx_word' id='word_1_289' title='bbox 1907 2294 2275 2372; x_wconf 77' lang='lat' dir='ltr'><strong>citharas;B</strong></span> 
     </span>
    </p>
   </div>
   <div class='ocr_carea' id='block_1_36' title="bbox 2266 2294 3872 2377">
    <p class='ocr_par' dir='ltr' id='par_1_36' title="bbox 2266 2299 3872 2377">
     <span class='ocr_line' id='line_1_36' title="bbox 2266 2299 3872 2377; baseline 0 -18"><span class='ocrx_word' id='word_1_290' title='bbox 2266 2299 2275 2347; x_wconf 65' lang='grc' dir='ltr'>ι</span> <span class='ocrx_word' id='word_1_291' title='bbox 2370 2305 2450 2359; x_wconf 70' lang='grc' dir='ltr'>Τὰ</span> <span class='ocrx_word' id='word_1_292' title='bbox 2497 2305 2595 2376; x_wconf 83' lang='grc' dir='ltr'>τῆς</span> <span class='ocrx_word' id='word_1_293' title='bbox 2632 2304 2855 2375; x_wconf 82' lang='grc' dir='ltr'>χάριτος</span> <span class='ocrx_word' id='word_1_294' title='bbox 2886 2303 3113 2376; x_wconf 78' lang='grc' dir='ltr'>ὄργανα,</span> <span class='ocrx_word' id='word_1_295' title='bbox 3144 2304 3244 2368; x_wconf 78' lang='grc' dir='ltr'>τὰς</span> <span class='ocrx_word' id='word_1_296' title='bbox 3279 2304 3509 2377; x_wconf 82' lang='grc' dir='ltr'><strong>κιθάρας</strong></span> <span class='ocrx_word' id='word_1_297' title='bbox 3555 2304 3649 2360; x_wconf 78' lang='grc' dir='ltr'>τοῦ</span> <span class='ocrx_word' id='word_1_298' title='bbox 3696 2306 3872 2359; x_wconf 86' lang='grc' dir='ltr'>Πνεύ-</span> 
     </span>
    </p>
   </div>
   <div class='ocr_carea' id='block_1_37' title="bbox 634 2395 2240 2471">
    <p class='ocr_par' dir='ltr' id='par_1_37' title="bbox 634 2395 2197 2466">
     <span class='ocr_line' id='line_1_37' title="bbox 634 2395 2197 2466; baseline 0.001 -15"><span class='ocrx_word' id='word_1_299' title='bbox 634 2396 875 2466; x_wconf 82' lang='lat' dir='ltr'><strong>insignes</strong></span> <span class='ocrx_word' id='word_1_300' title='bbox 905 2395 1182 2465; x_wconf 74' lang='lat' dir='ltr'><strong>Evangelii</strong></span> <span class='ocrx_word' id='word_1_301' title='bbox 1214 2395 1405 2450; x_wconf 87' lang='lat' dir='ltr'><strong>tubas:</strong></span> <span class='ocrx_word' id='word_1_302' title='bbox 1434 2398 1725 2452; x_wconf 83' lang='lat' dir='ltr'><strong>terriﬁcum</strong></span> <span class='ocrx_word' id='word_1_303' title='bbox 1757 2410 1811 2452; x_wconf 93' lang='lat' dir='ltr'><strong>et</strong></span> <span class='ocrx_word' id='word_1_304' title='bbox 1843 2397 2009 2452; x_wconf 88' lang='lat' dir='ltr'><strong>altum</strong></span> <span class='ocrx_word' id='word_1_305' title='bbox 2046 2413 2197 2452; x_wconf 84' lang='lat' dir='ltr'><strong>reso-</strong></span> 
     </span>
    </p>
   </div>
   <div class='ocr_carea' id='block_1_38' title="bbox 2266 2395 3872 2471">
    <p class='ocr_par' dir='ltr' id='par_1_38' title="bbox 2301 2397 3872 2471">
     <span class='ocr_line' id='line_1_38' title="bbox 2301 2397 3872 2471; baseline 0.001 -20"><span class='ocrx_word' id='word_1_306' title='bbox 2301 2414 2488 2469; x_wconf 83' lang='grc' dir='ltr'>ματος,</span> <span class='ocrx_word' id='word_1_307' title='bbox 2521 2398 2619 2461; x_wconf 78' lang='grc' dir='ltr'>τὰς</span> <span class='ocrx_word' id='word_1_308' title='bbox 2646 2398 2917 2469; x_wconf 83' lang='grc' dir='ltr'>εὐσήμους</span> <span class='ocrx_word' id='word_1_309' title='bbox 2938 2397 3242 2465; x_wconf 79' lang='grc' dir='ltr'>σάλπιγγας</span> <span class='ocrx_word' id='word_1_310' title='bbox 3264 2398 3356 2451; x_wconf 83' lang='grc' dir='ltr'>τοῦ</span> <span class='ocrx_word' id='word_1_311' title='bbox 3379 2398 3750 2471; x_wconf 82' lang='grc' dir='ltr'>κηρύγματος,</span> <span class='ocrx_word' id='word_1_312' title='bbox 3774 2401 3872 2462; x_wconf 78' lang='grc' dir='ltr'>τὰς</span> 
     </span>
    </p>
   </div>
   <div class='ocr_carea' id='block_1_39' title="bbox 635 2488 2241 2564">
    <p class='ocr_par' dir='ltr' id='par_1_39' title="bbox 635 2488 2195 2562">
     <span class='ocr_line' id='line_1_39' title="bbox 635 2488 2195 2562; baseline 0.001 -19"><span class='ocrx_word' id='word_1_313' title='bbox 635 2490 821 2544; x_wconf 87' lang='lat' dir='ltr'><strong>nantia</strong></span> <span class='ocrx_word' id='word_1_314' title='bbox 854 2488 907 2543; x_wconf 89' lang='lat' dir='ltr'><strong>in</strong></span> <span class='ocrx_word' id='word_1_315' title='bbox 939 2489 1075 2545; x_wconf 65' lang='lat' dir='ltr'><strong>caelo</strong></span> <span class='ocrx_word' id='word_1_316' title='bbox 1106 2489 1364 2557; x_wconf 85' lang='lat' dir='ltr'><strong>tonitrua,</strong></span> <span class='ocrx_word' id='word_1_317' title='bbox 1390 2490 1590 2561; x_wconf 78' lang='lat' dir='ltr'><strong>Deique</strong></span> <span class='ocrx_word' id='word_1_318' title='bbox 1613 2492 1843 2562; x_wconf 90' lang='lat' dir='ltr'><strong>gloriam</strong></span> <span class='ocrx_word' id='word_1_319' title='bbox 1871 2494 2195 2547; x_wconf 84' lang='lat' dir='ltr'><strong>annuntian-</strong></span> 
     </span>
    </p>
   </div>
   <div class='ocr_carea' id='block_1_40' title="bbox 2262 2488 3868 2564">
    <p class='ocr_par' dir='ltr' id='par_1_40' title="bbox 2299 2488 3868 2564">
     <span class='ocr_line' id='line_1_40' title="bbox 2299 2488 3868 2564; baseline 0.006 -21"><span class='ocrx_word' id='word_1_320' title='bbox 2299 2490 2524 2563; x_wconf 78' lang='grc' dir='ltr'>φοϐερὸν</span> <span class='ocrx_word' id='word_1_321' title='bbox 2554 2491 2645 2544; x_wconf 71' lang='grc' dir='ltr'><strong>καὶ</strong></span> <span class='ocrx_word' id='word_1_322' title='bbox 2674 2488 2997 2555; x_wconf 82' lang='grc' dir='ltr'>ἐξάκουστον</span> <span class='ocrx_word' id='word_1_323' title='bbox 3028 2490 3088 2555; x_wconf 81' lang='grc' dir='ltr'><strong>ἐξ</strong></span> <span class='ocrx_word' id='word_1_324' title='bbox 3133 2490 3300 2560; x_wconf 76' lang='grc' dir='ltr'>ὕψους</span> <span class='ocrx_word' id='word_1_325' title='bbox 3341 2492 3580 2562; x_wconf 71' lang='grc' dir='ltr'>ἡκούσας</span> <span class='ocrx_word' id='word_1_326' title='bbox 3618 2492 3868 2564; x_wconf 79' lang='grc' dir='ltr'>βροντὰς.</span> 
     </span>
    </p>
   </div>
   <div class='ocr_carea' id='block_1_41' title="bbox 635 2578 2241 2656">
    <p class='ocr_par' dir='ltr' id='par_1_41' title="bbox 635 2578 2198 2651">
     <span class='ocr_line' id='line_1_41' title="bbox 635 2578 2198 2651; baseline 0 -16"><span class='ocrx_word' id='word_1_327' title='bbox 635 2580 707 2635; x_wconf 86' lang='lat' dir='ltr'><strong>tia</strong></span> <span class='ocrx_word' id='word_1_328' title='bbox 736 2578 932 2636; x_wconf 90' lang='lat' dir='ltr'><strong>ﬁnibus</strong></span> <span class='ocrx_word' id='word_1_329' title='bbox 960 2591 1145 2647; x_wconf 65' lang='lat' dir='ltr'><strong>terrae;</strong></span> <span class='ocrx_word' id='word_1_330' title='bbox 1176 2596 1455 2651; x_wconf 70' lang='lat' dir='ltr'><strong>praecones</strong></span> <span class='ocrx_word' id='word_1_331' title='bbox 1486 2581 1805 2649; x_wconf 84' lang='lat' dir='ltr'><strong>trigeminos</strong></span> <span class='ocrx_word' id='word_1_332' title='bbox 1841 2596 2049 2649; x_wconf 73' lang='lat' dir='ltr'><strong>magna:</strong></span> <span class='ocrx_word' id='word_1_333' title='bbox 2080 2583 2198 2635; x_wconf 86' lang='lat' dir='ltr'><strong>Tri-</strong></span> 
     </span>
    </p>
   </div>
   <div class='ocr_carea' id='block_1_42' title="bbox 2266 2578 3872 2656">
    <p class='ocr_par' dir='ltr' id='par_1_42' title="bbox 2299 2582 3872 2656">
     <span class='ocr_line' id='line_1_42' title="bbox 2299 2582 3872 2656; baseline 0.001 -21"><span class='ocrx_word' id='word_1_334' title='bbox 2299 2584 2392 2636; x_wconf 80' lang='grc' dir='ltr'>καὶ</span> <span class='ocrx_word' id='word_1_335' title='bbox 2411 2583 2510 2653; x_wconf 78' lang='grc' dir='ltr'>τὴν</span> <span class='ocrx_word' id='word_1_336' title='bbox 2537 2582 2691 2646; x_wconf 78' lang='grc' dir='ltr'>δόξαν</span> <span class='ocrx_word' id='word_1_337' title='bbox 2719 2582 2811 2635; x_wconf 83' lang='grc' dir='ltr'>τοῦ</span> <span class='ocrx_word' id='word_1_338' title='bbox 2827 2582 2960 2636; x_wconf 78' lang='grc' dir='ltr'>Θεοῦ</span> <span class='ocrx_word' id='word_1_339' title='bbox 2982 2583 3351 2652; x_wconf 75' lang='grc' dir='ltr'>γνωριζούσας</span> <span class='ocrx_word' id='word_1_340' title='bbox 3364 2588 3478 2648; x_wconf 84' lang='grc' dir='ltr'>τοῖς</span> <span class='ocrx_word' id='word_1_341' title='bbox 3501 2585 3721 2656; x_wconf 84' lang='grc' dir='ltr'>πέρασι·</span> <span class='ocrx_word' id='word_1_342' title='bbox 3744 2585 3872 2648; x_wconf 73' lang='grc' dir='ltr'>τοὺς</span> 
     </span>
    </p>
   </div>
   <div class='ocr_carea' id='block_1_43' title="bbox 640 2668 2246 2744">
    <p class='ocr_par' dir='ltr' id='par_1_43' title="bbox 640 2668 2201 2744">
     <span class='ocr_line' id='line_1_43' title="bbox 640 2668 2201 2744; baseline 0.002 -20"><span class='ocrx_word' id='word_1_343' title='bbox 640 2673 848 2738; x_wconf 88' lang='lat' dir='ltr'><strong>uitatis,</strong></span> <span class='ocrx_word' id='word_1_344' title='bbox 872 2670 1138 2727; x_wconf 87' lang='lat' dir='ltr'><strong>Joannem</strong></span> <span class='ocrx_word' id='word_1_345' title='bbox 1170 2682 1225 2727; x_wconf 91' lang='lat' dir='ltr'><strong>et</strong></span> <span class='ocrx_word' id='word_1_346' title='bbox 1248 2672 1512 2726; x_wconf 83' lang='lat' dir='ltr'><strong>Basilium</strong></span> <span class='ocrx_word' id='word_1_347' title='bbox 1564 2686 1685 2726; x_wconf 88' lang='lat' dir='ltr'><strong>cum</strong></span> <span class='ocrx_word' id='word_1_348' title='bbox 1728 2668 1994 2743; x_wconf 78' lang='lat' dir='ltr'><strong>Gregorio</strong></span> <span class='ocrx_word' id='word_1_349' title='bbox 2042 2674 2201 2744; x_wconf 78' lang='lat' dir='ltr'><strong>digne</strong></span> 
     </span>
    </p>
   </div>
   <div class='ocr_carea' id='block_1_44' title="bbox 2266 2668 3872 2744">
    <p class='ocr_par' dir='ltr' id='par_1_44' title="bbox 2298 2668 3872 2740">
     <span class='ocr_line' id='line_1_44' title="bbox 2298 2668 3872 2740; baseline 0.001 -19"><span class='ocrx_word' id='word_1_350' title='bbox 2298 2672 2447 2740; x_wconf 81' lang='grc' dir='ltr'>τρεῖς</span> <span class='ocrx_word' id='word_1_351' title='bbox 2476 2670 2724 2740; x_wconf 83' lang='grc' dir='ltr'>κήρυκας</span> <span class='ocrx_word' id='word_1_352' title='bbox 2754 2668 2852 2738; x_wconf 80' lang='grc' dir='ltr'>τῆς</span> <span class='ocrx_word' id='word_1_353' title='bbox 2911 2669 3152 2739; x_wconf 79' lang='grc' dir='ltr'>μεγάλης</span> <span class='ocrx_word' id='word_1_354' title='bbox 3199 2670 3443 2740; x_wconf 84' lang='grc' dir='ltr'>Τριάδος,</span> <span class='ocrx_word' id='word_1_355' title='bbox 3495 2671 3749 2740; x_wconf 76' lang='grc' dir='ltr'>Ἰωάννην</span> <span class='ocrx_word' id='word_1_356' title='bbox 3775 2672 3872 2723; x_wconf 75' lang='grc' dir='ltr'>καὶ</span> 
     </span>
    </p>
   </div>
   <div class='ocr_carea' id='block_1_45' title="bbox 639 2759 2245 2832">
    <p class='ocr_par' dir='ltr' id='par_1_45' title="bbox 639 2760 1126 2817">
     <span class='ocr_line' id='line_1_45' title="bbox 639 2760 1126 2817; baseline 0.004 -2"><span class='ocrx_word' id='word_1_357' title='bbox 639 2762 985 2816; x_wconf 88' lang='lat' dir='ltr'><strong>honorcmus.</strong></span> <span class='ocrx_word' id='word_1_358' title='bbox 1017 2760 1126 2817; x_wconf 86' lang='lat' dir='ltr'><strong>Bis.</strong></span> 
     </span>
    </p>
   </div>
   <div class='ocr_carea' id='block_1_46' title="bbox 2197 2759 3803 2832">
    <p class='ocr_par' dir='ltr' id='par_1_46' title="bbox 2301 2759 3803 2832">
     <span class='ocr_line' id='line_1_46' title="bbox 2301 2759 3803 2832; baseline -0.001 -17"><span class='ocrx_word' id='word_1_359' title='bbox 2301 2761 2577 2815; x_wconf 81' lang='grc' dir='ltr'>Βασίλειον</span> <span class='ocrx_word' id='word_1_360' title='bbox 2633 2759 2798 2825; x_wconf 80' lang='grc' dir='ltr'>άξὲως</span> <span class='ocrx_word' id='word_1_361' title='bbox 2842 2761 2937 2814; x_wconf 85' lang='grc' dir='ltr'><strong>σὺν</strong></span> <span class='ocrx_word' id='word_1_362' title='bbox 2978 2760 3016 2811; x_wconf 90' lang='grc' dir='ltr'>Γ</span> <span class='ocrx_word' id='word_1_363' title='bbox 3024 2762 3259 2831; x_wconf 86' lang='grc' dir='ltr'>ρηγορίῳ</span> <span class='ocrx_word' id='word_1_364' title='bbox 3310 2762 3648 2832; x_wconf 85' lang='grc' dir='ltr'>τιμήσωμεν.</span> <span class='ocrx_word' id='word_1_365' title='bbox 3693 2761 3803 2824; x_wconf 90' lang='grc' dir='ltr'>Δίς.</span> 
     </span>
    </p>
   </div>
   <div class='ocr_carea' id='block_1_47' title="bbox 705 2850 2311 2926">
    <p class='ocr_par' dir='ltr' id='par_1_47' title="bbox 705 2853 2202 2926">
     <span class='ocr_line' id='line_1_47' title="bbox 705 2853 2202 2926; baseline 0.001 -17"><span class='ocrx_word' id='word_1_366' title='bbox 705 2853 795 2909; x_wconf 79' lang='lat'><strong>92.</strong></span> <span class='ocrx_word' id='word_1_367' title='bbox 845 2853 1133 2910; x_wconf 80' lang='lat' dir='ltr'><strong>Trinitatis</strong></span> <span class='ocrx_word' id='word_1_368' title='bbox 1174 2864 1646 2926; x_wconf 88' lang='lat' dir='ltr'><strong>propugnatores;</strong></span> <span class='ocrx_word' id='word_1_369' title='bbox 1694 2856 1912 2925; x_wconf 89' lang='lat' dir='ltr'><strong>pietatis</strong></span> <span class='ocrx_word' id='word_1_370' title='bbox 1958 2855 2202 2911; x_wconf 78' lang='lat' dir='ltr'><strong>defenso-</strong></span> 
     </span>
    </p>
   </div>
   <div class='ocr_carea' id='block_1_48' title="bbox 2266 2850 3872 2926">
    <p class='ocr_par' dir='ltr' id='par_1_48' title="bbox 2367 2850 3872 2925">
     <span class='ocr_line' id='line_1_48' title="bbox 2367 2850 3872 2925; baseline -0.002 -18"><span class='ocrx_word' id='word_1_371' title='bbox 2367 2854 2476 2925; x_wconf 84' lang='grc' dir='ltr'><strong>Τῆς</strong></span> <span class='ocrx_word' id='word_1_372' title='bbox 2517 2852 2743 2925; x_wconf 86' lang='grc' dir='ltr'>Τριάδος</span> <span class='ocrx_word' id='word_1_373' title='bbox 2776 2852 2826 2905; x_wconf 82' lang='grc' dir='ltr'><strong>οἰ</strong></span> <span class='ocrx_word' id='word_1_374' title='bbox 2878 2850 3171 2923; x_wconf 82' lang='grc' dir='ltr'>πρόμαχοι,</span> <span class='ocrx_word' id='word_1_375' title='bbox 3206 2850 3483 2914; x_wconf 77' lang='grc' dir='ltr'>εὐσεϐείας</span> <span class='ocrx_word' id='word_1_376' title='bbox 3514 2853 3563 2904; x_wconf 86' lang='grc' dir='ltr'><strong>οί</strong></span> <span class='ocrx_word' id='word_1_377' title='bbox 3595 2850 3872 2920; x_wconf 78' lang='grc' dir='ltr'>πρόὸολοι,</span> 
     </span>
    </p>
   </div>
   <div class='ocr_carea' id='block_1_49' title="bbox 640 2943 2246 3019">
    <p class='ocr_par' dir='ltr' id='par_1_49' title="bbox 640 2947 2199 3018">
     <span class='ocr_line' id='line_1_49' title="bbox 640 2947 2199 3018; baseline 0.002 -18"><span class='ocrx_word' id='word_1_378' title='bbox 640 2960 761 3013; x_wconf 88' lang='lat' dir='ltr'><strong>res;</strong></span> <span class='ocrx_word' id='word_1_379' title='bbox 805 2955 926 3015; x_wconf 89' lang='lat' dir='ltr'><strong>post</strong></span> <span class='ocrx_word' id='word_1_380' title='bbox 976 2947 1097 3002; x_wconf 87' lang='lat' dir='ltr'><strong>illos</strong></span> <span class='ocrx_word' id='word_1_381' title='bbox 1127 2947 1409 3001; x_wconf 89' lang='lat' dir='ltr'><strong>duodecim</strong></span> <span class='ocrx_word' id='word_1_382' title='bbox 1439 2986 1456 3012; x_wconf 95' lang='lat'><strong>,</strong></span> <span class='ocrx_word' id='word_1_383' title='bbox 1507 2957 1619 3003; x_wconf 92' lang='lat' dir='ltr'><strong>tres</strong></span> <span class='ocrx_word' id='word_1_384' title='bbox 1666 2948 1924 3018; x_wconf 86' lang='lat' dir='ltr'><strong>apostoli;</strong></span> <span class='ocrx_word' id='word_1_385' title='bbox 1979 2947 2199 3003; x_wconf 90' lang='lat' dir='ltr'><strong>ﬁumina</strong></span> 
     </span>
    </p>
   </div>
   <div class='ocr_carea' id='block_1_50' title="bbox 2270 2943 3876 3019">
    <p class='ocr_par' dir='ltr' id='par_1_50' title="bbox 2299 2943 3876 3019">
     <span class='ocr_line' id='line_1_50' title="bbox 2299 2943 3876 3019; baseline -0.001 -21"><span class='ocrx_word' id='word_1_386' title='bbox 2299 2948 2349 2999; x_wconf 88' lang='grc' dir='ltr'><strong>οἰ</strong></span> <span class='ocrx_word' id='word_1_387' title='bbox 2386 2946 2523 3016; x_wconf 78' lang='grc' dir='ltr'>μετὰ</span> <span class='ocrx_word' id='word_1_388' title='bbox 2555 2946 2679 3008; x_wconf 75' lang='grc' dir='ltr'>τοὺς</span> <span class='ocrx_word' id='word_1_389' title='bbox 2713 2945 2917 2999; x_wconf 86' lang='grc' dir='ltr'>δώδεκα</span> <span class='ocrx_word' id='word_1_390' title='bbox 2968 2947 3117 3019; x_wconf 83' lang='grc' dir='ltr'>τρεῖς</span> <span class='ocrx_word' id='word_1_391' title='bbox 3168 2944 3473 3008; x_wconf 84' lang='grc' dir='ltr'>ἀπόστολοι,</span> <span class='ocrx_word' id='word_1_392' title='bbox 3516 2944 3564 2995; x_wconf 87' lang='grc' dir='ltr'>οἱ</span> <span class='ocrx_word' id='word_1_393' title='bbox 3600 2943 3659 3007; x_wconf 84' lang='grc' dir='ltr'><strong>ἐξ</strong></span> <span class='ocrx_word' id='word_1_394' title='bbox 3713 2944 3876 3014; x_wconf 80' lang='grc' dir='ltr'>Ἐδὲμ</span> 
     </span>
    </p>
   </div>
   <div class='ocr_carea' id='block_1_51' title="bbox 638 3034 2244 3108">
    <p class='ocr_par' dir='ltr' id='par_1_51' title="bbox 638 3036 2204 3107">
     <span class='ocr_line' id='line_1_51' title="bbox 638 3036 2204 3107; baseline 0.003 -18"><span class='ocrx_word' id='word_1_395' title='bbox 638 3051 834 3107; x_wconf 81' lang='lat' dir='ltr'><strong>aquam</strong></span> <span class='ocrx_word' id='word_1_396' title='bbox 864 3036 1039 3091; x_wconf 91' lang='lat' dir='ltr'><strong>vivam</strong></span> <span class='ocrx_word' id='word_1_397' title='bbox 1096 3038 1345 3093; x_wconf 88' lang='lat' dir='ltr'><strong>vehentia</strong></span> <span class='ocrx_word' id='word_1_398' title='bbox 1389 3053 1457 3093; x_wconf 78' lang='lat' dir='ltr'><strong>ex</strong></span> <span class='ocrx_word' id='word_1_399' title='bbox 1515 3037 1707 3105; x_wconf 85' lang='lat' dir='ltr'><strong>Edem,</strong></span> <span class='ocrx_word' id='word_1_400' title='bbox 1737 3048 1793 3093; x_wconf 91' lang='lat' dir='ltr'><strong>et</strong></span> <span class='ocrx_word' id='word_1_401' title='bbox 1822 3038 2013 3093; x_wconf 85' lang='lat' dir='ltr'><strong>l’acietn</strong></span> <span class='ocrx_word' id='word_1_402' title='bbox 2046 3050 2204 3094; x_wconf 64' lang='lat' dir='ltr'><strong>terra:</strong></span> 
     </span>
    </p>
   </div>
   <div class='ocr_carea' id='block_1_52' title="bbox 2269 3034 3875 3108">
    <p class='ocr_par' dir='ltr' id='par_1_52' title="bbox 2302 3034 3875 3108">
     <span class='ocr_line' id='line_1_52' title="bbox 2302 3034 3875 3108; baseline -0.002 -19"><span class='ocrx_word' id='word_1_403' title='bbox 2302 3035 2687 3099; x_wconf 76' lang='grc' dir='ltr'>ἀνασλύςοντες</span> <span class='ocrx_word' id='word_1_404' title='bbox 2710 3037 2771 3088; x_wconf 85' lang='grc' dir='ltr'><strong>τὸ</strong></span> <span class='ocrx_word' id='word_1_405' title='bbox 2802 3036 2909 3099; x_wconf 74' lang='grc' dir='ltr'><strong>ζῶν</strong></span> <span class='ocrx_word' id='word_1_406' title='bbox 2938 3036 3081 3108; x_wconf 82' lang='grc' dir='ltr'>ὓδωρ</span> <span class='ocrx_word' id='word_1_407' title='bbox 3105 3054 3241 3089; x_wconf 89' lang='grc' dir='ltr'>ποτα</span> <span class='ocrx_word' id='word_1_408' title='bbox 3249 3036 3359 3108; x_wconf 76' lang='grc' dir='ltr'>μοί,</span> <span class='ocrx_word' id='word_1_409' title='bbox 3382 3035 3548 3089; x_wconf 74' lang='grc' dir='ltr'>καὶτὸ</span> <span class='ocrx_word' id='word_1_410' title='bbox 3582 3034 3875 3107; x_wconf 83' lang='grc' dir='ltr'>πρόσωπον</span> 
     </span>
    </p>
   </div>
   <div class='ocr_carea' id='block_1_53' title="bbox 638 3126 2244 3200">
    <p class='ocr_par' dir='ltr' id='par_1_53' title="bbox 638 3129 2201 3200">
     <span class='ocr_line' id='line_1_53' title="bbox 638 3129 2201 3200; baseline 0 -17"><span class='ocrx_word' id='word_1_411' title='bbox 638 3129 818 3185; x_wconf 88' lang='lat' dir='ltr'><strong>divino</strong></span> <span class='ocrx_word' id='word_1_412' title='bbox 846 3145 911 3185; x_wconf 89' lang='lat' dir='ltr'><strong>ac</strong></span> <span class='ocrx_word' id='word_1_413' title='bbox 946 3129 1157 3186; x_wconf 86' lang='lat' dir='ltr'><strong>viviﬁco</strong></span> <span class='ocrx_word' id='word_1_414' title='bbox 1199 3129 1343 3184; x_wconf 80' lang='lat' dir='ltr'><strong>ﬁuxu</strong></span> <span class='ocrx_word' id='word_1_415' title='bbox 1381 3132 1651 3200; x_wconf 80' lang='lat' dir='ltr'><strong>rigantia;</strong></span> <span class='ocrx_word' id='word_1_416' title='bbox 1687 3144 1880 3199; x_wconf 86' lang='lat' dir='ltr'><strong>magna</strong></span> <span class='ocrx_word' id='word_1_417' title='bbox 1912 3130 2201 3197; x_wconf 90' lang='lat' dir='ltr'><strong>elementa,</strong></span> 
     </span>
    </p>
   </div>
   <div class='ocr_carea' id='block_1_54' title="bbox 2270 3126 3876 3200">
    <p class='ocr_par' dir='ltr' id='par_1_54' title="bbox 2300 3126 3876 3200">
     <span class='ocr_line' id='line_1_54' title="bbox 2300 3126 3876 3200; baseline -0.001 -20"><span class='ocrx_word' id='word_1_418' title='bbox 2300 3127 2402 3198; x_wconf 82' lang='grc' dir='ltr'><strong>τῆς</strong></span> <span class='ocrx_word' id='word_1_419' title='bbox 2453 3128 2556 3197; x_wconf 82' lang='grc' dir='ltr'>γῆς</span> <span class='ocrx_word' id='word_1_420' title='bbox 2582 3126 2910 3199; x_wconf 78' lang='grc' dir='ltr'>ζωηρρύτως</span> <span class='ocrx_word' id='word_1_421' title='bbox 2955 3130 3260 3193; x_wconf 80' lang='grc' dir='ltr'>ποτίζοντες</span> <span class='ocrx_word' id='word_1_422' title='bbox 3306 3129 3469 3193; x_wconf 82' lang='grc' dir='ltr'>θείοις</span> <span class='ocrx_word' id='word_1_423' title='bbox 3503 3127 3753 3200; x_wconf 77' lang='grc' dir='ltr'>ῥεύμασι·</span> <span class='ocrx_word' id='word_1_424' title='bbox 3807 3126 3876 3179; x_wconf 76' lang='grc' dir='ltr'>τὰ</span> 
     </span>
    </p>
   </div>
   <div class='ocr_carea' id='block_1_55' title="bbox 642 3217 2248 3292">
    <p class='ocr_par' dir='ltr' id='par_1_55' title="bbox 642 3219 2201 3290">
     <span class='ocr_line' id='line_1_55' title="bbox 642 3219 2201 3290; baseline 0.004 -19"><span class='ocrx_word' id='word_1_425' title='bbox 642 3220 798 3275; x_wconf 88' lang='lat' dir='ltr'><strong>Iidem</strong></span> <span class='ocrx_word' id='word_1_426' title='bbox 848 3219 1011 3276; x_wconf 75' lang='lat' dir='ltr'><strong>veluti</strong></span> <span class='ocrx_word' id='word_1_427' title='bbox 1070 3221 1307 3289; x_wconf 88' lang='lat' dir='ltr'><strong>aliquam</strong></span> <span class='ocrx_word' id='word_1_428' title='bbox 1341 3220 1601 3277; x_wconf 83' lang='lat' dir='ltr'><strong>fabricam</strong></span> <span class='ocrx_word' id='word_1_429' title='bbox 1638 3220 2047 3288; x_wconf 85' lang='lat' dir='ltr'><strong>constituentia,</strong></span> <span class='ocrx_word' id='word_1_430' title='bbox 2077 3220 2201 3290; x_wconf 84' lang='lat' dir='ltr'><strong>jure</strong></span> 
     </span>
    </p>
   </div>
   <div class='ocr_carea' id='block_1_56' title="bbox 2268 3217 3874 3292">
    <p class='ocr_par' dir='ltr' id='par_1_56' title="bbox 2306 3217 3874 3292">
     <span class='ocr_line' id='line_1_56' title="bbox 2306 3217 3874 3292; baseline 0.001 -20"><span class='ocrx_word' id='word_1_431' title='bbox 2306 3219 2515 3292; x_wconf 87' lang='grc' dir='ltr'>μεγάλα</span> <span class='ocrx_word' id='word_1_432' title='bbox 2539 3220 2794 3289; x_wconf 78' lang='grc' dir='ltr'>στοιχεῖα,</span> <span class='ocrx_word' id='word_1_433' title='bbox 2819 3217 2887 3271; x_wconf 87' lang='grc' dir='ltr'>τὰ</span> <span class='ocrx_word' id='word_1_434' title='bbox 2918 3217 3012 3289; x_wconf 80' lang='grc' dir='ltr'><strong>τὴν</strong></span> <span class='ocrx_word' id='word_1_435' title='bbox 3040 3219 3217 3274; x_wconf 88' lang='grc' dir='ltr'>πίστιν</span> <span class='ocrx_word' id='word_1_436' title='bbox 3238 3221 3421 3291; x_wconf 83' lang='grc' dir='ltr'>ὥσπερ</span> <span class='ocrx_word' id='word_1_437' title='bbox 3438 3222 3611 3275; x_wconf 83' lang='grc' dir='ltr'>κτίσιν</span> <span class='ocrx_word' id='word_1_438' title='bbox 3634 3219 3874 3273; x_wconf 79' lang='grc' dir='ltr'>συστῶν-</span> 
     </span>
    </p>
   </div>
   <div class='ocr_carea' id='block_1_57' title="bbox 641 3310 2247 3384">
    <p class='ocr_par' dir='ltr' id='par_1_57' title="bbox 641 3312 1360 3371">
     <span class='ocr_line' id='line_1_57' title="bbox 641 3312 1360 3371; baseline -0.003 -3"><span class='ocrx_word' id='word_1_439' title='bbox 641 3313 834 3368; x_wconf 84' lang='lat' dir='ltr'><strong>nterito</strong></span> <span class='ocrx_word' id='word_1_440' title='bbox 858 3313 1211 3371; x_wconf 87' lang='lat' dir='ltr'><strong>bonorentur.</strong></span> <span class='ocrx_word' id='word_1_441' title='bbox 1250 3312 1360 3369; x_wconf 87' lang='lat' dir='ltr'><strong>Bis.</strong></span> 
     </span>
    </p>
   </div>
   <div class='ocr_carea' id='block_1_58' title="bbox 1652 3310 3258 3384">
    <p class='ocr_par' dir='ltr' id='par_1_58' title="bbox 2301 3310 3258 3384">
     <span class='ocr_line' id='line_1_58' title="bbox 2301 3310 3258 3384; baseline -0.001 -18"><span class='ocrx_word' id='word_1_442' title='bbox 2301 3330 2391 3376; x_wconf 85' lang='grc' dir='ltr'><strong>τα,</strong></span> <span class='ocrx_word' id='word_1_443' title='bbox 2429 3311 2723 3384; x_wconf 77' lang='grc' dir='ltr'>ἀξιοχρέως</span> <span class='ocrx_word' id='word_1_444' title='bbox 2750 3310 3119 3383; x_wconf 87' lang='grc' dir='ltr'>τιμάσθωσαν.</span> <span class='ocrx_word' id='word_1_445' title='bbox 3149 3311 3258 3374; x_wconf 91' lang='grc' dir='ltr'>Δίς.</span> 
     </span>
    </p>
   </div>
   <div class='ocr_carea' id='block_1_59' title="bbox 710 3397 2316 3477">
    <p class='ocr_par' dir='ltr' id='par_1_59' title="bbox 710 3403 2204 3477">
     <span class='ocr_line' id='line_1_59' title="bbox 710 3403 2204 3477; baseline -0.002 -16"><span class='ocrx_word' id='word_1_446' title='bbox 710 3403 799 3461; x_wconf 77' lang='grc'><strong>93.</strong></span> <span class='ocrx_word' id='word_1_447' title='bbox 858 3404 973 3462; x_wconf 70' lang='lat' dir='ltr'><strong>Non</strong></span> <span class='ocrx_word' id='word_1_448' title='bbox 1019 3415 1146 3461; x_wconf 91' lang='lat' dir='ltr'><strong>sunt</strong></span> <span class='ocrx_word' id='word_1_449' title='bbox 1191 3406 1436 3476; x_wconf 67' lang='lat' dir='ltr'><strong>loquelae,</strong></span> <span class='ocrx_word' id='word_1_450' title='bbox 1474 3407 1668 3476; x_wconf 90' lang='lat' dir='ltr'><strong>inquit,</strong></span> <span class='ocrx_word' id='word_1_451' title='bbox 1711 3419 1884 3477; x_wconf 86' lang='lat' dir='ltr'><strong>neque</strong></span> <span class='ocrx_word' id='word_1_452' title='bbox 1924 3420 2204 3462; x_wconf 82' lang='lat' dir='ltr'><strong>sermones</strong></span> 
     </span>
    </p>
   </div>
   <div class='ocr_carea' id='block_1_60' title="bbox 2270 3397 3876 3477">
    <p class='ocr_par' dir='ltr' id='par_1_60' title="bbox 2374 3397 3876 3476">
     <span class='ocr_line' id='line_1_60' title="bbox 2374 3397 3876 3476; baseline -0.001 -18"><span class='ocrx_word' id='word_1_453' title='bbox 2374 3406 2487 3458; x_wconf 80' lang='grc' dir='ltr'>Οὐκ</span> <span class='ocrx_word' id='word_1_454' title='bbox 2546 3406 2653 3457; x_wconf 64' lang='grc' dir='ltr'>εἰσ).</span> <span class='ocrx_word' id='word_1_455' title='bbox 2701 3405 2902 3471; x_wconf 86' lang='grc' dir='ltr'>λαλιαί,</span> <span class='ocrx_word' id='word_1_456' title='bbox 2949 3404 3067 3458; x_wconf 85' lang='grc' dir='ltr'><strong>ούδέ</strong></span> <span class='ocrx_word' id='word_1_457' title='bbox 3102 3404 3246 3473; x_wconf 91' lang='grc' dir='ltr'>λόγοι</span> <span class='ocrx_word' id='word_1_458' title='bbox 3285 3404 3585 3473; x_wconf 83' lang='grc' dir='ltr'>λεγόμενοι,</span> <span class='ocrx_word' id='word_1_459' title='bbox 3638 3397 3711 3457; x_wconf 77' lang='grc' dir='ltr'>ὧν</span> <span class='ocrx_word' id='word_1_460' title='bbox 3755 3406 3876 3476; x_wconf 73' lang='grc' dir='ltr'>οὐχὶ</span> 
     </span>
    </p>
   </div>
   <div class='ocr_carea' id='block_1_61' title="bbox 640 3482 2246 3566">
    <p class='ocr_par' dir='ltr' id='par_1_61' title="bbox 640 3482 2203 3562">
     <span class='ocr_line' id='line_1_61' title="bbox 640 3482 2203 3562; baseline -0.001 -13"><span class='ocrx_word' id='word_1_461' title='bbox 640 3510 867 3562; x_wconf 84' lang='lat' dir='ltr'><strong>quorum</strong></span> <span class='ocrx_word' id='word_1_462' title='bbox 933 3510 1039 3550; x_wconf 90' lang='lat' dir='ltr'><strong>non</strong></span> <span class='ocrx_word' id='word_1_463' title='bbox 1102 3482 1391 3550; x_wconf 88' lang='lat' dir='ltr'><strong>audiantur</strong></span> <span class='ocrx_word' id='word_1_464' title='bbox 1455 3512 1615 3551; x_wconf 89' lang='lat' dir='ltr'><strong>voces</strong></span> <span class='ocrx_word' id='word_1_465' title='bbox 1677 3511 1886 3551; x_wconf 89' lang='lat' dir='ltr'><strong>eorum.</strong></span> <span class='ocrx_word' id='word_1_466' title='bbox 1956 3496 2089 3550; x_wconf 75' lang='lat' dir='ltr'><strong>Nam</strong></span> <span class='ocrx_word' id='word_1_467' title='bbox 2152 3497 2203 3549; x_wconf 88' lang='lat' dir='ltr'><strong>in</strong></span> 
     </span>
    </p>
   </div>
   <div class='ocr_carea' id='block_1_62' title="bbox 2274 3482 3880 3566">
    <p class='ocr_par' dir='ltr' id='par_1_62' title="bbox 2305 3494 3880 3566">
     <span class='ocr_line' id='line_1_62' title="bbox 2305 3494 3880 3566; baseline 0.001 -19"><span class='ocrx_word' id='word_1_468' title='bbox 2305 3494 2590 3548; x_wconf 76' lang='grc' dir='ltr'>ἀκούονται</span> <span class='ocrx_word' id='word_1_469' title='bbox 2638 3497 2695 3548; x_wconf 84' lang='grc' dir='ltr'>αἱ</span> <span class='ocrx_word' id='word_1_470' title='bbox 2729 3498 2903 3565; x_wconf 76' lang='grc' dir='ltr'>φωναὶ</span> <span class='ocrx_word' id='word_1_471' title='bbox 2935 3497 3132 3552; x_wconf 62' lang='grc' dir='ltr'>αὐτῶν</span> <span class='ocrx_word' id='word_1_472' title='bbox 3172 3498 3250 3561; x_wconf 83' lang='grc' dir='ltr'><strong>είς</strong></span> <span class='ocrx_word' id='word_1_473' title='bbox 3288 3498 3466 3550; x_wconf 78' lang='grc' dir='ltr'>πᾶσαν</span> <span class='ocrx_word' id='word_1_474' title='bbox 3496 3496 3597 3566; x_wconf 83' lang='grc' dir='ltr'>γῆν</span> <span class='ocrx_word' id='word_1_475' title='bbox 3621 3496 3729 3566; x_wconf 82' lang='grc' dir='ltr'>γὰρ</span> <span class='ocrx_word' id='word_1_476' title='bbox 3780 3498 3880 3549; x_wconf 72' lang='grc' dir='ltr'>καὶ</span> 
     </span>
    </p>
   </div>
   <div class='ocr_carea' id='block_1_63' title="bbox 641 3586 2247 3661">
    <p class='ocr_par' dir='ltr' id='par_1_63' title="bbox 641 3587 2247 3661">
     <span class='ocr_line' id='line_1_63' title="bbox 641 3587 2247 3661; baseline 0.001 -22"><span class='ocrx_word' id='word_1_477' title='bbox 641 3598 857 3639; x_wconf 87' lang='lat' dir='ltr'><strong>omnem</strong></span> <span class='ocrx_word' id='word_1_478' title='bbox 916 3593 1117 3640; x_wconf 86' lang='lat' dir='ltr'><strong>terram</strong></span> <span class='ocrx_word' id='word_1_479' title='bbox 1172 3596 1228 3641; x_wconf 90' lang='lat' dir='ltr'><strong>et</strong></span> <span class='ocrx_word' id='word_1_480' title='bbox 1288 3602 1440 3643; x_wconf 89' lang='lat' dir='ltr'><strong>mare</strong></span> <span class='ocrx_word' id='word_1_481' title='bbox 1493 3588 1664 3643; x_wconf 77' lang='lat' dir='ltr'><strong>exivit</strong></span> <span class='ocrx_word' id='word_1_482' title='bbox 1731 3587 1957 3642; x_wconf 89' lang='lat' dir='ltr'><strong>istorum</strong></span> <span class='ocrx_word' id='word_1_483' title='bbox 2023 3588 2247 3661; x_wconf 52' lang='lat' dir='ltr'><strong>divino‘</strong></span> 
     </span>
    </p>
   </div>
   <div class='ocr_carea' id='block_1_64' title="bbox 2274 3586 3880 3661">
    <p class='ocr_par' dir='ltr' id='par_1_64' title="bbox 2274 3586 3880 3661">
     <span class='ocr_line' id='line_1_64' title="bbox 2274 3586 3880 3661; baseline 0.002 -22"><span class='ocrx_word' id='word_1_484' title='bbox 2274 3637 2279 3656; x_wconf 66' lang='grc'><em>,</em></span> <span class='ocrx_word' id='word_1_485' title='bbox 2311 3586 2582 3640; x_wconf 87' lang='grc' dir='ltr'>θάλασσαν</span> <span class='ocrx_word' id='word_1_486' title='bbox 2611 3589 2639 3639; x_wconf 90' lang='grc' dir='ltr'><strong>ό</strong></span> <span class='ocrx_word' id='word_1_487' title='bbox 2669 3588 2903 3657; x_wconf 84' lang='grc' dir='ltr'>φθόγγος</span> <span class='ocrx_word' id='word_1_488' title='bbox 2933 3590 3194 3661; x_wconf 75' lang='grc' dir='ltr'>ἐξέδραμε</span> <span class='ocrx_word' id='word_1_489' title='bbox 3225 3591 3333 3644; x_wconf 86' lang='grc' dir='ltr'><strong>τῶν</strong></span> <span class='ocrx_word' id='word_1_490' title='bbox 3351 3590 3545 3644; x_wconf 87' lang='grc' dir='ltr'>ἐνθέων</span> <span class='ocrx_word' id='word_1_491' title='bbox 3568 3591 3663 3644; x_wconf 71' lang='grc' dir='ltr'><strong>καὶ</strong></span> <span class='ocrx_word' id='word_1_492' title='bbox 3697 3591 3880 3659; x_wconf 80' lang='grc' dir='ltr'>σοφῶν</span> 
     </span>
    </p>
   </div>
   <div class='ocr_carea' id='block_1_65' title="bbox 644 3635 2250 3754">
    <p class='ocr_par' dir='ltr' id='par_1_65' title="bbox 644 3639 2250 3750">
     <span class='ocr_line' id='line_1_65' title="bbox 644 3639 2250 3750; baseline 0.002 -20"><span class='ocrx_word' id='word_1_493' title='bbox 644 3674 943 3731; x_wconf 80' lang='lat' dir='ltr'><strong>aﬁlatorum</strong></span> <span class='ocrx_word' id='word_1_494' title='bbox 997 3676 1229 3734; x_wconf 70' lang='lat' dir='ltr'><strong>Numine</strong></span> <span class='ocrx_word' id='word_1_495' title='bbox 1256 3687 1311 3733; x_wconf 88' lang='lat' dir='ltr'><strong>et</strong></span> <span class='ocrx_word' id='word_1_496' title='bbox 1342 3678 1665 3750; x_wconf 86' lang='lat' dir='ltr'><strong>sapientium</strong></span> <span class='ocrx_word' id='word_1_497' title='bbox 1702 3679 2081 3750; x_wconf 85' lang='lat' dir='ltr'><strong>magistrorum</strong></span> <span class='ocrx_word' id='word_1_498' title='bbox 2114 3695 2204 3733; x_wconf 85' lang='lat' dir='ltr'><strong>so-</strong></span> <span class='ocrx_word' id='word_1_499' title='bbox 2235 3639 2250 3696; x_wconf 57' lang='lat'><em>‘</em></span> 
     </span>
    </p>
   </div>
   <div class='ocr_carea' id='block_1_66' title="bbox 2274 3635 3880 3754">
    <p class='ocr_par' dir='ltr' id='par_1_66' title="bbox 2274 3635 3880 3754">
     <span class='ocr_line' id='line_1_66' title="bbox 2274 3635 3875 3661; baseline 0.004 -7"><span class='ocrx_word' id='word_1_500' title='bbox 2274 3635 2573 3656; x_wconf 62' lang='lat' dir='ltr'><strong>t&quot;&quot;&quot;&quot;&quot;&quot;</strong></span> <span class='ocrx_word' id='word_1_501' title='bbox 2617 3635 2634 3639; x_wconf 77' lang='lat'>&#39;</span> <span class='ocrx_word' id='word_1_502' title='bbox 2679 3635 2793 3656; x_wconf 64' lang='grc'><strong>1⁷⁷⁷1</strong></span> <span class='ocrx_word' id='word_1_503' title='bbox 2820 3635 2901 3657; x_wconf 62' lang='grc' dir='ltr'>ιτ*</span> <span class='ocrx_word' id='word_1_504' title='bbox 2934 3635 3193 3661; x_wconf 59' lang='grc' dir='ltr'><strong>”Ὅ’⁷Γ“Τ’“</strong></span> <span class='ocrx_word' id='word_1_505' title='bbox 3236 3635 3329 3644; x_wconf 67' lang='grc'><strong>’⁷⁷⁷</strong></span> <span class='ocrx_word' id='word_1_506' title='bbox 3352 3635 3540 3644; x_wconf 67' lang='grc'><strong>“’“⁷””</strong></span> <span class='ocrx_word' id='word_1_507' title='bbox 3570 3635 3663 3644; x_wconf 72' lang='grc'><strong>”’”“</strong></span> <span class='ocrx_word' id='word_1_508' title='bbox 3702 3635 3875 3659; x_wconf 55' lang='grc' dir='ltr'><strong>⁷⁷Ϊ“”’</strong></span> 
     </span>
     <span class='ocr_line' id='line_1_67' title="bbox 2274 3675 3880 3754; baseline 0.001 -23"><span class='ocrx_word' id='word_1_509' title='bbox 2274 3675 2639 3733; x_wconf 84' lang='grc' dir='ltr'>’διδασκάλων</span> <span class='ocrx_word' id='word_1_510' title='bbox 2698 3679 2798 3749; x_wconf 77' lang='grc' dir='ltr'><strong>τῆς</strong></span> <span class='ocrx_word' id='word_1_511' title='bbox 2844 3680 3090 3743; x_wconf 80' lang='grc' dir='ltr'>κτίσεως·</span> <span class='ocrx_word' id='word_1_512' title='bbox 3158 3680 3278 3735; x_wconf 83' lang='grc' dir='ltr'>ὅθεν</span> <span class='ocrx_word' id='word_1_513' title='bbox 3309 3682 3504 3754; x_wconf 76' lang='grc' dir='ltr'>ἄριστα</span> <span class='ocrx_word' id='word_1_514' title='bbox 3554 3686 3665 3747; x_wconf 90' lang='grc' dir='ltr'>τοῖς</span> <span class='ocrx_word' id='word_1_515' title='bbox 3697 3680 3880 3737; x_wconf 79' lang='grc' dir='ltr'>αὐτῶν</span> 
     </span>
    </p>
   </div>
   <div class='ocr_carea' id='block_1_67' title="bbox 647 3769 2253 3846">
    <p class='ocr_par' dir='ltr' id='par_1_67' title="bbox 647 3769 2204 3843">
     <span class='ocr_line' id='line_1_68' title="bbox 647 3769 2204 3843; baseline 0.003 -21"><span class='ocrx_word' id='word_1_516' title='bbox 647 3782 747 3822; x_wconf 88' lang='lat' dir='ltr'><strong>nus</strong></span> <span class='ocrx_word' id='word_1_517' title='bbox 784 3787 797 3822; x_wconf 90' lang='lat'>:</span> <span class='ocrx_word' id='word_1_518' title='bbox 835 3769 975 3823; x_wconf 91' lang='lat' dir='ltr'><strong>unde</strong></span> <span class='ocrx_word' id='word_1_519' title='bbox 998 3769 1235 3840; x_wconf 90' lang='lat' dir='ltr'><strong>ipsorum</strong></span> <span class='ocrx_word' id='word_1_520' title='bbox 1269 3770 1477 3841; x_wconf 84' lang='lat' dir='ltr'><strong>legibus</strong></span> <span class='ocrx_word' id='word_1_521' title='bbox 1496 3771 1697 3841; x_wconf 85' lang='lat' dir='ltr'><strong>optime</strong></span> <span class='ocrx_word' id='word_1_522' title='bbox 1732 3771 1785 3825; x_wconf 93' lang='lat' dir='ltr'><strong>in</strong></span> <span class='ocrx_word' id='word_1_523' title='bbox 1833 3770 1955 3827; x_wconf 92' lang='lat' dir='ltr'><strong>ﬁdei</strong></span> <span class='ocrx_word' id='word_1_524' title='bbox 1984 3771 2204 3843; x_wconf 87' lang='lat' dir='ltr'><strong>integri-</strong></span> 
     </span>
    </p>
   </div>
   <div class='ocr_carea' id='block_1_68' title="bbox 2273 3769 3879 3846">
    <p class='ocr_par' dir='ltr' id='par_1_68' title="bbox 2309 3771 3879 3846">
     <span class='ocr_line' id='line_1_69' title="bbox 2309 3771 3879 3846; baseline 0.001 -21"><span class='ocrx_word' id='word_1_525' title='bbox 2309 3772 2470 3836; x_wconf 88' lang='grc' dir='ltr'>θείοις</span> <span class='ocrx_word' id='word_1_526' title='bbox 2502 3771 2687 3843; x_wconf 90' lang='grc' dir='ltr'>νόμοις</span> <span class='ocrx_word' id='word_1_527' title='bbox 2728 3774 3113 3842; x_wconf 87' lang='grc' dir='ltr'>συγκρατεῖται</span> <span class='ocrx_word' id='word_1_528' title='bbox 3144 3774 3236 3826; x_wconf 83' lang='grc' dir='ltr'>καὶ</span> <span class='ocrx_word' id='word_1_529' title='bbox 3276 3774 3553 3843; x_wconf 80' lang='grc' dir='ltr'>συνέχεται</span> <span class='ocrx_word' id='word_1_530' title='bbox 3586 3774 3719 3846; x_wconf 78' lang='grc' dir='ltr'>πρὸς</span> <span class='ocrx_word' id='word_1_531' title='bbox 3751 3774 3879 3845; x_wconf 83' lang='grc' dir='ltr'>μίαν</span> 
     </span>
    </p>
   </div>
   <div class='ocr_carea' id='block_1_69' title="bbox 598 3862 2204 3935">
    <p class='ocr_par' dir='ltr' id='par_1_69' title="bbox 598 3862 2204 3924">
     <span class='ocr_line' id='line_1_70' title="bbox 598 3862 2204 3924; baseline 0.006 -11"><span class='ocrx_word' id='word_1_532' title='bbox 598 3865 607 3871; x_wconf 77' lang='lat'><em>‘</em></span> <span class='ocrx_word' id='word_1_533' title='bbox 647 3868 756 3914; x_wconf 85' lang='lat' dir='ltr'><strong>tate</strong></span> <span class='ocrx_word' id='word_1_534' title='bbox 790 3862 1133 3915; x_wconf 89' lang='lat' dir='ltr'><strong>continentur</strong></span> <span class='ocrx_word' id='word_1_535' title='bbox 1165 3872 1220 3917; x_wconf 91' lang='lat' dir='ltr'><strong>et</strong></span> <span class='ocrx_word' id='word_1_536' title='bbox 1246 3874 1638 3920; x_wconf 88' lang='lat' dir='ltr'><strong>conservantur</strong></span> <span class='ocrx_word' id='word_1_537' title='bbox 1684 3863 1819 3922; x_wconf 85' lang='lat' dir='ltr'><strong>ﬁnes</strong></span> <span class='ocrx_word' id='word_1_538' title='bbox 1847 3866 1997 3923; x_wconf 90' lang='lat' dir='ltr'><strong>orbis</strong></span> <span class='ocrx_word' id='word_1_539' title='bbox 2030 3878 2204 3924; x_wconf 66' lang='lat' dir='ltr'><strong>terra.</strong></span> 
     </span>
    </p>
   </div>
   <div class='ocr_carea' id='block_1_70' title="bbox 1498 3862 3104 3935">
    <p class='ocr_par' dir='ltr' id='par_1_70' title="bbox 1498 3862 3104 3935">
     <span class='ocr_line' id='line_1_71' title="bbox 1498 3862 3104 3935; baseline 0.006 -17"><span class='ocrx_word' id='word_1_540' title='bbox 1498 3874 1638 3920; x_wconf 81' lang='lat' dir='ltr'><strong>tntur</strong></span> <span class='ocrx_word' id='word_1_541' title='bbox 1684 3863 1819 3922; x_wconf 87' lang='lat' dir='ltr'><strong>ﬁnes</strong></span> <span class='ocrx_word' id='word_1_542' title='bbox 1847 3866 1997 3923; x_wconf 84' lang='lat' dir='ltr'><strong>orbis</strong></span> <span class='ocrx_word' id='word_1_543' title='bbox 2030 3878 2205 3924; x_wconf 81' lang='lat' dir='ltr'><strong>terrae.</strong></span> <span class='ocrx_word' id='word_1_544' title='bbox 2307 3862 2610 3934; x_wconf 75' lang='grc' dir='ltr'>ὀρθοδοξίαν</span> <span class='ocrx_word' id='word_1_545' title='bbox 2633 3862 2701 3916; x_wconf 79' lang='grc' dir='ltr'>τὰ</span> <span class='ocrx_word' id='word_1_546' title='bbox 2734 3863 2964 3935; x_wconf 75' lang='grc' dir='ltr'>πέρατα.</span> <span class='ocrx_word' id='word_1_547' title='bbox 2994 3862 3104 3927; x_wconf 74' lang='grc' dir='ltr'>Δίς.</span> 
     </span>
    </p>
   </div>
   <div class='ocr_carea' id='block_1_71' title="bbox 648 3949 764 4007">
    <p class='ocr_par' dir='ltr' id='par_1_71' title="bbox 648 3949 764 4007">
     <span class='ocr_line' id='line_1_72' title="bbox 648 3949 764 4007; baseline -0.017 0"><span class='ocrx_word' id='word_1_548' title='bbox 648 3949 764 4007; x_wconf 85' lang='lat' dir='ltr'><strong>Bis.</strong></span> 
     </span>
    </p>
   </div>
   <div class='ocr_carea' id='block_1_72' title="bbox 717 4034 2323 4116">
    <p class='ocr_par' dir='ltr' id='par_1_72' title="bbox 717 4040 2209 4116">
     <span class='ocr_line' id='line_1_73' title="bbox 717 4040 2209 4116; baseline 0.005 -18"><span class='ocrx_word' id='word_1_549' title='bbox 717 4041 807 4098; x_wconf 77' lang='grc'><strong>94.</strong></span> <span class='ocrx_word' id='word_1_550' title='bbox 866 4040 1100 4113; x_wconf 87' lang='lat' dir='ltr'><strong>Spiritus</strong></span> <span class='ocrx_word' id='word_1_551' title='bbox 1137 4059 1375 4116; x_wconf 85' lang='lat' dir='ltr'><strong>organa,</strong></span> <span class='ocrx_word' id='word_1_552' title='bbox 1417 4046 1662 4103; x_wconf 86' lang='lat' dir='ltr'><strong>veritatis</strong></span> <span class='ocrx_word' id='word_1_553' title='bbox 1703 4047 1963 4105; x_wconf 88' lang='lat' dir='ltr'><strong>buccinas</strong></span> <span class='ocrx_word' id='word_1_554' title='bbox 1991 4088 2008 4116; x_wconf 89' lang='lat'><strong>,</strong></span> <span class='ocrx_word' id='word_1_555' title='bbox 2046 4048 2209 4105; x_wconf 81' lang='lat' dir='ltr'><strong>Verbi</strong></span> 
     </span>
    </p>
   </div>
   <div class='ocr_carea' id='block_1_73' title="bbox 2271 4034 3877 4116">
    <p class='ocr_par' dir='ltr' id='par_1_73' title="bbox 2380 4034 3877 4111">
     <span class='ocr_line' id='line_1_74' title="bbox 2380 4034 3877 4111; baseline 0.005 -23"><span class='ocrx_word' id='word_1_556' title='bbox 2380 4036 2460 4088; x_wconf 84' lang='grc' dir='ltr'><strong>Τὰ</strong></span> <span class='ocrx_word' id='word_1_557' title='bbox 2494 4035 2587 4088; x_wconf 81' lang='grc' dir='ltr'>τοῦ</span> <span class='ocrx_word' id='word_1_558' title='bbox 2616 4034 2929 4107; x_wconf 87' lang='grc' dir='ltr'>Πνεύματος</span> <span class='ocrx_word' id='word_1_559' title='bbox 2963 4038 3189 4110; x_wconf 73' lang='grc' dir='ltr'>ὄργανα,</span> <span class='ocrx_word' id='word_1_560' title='bbox 3225 4038 3480 4111; x_wconf 82' lang='grc' dir='ltr'>ἀληθείας</span> <span class='ocrx_word' id='word_1_561' title='bbox 3510 4041 3607 4106; x_wconf 77' lang='grc' dir='ltr'>τὰς</span> <span class='ocrx_word' id='word_1_562' title='bbox 3647 4041 3877 4111; x_wconf 82' lang='grc' dir='ltr'>σάλπιγ-</span> 
     </span>
    </p>
   </div>
   <div class='ocr_carea' id='block_1_74' title="bbox 646 4127 2252 4208">
    <p class='ocr_par' dir='ltr' id='par_1_74' title="bbox 646 4132 2201 4208">
     <span class='ocr_line' id='line_1_75' title="bbox 646 4132 2201 4208; baseline 0.003 -16"><span class='ocrx_word' id='word_1_563' title='bbox 646 4132 744 4192; x_wconf 77' lang='lat' dir='ltr'><strong>Del</strong></span> <span class='ocrx_word' id='word_1_564' title='bbox 776 4144 1020 4190; x_wconf 84' lang='lat' dir='ltr'><strong>oratores</strong></span> <span class='ocrx_word' id='word_1_565' title='bbox 1052 4137 1186 4191; x_wconf 67' lang='lat' dir='ltr'><strong>lanis</strong></span> <span class='ocrx_word' id='word_1_566' title='bbox 1224 4152 1617 4208; x_wconf 89' lang='lat' dir='ltr'><strong>prosequamur</strong></span> <span class='ocrx_word' id='word_1_567' title='bbox 1642 4140 1897 4206; x_wconf 89' lang='lat' dir='ltr'><strong>canticis;</strong></span> <span class='ocrx_word' id='word_1_568' title='bbox 1935 4150 1991 4197; x_wconf 89' lang='lat' dir='ltr'><strong>et</strong></span> <span class='ocrx_word' id='word_1_569' title='bbox 2014 4155 2201 4196; x_wconf 84' lang='lat' dir='ltr'><strong>eorum</strong></span> 
     </span>
    </p>
   </div>
   <div class='ocr_carea' id='block_1_75' title="bbox 2273 4127 3879 4208">
    <p class='ocr_par' dir='ltr' id='par_1_75' title="bbox 2309 4127 3879 4201">
     <span class='ocr_line' id='line_1_76' title="bbox 2309 4127 3879 4201; baseline 0.006 -23"><span class='ocrx_word' id='word_1_570' title='bbox 2309 4142 2434 4194; x_wconf 87' lang='grc' dir='ltr'>γας,</span> <span class='ocrx_word' id='word_1_571' title='bbox 2466 4127 2591 4189; x_wconf 79' lang='grc' dir='ltr'>τοὺς</span> <span class='ocrx_word' id='word_1_572' title='bbox 2619 4127 2711 4180; x_wconf 82' lang='grc' dir='ltr'>τοῦ</span> <span class='ocrx_word' id='word_1_573' title='bbox 2753 4128 2925 4196; x_wconf 84' lang='grc' dir='ltr'>Λόγου</span> <span class='ocrx_word' id='word_1_574' title='bbox 2948 4131 3204 4200; x_wconf 68' lang='grc' dir='ltr'>ῥήτορας,</span> <span class='ocrx_word' id='word_1_575' title='bbox 3232 4132 3635 4201; x_wconf 82' lang='grc' dir='ltr'>εὐφημήσωμεν</span> <span class='ocrx_word' id='word_1_576' title='bbox 3676 4136 3879 4200; x_wconf 79' lang='grc' dir='ltr'>φωναῖς</span> 
     </span>
    </p>
   </div>
   <div class='ocr_carea' id='block_1_76' title="bbox 646 4218 2252 4301">
    <p class='ocr_par' dir='ltr' id='par_1_76' title="bbox 646 4223 2205 4301">
     <span class='ocr_line' id='line_1_77' title="bbox 646 4223 2205 4301; baseline 0.007 -24"><span class='ocrx_word' id='word_1_577' title='bbox 646 4223 901 4294; x_wconf 83' lang='lat' dir='ltr'><strong>dogmata</strong></span> <span class='ocrx_word' id='word_1_578' title='bbox 925 4236 1234 4295; x_wconf 87' lang='lat' dir='ltr'><strong>sequentes,</strong></span> <span class='ocrx_word' id='word_1_579' title='bbox 1258 4230 1554 4298; x_wconf 79' lang='lat' dir='ltr'><strong>ragitemus</strong></span> <span class='ocrx_word' id='word_1_580' title='bbox 1587 4244 1683 4285; x_wconf 86' lang='lat' dir='ltr'><strong>eos</strong></span> <span class='ocrx_word' id='word_1_581' title='bbox 1710 4231 2003 4300; x_wconf 84' lang='lat' dir='ltr'><strong>supplices,</strong></span> <span class='ocrx_word' id='word_1_582' title='bbox 2024 4240 2079 4285; x_wconf 94' lang='lat' dir='ltr'><strong>ut</strong></span> <span class='ocrx_word' id='word_1_583' title='bbox 2109 4247 2205 4301; x_wconf 90' lang='lat' dir='ltr'><strong>pro</strong></span> 
     </span>
    </p>
   </div>
   <div class='ocr_carea' id='block_1_77' title="bbox 2269 4218 3875 4301">
    <p class='ocr_par' dir='ltr' id='par_1_77' title="bbox 2310 4218 3875 4291">
     <span class='ocr_line' id='line_1_78' title="bbox 2310 4218 3875 4291; baseline 0.004 -21"><span class='ocrx_word' id='word_1_584' title='bbox 2310 4218 2591 4288; x_wconf 76' lang='grc' dir='ltr'>ᾀσμάτων,</span> <span class='ocrx_word' id='word_1_585' title='bbox 2608 4221 2720 4281; x_wconf 79' lang='grc' dir='ltr'>τοῖς</span> <span class='ocrx_word' id='word_1_586' title='bbox 2736 4218 2912 4271; x_wconf 82' lang='grc' dir='ltr'>αὐτῶν</span> <span class='ocrx_word' id='word_1_587' title='bbox 2939 4220 2989 4271; x_wconf 89' lang='grc' dir='ltr'>οἱ</span> <span class='ocrx_word' id='word_1_588' title='bbox 3010 4219 3280 4291; x_wconf 70' lang='grc' dir='ltr'>ἑπόμενον</span> <span class='ocrx_word' id='word_1_589' title='bbox 3303 4222 3630 4284; x_wconf 75' lang='grc' dir='ltr'>ἱκετεύοντες</span> <span class='ocrx_word' id='word_1_590' title='bbox 3657 4224 3875 4287; x_wconf 80' lang='grc' dir='ltr'>αὐτοὺς,</span> 
     </span>
    </p>
   </div>
   <div class='ocr_carea' id='block_1_78' title="bbox 648 4311 2254 4389">
    <p class='ocr_par' dir='ltr' id='par_1_78' title="bbox 648 4312 2208 4389">
     <span class='ocr_line' id='line_1_79' title="bbox 648 4312 2208 4389; baseline 0.009 -28"><span class='ocrx_word' id='word_1_591' title='bbox 648 4324 737 4375; x_wconf 84' lang='lat' dir='ltr'><strong>ea,</strong></span> <span class='ocrx_word' id='word_1_592' title='bbox 764 4326 925 4381; x_wconf 89' lang='lat' dir='ltr'><strong>quam</strong></span> <span class='ocrx_word' id='word_1_593' title='bbox 955 4312 1155 4369; x_wconf 84' lang='lat' dir='ltr'><strong>habent</strong></span> <span class='ocrx_word' id='word_1_594' title='bbox 1208 4315 1351 4385; x_wconf 89' lang='lat' dir='ltr'><strong>apud</strong></span> <span class='ocrx_word' id='word_1_595' title='bbox 1382 4317 1665 4372; x_wconf 89' lang='lat' dir='ltr'><strong>Dominum</strong></span> <span class='ocrx_word' id='word_1_596' title='bbox 1696 4359 1711 4384; x_wconf 94' lang='lat'><strong>,</strong></span> <span class='ocrx_word' id='word_1_597' title='bbox 1745 4317 1962 4382; x_wconf 90' lang='lat' dir='ltr'><strong>ﬁducia,</strong></span> <span class='ocrx_word' id='word_1_598' title='bbox 2020 4330 2208 4389; x_wconf 89' lang='lat' dir='ltr'><strong>petant</strong></span> 
     </span>
    </p>
   </div>
   <div class='ocr_carea' id='block_1_79' title="bbox 2270 4311 3876 4389">
    <p class='ocr_par' dir='ltr' id='par_1_79' title="bbox 2311 4311 3876 4387">
     <span class='ocr_line' id='line_1_80' title="bbox 2311 4311 3876 4387; baseline 0.003 -24"><span class='ocrx_word' id='word_1_599' title='bbox 2311 4311 2621 4384; x_wconf 71' lang='grc' dir='ltr'>παρρησίαν</span> <span class='ocrx_word' id='word_1_600' title='bbox 2648 4312 2725 4375; x_wconf 80' lang='grc' dir='ltr'>ὡς</span> <span class='ocrx_word' id='word_1_601' title='bbox 2770 4311 2990 4381; x_wconf 73' lang='grc' dir='ltr'>ἔχοντας</span> <span class='ocrx_word' id='word_1_602' title='bbox 3018 4313 3154 4384; x_wconf 76' lang='grc' dir='ltr'>πρὸς</span> <span class='ocrx_word' id='word_1_603' title='bbox 3177 4312 3269 4367; x_wconf 80' lang='grc' dir='ltr'><strong>τὸν</strong></span> <span class='ocrx_word' id='word_1_604' title='bbox 3306 4313 3530 4385; x_wconf 81' lang='grc' dir='ltr'>Κύριον,</span> <span class='ocrx_word' id='word_1_605' title='bbox 3568 4315 3876 4387; x_wconf 81' lang='grc' dir='ltr'>δωρηθῆναι</span> 
     </span>
    </p>
   </div>
   <div class='ocr_carea' id='block_1_80' title="bbox 651 4399 2257 4481">
    <p class='ocr_par' dir='ltr' id='par_1_80' title="bbox 651 4399 2209 4477">
     <span class='ocr_line' id='line_1_81' title="bbox 651 4399 2209 4477; baseline 0.008 -24"><span class='ocrx_word' id='word_1_606' title='bbox 651 4399 861 4454; x_wconf 88' lang='lat' dir='ltr'><strong>llrntam</strong></span> <span class='ocrx_word' id='word_1_607' title='bbox 908 4416 1095 4471; x_wconf 82' lang='lat' dir='ltr'><strong>pacem</strong></span> <span class='ocrx_word' id='word_1_608' title='bbox 1157 4405 1211 4460; x_wconf 90' lang='lat' dir='ltr'><strong>in</strong></span> <span class='ocrx_word' id='word_1_609' title='bbox 1270 4414 1589 4477; x_wconf 86' lang='lat' dir='ltr'><strong>perpetuum</strong></span> <span class='ocrx_word' id='word_1_610' title='bbox 1624 4409 1825 4465; x_wconf 90' lang='lat' dir='ltr'><strong>mundo</strong></span> <span class='ocrx_word' id='word_1_611' title='bbox 1860 4409 1977 4466; x_wconf 86' lang='lat' dir='ltr'><strong>dari</strong></span> <span class='ocrx_word' id='word_1_612' title='bbox 2010 4449 2026 4475; x_wconf 87' lang='lat'><strong>,</strong></span> <span class='ocrx_word' id='word_1_613' title='bbox 2058 4411 2209 4467; x_wconf 87' lang='lat' dir='ltr'><strong>nobis</strong></span> 
     </span>
    </p>
   </div>
   <div class='ocr_carea' id='block_1_81' title="bbox 2274 4399 3880 4481">
    <p class='ocr_par' dir='ltr' id='par_1_81' title="bbox 2310 4402 3880 4481">
     <span class='ocr_line' id='line_1_82' title="bbox 2310 4402 3880 4481; baseline 0.004 -26"><span class='ocrx_word' id='word_1_614' title='bbox 2310 4404 2529 4475; x_wconf 77' lang='grc' dir='ltr'>εἰρήνην</span> <span class='ocrx_word' id='word_1_615' title='bbox 2560 4402 2837 4476; x_wconf 86' lang='grc' dir='ltr'>σταθηρὰν</span> <span class='ocrx_word' id='word_1_616' title='bbox 2879 4404 2977 4474; x_wconf 83' lang='grc' dir='ltr'>μὲν</span> <span class='ocrx_word' id='word_1_617' title='bbox 3004 4406 3083 4468; x_wconf 89' lang='grc' dir='ltr'><strong>εἰς</strong></span> <span class='ocrx_word' id='word_1_618' title='bbox 3119 4407 3205 4459; x_wconf 79' lang='grc' dir='ltr'><strong>ἀεὶ</strong></span> <span class='ocrx_word' id='word_1_619' title='bbox 3233 4409 3298 4477; x_wconf 76' lang='grc' dir='ltr'>τῇ</span> <span class='ocrx_word' id='word_1_620' title='bbox 3328 4407 3638 4481; x_wconf 81' lang='grc' dir='ltr'>οἰκουμένῃ,</span> <span class='ocrx_word' id='word_1_621' title='bbox 3664 4410 3797 4479; x_wconf 73' lang='grc' dir='ltr'>ἡμῖν</span> <span class='ocrx_word' id='word_1_622' title='bbox 3824 4408 3880 4462; x_wconf 70' lang='grc' dir='ltr'>δι</span> 
     </span>
    </p>
   </div>
   <div class='ocr_carea' id='block_1_82' title="bbox 653 4492 2259 4564">
    <p class='ocr_par' dir='ltr' id='par_1_82' title="bbox 653 4492 1243 4550">
     <span class='ocr_line' id='line_1_83' title="bbox 653 4492 1243 4550; baseline 0.007 -4"><span class='ocrx_word' id='word_1_623' title='bbox 653 4500 835 4546; x_wconf 85' lang='lat' dir='ltr'><strong>autem</strong></span> <span class='ocrx_word' id='word_1_624' title='bbox 867 4492 1098 4547; x_wconf 85' lang='lat' dir='ltr'><strong>veniam.</strong></span> <span class='ocrx_word' id='word_1_625' title='bbox 1127 4493 1164 4547; x_wconf 85' lang='grc' dir='ltr'><strong>Β</strong></span> <span class='ocrx_word' id='word_1_626' title='bbox 1177 4496 1243 4550; x_wconf 91' lang='lat' dir='ltr'><strong>is.</strong></span> 
     </span>
    </p>
   </div>
   <div class='ocr_carea' id='block_1_83' title="bbox 1370 4492 2976 4564">
    <p class='ocr_par' dir='ltr' id='par_1_83' title="bbox 2311 4493 2976 4564">
     <span class='ocr_line' id='line_1_84' title="bbox 2311 4493 2976 4564; baseline 0.002 -15"><span class='ocrx_word' id='word_1_627' title='bbox 2311 4496 2442 4549; x_wconf 82' lang='grc' dir='ltr'>πᾶσι</span> <span class='ocrx_word' id='word_1_628' title='bbox 2460 4493 2819 4564; x_wconf 81' lang='grc' dir='ltr'>συγχώρησιν.</span> <span class='ocrx_word' id='word_1_629' title='bbox 2869 4495 2976 4559; x_wconf 84' lang='grc' dir='ltr'>Δίς.</span> 
     </span>
    </p>
   </div>
   <div class='ocr_carea' id='block_1_84' title="bbox 853 4582 2459 4662">
    <p class='ocr_par' dir='ltr' id='par_1_84' title="bbox 853 4582 2067 4662">
     <span class='ocr_line' id='line_1_85' title="bbox 853 4582 2067 4662; baseline 0.006 -24"><span class='ocrx_word' id='word_1_630' title='bbox 853 4582 1058 4639; x_wconf 86' lang='lat' dir='ltr'><strong>Gloria.</strong></span> <span class='ocrx_word' id='word_1_631' title='bbox 1519 4588 1701 4644; x_wconf 88' lang='lat' dir='ltr'><strong>&#39;l‘onus</strong></span> <span class='ocrx_word' id='word_1_632' title='bbox 1737 4590 1987 4662; x_wconf 87' lang='lat' dir='ltr'><strong>obliquus</strong></span> <span class='ocrx_word' id='word_1_633' title='bbox 2013 4593 2067 4647; x_wconf 72' lang='grc'>2.</span> 
     </span>
    </p>
   </div>
   <div class='ocr_carea' id='block_1_85' title="bbox 2129 4582 3735 4662">
    <p class='ocr_par' dir='ltr' id='par_1_85' title="bbox 2522 4583 3735 4660">
     <span class='ocr_line' id='line_1_86' title="bbox 2522 4583 3735 4660; baseline 0.004 -23"><span class='ocrx_word' id='word_1_634' title='bbox 2522 4583 2677 4649; x_wconf 79' lang='grc' dir='ltr'>Δόξα.</span> <span class='ocrx_word' id='word_1_635' title='bbox 3371 4590 3515 4659; x_wconf 79' lang='grc' dir='ltr'>Ηχος</span> <span class='ocrx_word' id='word_1_636' title='bbox 3546 4590 3634 4642; x_wconf 87' lang='grc' dir='ltr'><strong>πλ.</strong></span> <span class='ocrx_word' id='word_1_637' title='bbox 3669 4589 3735 4660; x_wconf 84' lang='grc' dir='ltr'><strong>β’.</strong></span> 
     </span>
    </p>
   </div>
   <div class='ocr_carea' id='block_1_86' title="bbox 750 4673 2356 4753">
    <p class='ocr_par' dir='ltr' id='par_1_86' title="bbox 750 4673 2209 4749">
     <span class='ocr_line' id='line_1_87' title="bbox 750 4673 2209 4749; baseline 0.003 -20"><span class='ocrx_word' id='word_1_638' title='bbox 750 4673 839 4729; x_wconf 82' lang='lat'><strong>95.</strong></span> <span class='ocrx_word' id='word_1_639' title='bbox 893 4674 1146 4745; x_wconf 75' lang='lat' dir='ltr'><strong>Mysticas</strong></span> <span class='ocrx_word' id='word_1_640' title='bbox 1189 4674 1346 4730; x_wconf 85' lang='lat' dir='ltr'><strong>hodie</strong></span> <span class='ocrx_word' id='word_1_641' title='bbox 1384 4678 1719 4735; x_wconf 84' lang='lat' dir='ltr'><strong>celebremus</strong></span> <span class='ocrx_word' id='word_1_642' title='bbox 1765 4679 1993 4749; x_wconf 91' lang='lat' dir='ltr'><strong>Spiritus</strong></span> <span class='ocrx_word' id='word_1_643' title='bbox 2035 4682 2209 4746; x_wconf 87' lang='lat' dir='ltr'><strong>tubas,</strong></span> 
     </span>
    </p>
   </div>
   <div class='ocr_carea' id='block_1_87' title="bbox 2270 4673 3876 4753">
    <p class='ocr_par' dir='ltr' id='par_1_87' title="bbox 2379 4676 3876 4753">
     <span class='ocr_line' id='line_1_88' title="bbox 2379 4676 3876 4753; baseline 0.007 -26"><span class='ocrx_word' id='word_1_644' title='bbox 2379 4677 2489 4741; x_wconf 83' lang='grc' dir='ltr'><strong>Τὰς</strong></span> <span class='ocrx_word' id='word_1_645' title='bbox 2522 4676 2787 4745; x_wconf 77' lang='grc' dir='ltr'>μυστικὰς</span> <span class='ocrx_word' id='word_1_646' title='bbox 2826 4679 3065 4748; x_wconf 82' lang='grc' dir='ltr'>σήμερον</span> <span class='ocrx_word' id='word_1_647' title='bbox 3097 4679 3189 4733; x_wconf 80' lang='grc' dir='ltr'>τοῦ</span> <span class='ocrx_word' id='word_1_648' title='bbox 3224 4681 3535 4751; x_wconf 83' lang='grc' dir='ltr'>Πνεύματος</span> <span class='ocrx_word' id='word_1_649' title='bbox 3552 4682 3876 4753; x_wconf 86' lang='grc' dir='ltr'>σάλπιγγας,</span> 
     </span>
    </p>
   </div>
   <div class='ocr_carea' id='block_1_88' title="bbox 652 4765 2258 4846">
    <p class='ocr_par' dir='ltr' id='par_1_88' title="bbox 652 4766 2211 4837">
     <span class='ocr_line' id='line_1_89' title="bbox 652 4766 2211 4837; baseline 0.003 -15"><span class='ocrx_word' id='word_1_650' title='bbox 652 4766 764 4823; x_wconf 84' lang='lat' dir='ltr'><strong>Deo</strong></span> <span class='ocrx_word' id='word_1_651' title='bbox 789 4767 1035 4837; x_wconf 87' lang='lat' dir='ltr'><strong>impletos</strong></span> <span class='ocrx_word' id='word_1_652' title='bbox 1067 4766 1274 4833; x_wconf 85' lang='lat' dir='ltr'><strong>Patres,</strong></span> <span class='ocrx_word' id='word_1_653' title='bbox 1303 4770 1607 4827; x_wconf 83' lang='lat' dir='ltr'><strong>modulatus</strong></span> <span class='ocrx_word' id='word_1_654' title='bbox 1630 4772 1681 4827; x_wconf 92' lang='lat' dir='ltr'><strong>in</strong></span> <span class='ocrx_word' id='word_1_655' title='bbox 1720 4773 1899 4828; x_wconf 90' lang='lat' dir='ltr'><strong>medio</strong></span> <span class='ocrx_word' id='word_1_656' title='bbox 1949 4773 2211 4830; x_wconf 71' lang='lat' dir='ltr'><strong>Ecclesia:</strong></span> 
     </span>
    </p>
   </div>
   <div class='ocr_carea' id='block_1_89' title="bbox 2272 4765 3878 4846">
    <p class='ocr_par' dir='ltr' id='par_1_89' title="bbox 2317 4765 3878 4846">
     <span class='ocr_line' id='line_1_90' title="bbox 2317 4765 3878 4846; baseline 0.003 -24"><span class='ocrx_word' id='word_1_657' title='bbox 2317 4768 2441 4830; x_wconf 80' lang='grc' dir='ltr'>τοὺς</span> <span class='ocrx_word' id='word_1_658' title='bbox 2465 4765 2752 4838; x_wconf 79' lang='grc' dir='ltr'>θεοφόρους</span> <span class='ocrx_word' id='word_1_659' title='bbox 2772 4769 3017 4839; x_wconf 86' lang='grc' dir='ltr'>Πατέρας</span> <span class='ocrx_word' id='word_1_660' title='bbox 3044 4771 3245 4841; x_wconf 61' lang='lat' dir='ltr'><strong>amor,</strong></span> <span class='ocrx_word' id='word_1_661' title='bbox 3256 4787 3534 4842; x_wconf 84' lang='grc' dir='ltr'>μησωμεν,</span> <span class='ocrx_word' id='word_1_662' title='bbox 3555 4774 3679 4835; x_wconf 75' lang='grc' dir='ltr'>τοὺς</span> <span class='ocrx_word' id='word_1_663' title='bbox 3708 4775 3878 4846; x_wconf 79' lang='grc' dir='ltr'>μελῳ-</span> 
     </span>
    </p>
   </div>
   <div class='ocr_carea' id='block_1_90' title="bbox 652 4857 2258 4935">
    <p class='ocr_par' dir='ltr' id='par_1_90' title="bbox 652 4859 2214 4930">
     <span class='ocr_line' id='line_1_91' title="bbox 652 4859 2214 4930; baseline 0.003 -17"><span class='ocrx_word' id='word_1_664' title='bbox 652 4859 974 4914; x_wconf 89' lang='lat' dir='ltr'><strong>concinnum</strong></span> <span class='ocrx_word' id='word_1_665' title='bbox 999 4859 1277 4930; x_wconf 67' lang='lat' dir='ltr'><strong>theologia:</strong></span> <span class='ocrx_word' id='word_1_666' title='bbox 1305 4861 1471 4917; x_wconf 88' lang='lat' dir='ltr'><strong>melos</strong></span> <span class='ocrx_word' id='word_1_667' title='bbox 1493 4901 1508 4926; x_wconf 83' lang='lat'><strong>,</strong></span> <span class='ocrx_word' id='word_1_668' title='bbox 1543 4864 1750 4920; x_wconf 88' lang='lat' dir='ltr'><strong>scilicet</strong></span> <span class='ocrx_word' id='word_1_669' title='bbox 1776 4880 1936 4920; x_wconf 90' lang='lat' dir='ltr'><strong>unam</strong></span> <span class='ocrx_word' id='word_1_670' title='bbox 1968 4864 2214 4921; x_wconf 82' lang='lat' dir='ltr'><strong>Trinita-</strong></span> 
     </span>
    </p>
   </div>
   <div class='ocr_carea' id='block_1_91' title="bbox 2272 4857 3878 4935">
    <p class='ocr_par' dir='ltr' id='par_1_91' title="bbox 2313 4857 3878 4935">
     <span class='ocr_line' id='line_1_92' title="bbox 2313 4857 3878 4935; baseline 0.006 -25"><span class='ocrx_word' id='word_1_671' title='bbox 2313 4858 2577 4928; x_wconf 83' lang='grc' dir='ltr'>δήσαντας</span> <span class='ocrx_word' id='word_1_672' title='bbox 2607 4860 2663 4910; x_wconf 82' lang='grc' dir='ltr'><strong>ἐν</strong></span> <span class='ocrx_word' id='word_1_673' title='bbox 2696 4857 2845 4929; x_wconf 85' lang='grc' dir='ltr'>μέσῳ</span> <span class='ocrx_word' id='word_1_674' title='bbox 2881 4860 2979 4929; x_wconf 82' lang='grc' dir='ltr'>τῆς</span> <span class='ocrx_word' id='word_1_675' title='bbox 3022 4859 3343 4931; x_wconf 84' lang='grc' dir='ltr'>Ἐκκλησίας</span> <span class='ocrx_word' id='word_1_676' title='bbox 3377 4862 3535 4932; x_wconf 85' lang='grc' dir='ltr'>μέλος</span> <span class='ocrx_word' id='word_1_677' title='bbox 3561 4864 3878 4935; x_wconf 75' lang='grc' dir='ltr'>ἐναρμονίου</span> 
     </span>
    </p>
   </div>
   <div class='ocr_carea' id='block_1_92' title="bbox 654 4948 2260 5040">
    <p class='ocr_par' dir='ltr' id='par_1_92' title="bbox 654 4949 2260 5040">
     <span class='ocr_line' id='line_1_93' title="bbox 654 4949 2260 5040; baseline 0.002 -34"><span class='ocrx_word' id='word_1_678' title='bbox 654 4959 763 5006; x_wconf 86' lang='lat' dir='ltr'><strong>tem</strong></span> <span class='ocrx_word' id='word_1_679' title='bbox 821 4949 1229 5015; x_wconf 86' lang='lat' dir='ltr'><strong>immutabilem,</strong></span> <span class='ocrx_word' id='word_1_680' title='bbox 1260 4953 1661 5021; x_wconf 80' lang='lat' dir='ltr'><strong>essentiatnque</strong></span> <span class='ocrx_word' id='word_1_681' title='bbox 1713 4970 1777 5011; x_wconf 87' lang='lat' dir='ltr'><strong>ac</strong></span> <span class='ocrx_word' id='word_1_682' title='bbox 1822 4956 2210 5024; x_wconf 86' lang='lat' dir='ltr'><strong>divinitatem;</strong></span> <span class='ocrx_word' id='word_1_683' title='bbox 2240 4981 2260 5040; x_wconf 71' lang='grc' dir='ltr'><strong>Ι</strong></span> 
     </span>
    </p>
   </div>
   <div class='ocr_carea' id='block_1_93' title="bbox 2274 4948 3880 5040">
    <p class='ocr_par' dir='ltr' id='par_1_93' title="bbox 2274 4948 3880 5037">
     <span class='ocr_line' id='line_1_94' title="bbox 2274 4948 3880 5037; baseline 0.006 -36"><span class='ocrx_word' id='word_1_684' title='bbox 2274 4984 2290 5037; x_wconf 60' lang='grc'><em>,</em></span> <span class='ocrx_word' id='word_1_685' title='bbox 2317 4948 2614 5017; x_wconf 88' lang='grc' dir='ltr'>θεολογίας,</span> <span class='ocrx_word' id='word_1_686' title='bbox 2642 4948 2845 5019; x_wconf 86' lang='grc' dir='ltr'>Τριάδα</span> <span class='ocrx_word' id='word_1_687' title='bbox 2879 4951 3007 5021; x_wconf 84' lang='grc' dir='ltr'>μίαν</span> <span class='ocrx_word' id='word_1_688' title='bbox 3040 4950 3456 5021; x_wconf 82' lang='grc' dir='ltr'>ἀπαράλλακτον</span> <span class='ocrx_word' id='word_1_689' title='bbox 3474 4952 3660 5007; x_wconf 81' lang='grc' dir='ltr'>οὐσίαν</span> <span class='ocrx_word' id='word_1_690' title='bbox 3691 4971 3753 5008; x_wconf 84' lang='grc' dir='ltr'><strong>τε</strong></span> <span class='ocrx_word' id='word_1_691' title='bbox 3787 4959 3880 5011; x_wconf 80' lang='grc' dir='ltr'>καὶ</span> 
     </span>
    </p>
   </div>
   <div class='ocr_carea' id='block_1_94' title="bbox 650 5038 2256 5118">
    <p class='ocr_par' dir='ltr' id='par_1_94' title="bbox 650 5038 2256 5118">
     <span class='ocr_line' id='line_1_95' title="bbox 650 5038 2256 5118; baseline 0.005 -23"><span class='ocrx_word' id='word_1_692' title='bbox 650 5041 949 5101; x_wconf 86' lang='lat' dir='ltr'><strong>domitores</strong></span> <span class='ocrx_word' id='word_1_693' title='bbox 969 5042 1107 5108; x_wconf 81' lang='lat' dir='ltr'><strong>Arii,</strong></span> <span class='ocrx_word' id='word_1_694' title='bbox 1139 5051 1195 5096; x_wconf 88' lang='lat' dir='ltr'><strong>et</strong></span> <span class='ocrx_word' id='word_1_695' title='bbox 1223 5045 1649 5102; x_wconf 78' lang='lat' dir='ltr'><strong>orthodoxorum</strong></span> <span class='ocrx_word' id='word_1_696' title='bbox 1672 5049 2215 5118; x_wconf 82' lang='lat' dir='ltr'><strong>antesignanos,con-</strong></span> <span class='ocrx_word' id='word_1_697' title='bbox 2244 5038 2256 5040; x_wconf 55' lang='grc'><strong><em>“</em></strong></span> 
     </span>
    </p>
   </div>
   <div class='ocr_carea' id='block_1_95' title="bbox 2272 5038 3878 5118">
    <p class='ocr_par' dir='ltr' id='par_1_95' title="bbox 2314 5038 3878 5116">
     <span class='ocr_line' id='line_1_96' title="bbox 2314 5038 3878 5116; baseline 0.005 -25"><span class='ocrx_word' id='word_1_698' title='bbox 2314 5038 2559 5107; x_wconf 89' lang='grc' dir='ltr'>θεότητα,</span> <span class='ocrx_word' id='word_1_699' title='bbox 2588 5041 2712 5101; x_wconf 73' lang='grc' dir='ltr'>τοὺς</span> <span class='ocrx_word' id='word_1_700' title='bbox 2742 5039 3294 5111; x_wconf 78' lang='grc' dir='ltr'>καθαιρέταςἊρείου</span> <span class='ocrx_word' id='word_1_701' title='bbox 3316 5040 3407 5093; x_wconf 78' lang='grc' dir='ltr'>καὶ</span> <span class='ocrx_word' id='word_1_702' title='bbox 3429 5041 3724 5113; x_wconf 83' lang='grc' dir='ltr'>όρθοδόξων</span> <span class='ocrx_word' id='word_1_703' title='bbox 3748 5062 3878 5116; x_wconf 79' lang='grc' dir='ltr'>προ-</span> 
     </span>
    </p>
   </div>
   <div class='ocr_carea' id='block_1_96' title="bbox 653 5129 2259 5207">
    <p class='ocr_par' dir='ltr' id='par_1_96' title="bbox 653 5133 2213 5203">
     <span class='ocr_line' id='line_1_97' title="bbox 653 5133 2213 5203; baseline 0.005 -15"><span class='ocrx_word' id='word_1_704' title='bbox 653 5135 889 5189; x_wconf 89' lang='lat' dir='ltr'><strong>tincnter</strong></span> <span class='ocrx_word' id='word_1_705' title='bbox 914 5144 1130 5189; x_wconf 87' lang='lat' dir='ltr'><strong>orantes</strong></span> <span class='ocrx_word' id='word_1_706' title='bbox 1170 5133 1479 5203; x_wconf 89' lang='lat' dir='ltr'><strong>Dominum,</strong></span> <span class='ocrx_word' id='word_1_707' title='bbox 1500 5147 1559 5191; x_wconf 92' lang='lat' dir='ltr'><strong>ut</strong></span> <span class='ocrx_word' id='word_1_708' title='bbox 1578 5148 1883 5197; x_wconf 66' lang='lat' dir='ltr'><strong>nostrarum</strong></span> <span class='ocrx_word' id='word_1_709' title='bbox 1915 5142 2213 5196; x_wconf 87' lang='lat' dir='ltr'><strong>animarum</strong></span> 
     </span>
    </p>
   </div>
   <div class='ocr_carea' id='block_1_97' title="bbox 2270 5129 3876 5207">
    <p class='ocr_par' dir='ltr' id='par_1_97' title="bbox 2314 5129 3876 5207">
     <span class='ocr_line' id='line_1_98' title="bbox 2314 5129 3876 5207; baseline 0.004 -23"><span class='ocrx_word' id='word_1_710' title='bbox 2314 5131 2541 5202; x_wconf 81' lang='grc' dir='ltr'>μάχους,</span> <span class='ocrx_word' id='word_1_711' title='bbox 2563 5130 2688 5193; x_wconf 82' lang='grc' dir='ltr'>τοὺς</span> <span class='ocrx_word' id='word_1_712' title='bbox 2706 5129 3106 5200; x_wconf 72' lang='grc' dir='ltr'>πρεσϐεύοντας</span> <span class='ocrx_word' id='word_1_713' title='bbox 3134 5132 3360 5185; x_wconf 87' lang='grc' dir='ltr'>πάντοτε</span> <span class='ocrx_word' id='word_1_714' title='bbox 3383 5133 3571 5203; x_wconf 79' lang='grc' dir='ltr'>Κυρίῳ</span> <span class='ocrx_word' id='word_1_715' title='bbox 3595 5135 3876 5207; x_wconf 76' lang='grc' dir='ltr'>ἐλεηθῆναι</span> 
     </span>
    </p>
   </div>
   <div class='ocr_carea' id='block_1_98' title="bbox 655 5220 2261 5293">
    <p class='ocr_par' dir='ltr' id='par_1_98' title="bbox 655 5224 989 5281">
     <span class='ocr_line' id='line_1_99' title="bbox 655 5224 989 5281; baseline 0.006 -3"><span class='ocrx_word' id='word_1_716' title='bbox 655 5224 989 5281; x_wconf 84' lang='lat' dir='ltr'><strong>miserescat.</strong></span> 
     </span>
    </p>
   </div>
   <div class='ocr_carea' id='block_1_99' title="bbox 1190 5220 2796 5293">
    <p class='ocr_par' dir='ltr' id='par_1_99' title="bbox 2306 5220 2796 5293">
     <span class='ocr_line' id='line_1_100' title="bbox 2306 5220 2796 5293; baseline 0 -18"><span class='ocrx_word' id='word_1_717' title='bbox 2306 5220 2403 5285; x_wconf 72' lang='grc' dir='ltr'>τὰς</span> <span class='ocrx_word' id='word_1_718' title='bbox 2432 5221 2606 5292; x_wconf 77' lang='grc' dir='ltr'>ψυχάς</span> <span class='ocrx_word' id='word_1_719' title='bbox 2624 5220 2796 5293; x_wconf 83' lang='grc' dir='ltr'>ἡμῶν.</span> 
     </span>
    </p>
   </div>
   <div class='ocr_carea' id='block_1_100' title="bbox 865 5313 2471 5378">
    <p class='ocr_par' dir='ltr' id='par_1_100' title="bbox 865 5313 2071 5378">
     <span class='ocr_line' id='line_1_101' title="bbox 865 5313 2071 5378; baseline 0.007 -9"><span class='ocrx_word' id='word_1_720' title='bbox 865 5313 927 5369; x_wconf 83' lang='lat' dir='ltr'><strong>Et</strong></span> <span class='ocrx_word' id='word_1_721' title='bbox 959 5330 1123 5371; x_wconf 89' lang='lat' dir='ltr'><strong>nunc.</strong></span> <span class='ocrx_word' id='word_1_722' title='bbox 1833 5321 2071 5378; x_wconf 76' lang='lat' dir='ltr'><strong>Mariale.</strong></span> 
     </span>
    </p>
   </div>
   <div class='ocr_carea' id='block_1_101' title="bbox 2134 5313 3740 5378">
    <p class='ocr_par' dir='ltr' id='par_1_101' title="bbox 2508 5313 3740 5371">
     <span class='ocr_line' id='line_1_102' title="bbox 2508 5313 3740 5371; baseline 0.002 -4"><span class='ocrx_word' id='word_1_723' title='bbox 2508 5314 2621 5369; x_wconf 75' lang='lat' dir='ltr'><strong>Kal.</strong></span> <span class='ocrx_word' id='word_1_724' title='bbox 2642 5313 2757 5367; x_wconf 81' lang='grc' dir='ltr'>νῦν.</span> <span class='ocrx_word' id='word_1_725' title='bbox 3435 5314 3740 5371; x_wconf 87' lang='grc' dir='ltr'>Θεοτόκιον.</span> 
     </span>
    </p>
   </div>
   <div class='ocr_carea' id='block_1_102' title="bbox 725 5402 2331 5480">
    <p class='ocr_par' dir='ltr' id='par_1_102' title="bbox 725 5402 2212 5477">
     <span class='ocr_line' id='line_1_103' title="bbox 725 5402 2212 5477; baseline 0.007 -21"><span class='ocrx_word' id='word_1_726' title='bbox 725 5402 811 5457; x_wconf 80' lang='lat'><strong>96.</strong></span> <span class='ocrx_word' id='word_1_727' title='bbox 884 5404 1015 5470; x_wconf 83' lang='lat' dir='ltr'><strong>Quis</strong></span> <span class='ocrx_word' id='word_1_728' title='bbox 1067 5414 1141 5472; x_wconf 85' lang='lat' dir='ltr'><strong>te,</strong></span> <span class='ocrx_word' id='word_1_729' title='bbox 1194 5406 1357 5477; x_wconf 74' lang='lat' dir='ltr'><strong>Virgo</strong></span> <span class='ocrx_word' id='word_1_730' title='bbox 1412 5410 1799 5476; x_wconf 84' lang='lat' dir='ltr'><strong>sanctissima,</strong></span> <span class='ocrx_word' id='word_1_731' title='bbox 1849 5428 1953 5466; x_wconf 90' lang='lat' dir='ltr'><strong>non</strong></span> <span class='ocrx_word' id='word_1_732' title='bbox 1998 5414 2212 5469; x_wconf 88' lang='lat' dir='ltr'><strong>beatam</strong></span> 
     </span>
    </p>
   </div>
   <div class='ocr_carea' id='block_1_103' title="bbox 2269 5402 3875 5480">
    <p class='ocr_par' dir='ltr' id='par_1_103' title="bbox 2380 5406 3875 5480">
     <span class='ocr_line' id='line_1_104' title="bbox 2380 5406 3875 5480; baseline 0.011 -21"><span class='ocrx_word' id='word_1_733' title='bbox 2380 5406 2477 5470; x_wconf 83' lang='grc' dir='ltr'>Τίς</span> <span class='ocrx_word' id='word_1_734' title='bbox 2509 5407 2583 5477; x_wconf 82' lang='grc' dir='ltr'>μὴ</span> <span class='ocrx_word' id='word_1_735' title='bbox 2629 5408 2922 5477; x_wconf 86' lang='grc' dir='ltr'>μακαρίσει</span> <span class='ocrx_word' id='word_1_736' title='bbox 2970 5423 3050 5468; x_wconf 81' lang='grc' dir='ltr'><strong>σε,</strong></span> <span class='ocrx_word' id='word_1_737' title='bbox 3082 5406 3319 5473; x_wconf 84' lang='grc' dir='ltr'>παναγία</span> <span class='ocrx_word' id='word_1_738' title='bbox 3353 5406 3630 5478; x_wconf 75' lang='grc' dir='ltr'>Παρθένες</span> <span class='ocrx_word' id='word_1_739' title='bbox 3670 5408 3770 5471; x_wconf 84' lang='grc' dir='ltr'><strong>Τίς</strong></span> <span class='ocrx_word' id='word_1_740' title='bbox 3806 5411 3875 5480; x_wconf 82' lang='grc' dir='ltr'><strong>μὴ</strong></span> 
     </span>
    </p>
   </div>
   <div class='ocr_carea' id='block_1_104' title="bbox 656 5495 2262 5573">
    <p class='ocr_par' dir='ltr' id='par_1_104' title="bbox 656 5496 2213 5573">
     <span class='ocr_line' id='line_1_105' title="bbox 656 5496 2213 5573; baseline 0.007 -25"><span class='ocrx_word' id='word_1_741' title='bbox 656 5496 912 5563; x_wconf 67' lang='lat' dir='ltr'><strong>pradicet</strong></span> <span class='ocrx_word' id='word_1_742' title='bbox 939 5496 963 5549; x_wconf 74' lang='grc' dir='ltr'><strong>ἰ</strong></span> <span class='ocrx_word' id='word_1_743' title='bbox 994 5496 1126 5563; x_wconf 84' lang='lat' dir='ltr'><strong>Quis</strong></span> <span class='ocrx_word' id='word_1_744' title='bbox 1157 5514 1260 5552; x_wconf 92' lang='lat' dir='ltr'><strong>non</strong></span> <span class='ocrx_word' id='word_1_745' title='bbox 1297 5499 1534 5554; x_wconf 84' lang='lat' dir='ltr'><strong>celebret</strong></span> <span class='ocrx_word' id='word_1_746' title='bbox 1586 5510 1733 5557; x_wconf 89' lang='lat' dir='ltr'><strong>tuum</strong></span> <span class='ocrx_word' id='word_1_747' title='bbox 1768 5503 1886 5557; x_wconf 82' lang='lat' dir='ltr'><strong>sine</strong></span> <span class='ocrx_word' id='word_1_748' title='bbox 1920 5504 2058 5558; x_wconf 81' lang='lat' dir='ltr'><strong>virili</strong></span> <span class='ocrx_word' id='word_1_749' title='bbox 2112 5520 2213 5573; x_wconf 89' lang='lat' dir='ltr'><strong>ope</strong></span> 
     </span>
    </p>
   </div>
   <div class='ocr_carea' id='block_1_105' title="bbox 2268 5495 3874 5573">
    <p class='ocr_par' dir='ltr' id='par_1_105' title="bbox 2316 5495 3874 5570">
     <span class='ocr_line' id='line_1_106' title="bbox 2316 5495 3874 5570; baseline -0.001 -19"><span class='ocrx_word' id='word_1_750' title='bbox 2316 5498 2613 5568; x_wconf 84' lang='grc' dir='ltr'>άνυμνήσει</span> <span class='ocrx_word' id='word_1_751' title='bbox 2646 5512 2740 5550; x_wconf 87' lang='grc' dir='ltr'><strong>σου</strong></span> <span class='ocrx_word' id='word_1_752' title='bbox 2771 5497 2860 5550; x_wconf 83' lang='grc' dir='ltr'><strong>τὸν</strong></span> <span class='ocrx_word' id='word_1_753' title='bbox 2881 5496 3164 5565; x_wconf 80' lang='grc' dir='ltr'>ἀλόχευτον</span> <span class='ocrx_word' id='word_1_754' title='bbox 3186 5495 3370 5562; x_wconf 83' lang='grc' dir='ltr'>τόκον;</span> <span class='ocrx_word' id='word_1_755' title='bbox 3410 5497 3468 5549; x_wconf 90' lang='lat'><strong>’0</strong></span> <span class='ocrx_word' id='word_1_756' title='bbox 3495 5498 3603 5567; x_wconf 83' lang='grc' dir='ltr'>γὰρ</span> <span class='ocrx_word' id='word_1_757' title='bbox 3638 5497 3874 5570; x_wconf 83' lang='grc' dir='ltr'>ἀχρόνως</span> 
     </span>
    </p>
   </div>
   <div class='ocr_carea' id='block_1_106' title="bbox 658 5585 2264 5662">
    <p class='ocr_par' dir='ltr' id='par_1_106' title="bbox 658 5586 2213 5662">
     <span class='ocr_line' id='line_1_107' title="bbox 658 5586 2213 5662; baseline 0.01 -26"><span class='ocrx_word' id='word_1_758' title='bbox 658 5596 871 5655; x_wconf 83' lang='lat' dir='ltr'><strong>partum</strong></span> <span class='ocrx_word' id='word_1_759' title='bbox 898 5588 923 5639; x_wconf 74' lang='grc' dir='ltr'>’ἰ</span> <span class='ocrx_word' id='word_1_760' title='bbox 970 5586 1179 5659; x_wconf 84' lang='lat' dir='ltr'><strong>Quippe</strong></span> <span class='ocrx_word' id='word_1_761' title='bbox 1206 5596 1296 5657; x_wconf 86' lang='lat' dir='ltr'><strong>qut</strong></span> <span class='ocrx_word' id='word_1_762' title='bbox 1352 5601 1477 5645; x_wconf 86' lang='lat' dir='ltr'><strong>ante</strong></span> <span class='ocrx_word' id='word_1_763' title='bbox 1508 5609 1667 5648; x_wconf 83' lang='lat' dir='ltr'><strong>omne</strong></span> <span class='ocrx_word' id='word_1_764' title='bbox 1700 5604 1907 5662; x_wconf 87' lang='lat' dir='ltr'><strong>tempus</strong></span> <span class='ocrx_word' id='word_1_765' title='bbox 1956 5611 2020 5649; x_wconf 83' lang='lat' dir='ltr'><strong>ex</strong></span> <span class='ocrx_word' id='word_1_766' title='bbox 2055 5595 2213 5653; x_wconf 79' lang='lat' dir='ltr'><strong>Patre</strong></span> 
     </span>
    </p>
   </div>
   <div class='ocr_carea' id='block_1_107' title="bbox 2265 5585 3871 5662">
    <p class='ocr_par' dir='ltr' id='par_1_107' title="bbox 2318 5585 3871 5658">
     <span class='ocr_line' id='line_1_108' title="bbox 2318 5585 3871 5658; baseline -0.001 -18"><span class='ocrx_word' id='word_1_767' title='bbox 2318 5589 2381 5641; x_wconf 84' lang='grc' dir='ltr'><strong>ἐκ</strong></span> <span class='ocrx_word' id='word_1_768' title='bbox 2405 5588 2615 5657; x_wconf 63' lang='grc' dir='ltr'>Πατρός</span> <span class='ocrx_word' id='word_1_769' title='bbox 2647 5586 2929 5658; x_wconf 68' lang='grc' dir='ltr'>ἐκλάμψας</span> <span class='ocrx_word' id='word_1_770' title='bbox 2957 5586 3082 5651; x_wconf 85' lang='grc' dir='ltr'>Υἱὸς</span> <span class='ocrx_word' id='word_1_771' title='bbox 3124 5588 3431 5658; x_wconf 78' lang='grc' dir='ltr'>μονογενὴς,</span> <span class='ocrx_word' id='word_1_772' title='bbox 3459 5590 3488 5641; x_wconf 90' lang='grc' dir='ltr'><strong>ό</strong></span> <span class='ocrx_word' id='word_1_773' title='bbox 3514 5588 3670 5651; x_wconf 77' lang='grc' dir='ltr'>αὐτὸς</span> <span class='ocrx_word' id='word_1_774' title='bbox 3693 5592 3757 5641; x_wconf 84' lang='grc' dir='ltr'><strong>ἐκ</strong></span> <span class='ocrx_word' id='word_1_775' title='bbox 3784 5585 3871 5640; x_wconf 73' lang='grc' dir='ltr'>σοῦ</span> 
     </span>
    </p>
   </div>
   <div class='ocr_carea' id='block_1_108' title="bbox 658 5674 2264 5755">
    <p class='ocr_par' dir='ltr' id='par_1_108' title="bbox 658 5674 2211 5755">
     <span class='ocr_line' id='line_1_109' title="bbox 658 5674 2211 5755; baseline 0.008 -26"><span class='ocrx_word' id='word_1_776' title='bbox 658 5674 858 5731; x_wconf 86' lang='lat' dir='ltr'><strong>ell&#39;ulsit</strong></span> <span class='ocrx_word' id='word_1_777' title='bbox 880 5677 1048 5735; x_wconf 79' lang='lat' dir='ltr'><strong>Filius</strong></span> <span class='ocrx_word' id='word_1_778' title='bbox 1078 5682 1404 5753; x_wconf 85' lang='lat' dir='ltr'><strong>unigenitus,</strong></span> <span class='ocrx_word' id='word_1_779' title='bbox 1435 5683 1525 5738; x_wconf 88' lang='lat' dir='ltr'><strong>illc</strong></span> <span class='ocrx_word' id='word_1_780' title='bbox 1554 5686 1691 5740; x_wconf 89' lang='lat' dir='ltr'><strong>idem</strong></span> <span class='ocrx_word' id='word_1_781' title='bbox 1715 5698 1780 5739; x_wconf 77' lang='lat' dir='ltr'><strong>ex</strong></span> <span class='ocrx_word' id='word_1_782' title='bbox 1812 5692 1885 5750; x_wconf 89' lang='lat' dir='ltr'><strong>te,</strong></span> <span class='ocrx_word' id='word_1_783' title='bbox 1904 5688 2211 5755; x_wconf 84' lang='lat' dir='ltr'><strong>purissima,</strong></span> 
     </span>
    </p>
   </div>
   <div class='ocr_carea' id='block_1_109' title="bbox 2263 5674 3869 5755">
    <p class='ocr_par' dir='ltr' id='par_1_109' title="bbox 2318 5675 3869 5750">
     <span class='ocr_line' id='line_1_110' title="bbox 2318 5675 3869 5750; baseline -0.002 -18"><span class='ocrx_word' id='word_1_784' title='bbox 2318 5680 2417 5749; x_wconf 77' lang='grc' dir='ltr'>τῆς</span> <span class='ocrx_word' id='word_1_785' title='bbox 2466 5679 2634 5748; x_wconf 76' lang='grc' dir='ltr'>ἁγνῆς</span> <span class='ocrx_word' id='word_1_786' title='bbox 2667 5676 2949 5749; x_wconf 78' lang='grc' dir='ltr'>προῆλθεν,</span> <span class='ocrx_word' id='word_1_787' title='bbox 3006 5676 3297 5746; x_wconf 77' lang='grc' dir='ltr'>ἀφράστως</span> <span class='ocrx_word' id='word_1_788' title='bbox 3352 5677 3669 5750; x_wconf 73' lang='grc' dir='ltr'>σσρκωθείςο</span> <span class='ocrx_word' id='word_1_789' title='bbox 3722 5675 3869 5745; x_wconf 76' lang='grc' dir='ltr'>φύσει</span> 
     </span>
    </p>
   </div>
   <div class='ocr_carea' id='block_1_110' title="bbox 661 5761 2267 5839">
    <p class='ocr_par' dir='ltr' id='par_1_110' title="bbox 661 5761 2212 5832">
     <span class='ocr_line' id='line_1_111' title="bbox 661 5761 2212 5832; baseline 0.006 -16"><span class='ocrx_word' id='word_1_790' title='bbox 661 5761 918 5831; x_wconf 87' lang='lat' dir='ltr'><strong>prodivit,</strong></span> <span class='ocrx_word' id='word_1_791' title='bbox 944 5764 1281 5825; x_wconf 74' lang='lat' dir='ltr'><strong>iueﬁabiliter</strong></span> <span class='ocrx_word' id='word_1_792' title='bbox 1308 5766 1657 5832; x_wconf 85' lang='lat' dir='ltr'><strong>incarnatus;</strong></span> <span class='ocrx_word' id='word_1_793' title='bbox 1694 5778 1884 5823; x_wconf 83' lang='lat' dir='ltr'><strong>natura</strong></span> <span class='ocrx_word' id='word_1_794' title='bbox 1919 5768 2055 5826; x_wconf 87' lang='lat' dir='ltr'><strong>Deus</strong></span> <span class='ocrx_word' id='word_1_795' title='bbox 2080 5771 2212 5827; x_wconf 78' lang='lat' dir='ltr'><strong>exsi-</strong></span> 
     </span>
    </p>
   </div>
   <div class='ocr_carea' id='block_1_111' title="bbox 2263 5761 3869 5839">
    <p class='ocr_par' dir='ltr' id='par_1_111' title="bbox 2319 5766 3869 5839">
     <span class='ocr_line' id='line_1_112' title="bbox 2319 5766 3869 5839; baseline -0.002 -17"><span class='ocrx_word' id='word_1_796' title='bbox 2319 5770 2449 5833; x_wconf 77' lang='grc' dir='ltr'>Θεδς</span> <span class='ocrx_word' id='word_1_797' title='bbox 2498 5770 2774 5839; x_wconf 78' lang='grc' dir='ltr'>ὑπάρχων,</span> <span class='ocrx_word' id='word_1_798' title='bbox 2822 5768 2912 5824; x_wconf 71' lang='grc' dir='ltr'><strong>καὶ</strong></span> <span class='ocrx_word' id='word_1_799' title='bbox 2950 5766 3106 5837; x_wconf 79' lang='grc' dir='ltr'>φύσει</span> <span class='ocrx_word' id='word_1_800' title='bbox 3154 5767 3439 5839; x_wconf 80' lang='grc' dir='ltr'>γενόμενος</span> <span class='ocrx_word' id='word_1_801' title='bbox 3483 5767 3765 5839; x_wconf 72' lang='grc' dir='ltr'>ἄνθρωπος</span> <span class='ocrx_word' id='word_1_802' title='bbox 3809 5766 3869 5819; x_wconf 86' lang='grc' dir='ltr'>δι’</span> 
     </span>
    </p>
   </div>
  </div>
