4066 6314
1234 367 1617 423 ACOLL'TlllA
1658 368 1993 424 TRIPLllllS
2038 371 2253 428 FESTl.

3099 383 3381 425 εεειιινιι

142 490 303 560 ἡμᾶς’
339 488 437 543 οὐκ
476 492 553 553 εἰς
580 488 743 539 δυάδι
771 504 1075 559 προσωπων
1113 488 1465 558 τεμνόμενος.
1501 491 1615 542 ἀλλ’
1653 494 1702 543 ἐν

1819 502 2004 553 slens,
2037 499 2091 544 ct
2151 501 2336 545 natura
2392 490 2564 544 iactus
2619 493 2781 546 homo
2831 497 3048 557 propter
3094 502 3232 550 nos;
3272 501 3376 542 non

139 581 285 635 δυάδι
319 584 532 651 φύσεων
580 581 897 650 ἀσυγχύτως
938 580 1353 652 γνωριζόμενος.
1392 579 1560 633 Αὐτὸν
1598 585 1707 636 ἱκέ-

141 688 277 733 τευε,
337 672 508 742 σεμνὴ
559 671 985 741 παμμακάριστε
1060 671 1346 723 ἐλετοῆναι
1387 672 1484 735 τὰς
1537 672 1708 739 άύνὰς

141 763 316 832 ἡμῶν.

1820 581 1868 633 in
1926 583 2059 636 duas
2093 582 2298 637 divisus
2330 595 2589 651 personas
2613 622 2629 646 ,
2658 581 2751 637 sed
2810 579 2862 634 in
2913 578 3121 635 duabus
3165 579 3374 634 naturis

1821 672 2275 729 inconfusibiliter
2303 673 2727 745 cognoscendus.
2769 673 2922 728 llunc
2963 685 3055 724 ora
3083 710 3097 735 ,
3138 687 3169 725 ο
3204 685 3371 740 οιικιιο

1818 777 1898 818 sta
1933 778 1986 821 et
2016 766 2353 831 beatissima,
2391 776 2448 821 ut
2485 774 2791 820 nostrarum
2851 765 3157 821 animarum
3212 764 3368 816 tniseo

1816 863 1963 905 reatu
1973 869 2017 913 1⁵,

206 944 295 998 97.
330 940 477 994 llabe
510 941 620 1011 jam
665 941 854 996 iterum
891 948 1053 997 verba
1090 939 1299 1011 Typici,
1330 954 1386 997 ut
1419 942 1619 1003 discas.
1652 960 1770 1012 qua:
1808 946 1938 999 liant
1981 960 2103 1017 post
2128 947 2410 1002 decantata
2454 948 2567 1002 bare
2597 946 2830 1002 stiehera
2866 965 2880 1000 :

219 1038 549 1108 Ἀπὲρχεται
580 1042 607 1091 ὁ
639 1039 814 1110 ἱερεὺς
849 1039 942 1091 καὶ
990 1040 1015 1089 ὁ
1052 1037 1295 1101 διάκονος
1320 1080 1333 1103 ,
1379 1038 1471 1090 καὶ
1504 1040 1715 1093 ποιοῦσι

145 1130 431 1201 μετάνοιαν
474 1132 550 1201 τῷ
578 1132 899 1201 προεστῶτι.
932 1129 963 1197 ἦ
989 1130 1066 1191 εἰς
1098 1128 1188 1181 τὸν
1234 1131 1394 1183 τόπον
1425 1128 1608 1194 αὐτοῦ,
1643 1132 1716 1194 ὡς

141 1221 483 1292 προείρηται,
515 1222 605 1273 καὶ
628 1221 951 1272 ἀλλάσσουσι
982 1220 1078 1292 τὴν
1110 1222 1392 1291 ἱερατικὴν
1434 1219 1627 1292 στολὴν
1657 1226 1713 1275 ἐν

142 1313 212 1383 τῷ
237 1312 550 1381 διακονικῷ.
595 1312 702 1365 Καὶ
732 1310 1035 1377 ἐξελθόντες
1066 1315 1123 1365 ὲν
1144 1313 1221 1382 τῷ
1248 1311 1358 1380 ναῷ
1386 1312 1711 1367 claudius-act

144 1404 276 1473 μετὰ
306 1403 404 1455 τοῦ
437 1402 722 1473 ουμιατοῦ,
747 1402 854 1455 τῶν
894 1403 1194 1475 λαμπάδων
1227 1404 1710 1473 προπορευομὲνων

142 1496 352 1559 αὐτούς.
382 1497 443 1548 Οἱ
474 1496 530 1550 δὲ
563 1496 780 1565 ἀδελφοὶ
810 1496 1007 1559 πάντες
1041 1493 1515 1557 ἁποσκεπάςονται
1550 1498 1702 1550 ἐνου-

145 1588 314 1655 μένων
336 1587 447 1640 τῶν
466 1588 557 1641 δύο
591 1588 785 1659 χορῶν.

1884 1039 2153 1098 Secedunt
2208 1047 2460 1098 sacerdos
2508 1054 2563 1096 et
2608 1043 2865 1098 diaconus
2919 1040 3230 1112 faciuntque
3294 1053 3378 1090 rc-

1812 1134 2108 1186 verentiam
2135 1135 2371 1203 praesidi,
2395 1144 2488 1188 ant
2511 1148 2701 1187 versus
2743 1133 2908 1201 ipsius
2938 1130 3134 1196 locum,
3164 1140 3220 1184 ut
3250 1141 3375 1185 ante

1811 1221 2010 1275 dictum
2051 1232 2154 1286 est,
2187 1232 2241 1277 et
2271 1233 2478 1278 mutant
2509 1237 2723 1278 sacram
2763 1222 2957 1275 stolam
2989 1220 3041 1273 in
3069 1219 3370 1273 diuconico.

1809 1312 1873 1367 Et
1910 1323 2170 1369 exeuntes
2222 1317 2287 1369 ad
2332 1316 2585 1385 templum
2641 1316 2923 1369 introeunt
2968 1328 3087 1367 cum
3131 1312 3371 1374 incenso,

1807 1408 2233 1474 prmccdentibus
2282 1409 2426 1477 ipsos
2487 1408 2849 1478 lampadibus.
2908 1402 3129 1459 Fratres
3193 1414 3374 1457 autem

1809 1512 1999 1552 omnes
2029 1508 2301 1567 teguntur,
2337 1500 2388 1552 in
2419 1515 2581 1553 unum
2621 1501 2942 1555 coeuntibus
2990 1496 3199 1551 duobus
3239 1496 3374 1551 cbo-

1815 1606 1908 1644 I'IS.

208 1680 293 1735 98.
325 1681 506 1738 Coun.
539 1682 685 1748 Quod
725 1697 819 1736 nos
852 1700 871 1731 ι
902 1678 1202 1732 sacristiam
1236 1696 1254 1729 s
1290 1676 1635 1746 appellamus.
1665 1699 1683 1731 ι
1716 1682 2054 1737 diaconicum
2100 1700 2117 1733 ι
2155 1681 2357 1737 Grmcis
2388 1682 2586 1737 dicitur
2614 1698 2628 1734 :
2668 1682 2788 1736 ideo
2819 1679 3070 1741 fortasse.
3097 1679 3237 1746 quod
3255 1678 3374 1735 dia-

143 1766 397 1805 couorum
428 1755 675 1822 primitus
702 1752 921 1822 essetin
958 1762 1011 1803 ec
1050 1749 1206 1822 sedes
1238 1759 1291 1802 et
1311 1762 1627 1822 consessus;
1672 1751 1754 1822 vel
1784 1755 1981 1817 potius,
2016 1755 2158 1822 quod
2205 1754 2290 1807 hic
2320 1755 2469 1807 locus
2500 1767 2686 1807 eorum
2719 1766 2864 1805 cura:
2908 1750 3175 1822 praecipue
3214 1766 3369 1805 com-

147 1822 333 1876 missus
369 1819 551 1874 fuerit.
594 1820 649 1871 In
682 1834 747 1891 eo
796 1819 938 1891 enim
980 1832 1084 1872 non
1116 1819 1302 1891 solum
1347 1834 1466 1887 qua:
1506 1819 1569 1891 ad
1601 1821 1847 1875 ecclesiae
1891 1819 2110 1876 vasa'et
2138 1824 2504 1877 sacerdotales
2535 1832 2711 1877 veSIes
2740 1830 3009 1891 spectant,
3054 1820 3368 1891 priusquam

144 1908 289 1945 sacra
324 1898 678 1959 perageretur
709 1888 945 1957 liturgia,
979 1903 1070 1942 seu
1097 1888 1331 1943 divinum
1365 1904 1427 1943 ac
1451 1888 1886 1959 ecclesiasticum
1914 1893 2175 1955 ollicium,
2214 1895 2397 1946 munia
2442 1894 2671 1947 obibant
2696 1888 2945 1956 diaconi;
2969 1890 3062 1944 sed
3090 1900 3144 1943 et
3183 1890 3368 1943 cousi-

144 1958 333 2014 debant
375 1974 474 2027 pro
508 1958 743 2030 muneris
798 1960 883 2030 sui
929 1960 1157 2030 ratione.
1228 1958 1473 2030 _lsidorus
1533 1958 1799 2013 Mercator
1839 1962 2152 2016 Διακονικόν
2188 1979 2206 2013 ι
2243 1963 2594 2016 secretariqu
2633 1980 2651 2012 ι
2687 1962 2887 2025 vertit;
2937 1968 2991 2015 et
3035 1968 3370 2030 congruente

142 2031 347 2107 quidem
374 2029 670 2107 Agatliensi
710 2028 962 2107 concilio,
1010 2028 1163 2107 cujus
1217 2027 1284 2107 ϐβ
1315 2030 1793 2107 cauonhltic_est__:
1825 2050 1842 2080 ι
1877 2032 2135 2107 Quoniam
2178 2047 2285 2107 non
2343 2040 2556 2107 oportet
2630 2031 2935 2107 _i_nsacratos
2980 2027 3261 2107 ministros
3307 2028 3372 2082 li-

144 2100 366 2174 centiam
429 2096 643 2174 habere
704 2098 761 2174 in
824 2096 1178 2174 secretarium
1247 2098 1414 2174 (quod
1478 2096 1652 2152 Graeci
1725 2096 2038 2174 diaconicon
2097 2096 2393 2174 appellant)
2455 2101 2697 2174 ingredi_
2735 2110 2796 2174 et
2848 2099 3164 2165 contingere
3229 2114 3357 2155 vasa

147 2170 433 2224 ttominica.
492 2189 507 2221 ι
555 2167 717 2237 Atqui
770 2185 789 2218 ι
843 2167 1206 2222 secretarium
1267 2165 1299 2237 »ς
1328 2165 1467 2237 idem
1510 2177 1632 2227 est.

1687 2170 1829 2237 quod
1883 2172 2020 2238 apud
2071 2170 2179 2224 uos
2225 2192 2242 2223 ι
2287 2170 2541 2228 sacristia
2608 2189 2629 2223 ι
2685 2170 2917 2226 barbare
2971 2177 3364 2236 nuncupatur:

144 2243 202 2311 ile
262 2255 368 2309 quo
419 2241 531 2311 qui
581 2235 810 2301 dubitat,
862 2239 1020 2291 adeat
1051 2235 1411 2311 _cardinalen_t__
1436 2235 1579 2291 Bona
1625 2235 1718 2291 lib.
1771 2255 1785 2293 ι
1830 2235 2020 2294 Rerum
2084 2241 2445 2309 iiturgicarum
2487 2257 2607 2311 cap.
2655 2241 2748 2305 24,
2806 2256 2954 2297 num.
3008 2238 3084 2304 2,
3117 2235 3366 2311 Atath:-

144 2306 461 2382 xdvtamen',
493 2310 632 2366 sicut
660 2318 714 2365 et
747 2325 766 2361 t
804 2307 1156 2363 secretarium
1194 2326 1213 2358 ι
1245 2307 1297 2362 in
1324 2306 1444 2361 aliis
1479 2316 1737 2377 pnetcrea
1774 2324 2068 2381 usurpatur
2108 2306 2622 2381 signiﬁcationibus,
2651 2327 2790 2382 quas
2820 2328 2928 2368 non
2956 2321 3041 2366 est
3071 2309 3234 2378 hujus
3256 2308 3363 2363 loci

143 2381 419 2446 eprcare.

209 2450 331 2529 99._
359 2448 643 2517 Ingressus
699 2459 875 2529 autem
926 2447 1238 2529 sacerdotis_
1284 2448 1336 2529 in
1385 2458 1886 2529 temptum,_supra
1914 2450 2370 2529 _de_scriplus__ex
2405 2450 2635 2529 Tlpico,
2674 2465 2779 2506 non
2831 2449 3360 2529 est_simpleanui-

146 2516 635 2592 dam__ingres_sus;
684 2520 777 2572 sed
832 2519 1239 2592 ingressusqui
1297 2516 1533 2592 lit_cuin
1579 2521 1752 2577 sacris
1794 2516 2142 2586 "codicibus,
2187 2521 2384 2592 quibus
2428 2516 2653 2592 diacono
2688 2536 2718 2574 a
2762 2521 3043 2576 sacerdote
3078 2516 3334 2592 traditis,

145 2588 406 2663 egreditur
463 2588 551 2663 ille
598 2602 628 2641 e
674 2598 826 2657 porta
874 2586 1184 2652 diacouicii
1239 2598 1293 2641 et
1345 2589 1581 2643 elevatos
1630 2601 1754 2644 ante
1812 2591 2002 2663 faciem
2066 2586 2358 2656 deferens,
2410 2591 2773 2663 subsequente
2820 2592 3152 2663 sacerdote,
3213 2586 3353 2663 viam

145 2656 415 2731 quamdam
438 2656 724 2731 sinuosam
759 2666 939 2731 tenet;
985 2671 1090 2731 qua
1148 2669 1427 2731 peragrata
1483 2668 1609 2711 ante
1672 2672 1890 2731 sanct_as
1934 2660 2078 2714 fores
2124 2672 2353 2731 uterque
2386 2656 2683 2726 sistit,'ut
2722 2662 2976 2731 sacerdos
3041 2656 3368 2731 recitetﬁqv

146 2727 357 2805 εἰσόδουΔ
400 2727 674 2805 εὐχήνηίμ
709 2736 869 2805 est,__t
915 2724 1169 2805 Introitus
1202 2724 1501 2782 orationem
1524 2765 1538 2790 ,
1562 2747 1579 2779 ι
1614 2743 1773 2797 quam
1803 2724 2428 2800 ConstantinOpoli'tanus
2452 2724 2758 2805 patriarcha
2791 2731 2850 2786 S.
2872 2729 3206 2791 Germanus,
3244 2724 3365 2784 loco

144 2808 286 2850 antea
312 2797 500 2866 citato,
526 2797 686 2853 nobis
708 2797 927 2853 exhibet
943 2806 997 2853 et
1026 2799 1097 2852 ita
1132 2808 1310 2853 sonat.

216 2889 504 2961 Ἐσπέρας,
564 2894 658 2946 καὶ
704 2892 868 2964 πρωῒ,
904 2893 998 2947 καὶ
1033 2891 1376 2964 μεσημϐρίας
1420 2891 1698 2964 αἰνοῦμεν,

1874 2890 1996 2948 100.
2052 2892 2308 2962 Vespere,
2361 2900 2416 2948 et
2468 2909 2661 2961 mane,
2696 2904 2752 2951 et
2800 2894 3029 2951 meridie
3061 2894 3363 2959 laudamus.

145 2982 481 3054 εὐλογοῦμεν,
506 2984 953 3055 εὐχαριστοῦμεν,
978 2987 1072 3038 καὶ
1093 2984 1326 3055 δεόμεθά
1358 3002 1474 3050 σου,
1504 2985 1703 3039 Δέσπο-

145 3091 203 3126 τα
231 3074 332 3129 τῶν
358 3076 634 3138 ἁπάντων,
662 3075 986 3129 κατεύθυνον
1004 3076 1102 3148 τὴν
1131 3076 1435 3147 προσευχὴν
1462 3077 1614 3147 ἡμῶν
1630 3077 1704 3141 ὡς

149 3164 377 3237 Θυμίαμα
402 3166 628 3221 ἐνώπιόν
674 3183 787 3220 σου.
824 3167 934 3220 Καὶ
966 3167 1040 3238 μὴ
1078 3166 1333 3240 ἐκκλίνῃς
1353 3166 1451 3230 τὰς
1479 3166 1704 3239 καρδίας

148 3256 286 3326 ἡμῶν
312 3261 391 3321 είς
418 3258 606 3327 λόγους
635 3258 667 3330 ἢ
704 3260 781 3322 εἰς
802 3257 1093 3328 λογισμοὺς
1121 3257 1402 3328 πονηρίας,
1434 3256 1566 3310 ἀλλὰ
1595 3254 1705 3329 ῥῦ-

150 3365 224 3403 σαι
242 3351 383 3420 ἡμᾶς
400 3352 467 3403 ἐκ
484 3351 696 3404 πάντων
726 3349 831 3402 τῶν
857 3349 922 3419 θη
932 3350 1193 3419 ρευόντων
1208 3348 1307 3412 τὰς
1328 3348 1503 3419 ψυχὰς
1520 3348 1697 3421 ήμῶν’

148 3440 218 3492 ὅτι
250 3441 381 3511 πρὸς
415 3442 497 3503 σὲ,
542 3441 735 3511 Κύριε,
766 3440 959 3513 Κύριε,
1000 3442 1049 3493 oi
1075 3441 1341 3512 ὀφθαλμοὶ
1384 3440 1562 3512 ἡμῶν,
1609 3443 1702 3496 καὶ

149 3533 228 3585 ἐπὶ
254 3533 331 3585 σοὶ
378 3532 706 3605 ἠλπίσαμενο
767 3533 843 3606 μὴ
884 3530 1247 3603 καταισχύνῃς
1286 3534 1452 3603 ἡμᾶς,
1498 3535 1526 3585 ὁ
1570 3533 1702 3597 Θεὸς

148 3624 305 3694 ἡμῶν.
331 3624 453 3679 Ὀτι
485 3628 681 3696 πρέπει
716 3626 798 3679 σοι
836 3627 985 3679 πᾶσα
1021 3624 1168 3691 δόξα,
1217 3622 1353 3694 τιμὴ
1382 3623 1475 3677 καί
1530 3640 1700 3695 προσ-

150 3715 373 3787 κύνησις,
398 3716 480 3788 τῷ
501 3718 693 3786 Πατρὶ,
724 3718 817 3771 καὶ
846 3718 923 3789 τῷ
948 3717 1083 3789 Υίῷ,
1111 3717 1203 3770 καὶ
1248 3713 1326 3786 τῷ
1353 3714 1489 3786 ἁγίῳ
1525 3714 1698 3769 Πνεύ-

152 3821 285 3873 ματι,
308 3808 401 3861 νῦν
432 3810 529 3861 καὶ
583 3808 692 3873 ἀεὶ,
719 3808 812 3862 καὶ
835 3811 915 3873 είς
951 3812 1075 3873 τοὺς
1113 3807 1315 3872 αἰῶνας
1340 3806 1449 3861 τῶν
1472 3806 1699 3862 αἰώνων.

161 3897 332 3971 Ἀμήν.

211 3985 331 4043 Εἶτα
361 3993 579 4063 εὐλογεϊ
604 3996 702 4066 τὴν
724 3993 945 4059 εἴσοδον,
972 3992 1149 4062 λέγων
1165 4008 1183 4025 ⁸

210 4080 552 4155 Εὐλογημένη
586 4087 620 4157 ἡ
654 4086 852 4150 εἴσοδος
882 4085 988 4139 τῶν
1021 4086 1192 4154 ἁγίων
1220 4101 1314 4139 σου
1340 4084 1589 4149 πάντοτε,
1608 4083 1700 4138 νῦν

152 4173 232 4225 καὶ
256 4174 356 4239 ἀεὶ,
381 4175 494 4228 καί.

1805 2984 2196 3049 benedicimns,
2223 2986 2427 3057 gratias
2449 2986 2676 3057 agimus,
2701 2996 2753 3041 et
2782 2976 2999 3043 oramus
3026 2998 3099 3053 te,
3123 2989 3364 3043 omnium

1805 3074 2038 3130 Domine
2062 3094 2076 3131 :
2103 3077 2274 3146 dirige
2304 3077 2607 3132 orationem
2634 3086 2877 3132 nostram
2917 3076 3054 3132 sicut
3083 3078 3364 3132 incensum

1806 3165 1858 3218 in
1890 3175 2179 3234 conspectu
2241 3178 2372 3232 tuo;
2426 3179 2481 3223 et
2526 3185 2592 3224 ne
2621 3167 2846 3225 inclines
2880 3170 3043 3224 corda
3077 3178 3264 3225 nostra
3310 3169 3369 3224 in

1804 3257 1966 3311 verba
1998 3256 2080 3311 vel
2120 3258 2474 3329 cogitationes
2504 3262 2777 3329 nequitiae,
2811 3262 2903 3316 sed
2949 3260 3119 3316 libera
3173 3276 3271 3317 nos
3298 3262 3373 3316 ab

1801 3349 2052 3405 omnibus
2078 3350 2401 3407 venantibus
2442 3352 2657 3408 animus
2692 3361 2936 3408 nostras:
2974 3351 3100 3423 quia
3150 3352 3217 3407 ad
3286 3362 3361 3418 te,

1803 3442 2052 3509 Domine,
2080 3442 2328 3513 Domine,
2364 3445 2505 3501 oculi
2535 3446 2727 3512 nostri,
2752 3455 2807 3502 et
2836 3446 2887 3500 in
2915 3455 2966 3501 te
2992 3445 3370 3515 speravimus;

1803 3546 1870 3587 ne
1915 3532 2213 3590 confundas
2243 3550 2341 3591 nos
2365 3576 2381 3600 ,
2414 3536 2555 3591 Deus
2586 3546 2787 3592 noster.
2818 3536 2955 3604 Quia
2985 3541 3239 3593 convenit
3269 3538 3369 3593 tibi

1802 3624 1980 3679 omnis
2006 3625 2196 3695 gloria,
2229 3625 2402 3682 honor
2427 3637 2481 3682 et
2508 3628 2757 3685 adorstio
2778 3668 2795 3696 ,
2823 3628 2992 3697 Patri,
3018 3638 3073 3684 et
3118 3628 3279 3694 Filio,
3310 3637 3367 3684 et

1805 3715 2033 3787 Spiritui
2066 3727 2252 3775 sancto
2272 3760 2289 3788 ,
2319 3735 2460 3777 nunc
2490 3729 2546 3777 et
2578 3736 2812 3793 semper,
2843 3731 2901 3779 et
2948 3722 2999 3777 in
3029 3721 3225 3779 sacula
3261 3735 3370 3778 sa:-

1805 3813 2074 3871 culorum.
2098 3814 2294 3870 Amen.

1876 3995 1942 4051 Et
1961 3994 2226 4052 benedicit
2256 3994 2529 4051 introitum
2555 3994 2739 4051 dicens
2765 4012 2780 4050 :

1868 4085 2189 4142 Benedictus
2231 4085 2301 4141 sit
2350 4086 2601 4141 introitus
2649 4094 2959 4140 sanctorum
3003 4093 3214 4141 tuorum
3244 4086 3363 4144 ubi-

1800 4193 1924 4250 que,
1947 4193 2089 4232 nunc
2118 4186 2173 4230 et
2204 4191 2437 4246 semper,
2491 4187 2597 4231 etc.

211 4257 334 4317 Εἶτα
375 4264 405 4317 ὀ
454 4264 698 4329 διάκονος
721 4305 735 4330 ,
792 4266 1074 4337 χαράττων
1134 4269 1379 4341 σταυρὸν
1408 4269 1544 4340 μετὰ
1602 4266 1695 4322 τοῦ

1818 4246 1835 4250 “
1875 4265 2000 4319 tul.
2068 4262 2312 4319 Posthac
2362 4265 2664 4331 diaconus,
2730 4264 3004 4321 tburibulo
3074 4265 3358 4323 eli‘ormats

154 4354 414 4424 Θυμιατοῦ,
444 4356 627 4427 λέγει·
668 4357 852 4429 Σοφία,
883 4358 1064 4431 ὀρθοί·
1107 4360 1199 4414 καὶ
1241 4363 1401 4432 ἡμεῖς
1458 4361 1538 4421 τὸ,
1578 4358 1698 4421 Φῶς

156 4446 335 4519 ἱλαρόν.

1802 4369 1985 4421 cruce,
2029 4354 2182 4420 dicit,
2221 4355 2516 4425 Sapientis,
2551 4356 2704 4414 recti.
2756 4355 2867 4413 Nos
2907 4369 3083 4413 autem
3112 4376 3126 4413 :
3153 4358 3359 4415 Lumen

1796 4445 2115 4516 jucundum.

214 4538 379 4595 COII.
411 4539 638 4616 Reliqua
674 4544 860 4616 supple
882 4557 945 4598 ex
978 4548 1151 4616 capite
1200 4546 1393 4616 primo,
1421 4546 1486 4599 de
1515 4537 2115 4616 Minoribus_vesperis.
2157 4536 2255 4616 llic
2291 4552 2421 4616 vero
2458 4540 2758 4616 notaverim
2785 4556 2851 4595 ex
2880 4538 3094 4616 Joanne
3122 4540 3356 4605 Mortuo,

156 4606 414 4683 diaconum
435 4606 703 4683 dicentem
724 4606 912 4683 Σοφία,
935 4631 955 4666 s
986 4606 1283 4683 Sapientia,
1322 4633 1340 4667 ι
1376 4606 1758 4683 verosimiliter
1786 4609 2010 4683 digitum
2049 4608 2329 4683 intendere
2355 4609 2680 4683 ingcodicem
2707 4625 2919 4683 sacrum
2944 4618 3032 4666 :et
3053 4612 3133 4667 sic
3159 4627 3189 4665 a
3216 4627 3358 4683 prae-

155 4676 988 4754 sentibusexigereattentionem
1010 4676 1370 4753 praestandam
1393 4685 1608 4754 iis,qua:
1628 4682 1752 4736 inde
1769 4676 2329 4735 recitabantunPauci
2346 4680 2565 4750 quidam
2580 4694 2701 4733 cum
2719 4678 3059 4737 S.Gertnano
3073 4676 3257 4751 legunt
3271 4682 3359 4736 Σοο

157 4747 240 4814 oio.
267 4749 417 4823 ὀρθή.
449 4768 468 4802 ι
491 4747 777 4820 Sapientia
806 4764 973 4808 recta.
1002 4747 1022 4807 ἱ

215 4843 357 4898 Μετὰ
386 4844 442 4899 δὲ
486 4843 583 4916 τὴν
628 4846 825 4899 εἴσοδον
877 4850 904 4901 ὁ
969 4848 1186 4918 ταχθεὶς
1230 4848 1483 4919 μοναχδς,
1523 4845 1699 4917 βαλὼν

156 4933 238 5005 τὴν
256 4937 450 5011 συνήθη
483 4937 769 5009 μετάνοιαν
785 4937 861 5009 τῷ
892 4940 1211 5010 προεστῶτι,
1237 4939 1426 5009 ψάλλει
1448 4939 1700 5010 τῆςὴμέ-

161 5044 243 5098 ρας
297 5033 650 5103 προκείμενον
708 5031 961 5101 δίστιχον
1003 5032 1061 5086 '0
1094 5032 1297 5103 Κύριος
1330 5031 1694 5087 ἐϐασίλευσεν.

158 5120 322 5191 Στίχος
368 5129 436 5178 α’.
480 5123 795 5178 Ἐνεδύσατο
838 5123 1045 5196 Κύριος
1087 5124 1333 5195 δύναμιν.
1391 5125 1580 5196 Στίχος
1627 5124 1692 5194 β’.

160 5210 251 5262 Καὶ
293 5212 397 5285 γὰρ
440 5212 795 5283 ἐστερέωσεν.
853 5214 1123 5286 Στραφεὶς
1171 5214 1226 5267 δὲ
1275 5215 1303 5266 ὁ
1348 5215 1525 5285 ἱερεὺς
1556 5214 1692 5285 πρὸς

158 5298 363 5371 δυσμὰς,
392 5304 679 5376 δεδεμένας
716 5305 854 5376 ἔχων
912 5307 1011 5370 τὰς
1050 5308 1259 5378 χεῖρας,
1301 5306 1515 5360 ἵσταται
1544 5322 1698 5375 περι-

164 5387 315 5454 μένων
351 5392 448 5464 τὴν
496 5394 775 5466 πλήρωσιν
822 5393 915 5446 τοῦ
966 5395 1349 5465 προκειμένου.
1398 5389 1531 5446 Εἶτα
1576 5394 1699 5463 βαλ-

162 5478 227 5533 λει
267 5486 564 5552 μετάνοιαν,
623 5485 719 5540 καὶ
758 5485 1053 5557 ἀπέρχεται
1103 5488 1184 5549 εἰς
1233 5484 1325 5539 τὸν
1383 5486 1545 5538 τόπον
1600 5488 1698 5539 αὐ-

162 5583 240 5621 του
247 5609 258 5623 .

1878 4840 2005 4897 102.
2029 4839 2154 4895 Post
2184 4840 2466 4895 introitum
2490 4854 2646 4926 vero,
2670 4842 2981 4915 designatus
3008 4844 3075 4899 ad
3100 4844 3153 4900 id
3179 4860 3359 4901 mons-

1799 4933 1974 4994 cbus.
2010 4933 2287 5003 praemissa
2334 4930 2491 4987 solita
2543 4936 2787 5003 corporis
2836 4934 3121 4993 inﬂexione
3167 4952 3357 4993 versus

1797 5024 2081 5093 praesidem
2111 5024 2225 5077 sive
2252 5022 2497 5078 abbatem
2529 5064 2545 5089 ,
2571 5025 2720 5080 canit
2757 5024 3088 5097 propositum
3130 5027 3238 5083 diei
3273 5029 3357 5083 di-

1796 5116 2049 5179 sticbum,
2080 5123 2135 5167 et
2174 5113 2327 5180 dicit,
2372 5113 2635 5170 Dominus
2665 5118 2930 5186 regnavit.
2956 5117 3269 5177 Versiculus
3302 5121 3355 5191 Ι,

1795 5206 2019 5261 lndutus
2046 5216 2131 5259 est
2156 5204 2435 5261 Dominus.
2494 5205 2804 5263 Versiculns
2846 5209 2900 5273 2,
2937 5208 3147 5265 Etenim
3176 5212 3357 5266 lirma-

1794 5301 1890 5353 vit.
1928 5297 2148 5352 Interim
2182 5313 2474 5354 conversus
2515 5300 2581 5354 ad
2614 5301 2949 5357 occidentem
2994 5304 3269 5369 sacerdos,
3303 5314 3353 5357 et

1790 5392 2010 5460 junctas
2054 5393 2257 5447 habens
2283 5407 2494 5459 manus,
2525 5395 2784 5462 propositi
2832 5395 2992 5450 ﬁnem
3055 5398 3352 5467 cpperitur.

1796 5482 1915 5535 Mox
1970 5482 2196 5537 exhibet
2241 5484 2599 5539 reverentiam
2631 5523 2647 5550 ,
2680 5494 2735 5541 et
2790 5487 2843 5540 in
2901 5485 3075 5541 locum
3130 5487 3351 5542 discedit

1796 5590 1975 5631 suum.

220 5667 329 5742 ωδ.
356 5670 529 5729 Count.
560 5670 801 5728 Ecclesia
831 5671 1047 5742 quidem
1076 5669 1263 5726 Graeca
1295 5669 1720 5742 singulistotius
1750 5670 1883 5742 anni
1922 5670 2072 5742 feriis
2101 5669 2303 5742 singula
2344 5670 2576 5724 disticha
2603 5672 2852 5725 attribuit
2890 5690 2904 5726 :
2945 5687 3048 5727 non
3084 5681 3261 5727 tamen
3298 5673 3351 5729 in

164 5738 376 5811 quolibet
411 5742 585 5797 ollicio
610 5742 822 5796 videtur
847 5737 966 5809 post
991 5737 1482 5811 lntroitumgetjiei
1517 5740 1788 5794 distichon
1815 5739 1978 5811 etiam
2006 5740 2109 5794 dici
2147 5737 2658 5811 υοηιὶιιιιειερηαυὶι
2685 5781 2700 5802 ,
2722 5756 2843 5811 cum
2874 5742 3199 5811 supradictis
3223 5756 3342 5797 ver-

163 5807 340 5877 siculis,
370 5814 462 5869 sed
493 5822 696 5871 tantum
728 5811 783 5866 in
805 5807 1055 5882 Vesperis
1083 5809 1323 5867 Sabbati.
1358 5808 1451 5866 Est
1478 5811 1621 5865 enim
1653 5824 1702 5879 at

1820 5811 1877 5865 S.
1915 5810 2236 5865 Germanum
2260 5827 2273 5863 :
2317 5810 2377 5863 Ei
2406 5808 2460 5863 δὲ
2487 5809 2599 5863 ἔστι
2626 5810 2900 5866 Σάϐϐατον
2923 5807 3182 5879 ἕσπερας,
3206 5810 3351 5878 Myso
