4086 6318
1357 359 1747 414 ACOLUTHIA
1783 357 2120 414 TRIPLICIS
2153 358 2365 413 FESTI.

3178 373 3437 414 οοοκιιιι

190 479 290 530 καὶ
329 479 705 548 ἀναμάρτητον
748 475 897 548 παρὰ
934 477 1027 530 τοῦ
1063 477 1266 547 Κυρίου
1299 477 1670 547 αἰτησώμεθα.
1702 477 1765 528 Χ.

1882 492 1992 529 uani
2053 485 2107 529 et
2151 477 2358 540 peccati
2415 484 2694 543 expertem
2747 489 2776 527 a
2839 472 3062 528 Domino
3115 472 3436 544 ﬂagitemus.

189 570 514 638 Παράσχου,
538 569 730 640 Κύριε.

272 659 538 728 ’Λγγελον
605 660 848 729 εἰρήνης,
905 657 1092 710 πιστὸν
1139 657 1351 726 ὁδηγὸν,
1411 656 1624 724 φύλακα
1668 655 1772 708 τών

189 753 386 823 ψυχῶν
420 755 512 803 καὶ
551 751 658 802 τῶν
707 751 968 819 σωμάτων
1001 748 1177 819 ἡμῶν,
1224 747 1373 817 παρὰ
1429 747 1522 800 τοῦ
1572 747 1771 816 Κυρίου

191 842 570 914 αἱτησώμεθα.
597 844 662 894 Χ.
689 842 994 910 Παράσχου,
1022 838 1191 910 Κύριε

268 930 610 1000 Συγγνώμην
635 929 727 981 καὶ
768 928 959 997 ἄφεσιν
990 929 1098 982 τῶν
1130 929 1412 1001 ἁμαρτιῶν
1456 930 1548 980 καὶ
1592 928 1770 998 πλημο

197 1019 706 1093 μελημάτωνὴμῶν
747 1019 897 1088 παρὰ
935 1018 1026 1070 τοῦ
1055 1021 1258 1089 Κυρίου
1295 1017 1661 1087 αἰτησώμεθα.
1703 1019 1770 1070 Χ.

193 1115 515 1184 Παρασχου,
535 1110 728 1179 Κύριε.

268 1207 314 1256 Τ
319 1207 352 1258 ἐι
397 1204 539 1256 καλὰ
590 1202 682 1256 καὶ
717 1203 1062 1274 συμφέροντα
1089 1204 1204 1264 ταῖς
1249 1199 1446 1270 ψυχαῖς
1475 1199 1651 1270 ἡμῶν,
1683 1200 1776 1252 καὶ

193 1297 427 1367 εἰρήνην
473 1294 553 1364 τῷ
582 1295 793 1364 κόσμῳ,
833 1293 982 1364 παρὰ
1028 1291 1121 1343 τοῦ
1164 1290 1367 1361 Κύριου
1401 1289 1769 1361 αἰτησώμεοα.

195 1391 270 1442 Χ.
316 1388 629 1456 Παράσχου,
667 1385 856 1454 Κύριε.

269 1482 376 1532 ,ιεὸν
424 1479 707 1532 ὑπόλοιπον
753 1476 939 1547 χρόνον
985 1476 1083 1545 τῆς
1122 1475 1266 1544 ζωῆς
1306 1475 1457 1544 ἡμῶν
1494 1477 1548 1526 ὲν
1587 1475 1775 1546 εἰρήνη

197 1575 293 1624 καὶ
325 1569 587 1642 μετανοίᾳ
626 1567 905 1619 ἐκτελέσαι
946 1566 1097 1636 παρὰ
1120 1565 1211 1618 τοῦ
1239 1567 1442 1634 Κυρίου
1473 1566 1778 1636 αἱτησώμε-

201 1668 290 1716 [ια.
335 1663 394 1712 '0
425 1675 544 1729 χορ.
582 1658 896 1730 Παράσχου,
930 1657 1119 1728 Κύριε.

265 1751 571 1824 Χριστιανὰ
626 1752 695 1804 τὰ
749 1751 875 1821 τέλη
933 1750 1030 1820 τῆς
1081 1749 1224 1820 ζωῆς
1278 1748 1453 1820 ἡμῶν,
1515 1748 1773 1809 ἀνώδυνα,

1876 567 1975 621 Ch.
2003 565 2221 631 Tribue,
2257 567 2499 620 Domine.

1943 659 2200 727 Angelum
2249 658 2414 727 pacis,
2469 656 2675 710 fidelem
2724 657 2958 724 duceni,
2997 658 3268 710 custodem
3325 659 3442 710 aui-

1875 763 2082 801 marum
2126 759 2180 801 et
2229 764 2518 818 corporum
2571 758 2878 802 nostrorum
2906 763 2935 798 a
2973 747 3196 800 Domino
3230 746 3441 816 ﬂagite-

1876 856 2014 893 ntns.
2039 839 2137 893 Ch.
2163 841 2381 904 Tribue,
2416 839 2656 892 Domine.

1947 930 2168 984 Veniam
2225 941 2280 984 et
2324 932 2701 986 remissionem
2731 938 3073 998 peccatorum
3110 940 3166 984 et
3221 929 3438 983 delictu-

1876 1037 1993 1074 rnm
2037 1033 2339 1077 nostrorum
2385 1039 2415 1078 a
2461 1024 2687 1078 Domino
2723 1021 3044 1092 ﬂagitemus.
3083 1019 3182 1076 Ch.
3223 1021 3439 1086 Tribus,

1877 1115 2118 1169 Domine.

1949 1206 2092 1260 Bona
2147 1217 2201 1262 et
2248 1208 2444 1264 animis
2491 1208 2689 1262 nostris
2737 1209 3112 1271 conducentia,
3149 1222 3209 1261 ac
3247 1206 3445 1260 mundo

1878 1311 2064 1364 pacem
2130 1312 2158 1350 a
2233 1297 2457 1353 Domino
2513 1297 2834 1368 ﬂagitamus.
2875 1300 2976 1357 Ch.
3029 1299 3258 1362 Tribuc,
3332 1296 3440 1351 Do-

1879 1402 2042 1440 tuine.

1953 1477 2241 1548 Reliquum
2291 1479 2416 1533 vita:
2481 1489 2677 1534 nostra:
2735 1489 2941 1549 tempus
2975 1481 3193 1546 transigi
3229 1480 3284 1536 in
3315 1493 3445 1550 pace

1882 1579 1937 1624 et
2015 1571 2374 1640 pmuitentia,
2454 1569 2775 1642 ﬂagitcmus.
2841 1571 2940 1626 Ch.
3007 1570 3252 1637 Tribue,
3333 1568 3443 1625 Do-

1883 1676 2051 1713 nune.

1949 1751 2291 1807 Christianos
2339 1752 2464 1808 vita:
2518 1763 2715 1809 nostra:
2753 1755 3031 1820 terminos,
3083 1755 3203 1809 sine
3237 1753 3440 1818 dolore,

192 1845 622 1914 ἁνεπαίσχυντα,
673 1843 943 1914 εἰρηνικὰ,
983 1843 1074 1896 καὶ
1129 1841 1299 1912 καλὴν
1349 1842 1640 1910 ἀπολογίαν
1680 1841 1776 1911 τὴν

1882 1846 1994 1898 sine
2022 1844 2368 1909 confusione,
2396 1846 2732 1914 tranquillos,
2759 1858 2814 1900 et
2846 1851 3043 1900 bonam
3075 1846 3441 1901 delensionem

195 1938 292 1990 ἐπὶ
323 1937 420 1989 τοῦ
453 1935 683 2006 φοϐεροῦ
722 1935 982 2006 βήματος,
1003 1935 1155 2007 παρὰ
1186 1934 1280 1987 τοῦ
1310 1934 1514 2004 Κυρίου
1546 1933 1779 2005 αἰτησώ-

197 2029 361 2098 μεθα.
393 2029 464 2084 Χ.
494 2029 806 2098 Παράσχου,
833 2028 1023 2098 Κύριε.

263 2122 380 2192 Τῆς
434 2120 723 2187 παναγίας,
780 2121 1071 2191 ἀχράντου,
1106 2119 1639 2189 ὑπερευλογημένης,
1689 2120 1776 2169 ὲν-

201 2213 358 2278 δὸξου
380 2212 678 2280 Δεσποίνης
703 2213 735 2281 ἡ
744 2212 856 2281 μῶν
871 2211 1153 2276 Θεοτόκου,
1173 2211 1266 2263 καὶ
1284 2209 1641 2280 ἁειπαρθένου
1661 2210 1778 2262 Μα-

196 2306 346 2376 ρίας,
383 2303 527 2374 μετὰ
554 2302 766 2355 πάντων
791 2301 899 2354 τῶν
929 2300 1095 2368 ἁγίων
1131 2298 1619 2371 μνημονεύσαντες,
1650 2299 1777 2350 ἐαυ-

195 2401 327 2461 τοὺς
360 2397 454 2450 καὶ
490 2395 772 2465 ἀλλήλους,
805 2394 898 2446 καὶ
930 2395 1110 2447 πᾶσαν
1136 2394 1234 2464 τὴν
1269 2392 1412 2463 ζωὴν
1446 2390 1623 2462 ἡμῶν,
1645 2391 1778 2460 Χρι-

200 2490 316 2560 στῷ
344 2489 424 2559 τῷ
448 2487 566 2558 Θεῷ
596 2486 987 2557 παραθώμεθα.
1024 2488 1090 2539 Χ.
1121 2485 1232 2552 Σοὶ,
1262 2484 1458 2556 Κύριε.

272 2665 386 2717 Καὶ
422 2664 450 2714 ὁ
492 2664 669 2733 ίερεὺς
721 2661 997 2731 ὲκφώνως·
1033 2661 1156 2714 ’Ὁτι
1193 2658 1396 2728 ἀγαθὸς
1445 2659 1540 2711 καὶ
1587 2657 1776 2727 φιλάν-

196 2757 227 2811 θ
238 2773 423 2828 ρωπος
458 2756 588 2818 Θεὸς
615 2755 900 2825 ὑπάρχεις,
937 2753 1029 2806 καί
1058 2769 1138 2804 σοι
1167 2752 1264 2822 τὴν
1280 2751 1433 2828 δόξαν
1460 2749 1777 2818 ἀναπέμποα

199 2826 330 2918 μεν,
353 2849 434 2918 τῷ
462 2848 658 2917 Πατρὶ,
682 2849 782 2898 καὶ·
801 2845 878 2914 τῷ
911 2844 1044 2913 Υίῷ,
1071 2845 1166 2896 καὶ
1193 2841 1272 2912 τῷ
1306 2826 1443 2910 ἁγίῳ
1476 2840 1772 2910 Πνεύματι,

195 2942 298 2993 νῦν
365 2940 460 2992 καὶ
515 2939 621 3002 ἀεὶ,
673 2938 766 2990 καὶ
818 2938 899 2999 εἰς
945 2937 1068 2998 τοὺς
1134 2934 1335 2996 αίῶνας
1379 2932 1487 2985 τῶν
1543 2931 1772 2985 αἰώνων.

197 3036 269 3088 Χ.
367 3033 560 3104 Ἀμήν.
633 3032 690 3085 Ὁ
760 3029 976 3102 ἱερεύς·
1035 3028 1239 3098 Εἰρήνη
1298 3029 1450 3080 πᾶσι.
1525 3027 1592 3079 Χ.
1671 3026 1777 3077 Καὶ

199 3127 344 3198 μετᾶ
405 3125 497 3179 τοῦ
559 3125 865 3194 πνεύματός
946 3140 1063 3178 σου.
1119 3123 1180 3176 '0
1222 3122 1365 3174 διάκ.
1430 3122 1538 3184 Τὰς
1607 3137 1776 3189 κεφα-

196 3222 298 3283 λὰς
347 3218 502 3290 ὑμῶν
582 3217 660 3286 τῷ
736 3217 927 3287 Κυρίῳ
994 3216 1228 3269 κλίνατε.

197 3312 401 3384 Κύριε.

269 3407 385 3460 Καὶ
409 3404 556 3474 λέγει
582 3405 611 3456 ὁ
644 3405 821 3475 ἱερεὺς
852 3405 950 3476 τὴν
990 3402 1154 3474 εὐχὴν
1175 3401 1469 3473 μυστικῶς.

1883 1939 1934 1991 in
1987 1939 2264 1992 tremendo
2297 1936 2495 1992 Christi
2523 1938 2794 2003 tribunali,
2820 1956 2848 1991 ει
2877 1937 3101 1991 Domino
3126 1939 3442 2007 ﬂagitemus.

1879 2030 2089 2084 Chorus
2119 2045 2135 2083 :
2179 2029 2396 2096 Tribue,
2425 2031 2665 2085 Domine.

1953 2119 2341 2184 Sanctissimae,
2412 2120 2765 2186 intemeratae,
2839 2135 3002 2189 super
3050 2135 3234 2175 omnes
3281 2120 3443 2174 bene-

1879 2210 2056 2272 dictze,
2090 2209 2339 2277 gloriosae
2377 2210 2615 2263 Domina:
2653 2220 2850 2264 nostra:
2910 2210 3153 2280 Deiparae
3199 2226 3444 2280 semper-

1880 2313 1985 2367 que
2013 2289 2239 2366 virginis
2269 2299 2451 2354 Mariz
2486 2316 2548 2355 ac
2605 2301 2842 2354 omnium
2888 2313 3200 2354 sanctorum
3243 2317 3446 2354 memo-

1878 2393 2012 2445 riam
2046 2401 2289 2460 agentes,
2339 2407 2439 2446 nos
2487 2393 2650 2463 ipsos,
2683 2403 2738 2447 et
2789 2395 3038 2458 invicem,
3069 2404 3121 2447 et
3154 2394 3318 2446 vitam
3351 2406 3448 2446 no-

1877 2491 2043 2537 stram
2113 2491 2279 2537 lctam
2345 2482 2567 2538 Christo
2628 2483 2738 2539 Deo
2797 2485 3258 2539 eammendemns.
3341 2481 3444 2537 Cb.

1878 2575 2020 2640 Tibi,
2045 2574 2292 2628 Domine.

1949 2666 2072 2720 105.
2105 2665 2172 2719 Et
2219 2665 2476 2720 sacerdos
2516 2661 2742 2719 elatiore
2790 2677 2922 2717 voce
2962 2662 3194 2717 succinit
3248 2680 3264 2716 :
3315 2661 3451 2730 Quia

1878 2756 2049 2811 bonus
2073 2767 2127 2809 et
2158 2769 2351 2809 amans
2378 2755 2656 2809 hominum
2695 2755 2837 2810 Deus
2861 2755 3102 2819 exsistis,
3129 2765 3184 2810 et
3215 2755 3309 2811 tibi
3337 2755 3452 2826 glo-

1879 2848 2015 2901 riam
2071 2845 2443 2912 attrihnimus,
2478 2844 2649 2912 Patri,
2679 2854 2736 2898 et
2761 2844 2923 2910 Filio,
2959 2856 3015 2900 et
3070 2847 3290 2914 Spiritui
3321 2861 3452 2901 san-

1877 2948 1987 3003 cto,
2029 2952 2172 2994 nunc
2242 2949 2298 2992 et
2351 2951 2587 3006 semper,
2633 2945 2688 2992 et
2749 2937 2802 2991 in
2856 2936 3050 2993 szecula
3104 2937 3447 2993 saeculorum.

1878 3032 2106 3088 Chorus.
2175 3031 2368 3086 Amen.
2419 3029 2728 3087 Sacerdos:
2781 3031 2893 3086 Pax
2942 3033 3210 3086 omnibus.
3250 3030 3351 3087 Ch.
3386 3030 3455 3085 Et

1880 3140 2001 3180 cum
2027 3126 2222 3197 spiritu
2266 3134 2375 3179 tuo.
2407 3122 2676 3179 Diaconus
2711 3141 2726 3176 :
2753 3122 3040 3178 llumiliate
3065 3124 3240 3193 capita
3273 3134 3455 3178 vestra

1342 3214 1398 3265 '0
1447 3229 1564 3283 χορ.
1645 3214 1736 3265 Σοὶ
1757 3251 1774 3277 ,
1803 3196 1846 3253 C
1880 3218 2008 3273 Deo.
2040 3196 2283 3271 Chorus:
2315 3216 2455 3284 Tibi,
2495 3217 2736 3272 Domine.

1955 3397 2023 3452 Et
2047 3394 2302 3451 sacerdos
2322 3401 2533 3449 secreto
2555 3393 2691 3448 dicit
2712 3394 3015 3450 orationem

273 3502 452 3556 Const.
489 3498 614 3555 [hec
637 3500 845 3567 Oratio,
881 3499 1333 3568 Κεφαλοκλισίας,
1364 3503 1478 3556 sive
1504 3519 1522 3552 ι
1564 3500 1757 3571 capitis

1882 3495 2158 3554 linationis
2187 3511 2208 3545 ι
2245 3501 2614 3562 nuncupatur,
2645 3501 2702 3547 et
2729 3491 2807 3547 ita
2829 3502 3031 3548 sonu;

274 3595 450 3666 Κύριε
481 3595 511 3646 ὁ
531 3593 662 3656 Θεὸς
690 3597 722 3663 ἡ
732 3593 867 3662 μῶν,
897 3592 926 3643 ὁ
951 3592 1138 3656 κλίνας
1158 3593 1421 3664 οὐρανοὺς
1469 3594 1564 3647 καὶ
1622 3611 1782 3646 κατα-

198 3689 306 3751 ϐὰς
335 3685 434 3740 ἐπὶ
464 3686 708 3756 σωτηρία
749 3685 844 3739 τοῦ
893 3686 1082 3753 γένους
1124 3687 1233 3738 τῶν
1279 3684 1598 3758 ἀνθρώπων,
1633 3685 1781 3738 ἔπιδε

196 3781 294 3833 ἐπὶ
331 3777 460 3839 τοὺς
483 3775 698 3838 δούλους
726 3793 840 3839 σου,
878 3779 970 3829 καὶ
1006 3779 1097 3830 ἐπὶ
1134 3779 1232 3847 τὴν
1263 3778 1627 3847 κληρονομίαν
1666 3795 1778 3831 σου’

198 3874 288 3925 σοὶ
309 3871 419 3940 γὰρ
445 3867 523 3939 τῷ
553 3865 875 3938 φοϐερῷκαὶ
907 3866 1273 3938 φιλανθρώπῳ
1306 3869 1468 3938 κριτῇ
1502 3869 1550 3919 οί
1571 3867 1653 3919 σοὶ
1672 3868 1784 3920 δοῦ-

195 3963 279 4014 λοι
305 3957 600 4013 ὑπέκλιναν
628 3956 725 4019 τὰς
759 3954 1020 4024 κεφαλὰς,
1050 3956 1176 4018 τοὺς
1204 3955 1260 4009 δὲ
1299 3954 1477 4008 αὐτῶν
1507 3953 1784 4020 ὑπέταξαν

196 4051 458 4122 αὐχένας,
481 4050 542 4102 οὗ
574 4048 672 4120 τὴν
698 4048 754 4114 ἐξ
785 4047 879 4101 ἀνθ
890 4045 1084 4119 ρώπων
1119 4047 1482 4118 ἀναμένοντες
1507 4046 1777 4117 βοήθειαν,

195 4145 339 4200 ἀλλὰ
363 4143 425 4196 τὸ
466 4142 555 4195 σὺν
583 4139 970 4214 περιμένοντες
1003 4139 1174 4202 ἔλεος,
1216 4140 1309 4192 καὶ
1326 4137 1424 4210 τὴν
1455 4140 1552 4209 σὴν
1592 4138 1784 4191 ὑποδε-

197 4239 424 4310 χόμενοι
457 4234 744 4307 σωτηρίαν·
764 4230 1193 4302 οὓςδιαφύλαξον
1216 4232 1272 4283 ἐν
1297 4230 1460 4283 παντὶ
1478 4230 1672 4301 καιρῷ,
1694 4228 1786 4281 καὶ

197 4328 344 4381 κατὰ
391 4329 493 4398 τὴν
537 4326 816 4398 παροῦσαν
869 4325 1125 4395 ἑσπέραν,
1185 4324 1277 4375 καὶ
1311 4322 1408 4375 τὶν
1455 4321 1784 4392 προσιοῦσαν

200 4419 402 4484 νύκτα,
435 4417 544 4469 ἀπὸ
582 4418 780 4479 παντὸς
808 4415 1021 4487 ἐχθροῦ,
1058 4415 1165 4467 ἀπὸ
1195 4413 1375 4484 πάσης
1405 4412 1786 4484 ἀντικειμένης

200 4511 515 4582 ἐνεργείας,
560 4509 923 4577 διαλογισμῶν
956 4507 1218 4577 ματαίων,
1274 4508 1368 4558 καὶ
1412 4505 1781 4576 ἐνθυμήσεων.

200 4599 337 4655 Εἶτα
372 4602 643 4669 έκφωνείε
685 4599 782 4668 Εἶη
811 4599 871 4650 τὸ
897 4599 1096 4669 κράτος
1129 4598 1227 4667 τῆς
1255 4596 1530 4667 βασιλείας
1555 4614 1648 4649 σου
1693 4600 1781 4650 εὐ-

197 4691 507 4763 λογημένον
553 4695 645 4745 καὶ
690 4689 1094 4760 δεδοξασμένον,
1129 4688 1224 4742 τοῦ
1263 4690 1496 4762 Πατρὸς,
1553 4689 1647 4742 καὶ
1691 4690 1787 4743 τοῦ

201 4786 362 4850 Υίοῦ,
394 4784 491 4837 καὶ
521 4784 615 4835 τοῦ
643 4783 797 4852 ἁγίου
828 4781 1162 4853 Πνεύματος,
1204 4779 1300 4834 νῦν
1327 4782 1419 4834 καὶ
1450 4783 1555 4847 ἀεὶ,
1590 4782 1682 4834 καὶ
1710 4784 1790 4844 είς

199 4881 330 4940 τοὺς
351 4874 555 4935 αἰῶνας
589 4872 695 4924 τῶν
717 4873 948 4929 αἰώνων.
998 4873 1190 4943 Ἀμήν.

1811 4871 1859 4926 D

1953 3589 2179 3646 Domine
2230 3586 2369 3642 Deus
2411 3593 2612 3650 noster,
2668 3586 2761 3656 qui
2814 3586 3088 3643 inclinatis
3122 3588 3277 3644 ctelis
3327 3605 3454 3660 pro-

1890 3694 2011 3758 pter
2041 3681 2269 3739 salutem
2306 3680 2525 3736 humani
2573 3681 2792 3751 generis
2839 3682 3209 3746 descendisti,
3247 3687 3454 3755 respice

1882 3775 2113 3834 famulos
2141 3783 2261 3830 tuos
2289 3784 2345 3829 et
2365 3773 2737 3831 htereditatem
2772 3782 2964 3829 tuam:
2991 3776 3085 3830 tibi
3140 3779 3308 3844 enim,
3346 3789 3454 3837 tre-

1884 3868 2078 3925 mendo
2107 3865 2268 3923 simul
2294 3879 2359 3920 ac
2398 3865 2631 3936 benigno
2660 3864 2855 3935 judici,
2885 3868 2959 3922 tui
2999 3868 3183 3924 famuli
3213 3870 3448 3928 inclina-

1883 3970 2011 4016 runt
2034 3959 2239 4031 capita,
2264 3967 2320 4015 et
2359 3971 2488 4013 suas
2520 3959 2891 4015 submisernnt
2913 3963 3185 4029 cervices;
3249 3979 3355 4019 non
3387 3967 3455 4020 ab

1883 4053 2196 4108 hominibus
2242 4062 2524 4122 sperantes
2570 4054 2830 4109 auxilium
2857 4095 2873 4119 ,
2906 4055 3001 4110 sed
3030 4066 3173 4110 tuam
3225 4068 3454 4127 praesto-

1886 4143 2059 4200 lantes
2090 4144 2542 4212 misericordiam,
2572 4154 2627 4199 et
2669 4153 2815 4200 tuam
2856 4147 3086 4203 salutent
3137 4161 3455 4218 exspectan-

1888 4241 1970 4289 tes
2001 4249 2017 4288 :
2044 4247 2181 4305 quos
2216 4233 2424 4290 custodi
2457 4235 2604 4290 omni
2661 4245 2902 4305 tempore
2952 4247 3007 4291 et
3052 4239 3152 4292 hoc
3200 4243 3456 4309 praesenti

1886 4336 2110 4394 vespere
2134 4363 2152 4391 ,
2181 4331 2235 4378 et
2289 4323 2390 4379 hac
2423 4333 2674 4378 secutura
2709 4335 2870 4378 nocte
2922 4327 2994 4381 ab
3033 4326 3177 4381 omni
3207 4328 3455 4396 inimico,

1886 4413 1956 4470 ab
1979 4414 2124 4469 omni
2157 4413 2419 4470 diabolica
2473 4413 2897 4481 machinatione,
2951 4435 2980 4472 a
3043 4420 3458 4488 cogitationibus

1896 4506 2073 4570 vanis,
2131 4516 2187 4560 et
2243 4505 2426 4573 pravis
2474 4504 2781 4562 aﬂ‘ectihus.
2847 4508 3049 4564 Deinde
3099 4511 3276 4565 altiori
3332 4524 3457 4567 tono

1887 4600 2018 4654 dicit
2053 4617 2068 4652 :
2100 4597 2183 4653 Sit
2212 4597 2358 4670 regni
2409 4600 2482 4654 tui
2534 4600 2770 4670 potentia
2807 4599 3089 4655 benedicta
3153 4612 3207 4656 et
3250 4601 3457 4674 gloriﬁ-

1890 4699 2036 4756 cata,
2086 4689 2285 4758 Patris,
2325 4700 2379 4746 et
2416 4691 2561 4756 Filii,
2593 4701 2651 4748 et
2684 4691 2920 4761 Spiritus
2959 4694 3171 4761 sancti,
3206 4713 3350 4754 nunc
3404 4708 3460 4754 et

1891 4797 2126 4853 semper,
2163 4793 2220 4840 et
2257 4787 2309 4839 in
2339 4784 2533 4839 saecula
2562 4783 2906 4842 saeculorum.
2932 4787 3124 4843 Amen.

1478 4966 1838 5038 Prosequitur
1866 4966 2150 5038 Typicum.

275 5063 392 5121 Εἶθ’
456 5066 600 5119 οὕτω
666 5063 939 5134 ψάλλομεν
978 5064 1049 5117 τὰ
1100 5064 1340 5135 ίδιόμελα
1383 5061 1474 5115 τοῦ
1516 5066 1656 5118 κατὰ
1694 5066 1791 5138 τὴν

199 5159 311 5229 ήμὲ
321 5174 419 5226 ραν
436 5156 615 5221 ἁγίου,
632 5155 999 5217 λιτανεύοντες
1013 5155 1072 5207 ἐν
1093 5155 1170 5225 τῷ
1197 5155 1451 5226 νάρθηκι,
1474 5152 1568 5204 τοῦ
1600 5155 1790 5224 ἱερέως

201 5251 300 5302 καὶ
327 5247 422 5301 τοῦ
454 5247 701 5300 διακόνου
723 5245 1212 5319 προπορευομένων
1245 5244 1385 5318 μετὰ
1412 5244 1673 5315 θυμιατοῦ
1694 5247 1788 5299 καὶ

199 5339 266 5391 λα
278 5338 533 5407 μπὰδων.

1966 5064 2090 5118 106.
2151 5061 2287 5116 Tum
2333 5061 2613 5132 psallimus
2656 5061 2906 5116 idiomela
2951 5061 3096 5118 illius
3149 5066 3321 5120 sancti
3365 5069 3457 5135 qui

1891 5170 1957 5211 eo
1983 5157 2068 5211 die
2092 5153 2309 5218 colitur,
2343 5152 2606 5208 facientes
2639 5151 3044 5221 processionem
3092 5155 3144 5206 in
3179 5157 3457 5220 narthet‘e,

1889 5248 2260 5317 praeeuntibus
2291 5244 2578 5300 sacerdote
2629 5253 2684 5300 et
2738 5245 2964 5301 diacono
3002 5262 3123 5301 cum
3184 5247 3461 5304 thutibulo

1889 5354 1951 5391 ac
2001 5337 2358 5407 lampadibus.

273 5429 457 5483 COII.
495 5429 627 5502 llinc
653 5428 892 5502 adverte,
923 5429 1130 5484 erudite
1150 5429 1347 5502 lector,
1376 5431 1474 5502 has
1502 5446 1660 5485 voces
1691 5432 1779 5484 Λιτ

1882 5434 2135 5485 Λιτανεία
2163 5443 2217 5485 ct
2240 5429 2573 5495 Λιτανεύειν,
2622 5432 2760 5499 apud
2789 5429 3016 5502 Graecos
3055 5432 3461 5487 ecclesiasticos

202 5516 309 5553 non
344 5501 600 5570 usurpari
631 5502 682 5552 in
713 5499 968 5570 primaeva
998 5515 1092 5553 sua
1116 5499 1537 5568 significatione,
1557 5517 1676 5570 qua:
1706 5512 1791 5556 est
1815 5499 1847 5552 'c
1880 5518 2069 5570 preces
2110 5522 2128 5552 ι
2158 5511 2212 5556 et
2241 5520 2259 5552 ι
2296 5507 2532 5569 precari;
2564 5522 2582 5552 ι
2620 5503 2714 5554 sed
2747 5503 2796 5554 in
2829 5501 2955 5557 alia.
2986 5500 3157 5557 Sonat
3190 5504 3331 5556 enim
3354 5504 3462 5557 cir-

201 5572 441 5640 cuitum_
476 5569 648 5631 illum,
683 5584 841 5640 quem
890 5568 1070 5640 Latini
1120 5570 1481 5624 ecclesiastici
1514 5591 1532 5622 ι
1571 5568 1974 5639 processionem
2016 5592 2034 5625 ι
2070 5568 2401 5640 nuncupant.
2431 5570 2593 5636 Quid,
2623 5573 2768 5639 quod
2824 5572 2992 5625 etiam
3045 5573 3095 5625 hi
3127 5573 3230 5626 hoc
3263 5587 3457 5626 nomen

207 5657 228 5690 ε
264 5638 497 5712 Ῑιίιθιιίι
523 5656 678 5712 {non
700 5638 936 5712 raro_sic
967 5649 1232 5712 usurpeut
1274 5663 1284 5693 :
1319 5640 1518 5712 quippe
1547 5638 1628 5712 (ut
1657 5643 2024 5712 Anastasium.
2070 5638 2408 5701 Aimoiinnn,
2458 5638 2702 5712 aliosque
2755 5643 2951 5712 multos
3003 5643 3199 5697 tacitus
3237 5654 3457 5712 praeter-

202 5709 499 5782 φυὴαιιιίί
539 5708 789 5782 Magnum
820 5707 1142 5777 Gregorium
1176 5707 1347 5779 epist.
1362 5707 1564 5782 23⁷111).
1589 5727 1646 5775 II,
1671 5711 1779 5776 jttht

1882 5727 1950 5766 3m
1986 5723 2234 5778 tempore
2279 5707 2627 5782 mortalitatis
2670 5710 2782 5764 fieri
2815 5720 3047 5782 septem
3084 5707 3460 5779 proce‘ssiout-s

204 5781 420 5835 divisim
462 5780 766 5835 secundum
796 5789 996 5846 status,
1029 5795 1135 5836 uno
1166 5782 1291 5835 die:
1343 5799 1360 5831 ι
1397 5779 1601 5837 Litania
1635 5783 1956 5837 clericorum
1993 5783 2212 5850 (inquit)
2245 5789 2398 5835 exeat
2436 5779 2502 5835 ab
2534 5782 2761 5837 ecclesia
2813 5781 2871 5836 Β.
2904 5779 3128 5838 Joannis
3170 5782 3455 5852 Baplistm;
