4086 6318
647 316 813 359 CCCXL

1984 297 2521 356 PROLI-ZGOMENA.

638 418 826 491 [itania
858 420 1116 491 ἢτοι-ιω.
1140 417 1463 491 εὴᾲεεείοεῐρ
1495 418 1553 474 Β.
1583 418 1841 491 martyris
1866 417 2138 491 Marcelli;
2167 420 2352 473 litania
2388 418 2799 491 monachorum.
2827 418 2931 491 ab
2947 416 3178 491 ecclesia
3212 426 3517 491 martyrum
3568 411 3789 491 'oannis
3814 423 3865 467 et

638 489 826 554 Pauli;
851 489 1043 573 _litani_a
1072 488 1537 573 ancillarumpei,
1567 491 1636 573 ab
1656 485 1892 573 ecclesia
1920 489 2023 572 BE}.
2054 488 2581 573 martyrui'nﬁosmm
2605 497 2666 573 et
2689 487 2932 573 Damiani
2958 504 2973 551 ;
2998 485 3866 573 litania_femiAtiat-utncorijugata-

642 576 783 624 rum,
815 561 882 615 ab
909 560 1137 615 ecclesia
1168 559 1227 613 Β.
1258 558 1419 631 primi
1447 563 1702 631 martyris
1724 559 1986 627 Stephani
2009 556 2245 631 ;7litania
2274 560 2577 631 viduarum,
2620 560 2687 631 ab
2713 559 3226 631 ecclesiamartyris
3261 558 3490 619 Vitalis;
3518 556 3707 631 litania
3739 570 3863 621 pan-

639 644 826 699 perum
862 643 916 686 et
942 631 1250 691 infantium,
1282 628 1349 701 ab
1376 627 1603 701 ecclesia
1639 630 1697 683 Β.
1725 633 1984 701 martyris
2016 630 2262 701 Caeciliae.
2303 649 2321 681 ι
2352 629 2447 683 Ubi
2473 629 2534 681 τὸ
2569 647 2588 679 ε
2626 628 2807 681 litania
2842 647 2859 679 ι
2893 629 3035 701 aliud
3064 627 3195 681 nihil
3240 636 3433 695 pnnter
3465 627 3865 701 proces~ioaeun

639 692 922 764 signiﬁcat.
964 702 1263 770 Dieautem
1296 698 1381 770 his
1414 699 1588 755 tribus
1614 692 1930 756 doctoribus
1956 715 2115 756 sacro
2160 702 2212 755 in
2245 700 2367 770 λιτῇ
2403 702 2517 754 sive
2545 703 2891 768 processione
2934 692 3301 751 recitabantur
3329 692 3613 765 sequentia
3644 692 3870 765 στιχηρὰ

640 770 881 843 ιδιόμελα
910 770 1015 826 Nili
1042 769 1161 825 Xalt
1177 768 1402 837 lltopuli.

1291 859 1475 917 Tonus
1503 861 1558 916 2.

713 951 839 1010 10⁸1.
907 952 1023 1009 lluc
1073 955 1239 1024 agite,
1304 952 1544 1008 ccelestis
1593 952 1877 1009 Trinitatis
1919 952 2202 1018 cultores;

642 1047 1007 1102 collaudemus
1036 1056 1347 1101 terrestrem
1404 1045 1699 1099 trinitatem
1731 1045 2036 1100 divinorum
2067 1045 2209 1101 anti-

642 1144 866 1200 stilum:
898 1141 1215 1214 Gregorium
1259 1151 1621 1211 cognomento
1652 1136 2011 1210 Theologum,
2049 1140 2206 1194 Basi-

642 1238 771 1291 lium
802 1237 1085 1292 ducentem
1116 1250 1144 1288 a
1177 1250 1341 1304 regno
1380 1249 1574 1288 nomen
1603 1274 1621 1301 ,
1669 1242 1726 1287 et
1755 1248 1784 1287 a
1815 1234 1989 1304 gratia
2039 1230 2210 1287 Joan-

2242 873 2290 924 Α

2965 852 3138 910 *Ηγος
3162 856 3227 910 θ’.

2965 856 3043 910 *Η
3080 874 3108 910 ο
3191 863 3227 910 ’.

2379 952 2563 1011 Δεῦτε.
2613 953 2711 1024 τῆς
2750 950 3003 1024 οὐρανίου
3048 856 3277 1022 ξὲιὲδος
3312 948 3361 1003 ol
3420 948 3740 1022 λατρευταὶ,
3791 949 3878 1018 τὴν

2312 1042 2550 1112 ἐπίγειον
2579 1042 2770 1113 τριάδα
2800 1043 2908 1095 τῶν
2948 1040 3108 1094 θείων
3144 1039 3408 1111 ἱεραρχῶν
3454 1041 3879 1111 εὐφημήσωμεν,

2311 1136 2403 1188 τὸν
2440 1134 2742 1206 Γρηγόριον
2768 1133 2868 1203 τῆς
2897 1132 3175 1201 θεολογίας
3194 1133 3284 1185 τὸν
3314 1130 3618 1201 ἐπώνυμον,
3652 1132 3744 1185 τὸν
3781 1132 3881 1184 Βα-

2315 1228 2509 1281 σίλειον
2554 1226 2655 1297 τῆς
2698 1225 2970 1296 βασιλείας
2993 1225 3083 1279 τὸν
3122 1224 3462 1295 φερώνυμον,
3501 1226 3597 1277 καὶ
3640 1226 3883 1296 Ἰωάννην

643 1343 806 1393 nem;
859 1328 996 1382 imos
1048 1328 1288 1397 gurgites
1343 1326 1658 1396 sapientiae;
1710 1325 1947 1395 Spiritus
1998 1325 2204 1379 marina

2323 1320 2403 1373 τὴν
2435 1319 2601 1382 ὄντως
2630 1316 3021 1389 χαριτώνυμον,
3056 1320 3178 1381 τοὺς
3204 1318 3299 1389 τῆς
3323 1318 3511 1386 σοφίας
3548 1316 3765 1387 βυθοὺς,
3797 1314 3884 1372 τοῦ

643 1418 879 1486 ﬂuenta;
916 1419 1090 1474 fontes
1149 1434 1299 1486 aqum
1338 1419 1533 1471 vivida:
1580 1417 1890 1488 jugiterque
1920 1416 2204 1480 salientis;

645 1511 850 1566 lucidas
880 1512 1238 1581 margaritas;
1270 1511 1550 1565 terrestria
1597 1509 1919 1573 luminaria;
1956 1508 2211 1564 Ecclesia

642 1603 1045 1675 gubernacula;
1072 1604 1478 1673 splendidorum
1512 1602 1781 1657 fructuum
1814 1602 2023 1657 l'eraces
2054 1603 2213 1656 arbo-

646 1712 764 1763 res;
790 1695 1142 1752 administros
1184 1696 1406 1763 gratiae;
1441 1710 1505 1750 os
1534 1694 1778 1760 Christi;
1816 1695 2061 1750 vindices
2084 1694 2211 1749 Tri-

642 1789 864 1857 nitatis;
893 1788 961 1844 ab
993 1790 1182 1845 eadem
1209 1788 1327 1845 sine
1359 1788 1518 1845 ullius
1547 1789 1852 1842 interventu
1878 1787 2211 1850 illustratos;

643 1892 699 1935 et
727 1878 940 1936 a’ssidue
976 1895 1077 1952 pro
1107 1881 1313 1938 nostris
1346 1881 1635 1935 animabus
1662 1888 1903 1934 orantes.

1242 2134 1383 2190 ldem
1426 2142 1605 2191 tonus.

2314 1410 2631 1482 Πνεῦματος
2652 1412 2720 1464 τά
2746 1409 2936 1481 ῥεῖθρα
2950 1411 3017 1462 τὰ
3038 1410 3335 1471 ὠκεανικὰ,
3365 1409 3462 1473 τὰς
3487 1409 3675 1480 πηγὰς
3688 1409 3789 1472 τὰς
3806 1410 3887 1463 αεὶ

2317 1503 2634 1572 βλυςούσας,
2662 1502 2721 1555 τὶ
2755 1501 2899 1573 ὕδωρ
2937 1501 2997 1554 τὸ
3026 1500 3133 1563 ζῶν
3163 1503 3224 1555 τὸ
3255 1501 3565 1572 ἁλλόμενον,
3588 1503 3714 1565 τοὺς
3738 1501 3889 1554 Ema-

2316 1598 2430 1663 γεῖς
2468 1594 2825 1666 μαργαρίτας,
2848 1594 2974 1657 τοὺς
3001 1594 3276 1660 ἔπιγείους
3297 1595 3613 1666 φωστῆρας,
3644 1594 3743 1664 τῆς
3768 1593 3891 1646 Ἐκ-

2317 1688 2545 1758 κλησίας
2592 1689 2717 1751 τοὺς
2761 1687 2970 1749 οἴακας,
3000 1684 3068 1738 τὰ
3100 1685 3465 1756 ἀγλαόκαρπα
3508 1686 3723 1757 δένδρα,
3767 1687 3889 1751 τοὺς

2317 1778 2631 1849 οἰκονόμους
2654 1776 2754 1846 τῆς
2778 1778 3020 1848 χάριτος,
3052 1773 3290 1847 Χριστοῦ
3322 1776 3383 1828 τὸ
3407 1776 3603 1847 στόμα,
3658 1778 3752 1831 καὶ
3796 1777 3892 1847 τῆς

2320 1867 2545 1939 Τριάδος
2578 1870 2702 1932 τοὺς
2730 1868 3103 1939 ὑπερμάχους,
3133 1867 3257 1930 τοὺς
3285 1866 3345 1931 ἐξ
3375 1866 3544 1938 αὐτῆς
3567 1868 3789 1937 ἁμισως
3810 1868 3893 1920 ιλ-

2318 1959 2721 2032 λαμπομένους,
2750 1960 2844 2012 καὶ
2875 1960 3281 2032 πρεσϐεύοντας
3306 1962 3601 2029 ἀπαύστως
3632 1964 3897 2036 ὑπὲρτῶν

2318 2053 2505 2123 ψυχῶν
2533 2052 2713 2123 ἡμῶν.

2972 2147 3029 2202 ’0
3067 2148 3251 2211 αὐτός.

717 2225 839 2285 108.
908 2228 1180 2285 Accensos
1247 2232 1315 2285 ab
1390 2230 1516 2301 igne
1587 2229 1884 2285 ineritabili
1954 2232 2219 2289 carbones

2392 2236 2532 2299 Τοὺς
2564 2236 2900 2307 ἀναφθέντας
2938 2239 3214 2312 ἄνθρακας
3246 2242 3311 2294 ὲκ
3342 2241 3436 2294 τοῦ
3480 2240 3745 2295 ἁστέκτου
3796 2257 3871 2293 πυ

647 2316 877 2373 ﬁdeliter
925 2319 1300 2387 praedicemus,
1332 2322 1424 2391 qui
1475 2335 1571 2389 per
1624 2320 1741 2374 illos
1784 2320 2083 2377 collustrati
2128 2336 2219 2375 su-

648 2424 788 2465 tnus.
814 2407 877 2464 Hi
901 2410 1071 2473 enim,
1101 2426 1198 2482 per
1235 2426 1355 2466 eam
1388 2426 1549 2481 quam
1578 2412 1851 2467 babebant
1882 2428 2005 2467 cum
2027 2414 2219 2469 eodem

646 2499 1085 2568 coniunctionem
1119 2501 1435 2557 inﬂammati
1459 2513 1787 2568 ,evaserunt
1826 2503 2013 2558 mundi
2058 2502 2220 2557 lumi-

646 2606 718 2648 na
742 2607 760 2659 ;
786 2592 1119 2664 vitaletnque
1139 2594 1468 2665 pauperibus
1501 2595 1754 2646 virtutem
1781 2592 2097 2664 largientes,
2117 2592 2223 2647 Pa-

648 2697 808 2751 trem,
842 2693 893 2739 οι
921 2683 1145 2749 Filium,
1175 2694 1232 2740 et
1262 2684 1526 2755 Spiritum
1567 2692 1842 2750 sanctum,
1868 2683 1955 2755 pie
1980 2685 2223 2754 promul-

645 2783 845 2846 garunt
878 2792 893 2829 :
927 2790 1066 2845 quos
1104 2784 1161 2830 et
1188 2790 1288 2830 nos
1323 2775 1705 2845 compelletnus
1736 2796 1751 2834 :
1786 2773 1943 2831 Salve
1977 2774 2221 2832 Trinitao

650 2866 722 2922 tis
760 2865 1001 2931 trinitas,
1032 2881 1213 2922 rerum
1244 2866 1547 2921 divinarum
1578 2867 1909 2941 intelligens.

1218 2954 1399 3011 Tonus
1432 2956 1540 3012 obl.
1569 2956 1627 3013 2.

728 3045 857 3103 109.
907 3044 1259 3118 Triplicatam
1308 3047 1531 3103 Davidis
1594 3048 1853 3114 fundam,
1917 3048 2227 3106 Salomonis

651 3137 953 3193 laniculum
985 3139 1297 3191 coccineum
1327 3176 1345 3202 ,
1375 3138 1536 3193 Verbi
1577 3137 1850 3211 ﬂagellum
1896 3141 2113 3211 triplex,
2136 3156 2225 3197 sa-

651 3230 864 3300 pientes
880 3228 1159 3299 prasules,
1181 3226 1437 3282 Basiliam
1474 3241 1747 3300 magnum,
1778 3229 2100 3303 Gregorium
2131 3234 2220 3289 di-

651 3324 859 3393 vinum,
892 3321 1155 3380 Joannem
1184 3338 1352 3379 aureo
1382 3332 1655 3379 tonantem
1682 3338 1801 3390 ore,
1838 3324 2069 3381 lldeliter
2086 3341 2224 3395 prr-

650 3416 918 3473 dicemus.
952 3414 1086 3471 Nam
1143 3415 1487 3481 Goliatbum,
1520 3416 1612 3486 qui
1650 3416 1836 3471 animo
1886 3419 2132 3474 cernitur
2170 3427 2227 3474 et

653 3518 838 3563 mente
881 3508 1217 3579 intelligitur,
1262 3506 1509 3577 angulari
1561 3507 1738 3576 lapide
1777 3520 2219 3579 prostraverunt,

652 3601 814 3657 tidem
833 3601 1175 3657 adduxerunt
1196 3598 1263 3655 ad
1289 3598 1665 3665 concordiam,
1688 3613 1920 3669 eamque
1945 3617 2219 3673 purpureo
2245 3587 2289 3645 ο

650 3695 851 3751 Christi
889 3694 1152 3765 sanguine
1178 3733 1195 3759 ,
1222 3694 1377 3763 quasi
1410 3692 1551 3748 vallo
1577 3691 1763 3763 aliquo
1792 3692 2145 3759 munierunt;
2168 3705 2226 3750 et

652 3784 765 3840 Deo
810 3794 1075 3855 questum
1136 3782 1397 3837 facientes
1426 3821 1443 3847 ,
1484 3781 1879 3837 haeresiarchas
1935 3792 1967 3833 a
2020 3776 2224 3835 Christi

653 3875 839 3929 divino
897 3889 1059 3944 grege
1094 3872 1407 3944 longissime
1469 3872 1824 3942 repulerunt,
1856 3887 1953 3927 sua
2000 3870 2223 3927 dicendi

654 3964 1032 4033 scribendique
1073 3965 1123 4017 vi
1154 3977 1169 4017 :
1208 3965 1336 4033 quin
1367 3965 1473 4019 imo
1503 3965 1662 4019 tidem
1688 3963 1977 4019 bodiedum
2007 3972 2224 4019 susten-

657 4066 794 4124 tant,
817 4066 871 4111 et
899 4071 929 4110 a
961 4054 1189 4111 Domino
1215 4056 1492 4125 postulant
1548 4056 1838 4110 animabus
1885 4054 2092 4110 nostris
2124 4054 2224 4109 mi-

653 4148 1032 4204 sericordiam.

1224 4237 1409 4293 Tonus
1453 4237 1562 4293 obl.
1599 4247 1655 4294 a.

728 4329 852 4386 ιιο.
914 4330 1180 4400 Apparuit
1240 4331 1411 4401 gratia
1462 4330 1553 4385 Dei
1595 4329 1849 4387 omnibus
1893 4329 2224 4398 hominibus,

655 4419 913 4475 erudiens
960 4433 1065 4473 nos
1092 4433 1191 4488 per
1221 4430 1587 4489 praeceptores
1633 4419 1775 4485 illos,
1808 4430 1867 4475 ut
1922 4420 2227 4478 emendatis

656 4514 900 4570 moribus
945 4513 1177 4585 vitaque
1223 4511 1660 4579 consuetudine,
1696 4522 1934 4569 mentem
1980 4520 2225 4568 nostram

656 4605 778 4661 luce
814 4604 1012 4660 divina:
1060 4604 1386 4677 cognitionis
1436 4603 1827 4664 illuminemus.
1862 4604 2070 4660 Idcirco
2118 4603 2230 4658 cla-

653 4711 905 4753 nemus:
936 4694 1178 4754 Trinitas
1206 4707 1421 4765 sancta,
1456 4710 1637 4752 rerum
1688 4701 1929 4752 omnium
1959 4698 2174 4753 domina
2206 4733 2225 4762 ,

656 4794 851 4849 borum
874 4791 1038 4846 trium
1076 4801 1353 4861 pastorum
1383 4804 1596 4846 tuorum
1637 4790 1889 4859 precibus
1912 4790 2054 4846 hunc
2076 4800 2225 4846 tuum

654 4899 873 4956 gregem
903 4884 957 4939 in
994 4898 1189 4939 secura
1237 4899 1372 4955 pace
1402 4884 1615 4939 custodi
1647 4924 1662 4948 ,
1694 4882 1763 4937 ab
1801 4884 1949 4938 omni
1976 4883 2224 4939 molestia

654 4974 923 5039 libera,et
950 4973 1018 5029 ad
1040 4973 1267 5030 salutem
1301 4975 1503 5044 perduc
1535 4974 1924 5045 sempiternam
1943 5011 1961 5038 ,
1992 4974 2223 5047 benigna

654 5079 777 5119 cum
808 5065 905 5120 sis.

1215 5178 1401 5235 Tonus
1442 5179 1553 5234 obl.
1604 5177 1661 5232 2.

724 5271 850 5329 ιιι.
908 5271 1109 5329 Sancta
1163 5280 1218 5326 et
1260 5274 1533 5327 adoranda
1584 5270 1870 5335 Trinitas,
1930 5269 2100 5341 gloria
2152 5272 2225 5327 sit

652 5362 887 5434 sapienti
945 5363 1300 5433 providentia:
1354 5372 1480 5429 tum,
1507 5362 1631 5431 quia
1666 5360 1980 5416 hominibus
2026 5358 2220 5432 largita

650 5468 715 5510 es
738 5468 770 5509 e
803 5468 1031 5513 numero
1057 5455 1332 5510 hominum
1391 5455 1493 5509 tria
1544 5467 1736 5524 magna
1775 5451 2066 5507 luminaria
2089 5452 2219 5508 elle-

652 5544 829 5601 rentia
858 5547 1147 5615 agnitionis
1174 5558 1277 5603 tum
1314 5546 1487 5602 facem
1509 5585 1525 5609 ,
1575 5544 1800 5614 ejusque
1836 5544 2046 5616 fulgore
2079 5546 2225 5599 salu-

656 5644 829 5690 tarem
884 5644 1030 5690 tuam
1059 5652 1122 5692 ac
1169 5638 1535 5692 venerandam
1572 5636 1905 5689 voluntatem
1962 5646 2223 5703 tanquam

656 5724 729 5778 de
760 5725 978 5792 specula
1020 5726 1403 5795 significantia.
1434 5724 1555 5791 Quo
1589 5725 1805 5792 quidem
1850 5724 2055 5780 lumine
2085 5724 2224 5779 locu-

2319 2328 2413 2399 ρὸς
2444 2331 2492 2383 oi
2522 2328 2611 2383 διὰ
2647 2329 2827 2384 αὐτῶν
2868 2333 3229 2401 φωτισθέντες
3265 2334 3469 2398 πιστῶς
3500 2335 3903 2405 ἀνευφημήσω-

2323 2437 2441 2492 μεν·
2479 2414 2626 2475 οὗτοι
2657 2422 2768 2493 γὰρ
2806 2424 2873 2494 τῇ
2905 2423 3044 2495 πρὸς
3074 2423 3209 2477 αὺτδ
3237 2423 3429 2478 ἰνώσει
3459 2424 3899 2497 ἐκπυρωθέντες.

2320 2514 2608 2584 φωστῆρες
2633 2513 2728 2566 τοῦ
2756 2514 2961 2584 κόσμου
2983 2516 3249 2583 ἐγένοντο,
3278 2515 3483 2587 ζωτικὴ
3520 2520 3633 2582 τοῖς
3664 2520 3901 2587 πτωχοῖς

2322 2602 2751 2675 χρηματίζοντες
2780 2604 3028 2676 δύναμις,
3052 2605 3273 2675 Πατέρα
3306 2608 3400 2659 καὶ
3430 2607 3556 2661 Υίδν
3588 2609 3683 2662 καὶ
3728 2608 3903 2663 Πνεῦ-

2324 2711 2400 2764 μα
2447 2693 2600 2764 ἅγιον
2660 2694 2898 2760 εὐσεδῶς
2942 2694 3427 2766 ἀνακηρύττοντες,
3483 2692 3566 2760 οἷς
3605 2699 3701 2751 καὶ
3738 2700 3905 2768 ἡμεῖς

2323 2788 2731 2859 προσείπωμενο
2790 2788 3050 2861 Χαίροις,
3114 2787 3345 2859 Τριάδος
3404 2789 3562 2858 τριὰς
3616 2791 3653 2859 ἡ
3715 2789 3902 2845 θεόσο·

2323 2896 2441 2949 φος.

2912 2968 3080 3043 Ἦχος
3113 2972 3205 3027 πλ.
3243 2972 3309 3044 β’.

2397 3061 2502 3116 Τοῦ
2553 3063 2717 3118 Δαδὶδ
2764 3064 2861 3135 τὴν
2933 3065 3224 3137 σφενδόνην
3274 3065 3375 3137 τὴν
3429 3064 3741 3139 τρίπλοκον,
3810 3067 3903 3122 τοῦ

2325 3152 2675 3225 Σαλομῶντος
2716 3155 2979 3226 σπαρτίον
3029 3155 3091 3209 τὸ
3131 3156 3405 3223 κόκκινον,
3460 3158 3520 3212 τὺ
3570 3157 3665 3213 τοῦ
3725 3158 3902 3227 Λόγου

2325 3246 2655 3319 φραγγιλιον
2681 3247 2993 3320 τρίπλοκον,
3023 3252 3151 3315 τοὺς
3183 3251 3382 3320 σοςροὺς
3405 3251 3690 3323 ίεράρχας,
3737 3250 3903 3305 Βασί-

2324 3338 2466 3393 λειον
2488 3340 2579 3393 τὸν
2614 3340 2805 3412 μέγαν,
2837 3341 3133 3415 Γρηγόριον
3160 3342 3250 3396 τὸν
3281 3342 3442 3407 θεῖον,
3486 3342 3741 3412 Ἰωάννην
3759 3340 3905 3415 Χρυ-

2327 3430 2587 3501 σόστομον
2630 3432 2836 3496 πιστῶς
2866 3434 3362 3505 ἀνευφημήσωμεν.
3409 3434 3514 3487 Τὸν
3560 3435 3754 3506 νοητὸν
3794 3436 3900 3508 γὰρ

2327 3520 2519 3575 Γολιὰθ
2550 3521 2626 3593 τῷ
2662 3524 3041 3595 ἁκρογωνιαίῳ
3073 3524 3207 3596 λίθῳ
3239 3525 3661 3591 καταϐαλόντες,
3689 3537 3793 3600 την
3818 3528 3904 3581 πῖ·-

2324 3630 2442 3669 στιν
2463 3614 2600 3686 πρὸς
2618 3615 2869 3686 ὁμόνοιαν
2892 3615 3119 3686 ἢγαγον,
3142 3616 3221 3689 τῷ
3236 3617 3510 3688 ἑρυθραίῳ
3542 3617 3637 3671 τοῦ
3663 3618 3901 3691 Χριστοῦ

2323 3707 2786 3781 περιτειχίσαντες
2812 3709 3027 3780 αἵματι,
3056 3708 3151 3763 καὶ
3181 3708 3309 3773 τοὺς
3347 3707 3727 3780 θεοκαπήλους
3754 3713 3907 3781 αἱρε-

2325 3799 2556 3872 σιάρχας
2593 3801 2703 3857 τῶν
2730 3801 3035 3872 περιϐόλων
3067 3802 3167 3873 τῆς
3195 3799 3348 3864 θείας
3381 3799 3476 3854 τοῦ
3508 3800 3755 3872 Χριστοῦ
3787 3802 3905 3855 ποί·

2328 3908 2466 3961 μνης
2497 3893 2712 3966 μακρὰν
2737 3893 3107 3958 ἀπελάσαντες
3121 3892 3210 3948 διὰ
3233 3892 3345 3946 τῶν
3368 3891 3563 3961 λόγων,
3595 3893 3693 3947 καὶ
3715 3892 3795 3948 [et
3810 3894 3907 3964 τὴν

2326 3982 2511 4036 πίστιν
2541 3984 2875 4056 στηρίζουσι.
2898 3986 2991 4040 καὶ
3013 3985 3378 4058 πρεσϐεύουσι
3393 3984 3586 4058 Κυρίῳ
3614 3985 3906 4057 ὶλεηθῆναςι

2324 4074 2423 4138 τὰς
2446 4073 2623 4145 ψυχὰς
2650 4074 2829 4146 ἡμῶν·

2917 4244 3091 4322 Ἦχος
3120 4249 3209 4304 πλ.
3242 4250 3285 4303 δ’
3290 4290 3305 4304 .

2412 4342 2687 4416 Ἐπεφάνη
2732 4343 2765 4413 ἡ
2807 4340 2969 4412 χάρις
3023 4340 3117 4396 τοῦ
3167 4341 3303 4397 Θεοῦ
3358 4344 3523 4398 πᾶσιν
3572 4341 3905 4415 ἀνθρώποις,

2327 4432 2657 4489 παιδεύουσα
2678 4434 2847 4504 ἡμᾶς.
2879 4431 2969 4488 διὰ
2989 4432 3097 4488 τῶν
3122 4434 3455 4491 διδασκάλων
3486 4434 3558 4490 τὰ
3573 4436 3679 4510 ἤθη
3700 4452 3908 4508 κοσμη-

2325 4523 2537 4589 θέντας,
2562 4527 2688 4587 τοὺς
2726 4522 2958 4596 τρόπους
3010 4524 3416 4597 βελτιωθιντας,
3464 4527 3796 4594 θεογνωσίας
3825 4525 3908 4582 αῖς

2326 4615 2428 4689 γλῃ
2460 4616 2554 4670 τὸν
2598 4614 2723 4670 νοῦν
2759 4616 3220 4691 περιλαμφθῆναν
3256 4618 3338 4673 διὸ
3370 4616 3684 4691 κράξωμεν*
3734 4617 3906 4691 Τριάς

2325 4708 2473 4778 ἁγία,
2513 4707 2680 4780 κυρία
2706 4707 2801 4764 τοῦ
2834 4709 3056 4774 παντὸς,
3098 4712 3218 4774 ταῖς
3258 4708 3370 4762 τῶν
3395 4706 3563 4779 τριιῖιν
3589 4726 3685 4766 σου
3708 4704 3903 4778 ποιμέ-

2325 4810 2431 4847 νων
2461 4798 2789 4867 προσευχαῐς
2814 4796 2876 4849 τὸ
2903 4796 2995 4851 σὺν
3018 4798 3268 4869 ποίμνιον
3296 4795 3453 4851 τοῦτο
3481 4798 3538 4851 ἑν
3563 4800 3759 4871 εἰρήνῃ
3782 4812 3904 4850 συν-

2324 4887 2563 4957 τήρησον
2593 4886 2849 4957 ἀσφαλῶς
2879 4890 2971 4942 καὶ
2996 4886 3239 4952 ἀλύπως,
3273 4889 3368 4942 καὶ
3415 4889 3591 4943 σῶσον
3618 4889 3696 4953 ὡς
3719 4888 3903 4958 φιλάν-

2332 4977 2570 5049 θρωπος.

2920 5171 3093 5248 Ἦχος
3124 5176 3216 5231 πλ.
3241 5175 3308 5246 β’.

2400 5269 2573 5342 Τριὰς
2617 5267 2748 5338 ἁγία
2795 5269 2889 5323 καὶ
2926 5269 3275 5342 προσκυνητὴ
3299 5308 3315 5334 ,
3344 5266 3470 5335 δόξα
3500 5271 3567 5339 τῇ
3604 5274 3744 5342 σοψῇ
3776 5286 3899 5344 arpi»

2332 5362 2449 5433 νοίᾳ
2470 5380 2587 5427 σου,
2620 5361 2703 5415 ὅτι
2730 5366 2877 5435 τρεῐς
2902 5364 3028 5424 σοὺς
3058 5361 3323 5432 μεγάλους
3360 5360 3655 5432 φωστῆρας
3676 5368 3792 5430 τοῖς
3812 5368 3900 5417 ἁν-

2332 5452 2570 5526 θρώποις
2602 5453 2664 5519 εξ
2693 5454 2994 5527 ἀνθρώπων
3020 5453 3299 5525 ὲχάρισας,
3338 5454 3417 5525 τῷ
3454 5456 3594 5523 φωτὶ
3625 5456 3901 5527 λαμπαδο-

2330 5546 2558 5616 χοῦντας
2578 5547 2677 5618 τῆς
2706 5547 2805 5618 σῆς
2835 5546 3202 5614 ἐπιγνώσεως,
3244 5548 3337 5600 καὶ
3365 5548 3430 5616 τῇ
3460 5546 3623 5619 αἴγλῃ
3651 5565 3901 5621 φρυκτω-

2334 5637 2558 5708 ροῦντας
2583 5636 2692 5690 τῶν
2710 5638 2987 5709 σωτηρίων
3015 5654 3106 5691 σου
3138 5638 3230 5690 καὶ
3246 5637 3457 5690 σεπτῶν
3477 5638 3820 5709 θελημάτων·
3836 5638 3898 5691 δι’

2331 5719 2404 5777 ῶν
2450 5727 2800 5795 ήοὶκουμένη
2825 5726 2938 5792 φῶς
2984 5726 3235 5793 γνώσεως
3267 5726 3593 5792 πλουτοῦσα,
3647 5727 3748 5792 τὴν
3808 5728 3897 5792 σὴν
