4086 6318
1247 368 1637 425 ACOLUTIIIA
1674 366 2011 424 TRIPLlClS
2047 367 2269 428 FESTL

3164 389 3355 437 CCI-MA

149 486 311 552 δτῧξαν
342 484 655 555 αὖγάξετιαι,
678 483 769 535 καὶ
794 480 926 553 πρὸς
946 481 1043 554 τὴν
1078 481 1347 552 βασιλείαν
1372 501 1463 537 σου
1489 484 1583 557 τὴν
1615 504 1712 556 μα·-

1830 486 2046 555 pletatus
2106 484 2275 546 orbis,
2302 490 2447 536 tuam
2477 496 2598 536 cum
2628 480 2982 540 admiratione
3031 490 3362 551 contempta-

150 578 352 649 κειρίαν
384 576 617 630 σπεύδειο
655 572 867 625 Τούτων
899 577 1044 645 ἡμᾶς
1064 577 1184 636 ταῖς
1221 574 1392 639 Θείαις
1421 575 1711 630 ὑπακούειν

151 670 418 722 πείθουσα
464 665 848 729 διδασκαλίαις,
899 666 990 719 καὶ
1045 665 1181 734 αὐτὴ
1222 666 1330 719 τῶν
1359 666 1532 737 εύχῶν
1574 668 1712 737 ὑπὲρ

150 746 313 829 ἡμῶν
344 760 663 821 ἐπάκουσον,
722 755 796 821 ὡς
846 757 976 819 Θεὸς
1022 758 1445 823 πανοικτίομων,
1489 759 1581 810 καὶ
1619 762 1712 822 τὰς

147 853 330 921 ψυχὰς
354 848 507 919 ἡμῶν
532 848 720 914 σῶσον,
751 849 1113 919 φιλάνθρωπε.

330 1030 483 1095 Δόξα.
1193 1024 1364 1098 ’Ἧχος
1394 1026 1485 1082 πλ.
1512 1028 1574 1099 β’.

222 1121 366 1185 Τοὺς
422 1122 699 1193 ίερᾶρχας,
754 1120 847 1173 τού
882 1119 1114 1190 Χριστοῦ
1168 1122 1262 1175 καὶ
1312 1120 1418 1173 τῶν
1460 1120 1717 1192 Πατέρων

152 1208 333 1275 κλέος,
376 1213 475 1281 τῆς
515 1211 745 1271 πίστεως
799 1211 922 1273 τοὺς
951 1209 1209 1280 πύργους,
1243 1212 1335 1262 καὶ
1378 1210 1485 1263 τῶν
1514 1213 1718 1265 πιστῶν

150 1303 504 1365 διδασκάλους
536 1302 628 1353 καὶ
676 1300 939 1369 φύλακας,
971 1304 1331 1366 συνελθόντες,
1357 1297 1400 1356 ὦ
1431 1307 1719 1378 φιλέορτοι,

154 1394 480 1464 ᾁσματικοῖς
512 1392 802 1462 ἐγκωμίοις
821 1394 958 1467 ὑμνή
967 1414 1169 1465 σωμεν,
1191 1395 1455 1463 λέγοντες·
1473 1399 1577 1450 Xa?
1584 1414 1644 1467 ρο
1653 1414 1719 1461 ις,

154 1482 255 1550 τῆς
291 1479 613 1550 Ἐκκλησίας
669 1483 911 1554 φωστὴρ.
958 1484 1200 1537 Βασίλειε
1256 1486 1402 1553 σοφὲ,
1437 1486 1531 1543 κ-ειιι
1566 1486 1723 1539 στῦλε

156 1570 542 1643 απερξτρεπτε·
580 1573 804 1643 χαίροις,
856 1577 885 1627 ὁ
933 1575 1055 1641 νοῦς
1091 1577 1119 1623 ὁ
1160 1575 1427 1653 οὺρὲινιος,
1469 1577 1722 1649 ἁρχιερεῦ

160 1665 405 1733 μέγιστε,
458 1664 670 1727 θεολόγε
735 1666 1018 1743 Γρηγόριε·
1075 1672 1300 1745 χαίροις,
1349 1668 1391 1726 ὦ
1432 1670 1723 1741 χρυσολόγε

158 1755 451 1824 πάγκρυπε,
502 1757 757 1830 ’Ῑωαννη,
818 1764 845 1812 ὁ
898 1762 995 1831 τῆς
1062 1762 1348 1831 μετανοίας
1407 1759 1725 1828 διαπρύσιος

1814 586 1903 633 ιιιι·
1932 576 2177 646 gloriam,
2200 584 2255 629 et
2283 574 2347 628 ad
2384 575 2457 626 tui
2489 574 2640 643 regni
2695 574 2998 631 beatitatem
3063 574 3360 630 contendit.

1812 668 1944 722 Cum
1995 666 2154 736 igitur
2180 669 2370 721 horum
2420 665 2599 719 divina
2635 664 2873 718 instituta
2912 680 3093 723 tenere
3144 679 3243 721 nos
3281 664 3368 730 ju-

1815 759 1965 823 beas,
2002 766 2057 811 tu
2098 758 2331 812 vicissim
2369 757 2493 812 audi
2524 756 2831 811 eorumdem
2872 772 2965 825 pro
2991 760 3143 814 nobis
3192 765 3313 811 vota
3348 771 3365 819 ;

1815 862 1871 904 ut
1911 854 2048 906 Deus
2096 850 2251 917 plane
2310 852 2654 913 misericors,
2703 860 2757 902 et
2792 858 2847 902 nt
2898 849 3180 918 benignus,
3211 865 3365 906 serva

1817 941 2025 995 animas
2061 948 2297 996 nostras.

1984 1032 2191 1087 Gloria.
2828 1031 3009 1088 Tonus
3037 1032 3147 1088 obl.
3172 1034 3228 1086 2.

1890 1120 2011 1174 H2.
2037 1122 2375 1189 {Hierarchas
2418 1121 2616 1177 Christi
2662 1133 2716 1178 et
2744 1122 2962 1178 Patrum
2986 1125 3170 1188 decus,
3194 1131 3372 1177 turres

1820 1207 1942 1263 ﬁdei
1978 1216 2028 1262 et
2064 1207 2301 1263 ﬁdelium
2334 1210 2624 1280 magistros
2670 1220 2829 1280 atque
2867 1212 3119 1269 custodes
3150 1254 3165 1276 ,
3202 1227 3235 1265 ο
3279 1228 3371 1266 vos

1819 1313 2011 1356 omnes
2065 1300 2260 1369 quibus
2290 1301 2440 1355 cordi
2478 1308 2564 1356 est
2605 1301 2719 1357 lucc
2751 1302 3053 1367 celebritas,
3094 1305 3262 1360 coacti
3320 1305 3371 1357 in

1822 1408 2009 1457 ιιιιιιιιι,
2044 1394 2258 1449 canoris
2291 1393 2609 1448 extollamus
2645 1394 2914 1460 laudibus,
2945 1396 3224 1452 dicentes:
3255 1396 3373 1453 Sal-

1826 1501 1909 1549 w,
1946 1486 2195 1540 Ecclesia:
2227 1485 2509 1551 luminare,
2560 1484 2722 1541 Basili
2753 1488 2970 1558 sapiens
2990 1529 3005 1551 ,
3040 1499 3094 1542 et
3125 1491 3372 1544 columna

1825 1577 2139 1632 immobilis.
2168 1579 2349 1641 Salve,
2381 1593 2533 1632 mens
2561 1577 2821 1642 cmlestis,
2853 1579 3085 1634 maxime
3113 1580 3376 1645 antistes,

1827 1669 2075 1739 theologe
2104 1668 2352 1739 Gregori.
2396 1669 2579 1734 Salve,
2616 1685 2650 1725 ο
2695 1684 2859 1724 aureo
2885 1680 3073 1738 potens
3110 1684 3379 1734 sermone,

1831 1777 2056 1832 prorsus
2088 1777 2253 1818 auree
2297 1760 2554 1826 Joannes,
2584 1762 2648 1815 ad
2682 1762 3108 1830 resipisceutiam
3136 1764 3382 1817 hortator

160 1845 351 1922 "72903-
418 1853 575 1908 Ἀλλ’.
607 1845 651 1902 ὦ
694 1850 932 1921 Πατέρες
970 1852 1277 1921 τρισόλϐιοι,
1334 1850 1406 1921 μὴ
1454 1847 1726 1919 παύσησθε

1834 1856 2144 1911 vehemens.
2165 1855 2346 1926 Agite,
2366 1870 2399 1909 ο
2427 1863 2508 1909 ter
2539 1855 2678 1911 beati
2711 1854 2920 1916 Patres,
2951 1870 3015 1908 ne
3042 1856 3382 1909 intermittitc

161 1942 246 1995 ἀεὶ
300 1942 615 2015 πρεσϐεύειν
669 1942 886 2015 Χριστῷ
936 1944 1075 2013 ὑπὲρ
1124 1942 1230 1995 τῶν
1279 1943 1456 1996 πίστει
1498 1943 1591 1995 καὶ
1631 1942 1726 1995 πό-

162 2036 239 2105 θῳ
264 2034 558 2089 τελούντων
598 2035 749 2108 ὑμῶν
785 2037 883 2109 τὴν
922 2036 1175 2109 πανίερον
1222 2036 1317 2089 καὶ
1357 2037 1505 2091 Θείαν
1555 2038 1728 2109 πανή-

160 2142 342 2199 γυριν.

314 2220 424 2277 Καὶ
441 2218 534 2272 νῦν
1336 2223 1588 2277 εοτὸκιον.

824 2308 886 2366 '0
924 2311 989 2384 αὑ
996 2312 1103 2376 τός.

233 2400 346 2476 Τὴν
381 2401 487 2456 τῶν
526 2401 811 2475 παρθένων
869 2403 1128 2477 καλλονὴν
1168 2407 1262 2459 καὶ
1315 2408 1592 2479 χαρμονὴν
1626 2406 1734 2459 τῶν

161 2493 319 2561 νόων,
348 2494 451 2568 τὴν
486 2494 656 2568 μόνην
690 2495 972 2565 Θεοτόκον,
1000 2498 1094 2551 καὶ
1122 2497 1229 2552 τῶν
1261 2499 1467 2553 πιστῶν
1495 2498 1734 2572 ἁρῤαγὲς

162 2588 567 2660 περιτείχισμα,
604 2587 967 2652 συνελθόντες.
1003 2582 1048 2641 ὦ
1089 2589 1379 2661 φιλέορτοι,
1412 2591 1735 2661 ᾁσματικοίς

163 2677 797 2748 ἑγκωμίοιςὺμνήσωμεν
823 2677 1089 2745 λέγοντες·
1112 2681 1355 2751 Χαίροις,
1387 2680 1753 2750 Παρθενομῆ-.

163 2786 257 2838 τορ
282 2768 447 2837 ἁγνὴ,
497 2767 685 2838 λυχνία
718 2768 1051 2839 χρυσαυγὴς,
1111 2770 1205 2822 καί
1246 2770 1386 2841 πύλη
1426 2770 1733 2839 ὲπουράνιεο

162 2861 397 2931 χαίροις,
430 2858 604 2931 σκηνὴ
616 2859 978 2931 ἁγιάσματος,
1009 2862 1042 2932 ὴ
1068 2860 1159 2914 τὸν
1187 2860 1318 2913 Θεὸν
1341 2862 1637 2931 χωρήσασα
1678 2861 1738 2911 ἐν

169 2953 350 3023 μήτρᾳ
367 2967 482 3015 σου,
502 2950 859 3023 πανάχραντε’
880 2951 1107 3024 χαίροις,
1123 2952 1229 3006 τῶν
1241 2952 1505 3025 οὐρανίων
1520 2950 1736 3022 ταγμά-

163 3059 269 3095 των
293 3040 571 3111 ὑπερτέρα
587 3043 837 3095 ἁπάντων
861 3044 1219 3121 ἁσυγκρίτως·
1240 3044 1339 3109 διὸ,
1366 3045 1736 3116 μητράνανδρε

162 3132 453 3193 Δέσποινα,
506 3131 580 3201 μὴ
623 3130 786 3202 λίπῃς
825 3132 1130 3203 φρουροῦσα
1174 3134 1301 3196 τοὺς
1350 3133 1568 3197 δούλους
1620 3152 1734 3196 σου,

1830 1961 1989 1999 orare
2020 1945 2292 2001 Christum
2331 1960 2428 2017 pro
2475 1947 2662 2010 nobis,
2693 1945 2782 2015 qui
2817 1961 2937 2000 cum
2993 1945 3094 1999 ﬁde
3127 1956 3178 1998 et
3210 1934 3383 1999 studio

1832 2038 2041 2105 agimus
2098 2036 2237 2089 hunc
2294 2050 2469 2090 vestro
2516 2038 2733 2090 nomine
2762 2048 3169 2091 sacrosanctum
3224 2045 3385 2105 atque

1829 2126 2070 2183 divinum
2102 2126 2263 2181 diem.

1999 2219 2065 2273 Et
2090 2234 2250 2273 nunc.
3010 2218 3244 2274 Mariale.

2428 2309 2569 2366 Idem
2616 2318 2793 2365 tonus.

1909 2399 2030 2455 115.
2100 2400 2382 2471 Virginum
2431 2400 2649 2455 decuset
2686 2399 2924 2454 laetitiam
2983 2400 3266 2463 mentium,
3304 2416 3388 2453 so-

1836 2490 1941 2544 lani
1963 2493 2267 2561 Deiparam,
2289 2501 2343 2547 et
2362 2491 2570 2546 ﬁrmum
2596 2489 2830 2545 ﬁdelium
2867 2488 3083 2555 vallum,
3106 2506 3140 2546 ο
3161 2491 3389 2546 celebri-

1840 2594 2007 2637 tatum
2070 2592 2332 2645 amantes,
2396 2582 2680 2636 modulatis
2744 2580 3028 2651 praeconiis
3080 2581 3389 2647 eﬁ'eramus,

1840 2675 2078 2727 licentes
2112 2691 2126 2725 :
2173 2673 2351 2732 Salve,
2384 2670 2569 2741 Virgo,
2602 2687 2795 2740 parens
2852 2674 3160 2741 pttrissima,
3191 2674 3390 2727 cande-

1840 2762 2049 2815 labrum
2085 2761 2272 2817 lucens
2298 2770 2620 2821 utanreum.
2656 2771 2710 2814 et
2730 2774 2881 2829 porta
2918 2763 3191 2825 caelestis;
3223 2762 3391 2824 salve.

1841 2853 2245 2908 tabernaculum
2282 2851 2765 2919 sanctiﬁcationis;
2798 2853 2965 2919 salve,
2999 2853 3393 2909 incontamina-

1842 2955 1919 3009 ta,
1944 2943 2097 3014 cujus
2125 2953 2311 2999 uterus
2342 2942 2444 2999 fuit
2481 2960 2647 3014 capax
2682 2944 2773 2999 Dei
2802 2985 2813 3008 ,
2845 2945 3013 3010 salve,
3043 2959 3163 3013 qua:
3191 2958 3251 2998 es
3271 2960 3392 2997 cun-

1845 3040 1944 3094 ctis
1962 3038 2083 3095 caeli
2114 3034 2394 3093 ordinibus
2410 3038 2528 3093 sine
2552 3037 2656 3090 ulla
2694 3037 3096 3105 comparatione
3123 3039 3391 3107 superior.

1838 3130 1966 3187 Ideo
2013 3146 2079 3185 ne
2112 3144 2317 3194 cesses,
2343 3129 2567 3185 Domina
2601 3137 2655 3183 et
2699 3130 2819 3183 sine
2847 3129 2957 3183 viro
2992 3127 3185 3194 Mater,
3214 3142 3393 3183 costi»-

165 3222 288 3283 τοὺς
316 3200 694 3292 ἁνυμνοῦντὰς
835 3200 1012 3274 πίστει
1051 3220 1147 3274 καὶ⁸
1186 3221 1338 3293 πόθῳ
1370 3223 1480 3288 ἀεὶ,
1516 3224 1606 3277 καὶ
1645 3224 1726 3278 τὸν

1841 3226 1956 3282 dire
1982 3224 2207 3278 famulos
2234 3232 2375 3288 tuos,
2406 3222 2495 3291 qui
2531 3231 2584 3277 te
2635 3237 2848 3290 semper
2875 3236 2994 3276 cum
3025 3221 3129 3276 ﬁde
3169 3231 3223 3276 et
3248 3223 3394 3276 desi-

161 3311 319 3367 τόκον
360 3330 455 3367 σου
486 3312 918 3384 προσκυνοῦντας
947 3312 1037 3366 τὸν
1064 3314 1321 3386 ἄσπορον.

230 3497 389 3551 Πετὰ
426 3494 596 3550 ταῦτα
627 3497 860 3565 ὲκφωνεϊ
906 3499 935 3549 ὁ
983 3497 1159 3568 ἱερεὺς
1202 3500 1282 3560 εἰς
1319 3498 1553 3568 ἐπήκοον
1595 3499 1733 3553 πάν-

165 3603 292 3641 των.

1841 3306 1994 3371 derio
2016 3312 2285 3370 laudant:
2327 3326 2383 3369 et
2429 3314 2522 3384 qui
2563 3322 2712 3368 tuum
2767 3311 2933 3367 fetum
3002 3312 3233 3368 adorant
3278 3315 3393 3368 sine

1842 3404 1981 3460 virili
2011 3413 2331 3476 conceptum
2369 3404 2596 3459 semine.

1913 3496 2034 3553 ιιι.
2071 3494 2201 3551 Post
2255 3496 2367 3552 haec
2395 3496 2659 3551 exclamat
2692 3498 2967 3560 sacerdos,
2993 3512 3071 3551 suc
3116 3508 3174 3552 ut
3213 3498 3392 3551 ριιιη-δί

1837 3589 2078 3644 οιιάἱοηι.

232 3678 415 3752 Costa.
458 3678 520 3732 Et
551 3678 619 3733 ita
657 3680 873 3752 quidem
906 3678 1166 3752 Typicum
1200 3680 1266 3734 S.
1298 3680 1476 3746 Saba,
1510 3681 1605 3738 sed
1642 3679 2064 3752 S._Germanns,
2090 3681 2210 3735 loco
2234 3679 2347 3750 jam
2401 3679 2521 3752 plus
2554 3678 2670 3732 vice
2699 3677 3204 3752 simpliciallegato,
3231 3679 3312 3752 ait
3338 3677 3391 3730 ἰ]

164 3751 506 3803 sacerdotem
538 3746 906 3805 tantummodo
932 3746 1113 3807 facere
1160 3754 1383 3807 absente
1426 3754 1674 3807 diacono.
1714 3750 1885 3816 Ipsius
1924 3760 2102 3804 autem
2148 3746 2313 3803 verba
2361 3746 2633 3803 ascribere
2665 3762 2767 3802 non
2797 3746 2958 3801 fuerit
2985 3746 3127 3802 forte
3172 3751 3393 3802 omnino

171 3818 376 3883 ίιιιιιίιε.

235 3909 393 3965 Μετὰ
439 3896 613 3964 ταῦτα
654 3910 803 3979 λέγει
838 3914 867 3963 ὁ
896 3910 1164 3977 διάκονος,
1196 3912 1355 3983 εἶπες·
1406 3912 1568 3983 τύχῃο
1604 3914 1653 3965 εί
1687 3912 1732 3965 δ’

161 4002 225 4053 οὐ
245 3999 405 4074 τύχῃ,
435 3999 579 4069 λέγει
608 4002 637 4053 ὸ
664 4000 862 4073 ἱερεύς·

234 4092 440 4155 Σῶσον,
504 4094 533 4145 ὁ
587 4091 746 4155 Θεὸς.
804 4090 895 4145 τὸν
943 4090 1070 4145 λαόν
1122 4109 1235 4155 σου,
1294 4094 1387 4148 καὶ
1439 4094 1731 4165 εὐλόγησον

164 4184 531 4254 κληρονομίαν
559 4201 671 4239 σου.
719 4183 1035 4254 Ἑπίσκεψαι
1058 4186 1147 4238 τὸν
1169 4187 1369 4257 κόσμον
1388 4203 1478 4241 σου
1505 4189 1563 4240 ὲν
1593 4188 1733 4242 ἐλέει

164 4274 261 4327 καὶ
288 4275 611 4346 οίκτιρμοῖς.
654 4275 905 4345 Ὕψωσον
947 4277 1113 4347 κέρας
1146 4278 1483 4349 Χριστιανῶν
1522 4278 1735 4349 ὀρθοδό-

1909 3910 2153 3965 Posth:ec
2202 3911 2331 3966 dicit
2380 3924 2640 3966 diaconus
2670 3948 2685 3975 ,
2724 3909 2769 3964 si
2822 3908 2995 3975 adsit;
3040 3911 3123 3963 sin
3193 3914 3390 3973 nouus,

1839 3992 1968 4058 dicit
1988 4003 2243 4057 sacerdos
2269 4020 2284 4056 :
3043 3991 3056 4002 ’

1910 4093 2030 4149 “5.
2073 4093 2230 4148 Salva
2264 4133 2280 4158 ,
2345 4092 2506 4159 Dens,
2557 4105 2807 4161 populum
2852 4100 3023 4157 tuum,
3057 4101 3114 4145 et
3168 4092 3395 4147 benedie

1839 4184 2139 4239 hareditati
2192 4192 2313 4239 tuae.
2358 4182 2522 4237 Visita
2572 4184 2758 4237 orbem
2799 4190 2948 4236 tuum
2994 4181 3047 4236 in
3090 4182 3394 4239 misericor-

1833 4276 1921 4330 dia
1949 4284 2004 4332 et
2035 4275 2493 4330 miserationibus.
2514 4273 2722 4328 Extolle
2756 4287 2926 4327 cornu
2963 4272 3389 4328 Christianorum

164 4363 292 4428 ξων,
324 4365 421 4418 καὶ
450 4365 801 4435 κατάπεμψον
830 4368 914 4435 ἐφ’
935 4368 1078 4437 ἡμᾶς
1109 4368 1175 4422 τὰ
1193 4368 1315 4440 ὲλὲη
1341 4386 1433 4423 σου
1467 4369 1534 4422 τὰ
1573 4368 1726 4422 πλού-

1835 4367 2306 4435 orthodoxorum,
2344 4377 2399 4422 et
2445 4367 2779 4421 abundantes
2823 4365 3221 4421 misericordias
3275 4377 3393 4419 tuas

166 4470 276 4507 σια.
326 4452 651 4521 Πρεσϐείαις
680 4455 777 4524 τῆς
824 4457 1199 4528 παναχράντου
1235 4458 1532 4528 Δεσποίνης
1572 4458 1726 4529 ήμῶν

1834 4464 1901 4515 ad
1919 4475 2017 4516 nos
2054 4460 2297 4515 demitte.
2332 4457 2592 4515 Precibus
2646 4458 2976 4513 intemeratm
3017 4458 3258 4513 Domina:
3297 4473 3393 4512 no-

159 4542 440 4621 ΘεοτόπιουΔ
466 4543 559 4595 ul.
590 4542 945 4615 ἁειπαρθένου
964 4545 1197 4616 Μαρίας⁹
1223 4546 1330 4599 τῶν
1354 4548 1550 4617 τιμίων
1581 4550 1726 4601 ἐπου-

1832 4560 1963 4604 ειιε
1991 4550 2229 4617 ῠοίρπαι
2270 4564 2588 4621 semperque
2622 4550 2847 4619 virginis
2882 4548 3097 4613 Mariae;
3130 4562 3391 4601 veneran-

164 4637 368 4705 ρανίων
385 4612 663 4707 δυνάμεων
681 4612 1004 4707 ἀσωμάτων·
1031 4612 1124 4691 τοῦ
1146 4639 1328 4709 τιμίου
1363 4612 1573 4703 ἐνδόξου
1602 4656 1726 4711 προ-

1835 4641 2024 4696 darum
2041 4640 2339 4696 cmlestium
2356 4652 2411 4697 et
2439 4642 2876 4711 incorporearum
2902 4639 3185 4701 virtutum;
3220 4640 3391 4693 hono-

162 4730 356 4798 φήτου,
389 4727 693 4799 προδρόμου
715 4728 808 4781 καὶ
829 4728 1130 4782 Βαπτιστοῦ
1148 4730 1412 4801 Ἰωὰννου·
1436 4730 1543 4783 τῶν
1559 4731 1730 4800 ἁγίων

158 4817 391 4882 ἐνδόξων
418 4822 514 4873 καὶ
541 4820 787 4892 πανευφή
795 4838 909 4891 μων
934 4820 1266 4873 ἀποστόλων·
1296 4820 1390 4874 τοῦ
1421 4820 1577 4890 ἁγίου
1604 4822 1727 4875 τοῦ·

154 4906 234 4970 δε,
275 4908 371 4960 καὶ
402 4909 618 4963 πάντων
670 4925 763 4963 σου
809 4909 915 4963 τῶν
940 4909 1131 4977 ἁγίων,
1171 4909 1482 4980 ἱκετεύομεν
1509 4926 1590 4975 σε,
1632 4928 1728 4963 πο-

158 5000 343 5054 λυιλεε
391 4999 582 5071 Κύριε,
625 5002 924 5057 ιπὰκουσον
976 5001 1135 5072 ἡμῶν
1180 5002 1452 5071 δεομένων
1480 5020 1595 5068 σου,
1636 5002 1725 5056 καὶ

156 5093 382 5162 ἐλέησον
415 5095 581 5164 ἡμᾶς.

227 5271 292 5324 Οἱ
322 5270 381 5323 δὲ
412 5270 631 5340 ἀδελφοὶ
662 5272 875 5327 λέγουσι
896 5275 977 5340 τὸ,
1007 5274 1200 5346 Κύριε,
1239 5275 1480 5347 ἐλέησον,
1515 5283 1590 5348 μ’.

219 5549 334 5603 Καὶ
372 5547 533 5602 πάλιν
585 5549 615 5601 ὁ
662 5549 841 5619 ἱερεὺς
882 5551 1129 5619 ιιιιςρωνεῐ⁹
1162 5552 1281 5606 Ἔτι
1315 5550 1549 5621 δεόμεθα
1576 5551 1715 5623 ὑπὲρ

156 5640 257 5694 τῶν
284 5640 688 5695 εὐσεϐεστάτων
717 5643 812 5698 καὶ
842 5644 1217 5713 Θεοφυλὰκτων
1249 5644 1511 5716 βασιλέων
1539 5645 1717 5715 ἡμῶν,

155 5733 407 5805 κράτους,
433 5732 610 5803 νίκης,
628 5734 908 5806 διαμονῆς,
932 5737 1174 5806 εἰρήνης,
1196 5736 1400 5804 ὑγείας,
1423 5735 1714 5807 σωτηρίας,

1841 4731 2028 4785 rabilis
2048 4745 2112 4786 ac
2130 4730 2346 4799 gloriosi
2367 4732 2664 4801 prophetat.
2686 4728 3032 4800 prmcursoris
3061 4737 3116 4783 et
3138 4726 3391 4798 Baptistae

1829 4819 2054 4876 Joannis
2075 4840 2090 4888 ;
2125 4830 2458 4886 sanctorum,
2477 4821 2833 4891 gloriosorum
2851 4828 2906 4875 et
2920 4819 3389 4875 celeberrimorum

1830 4915 2197 4984 apostolorum
2229 4956 2245 4979 ,
2293 4916 2463 4969 sancti
2509 4913 2576 4970 Ν.
2608 4913 2775 4980 (illius
2827 4914 3185 4969 verisimiliter
3239 4915 3393 4981 cujus

1828 5003 1965 5060 testa
2016 5004 2106 5060 lu'x
2159 5005 2361 5077 agitur)
2401 5014 2457 5061 et
2509 5007 2746 5061 omnium
2795 5016 3106 5061 sanctorum
3151 5016 3387 5069 tuorum,

1828 5111 2138 5167 quesumus
2170 5105 2260 5164 te,
2295 5096 2520 5151 multum
2579 5094 2886 5151 misericors
2932 5095 3171 5158 Domine,
3199 5098 3389 5149 exaudi

1828 5205 1926 5245 nos
1965 5200 2018 5243 te
2040 5189 2414 5260 deprecantes,
2442 5198 2495 5243 et.
2520 5189 2777 5242 miserere
2816 5187 3008 5240 nostri.

1899 5281 2119 5335 Fratres
2182 5292 2355 5337 autem
2401 5281 2583 5335 dicunt
2637 5278 2781 5347 (vel,
2833 5288 2892 5331 ut
2939 5276 2995 5333 S.
3045 5276 3387 5342 Germanus,

1824 5372 2026 5428 chorus
2081 5373 2364 5444 primus),
2424 5372 2682 5432 Domine,
2751 5369 3007 5423 miserere
3080 5385 3095 5421 :
3151 5370 3389 5438 quadra-

1825 5461 1959 5532 gies.

1898 5552 2043 5607 “5‘.
2075 5552 2141 5607 Et
2178 5553 2367 5607 iterum
2409 5551 2680 5607 exclamat
2710 5548 2963 5606 sacerdos
2990 5566 3006 5603 :
3036 5548 3220 5602 Adhuc
3266 5562 3374 5601 ora-

1829 5662 1951 5701 mus
1980 5662 2077 5717 pro
2114 5647 2369 5719 piissimis
2397 5656 2451 5702 et
2478 5662 2508 5701 a
2557 5646 2665 5701 Deo
2721 5646 2947 5715 servatis
2979 5645 3391 5714 imperatoribus

1829 5740 2056 5802 nostris,
2089 5754 2187 5807 pro
2226 5740 2472 5809 ipsorum
2499 5739 2747 5808 imperio,
2789 5740 3035 5801 victoria,
3074 5736 3387 5801 stabilitate,

156 5825 513 5895 ἐπισκέψεως,
544 5824 636 5878 καὶ
656 5826 901 5893 ἀφέσεως
932 5828 1235 5896 ἁμαρτιῶν,
1269 5829 1359 5883 καὶ
1379 5826 1485 5898 τοῦι
1511 5827 1716 5899 Κύριον

1830 5842 1977 5896 pace,
2013 5828 2318 5883 valetudine
2340 5868 2357 5891 ,
2389 5828 2743 5897 preteclione,
2780 5827 3301 5896 venia~peccatorum
3331 5840 3387 5883 et

466 5921 739 5983 Ρετιιοι..
784 5924 904 5986 GI.
950 5924 1179 5987 XXIX.

3010 5942 3043 5990 δ
