4066 6314
686 376 889 419 CCCXL"

2016 338 2541 399 PROLEGOMENA.

687 474 1012 529 utDominus
1036 470 1176 524 Deus
1203 474 1381 521 noster
1412 466 1556 536 ipsos
1587 462 1752 532 magis
1808 460 2045 527 adjuvet,
2106 473 2226 527 pro-

2358 454 2415 505 ὸν
2437 452 2568 505 Θεὸν
2597 448 2754 520 ἡμῶν
2781 446 2874 501 ἐπὶ
2906 449 3087 502 πλεῖον
3137 446 3488 516 συνεργῆσαι,
3529 444 3893 502 κατευοδῶσαι

685 572 863 634 speret
919 562 969 615 in
1011 557 1277 619 omnibus,
1338 556 1677 623 ipsorumque
1731 550 1950 620 pedibus
1983 548 2234 615 subjiciat

2355 545 2530 608 ιύτοὺς
2563 545 2619 595 ἐν
2659 542 2814 605 πᾶσι,
2840 539 2932 593 καὶ
2954 539 3216 607 ὑποτάξαι
3250 538 3353 591 ὑπὸ
3384 541 3509 603 τοὺς
3533 539 3696 600 πόδας
3726 537 3893 589 αὐτῶν

686 667 895 709 omnem
961 651 1229 706 inimicum
1293 659 1346 703 et
1398 649 1626 702 hostem.
1694 641 1959 696 Dicamus.
2018 638 2235 691 Fratres

690 758 814 799 vero
838 744 1020 799 dicunt
1058 744 1157 814 (vel
1183 752 1241 795 ut
1267 750 1349 796 est
1387 740 1523 809 apud
1552 736 1609 789 S.
1647 733 2003 796 Germanum,
2034 730 2236 784 chorus

688 838 996 905 secundus),
1030 835 1269 899 Domine,
1298 834 1571 892 miserere,
1617 828 1814 881 tricies.

760 926 878 981 116.
910 926 977 980 Ει
1006 926 1193 982 iterum
1218 927 1480 980 exclamat
1520 919 1767 972 sacerdos
1796 936 1807 969 :

759 1019 944 1075 Adhuc
993 1034 1206 1074 oramus
1261 1031 1356 1084 pro
1394 1012 1796 1081 archiepiscopo
1854 1007 1935 1061 vel
1987 1004 2239 1074 episcolio

689 1110 753 1167 N.
791 1122 846 1167 et
902 1111 1047 1165 omni
1096 1110 1146 1161 in
1176 1106 1392 1161 Christo
1422 1103 1760 1158 fraternitate
1796 1109 2004 1159 nostra,
2038 1105 2090 1148 et
2143 1107 2239 1162 pro

691 1478 901 1545 ctione;
928 1492 1025 1547 pro
1054 1475 1218 1528 totius
1243 1472 1390 1526 orbis
1419 1482 1549 1538 pace
1576 1482 1636 1520 ac
1667 1462 2057 1533 tranquillitate
2082 1478 2097 1527 ;
2146 1470 2243 1527 pro

692 1576 834 1623 statu
890 1580 1142 1637 prospero
1197 1572 1507 1617 sanctarum
1567 1557 1657 1611 Dei
1692 1556 2091 1617 Ecclesiarum;
2148 1562 2245 1619 pro

691 1658 863 1712 salute
901 1655 1405 1724 etauxiliopatrum
1446 1662 1499 1707 et
1522 1651 1746 1703 fratrum
1780 1655 2239 1706 nostrorum,cum

690 1749 867 1805 studio
883 1762 943 1802 ac
967 1748 1156 1801 timore
1182 1746 1271 1801 Dei
1296 1742 1649 1797 laborantium
1681 1748 1735 1791 et
1772 1731 2194 1789 ministrantium
2225 1748 2240 1797 ;

2338 636 2511 688 πάντα
2542 632 2732 706 ἐχθρὸν
2770 634 2863 685 καὶ
2885 630 3160 700 πολέμιον.
3193 630 3467 701 Εἶπωμεν.
3528 633 3591 684 Οί
3640 630 3698 685 δὲ
3748 628 3892 680 ἁδελ-

2341 727 2429 796 φοὶ
2463 728 2540 793 τὸ,
2569 725 2758 795 Κύριε,
2790 724 3027 795 ἐλέησον,
3064 723 3128 775 λ’.

2408 910 2516 963 Kal
2544 909 2702 963 πάλιν
2729 907 2757 958 ὁ
2785 907 2961 977 ἱερεὺς
2990 906 3241 972 ἐκφωνεί·

2410 1002 2531 1054 Ἔτι
2581 999 2809 1069 δεόμεθα
2864 999 3000 1068 ὑπὲρ
3044 994 3137 1047 τοῦ
3192 994 3613 1063 ἀρχιεπισκόπου
3656 989 3894 1059 mme

2340 1094 2655 1157 ἐπισκόπου,
2681 1090 2775 1143 τοῦ
2793 1090 2981 1151 δεῖνος,
3008 1090 3101 1140 καὶ
3128 1086 3304 1154 πάσης
3326 1087 3420 1154 τῆς
3437 1090 3492 1139 ἐν
3515 1081 3729 1154 Χριστῷ
3749 1084 3781 1149 ἡ
3791 1081 3898 1149 μῶν

2341 1186 2716 1256 αδελφότητος,
2769 1182 2863 1235 καὶ
2910 1180 3051 1249 ὑπὲρ
3106 1178 3285 1246 πάσης
3336 1176 3509 1246 ψυχῆς
3563 1173 3898 1247 Χριστιανῶν

2342 1276 2694 1345 θλιϐουμένης
2725 1291 2782 1327 τε
2803 1273 2894 1326 καὶ
2917 1269 3413 1339 καταπονουμένης,
3446 1268 3623 1331 ἐλέους
3652 1262 3788 1319 Θεοῦ
3815 1262 3900 1313 καὶ

2344 1369 2593 1443 βοηθείας
2629 1365 3001 1435 ἐπιδεομένης·
3034 1361 3242 1431 σκέπης
3277 1358 3368 1412 τοῦ
3410 1360 3563 1426 ἁγίου
3596 1360 3748 1412 οίκου
3783 1354 3898 1409 τούι

2342 1481 2434 1516 του
2466 1458 2692 1515 καὶτῶν
2723 1454 3116 1510 κατοικούντων
3146 1454 3203 1504 ἐν
3243 1449 3411 1520 αὐτῷ,
3450 1451 3669 1520 εἰρήνης
3698 1450 3793 1503 καὶ
3814 1466 3902 1501 κα-

2342 1553 2654 1613 ταστάσεως
2697 1546 2788 1601 τοῦ
2832 1545 3142 1616 σύμπαντος
3184 1542 3409 1610 κόσμου,
3455 1539 3773 1600 εὐσταθείας
3805 1540 3902 1592 τιίν

2346 1643 2514 1711 ἁγίων
2551 1638 2644 1691 τοῦ
2675 1636 2811 1690 Θεοῦ
2854 1633 3206 1706 Ἐκκλησιῶν·
3245 1630 3515 1702 σωτηρίας
3539 1630 3631 1681 καὶ
3660 1629 3905 1698 βοηθείας

2344 1732 2453 1786 τῶν
2494 1727 2630 1800 μετά
2676 1726 2917 1796 σπουδῆς
2944 1728 3040 1780 καὶ
3090 1724 3255 1796 φόϐου
3297 1721 3430 1776 Θεοῦ
3460 1720 3777 1775 κοπιώντων
3822 1723 3905 1771 καὶ

692 1854 791 1909 pro
828 1839 1101 1895 derelictis
1140 1848 1191 1892 et
1218 1838 1318 1889 iter
1347 1832 1705 1895 facientibus;
1737 1843 1833 1897 pro
1866 1823 2239 1896 aagrotantium

2355 1818 2730 1877 διακονούντων
2763 1820 3012 1890 πατέρων
3035 1819 3128 1870 καὶ
3150 1816 3389 1885 ἀδελφῶν
3424 1814 3597 1885 ἡμῶν·
3634 1811 3779 1881 ὑπὲρ
3807 1809 3905 1859 τῶν

694 1930 936 1997 medela;
961 1943 1058 1997 pro
1090 1924 1426 1985 dormitione,
1455 1923 1661 1992 requie,
1689 1924 1842 1975 beata
1874 1916 2155 1981 memoria,
2190 1925 2245 1971 et

690 2022 848 2073 venia
900 2025 1242 2089 peccatorum
1276 2014 1609 2085 impetranda
1659 2010 1941 2065 animabus
1968 2008 2248 2063 defuncto-

692 2125 811 2163 rum
845 2119 1055 2178 patrum
1106 2123 1167 2162 ac
1212 2106 1436 2160 fratrum
1479 2112 1811 2169 nostrorum,
1846 2098 1934 2154 hic
1968 2106 2021 2154 et
2049 2098 2246 2168 ubique

694 2209 963 2255 terrarum
990 2199 1075 2268 pie
1111 2198 1438 2269 sepultorum
1474 2194 1747 2262 ﬁdelium;
1778 2207 1877 2263 pro
1906 2192 2241 2261 captivorum

693 2290 961 2359 libertate,
992 2307 1087 2359 pro
1117 2290 1373 2343 fratribus
1411 2288 1611 2342 nostris
1641 2286 1729 2356 qui
1763 2294 1889 2340 sunt
1916 2286 1967 2338 in
2002 2283 2246 2337 ministe-

694 2382 809 2443 riis.
841 2390 893 2436 et
922 2382 1173 2435 omnibus
1208 2381 1298 2449 qui
1332 2380 1641 2432 ministrant
1700 2386 1753 2430 et
1804 2374 2248 2427 ministraverunt

694 2473 748 2527 in
780 2472 877 2527 hac
906 2472 1017 2526 aede
1043 2478 1250 2525 sancta.
1281 2469 1546 2523 Dicamus.
1595 2466 1811 2520 Fratres
1848 2471 2024 2519 autem
2064 2461 2247 2517 dicunt

697 2566 1066 2638 quinquagies,
1096 2563 1340 2630 Domine,
1366 2562 1637 2618 miserere.

770 2844 890 2900 117.
919 2844 1105 2898 Adhuc
1158 2857 1375 2898 oramus
1402 2851 1460 2894 ut
1486 2850 1672 2896 sancta
1707 2844 1817 2897 haec
1863 2843 2026 2905 aedes,
2068 2841 2244 2895 omnis

695 2938 828 2992 urbs
858 2946 913 2991 et
943 2936 1088 3006 regio
1130 2950 1157 2987 a
1190 2943 1357 3004 peste,
1386 2932 1546 2997 fame,
1590 2940 1745 2987 terra:
1788 2942 1931 2986 motu
1956 2972 1971 2997 ,
2012 2932 2243 2984 inunda-

701 3030 862 3093 tione,
890 3028 1029 3098 igne,
1068 3026 1264 3098 gladio,
1304 3025 1722 3095 alienigenarum
1757 3026 1998 3087 incursu,
2040 3022 2248 3077 intesti-

2344 1908 2779 1978 ἀπολειφθέντων
2817 1910 2913 1963 καὶ
2939 1908 3049 1961 τῶν
3065 1911 3124 1961 ἐν
3150 1906 3479 1977 ἀποδημίαις
3501 1906 3668 1958 ὄντων
3722 1902 3906 1962 ἰάσεως

2344 2006 2450 2059 τῶν
2480 2004 2537 2056 ἐν
2568 2002 2873 2065 ἀσθενείαις
2912 2000 3341 2071 κατακειμένων·
3393 1999 3531 2068 ὑπὲρ
3579 1999 3907 2066 κοιμήσεως,

2346 2094 2598 2156 ἀνέσεως,
2636 2092 2910 2164 μακαρίας
2942 2092 3180 2161 μνήμης,
3212 2089 3304 2140 καὶ
3335 2087 3576 2155 ἀφέσεως
3601 2087 3707 2138 τῶν
3740 2087 3909 2155 ἀμαρ-

2346 2184 2474 2237 τιῶν
2494 2184 2604 2237 τῶν
2621 2182 3071 2257 προαπελθόντων
3090 2177 3339 2250 πατέρων
3365 2178 3458 2231 καὶ
3474 2176 3717 2243 ἀδελφῶν
3735 2176 3907 2245 ἡμῶν,

2344 2275 2453 2328 τῶν
2481 2275 2665 2331 ἐνθάδε
2693 2272 2928 2334 εὐσεϐῶς
2954 2270 3221 2340 κειμένων
3242 2269 3336 2321 καὶ
3365 2264 3674 2335 ἁπανταχοῦ
3703 2263 3912 2334 690066-

2348 2363 2470 2430 ξων·
2507 2366 2645 2438 ὑπὲρ
2679 2362 3030 2435 ἀναρῤύσεως
3069 2360 3177 2413 τῶν
3216 2356 3596 2429 αἰχμαλώτων,
3633 2355 3729 2408 καὶ
3778 2354 3911 2424 ὑπὲρ

2346 2456 2455 2509 τῶν
2500 2456 2742 2524 ἀδελφῶν
2786 2454 2966 2525 ἡμῶν,
3014 2452 3120 2505 τῶν
3151 2454 3207 2505 ἐν
3239 2453 3355 2512 ταῖς
3383 2447 3678 2509 διακονίαις
3724 2446 3910 2503 ὄντων,

2347 2548 2442 2601 καὶ
2471 2547 2686 2602 πάντων
2715 2544 2821 2600 τῶν
2849 2542 3234 2597 διακονούντων
3257 2542 3351 2593 καὶ
3381 2539 3813 2610 διακονησάντων
3857 2539 3913 2589 ἐν

2347 2642 2414 2711 τῇ
2440 2637 2570 2711 ἁγίᾳ
2612 2640 2745 2710 μονῇ
2782 2634 2972 2708 ταύτῃ.
3024 2635 3298 2705 Είπωμεν.
3359 2634 3421 2686 Οἱ
3460 2632 3517 2686 δέ
3564 2631 3785 2700 ἀδελφοὶ
3836 2627 3913 2691 τὸ,

2353 2733 2543 2804 Κύριε,
2575 2731 2813 2802 ἐλέησον,
2837 2736 2901 2784 ν’.

2420 2821 2552 2879 Εἶτα
2604 2823 2832 2895 δεόμεθα
2878 2822 3016 2892 ύπέρ
3055 2819 3148 2872 τοῦ
3182 2816 3600 2886 διαφυλαχθῆναι
3628 2814 3724 2884 τὴν
3758 2813 3916 2880 ἀγίαν

2356 2917 2519 2985 μονὴν
2539 2915 2766 2985 ταύτην,
2792 2915 2883 2969 καί.
2914 2915 3091 2965 πᾶσαν
3123 2910 3293 2973 πόλιν,
3331 2909 3422 2960 καὶ
3458 2906 3638 2977 χώραν
3677 2905 3786 2957 ἀπὸ
3808 2904 3916 2955 λοι-

2355 3004 2477 3075 μοῦ,
2503 3004 2681 3074 λιμοῦ,
2720 3001 2963 3072 σεισμοῦ,
2999 2996 3456 3066 καταποντισμοῦ,
3491 2995 3681 3065 πυρὸς,
3720 2994 3918 3064 μαχαί-

699 3134 770 3175 no
814 3119 986 3185 bello,
1023 3129 1076 3173 et
1120 3120 1395 3189 repentina
1437 3126 1607 3172 morte
1636 3115 1967 3180 liberentur;
1999 3121 2050 3167 ut
2078 3112 2248 3167 bonus

2355 3113 2471 3168 ρας,
2513 3093 2813 3165 ἐπιδρομῆς
2847 3090 3179 3160 ἀλλοφύλων,
3215 3088 3309 3141 καὶ
3354 3086 3612 3157 ἐμφυλίου
3656 3085 3917 3154 πολέμου,

699 3222 755 3264 et
780 3212 1052 3266 hominum
1076 3224 1265 3265 amans
1293 3209 1433 3264 Deus
1468 3218 1671 3273 noster,
1718 3210 1809 3263 liat
1859 3209 2012 3262 nobis
2069 3204 2251 3277 propi-

698 3301 845 3363 tius,
882 3300 1117 3355 clemens
1166 3307 1221 3351 et
1270 3300 1616 3353 reconciliatu
1676 3299 1852 3354 facilis
1882 3340 1897 3365 ,
1937 3308 1995 3353 ut
2048 3308 2256 3353 avertat

699 3406 911 3445 omnem
973 3390 1105 3444 iram
1143 3399 1328 3445 contra
1383 3405 1481 3445 nos
1513 3398 1710 3443 motam
1742 3428 1760 3455 ,
1808 3390 2082 3459 justisque
2140 3391 2253 3444 suis

699 3481 1203 3537 comminationibus
1245 3495 1342 3534 nos
1388 3480 1618 3549 eripiat,
1672 3489 1728 3534 et
1787 3480 2111 3533 misereatur
2158 3494 2255 3533 no-

700 3575 819 3629 stri.
875 3572 942 3627 Et
993 3572 1206 3637 dicitur,
1244 3571 1487 3637 Domine,
1545 3574 1821 3637 miserere,
1880 3569 2212 3640 quadragies.

775 3754 893 3810 118.
929 3752 1114 3808 Adhuc
1166 3765 1420 3815 oramus,
1457 3758 1514 3804 ut
1570 3749 1827 3805 Dominus
1875 3750 2013 3805 Deus
2068 3764 2255 3806 noster

704 3846 957 3902 exaudiat
1013 3857 1200 3897 vocem
1267 3840 1658 3911 depreCationis
1709 3849 1949 3896 nostrum
2003 3850 2251 3910 peceato-

704 3955 863 4003 rum,
922 3946 976 3992 et
1025 3937 1341 3990 misereatur
1418 3934 1604 3988 nostri.
1669 3932 1913 4000 Domine,
1960 3934 2254 3999 miserere,

702 4030 787 4083 bis
830 4038 884 4081 et
918 4027 1159 4081 vicesies.
1203 4024 1447 4079 Postbtec
1482 4038 1706 4093 quorum
1748 4023 1857 4076 vult
1901 4022 2141 4077 vivorum
2195 4038 2260 4079 ac

708 4129 1040 4173 mortuorum
1067 4119 1383 4170 memoriam
1417 4116 1526 4187 agit
1546 4156 1562 4181 ,
1589 4124 1641 4170 et
1672 4118 1846 4169 denuo
1878 4114 2151 4169 exclamat
2172 4130 2260 4170 sa-

705 4213 932 4266 cerdos:

777 4301 977 4355 Exaudi
1027 4313 1146 4366 nos,
1187 4297 1328 4353 Deus
1363 4306 1603 4351 servator
1644 4304 1845 4361 noster,
1877 4312 2001 4367 spes
2021 4298 2260 4353 omnium

706 4392 888 4447 finium
914 4401 1072 4446 terra:
1108 4389 1239 4443 etin
1267 4387 1399 4442 mari
1424 4387 1579 4457 longe
1614 4403 1627 4440 :
1671 4402 1732 4441 ac
1766 4390 2047 4457 propitius,
2077 4390 2262 4460 propi-

2360 3188 2453 3242 καί⁸
2488 3184 2747 3256 αἰφνιδίου
2776 3183 3026 3237 θανάτου.
3066 3181 3236 3251 ’Υπὲρ
3263 3178 3356 3231 τοῦ
3388 3179 3562 3241 ἵλεων,
3596 3178 3799 3247 εὐμενῆ
3830 3178 3921 3230 καὶ

2358 3276 2729 3332 εὐδιάλλακτον
2770 3271 3020 3343 γενέσθαι
3078 3270 3167 3323 τὸν
3194 3267 3395 3337 ἀγαθὸν
3425 3268 3516 3321 καὶ
3546 3265 3923 3335 φιλάνθρωπον

2361 3370 2493 3423 Θεὸν
2534 3366 2709 3439 ἡμῶν,
2747 3362 2839 3419 τοῦ
2886 3361 3221 3435 ἀποστρέψαι
3253 3362 3427 3413 πᾶσαν
3470 3358 3637 3430 ὀργὴν
3666 3358 3765 3427 τὴν
3796 3356 3918 3410 καθ’

2361 3461 2517 3533 ἡμῶν
2536 3460 2879 3530 κινουμένην,
2914 3458 3008 3510 καὶ
3048 3454 3311 3524 ῥύσασθαι
3336 3454 3480 3523 ἡμᾶς
3512 3451 3609 3521 τῆς
3638 3450 3922 3519 ἐπικειμέ-

2359 3570 2456 3621 νης
2497 3551 2709 3613 δικαίας
2749 3548 2913 3603 αὐτοῦ
2949 3548 3197 3616 ἀπειλῆς,
3239 3546 3331 3597 καί⁸
3365 3544 3769 3615 ἐλεῆσαιήμᾶς.
3827 3541 3922 3605 Τὸ,

2359 3642 2554 3712 Κύριε,
2574 3641 2813 3709 ἐλέησον,
2852 3645 2921 3709 μ’.

2428 3727 2562 3785 Εἶτα
2603 3729 2835 3800 δεόμεθα
2892 3729 2985 3781 καὶ
3028 3726 3168 3797 ὺπέρ
3214 3726 3308 3780 τοῦ
3353 3724 3666 3778 εἰσακοῦσαι
3717 3723 3925 3793 Κύριον

2356 3825 2447 3878 τὸν
2474 3824 2606 3877 Θεὸν
2632 3823 2731 3893 τῆς
2758 3820 2938 3892 φωνῆς
2956 3819 3054 3889 τῆς
3083 3819 3315 3891 δεήσεως
3342 3820 3374 3889 ἡ
3384 3817 3497 3888 μῶν
3528 3816 3634 3869 τῶν
3666 3817 3924 3886 ἀμαρτω-

2358 3914 2487 3981 λῶν,
2540 3914 2634 3968 καὶ
2678 3913 2894 3983 ἐλεῆσαι
2936 3913 3105 3982 ἡμᾶς.
3162 3911 3253 3973 Τὸ,
3306 3910 3497 3981 Κύριε,
3550 3908 3791 3976 ἐλέησον,
3839 3907 3922 3977 ιβ’.

2359 4003 2491 4060 Εἶτα
2533 4004 2857 4078 μνημονεύει
2906 4003 2997 4067 οὓς
3044 4003 3188 4056 θέλει
3237 4003 3441 4068 ζῶντας
3474 4002 3568 4056 καὶ
3600 4000 3920 4065 τεθνεῶτας·

2360 4099 2457 4154 καὶ
2481 4098 2639 4153 πάλιν
2660 4098 2943 4169 ἐκφωνεῖὸ
2972 4097 3017 4149 ίε
3028 4094 3173 4169 ρεύς·

2444 4284 2772 4338 Ἐπάκουσον
2790 4283 2964 4353 ἡμῶν,
2990 4283 3019 4334 ὁ
3042 4280 3173 4344 Θεὸς
3207 4281 3235 4334 δ
3264 4279 3444 4351 σωτὴρ
3469 4278 3643 4351 ἡμῶν,
3694 4280 3727 4350 ἠ
3777 4280 3926 4341 ἐλπὶς

2367 4374 2583 4427 πάντων
2632 4373 2739 4427 τῶν
2793 4374 3044 4445 περάτων
3104 4372 3204 4441 τῆς
3268 4374 3369 4441 γῆς
3430 4371 3522 4424 καὶ
3566 4369 3674 4423 τῶν
3727 4371 3788 4423 ἐν
3838 4370 3928 4421 θα-

707 4486 813 4540 tius
851 4494 968 4540 esto
1021 4480 1251 4553 peccatis
1287 4478 1506 4542 nostris,
1531 4490 1585 4533 et
1631 4479 1886 4533 miserere
1919 4481 2115 4535 nostri.
2152 4482 2252 4536 Mi-

2365 4463 2537 4537 λάσσῃ
2606 4464 2838 4535 μακράν·
2897 4464 2991 4516 καὶ
3035 4462 3212 4525 ἵλεως,
3256 4463 3410 4523 ἵλεως
3453 4460 3609 4529 γενοῦ
3661 4460 3755 4512 sui.
3810 4462 3926 4521 ταῖς

707 4577 935 4632 sericors
962 4575 1104 4630 enim
1127 4572 1285 4638 Deus,
1314 4580 1367 4626 et
1389 4570 1654 4626 humanus
1690 4586 1748 4625 es
1779 4589 1794 4626 :
1819 4580 1875 4625 et
1914 4571 2007 4625 tibi
2032 4573 2259 4641 gloriam

708 4668 1009 4733 referimus,
1051 4666 1219 4729 Patri,
1246 4673 1299 4719 et
1326 4662 1483 4728 Filio,
1514 4670 1567 4716 et
1606 4662 1830 4730 Spiritui
1859 4673 2074 4725 sancto,
2111 4679 2256 4719 nunc

706 4767 760 4813 et
780 4771 1009 4826 semper,
1050 4764 1103 4811 et
1131 4755 1184 4809 in
1215 4753 1408 4808 saecula
1438 4752 1771 4807 saeculorum.
1797 4753 1987 4806 Amen.
2047 4753 2113 4807 Et
2161 4762 2265 4808 sta-

712 4849 803 4903 tim
856 4847 1036 4901 subdit
1093 4863 1107 4900 :
1163 4844 1273 4899 Pax
1325 4844 1591 4899 omnibus.
1640 4841 1859 4897 Fratres
1922 4852 2147 4898 autem:
2196 4844 2264 4899 Et

707 4938 919 5006 spiritui
968 4945 1079 4989 tuo.
1128 4932 1395 4988 Sacerdos
1438 4932 1563 5001 (vel,
1592 4942 1651 4987 ut
1697 4934 1753 4987 S.
1788 4932 2107 4997 Germanus,
2144 4934 2261 4987 dia-

706 5028 919 5099 conus),
964 5025 1149 5097 Capita
1202 5033 1381 5078 vestra
1426 5024 1650 5079 Domino
1700 5025 1969 5079 inclinate.
2016 5023 2083 5078 Et
2126 5039 2263 5077 cun-

706 5120 808 5175 ctis
831 5118 1212 5174 inclinantibus
1238 5116 1413 5185 capita
1437 5130 1600 5185 seque
1641 5117 2045 5171 incurvantibus
2066 5132 2261 5171 versus

712 5224 931 5277 terram,
965 5213 1097 5266 bene
1130 5219 1381 5277 precatur
1420 5211 1673 5264 sacerdos
1713 5220 1962 5265 contenta
1997 5225 2130 5265 voce
2182 5210 2266 5263 di-

709 5317 839 5357 cens
868 5303 1005 5356 hanc
1030 5301 1330 5354 orationem
1379 5317 1393 5352 :

780 5461 902 5517 119.
973 5462 1280 5517 Dominator
1349 5473 1577 5517 multum
1643 5463 1997 5529 misericors,
2044 5463 2269 5519 Domine

710 5554 833 5609 Jesu
884 5554 1120 5618 Christe,
1171 5556 1308 5609 Deus
1358 5564 1560 5619 noster,
1620 5555 1871 5623 precibus
1929 5555 2269 5610 intemeratae

714 5648 947 5702 Dominae
999 5656 1197 5702 nostra?
1247 5648 1485 5718 Deiparaz
1524 5662 1840 5717 semperque
1877 5648 2099 5715 virginis
2154 5646 2267 5701 Illa-

708 5740 843 5803 riae;
886 5740 1310 5794 venerandarum
1346 5746 1402 5794 et
1448 5737 1744 5794 ctnleslium
1783 5739 2037 5793 virtutum
2089 5736 2269 5793 incor-

2368 4551 2662 4622 ἁμαρτίαις
2702 4550 2876 4622 ἡμῶν,
2927 4551 3021 4603 καὶ
3053 4548 3272 4619 ἐλέησον
3304 4551 3467 4619 ἡμᾶς.
3506 4550 3779 4619 Ἑλεήμων
3828 4551 3926 4617 γὰρ

2365 4643 2457 4695 καὶ
2486 4642 2860 4713 φιλάνθρωπος
2892 4639 3023 4703 Θεὸς
3055 4641 3340 4712 ὑπάρχεις,
3372 4639 3467 4693 καὶ
3507 4641 3590 4693 σοὶ
3631 4640 3729 4710 τὴν
3773 4639 3926 4704 δόξαν

2365 4734 2773 4804 ἀναπέμπομεν,
2794 4731 2872 4802 τῷ
2896 4731 3091 4801 Πατρὶ,
3118 4732 3211 4785 καὶ
3228 4732 3363 4803 Υἰῷ,
3387 4731 3478 4783 καὶ
3501 4730 3579 4800 τῷ
3602 4731 3741 4801 ἁγίῳ
3771 4731 3929 4784 Πνεύ-

2368 4840 2516 4894 ματι,
2546 4822 2639 4876 νῦν
2671 4823 2764 4875 καὶ
2795 4822 2899 4884 ἀεὶ,
2933 4821 3026 4874 καὶ
3053 4822 3132 4884 εἰς
3168 4822 3292 4884 τοὺς
3322 4820 3520 4883 αἰῶνας
3549 4819 3659 4873 τῶν
3698 4821 3925 4878 αἰώνων.

2377 4914 2564 4986 Ἀμήν.
2626 4914 2734 4967 Καὶ
2800 4912 2960 4977 εὐθὺς
3020 4912 3114 4977 τὸ,
3184 4915 3387 4985 Εἰρήνη
3462 4914 3613 4966 πᾶσι.
3704 4914 3819 4967 Καὶ
3882 4916 3926 4967 οἱ

2364 5005 2601 5075 ἀδελφοί·
2659 5005 2770 5058 Καὶ
2834 5005 2911 5077 τῷ
2960 5006 3229 5077 πνεύματί
3284 5022 3397 5059 σου.
3469 5006 3529 5058 Ὀ
3576 5005 3772 5075 ἱερεύς·
3824 5008 3928 5068 Τὰς

2366 5096 2604 5167 κεφαλὰς
2636 5096 2786 5168 ὑμῶν
2806 5097 2883 5167 τῷ
2910 5098 3096 5168 Κυρίῳ
3126 5097 3361 5151 κλίνατε.
3417 5097 3525 5150 Kal
3566 5097 3787 5150 πάντων
3817 5100 3926 5151 κλι-

2367 5189 2565 5243 νόντων
2604 5189 2699 5252 τὰς
2727 5190 2986 5259 κεφαλὰς,
3013 5191 3106 5243 καὶ
3129 5192 3221 5243 ἐπὶ
3255 5190 3361 5259 γῆς
3392 5190 3733 5258 κεκυφότων,
3772 5191 3903 5243 ἐπεύ

2365 5297 2515 5349 χεται
2557 5282 2585 5332 ό
2634 5282 2811 5350 ἱερεὺς
2844 5280 3238 5351 μεγαλοφώνως
3278 5281 3451 5352 λέγων
3482 5282 3580 5353 τὴν
3609 5282 3778 5351 εὐχὴν
3808 5283 3930 5335 ταύ-

2366 5386 2487 5441 την·

2437 5461 2675 5512 Δέσποτα
2733 5459 3007 5524 πολυέλεε,
3045 5461 3214 5531 Κύριε
3254 5458 3424 5530 Ἰησοῦ
3477 5459 3682 5530 Χριστὲ
3731 5462 3760 5513 ὀ
3805 5460 3927 5521 Θεὸς

2371 5551 2543 5625 ἡμῶν,
2573 5551 2889 5618 πρεσϐείαις
2914 5552 3013 5622 τῆς
3043 5552 3415 5621 παναχράντου
3454 5550 3742 5622 δεσποίνης
3784 5550 3929 5623 ήμῶν

2370 5642 2627 5695 Θεοτόκου
2672 5644 2766 5695 καὶ
2801 5643 3157 5714 ἀειπαρθένου
3188 5644 3421 5712 Μαρίας·
3459 5642 3567 5695 τῶν
3608 5643 3810 5713 τιμίων
3846 5642 3930 5694 καὶ

2372 5735 2700 5806 ἐπουρανίων
2727 5734 3006 5807 δυνάμεων
3041 5736 3363 5807 ἀσωμάτων·
3401 5735 3494 5790 τοῦ
3512 5735 3695 5807 τιμίου
3724 5735 3925 5803 ἐνδόξου
