4086 6318
1239 400 1631 455 AUULUTHIA
1675 399 2013 456 TRlPLlCIS
2054 400 2274 461 FESTI.
3150 425 3333 464 cccxu
3346 426 3381 462 ιι

143 513 455 586 προφήτου,
499 511 804 585 προδρόμου
844 512 935 565 καὶ
969 512 1276 567 Βαπτιστοῦ
1316 516 1581 571 Ἰωαννου·
1609 518 1719 571 τῶν
1749 563 1756 579 Α

1774 530 1793 579 t
1824 534 2109 590 porearum
2140 561 2156 585 ,
2214 522 2506 578 venerandi
2542 535 2605 574 ac
2641 522 2858 590 gloriosi
2888 523 3192 591 prophetae;
3251 538 3387 591 pra»

140 605 320 677 ἁγίων
351 606 574 669 ἐνδόξων
599 607 692 659 καὶ
714 607 955 676 πανευφή
965 624 1079 677 μων
1102 606 1433 672 ἀποστόλων,
1451 610 1544 662 τοῦ
1562 610 1717 679 ἁγίου

1822 612 2064 667 cursoris
2089 623 2142 666 et
2171 612 2422 678 Baptista:
2469 612 2722 673 Joannis;
2774 623 3084 669 sanctorum
3118 613 3388 681 glorioso-

140 699 321 761 τοῦδε,
350 698 444 750 καὶ
465 695 678 750 πάντων
694 712 784 748 σου
813 696 928 752 τῶν,
943 697 1135 765 ἁγίων,
1158 696 1546 767 εὑπρόσδεκτον
1564 700 1721 769 ποίη·

1824 718 1941 757 rum
1993 711 2049 757 et
2107 702 2495 771 percelebrium
2542 703 2951 775 apostolorum;
2992 704 3166 758 sancti
3215 703 3277 757 N.
3338 715 3391 758 et

142 806 239 841 σον
277 786 377 855 τὴν
405 785 588 855 δέησιν
633 783 808 855 ἡμῶν·
844 785 1085 859 διῦρησαι
1115 788 1245 856 ἡμῖν
1274 786 1373 856 τὴν
1398 786 1587 855 ἄφεσιν
1610 789 1720 841 τῶν

1824 796 2065 850 omnium
2106 803 2415 848 sanctorum
2466 804 2697 863 tuorum,
2724 807 2999 863 acceptam
3057 795 3222 851 redde
3260 810 3388 848 ora-

142 880 612 950 παραπτωμάτων
645 878 819 948 ἡμῶν·
852 880 1122 933 σκέπασον
1154 880 1299 951 ἡμᾶς
1329 880 1387 933 ἐν
1423 882 1490 950 τῇ
1543 882 1717 952 σκέπῃ

1828 887 2028 943 tionem
2065 894 2301 939 nostram
2331 924 2346 947 ,
2380 885 2534 938 nobis
2592 889 2765 943 tribue
2807 895 3111 942 nostrorum
3167 886 3390 943 delicto-

138 970 253 1023 τῶν
286 969 577 1041 πτερύγων
635 987 750 1023 σου·
794 970 1092 1035 ἀποδίωξον
1126 973 1218 1041 ἀφ’
1246 972 1401 1042 ἡμῶν
1426 972 1602 1027 πάντα
1631 977 1721 1046 ἐχ·-

1829 986 1947 1025 rum
1978 971 2229 1036 veniam;
2273 971 2372 1025 sub
2410 972 2642 1041 tegmine
2666 976 2871 1029 alarum
2924 984 3135 1029 tuarum
3168 986 3389 1045 protcge

143 1061 278 1132 Θρὸν
313 1063 407 1115 καὶ
439 1063 711 1135 πολέμιον’
746 1063 1055 1133 εἱρήνευσον
1083 1064 1179 1134 τὴν
1213 1063 1356 1135 ζωὴν
1390 1065 1563 1137 ὴμῶνο
1600 1067 1717 1119 Κύ-

1827 1078 1944 1127 nos,
1976 1079 2191 1120 onmem
2228 1062 2505 1118 inimicum
2534 1071 2588 1118 et
2616 1063 2823 1118 hostem
2860 1084 2886 1120 a
2924 1065 3083 1121 nobis
3108 1068 3381 1135 propulsa,

145 1169 255 1225 ριε,
305 1156 524 1228 ἐλέησον
554 1160 700 1228 ἡμᾶς
749 1156 843 1208 καὶ
889 1156 979 1210 τὸν
1021 1156 1221 1227 κόσμον
1270 1173 1385 1223 σου,
1417 1158 1512 1212 καὶ
1545 1158 1720 1211 σῶσον

1826 1154 1990 1208 vitam
2018 1166 2258 1211 nostram
2291 1155 2510 1210 contine
2543 1155 2595 1207 in
2636 1170 2809 1224 pace;
2853 1160 3097 1225 Domine,
3134 1160 3386 1214 miserere

140 1246 246 1312 τὰς
266 1246 447 1320 ψυχὰς
475 1248 649 1318 ἡμῶν,
680 1247 754 1311 ὼς
783 1247 983 1317 ἀγαθὸς
1016 1248 1108 1300 καὶ
1132 1247 1529 1321 φιλάνθρωπος.

1826 1248 1997 1300 nostri
2026 1256 2187 1315 atque
2222 1249 2370 1302 orbis
2398 1250 2498 1313 tui,
2534 1260 2586 1303 et
2611 1263 2766 1303 serva
2789 1249 2998 1306 animas
3023 1263 3259 1314 nostras,
3307 1261 3386 1302 nt-

1822 1348 1947 1410 pote
1976 1338 2067 1408 qui
2097 1353 2156 1394 es
2184 1338 2358 1394 bonus
2386 1348 2438 1394 et
2466 1340 2742 1395 hominum
2768 1352 2996 1398 amator.

216 1424 349 1480 Εἶτα
400 1426 678 1499 ἀρχόμεθα
721 1427 789 1481 τὰ
826 1430 1054 1501 στιχηρὰ
1088 1430 1178 1483 τοῦ
1213 1432 1416 1501 στίχου,
1443 1432 1558 1491 ἷκαὶ
1580 1430 1717 1500 ψάλ-

1892 1430 2016 1486 120.
2073 1430 2233 1487 Hisce
2282 1431 2541 1490 absolutis
2588 1434 2872 1504 incipimus
2919 1437 3151 1491 stichera
3211 1440 3382 1493 versi-

142 1536 329 1581 Αοντες
374 1520 726 1591 εἰσερχόμεθα
752 1522 809 1574 ἐν
839 1519 917 1592 τῷ
944 1521 1077 1591 ναῷ,
1122 1522 1412 1590 ἐπᾴδοντες
1448 1524 1543 1577 καὶ
1590 1525 1717 1585 τοὺς

1823 1523 1950 1588 culi,
1976 1533 2032 1577 et
2054 1523 2345 1590 psallentes
2402 1526 2659 1595 templum
2711 1527 3048 1597 ingredimur
3072 1529 3383 1583 accinentes

138 1611 407 1681 τυχόντας
437 1612 647 1683 στίχους
677 1613 874 1667 αὐτῶν.

1821 1613 1985 1666 etiam
2016 1612 2313 1667 versiculos
2341 1614 2432 1666 tali
2472 1615 2557 1668 die
2589 1626 2965 1671 occurrentes.

216 1704 402 1761 Οοιιιι.
442 1704 547 1776 Sed
584 1716 876 1776 antequam
916 1701 981 1754 ad
1012 1700 1100 1754 illa
1131 1700 1633 1776 sticheraianimnm
1684 1698 2043 1776 applicemus,
2080 1713 2258 1754 meum
2300 1714 2426 1776 esse
2450 1700 2726 1776 intelligo,
2762 1714 2817 1757 ut
2844 1706 3015 1760 dicam
3069 1722 3129 1761 ea
3162 1722 3282 1776 quae
3319 1711 3385 1763 de

150 1776 453 1846 propositis
478 1774 587 1846 jam
629 1773 965 1846 o_rationihus
995 1785 1057 1824 ac
1088 1772 1336 1838 precibus
1364 1772 1584 1846 dicenda
1622 1781 1861 1846 restant.
1904 1772 2081 1840 Atque
2114 1781 2244 1824 ante
2282 1771 2461 1846 omnia
2491 1810 2515 1846 ,_
2538 1774 2589 1825 in
2617 1775 2789 1846 prima
2816 1786 2869 1828 et
2902 1777 3086 1829 ultima
3116 1771 3379 1840 oratione,

143 1840 307 1916 prout
350 1847 491 1916 omni
517 1844 582 1916 ξ.
640 1840 967 1916 Germanum
1006 1851 1251 1916 easlant,
1291 1842 1462 1916 multo
1491 1842 1787 1916 plurimum
1818 1841 2463 1916 sanctorum__patrocipia
2503 1841 2873 1916 implorantur,
2906 1859 3064 1915 quam
3101 1860 3257 1913 prout
3285 1865 3383 1902 ex-

142 1909 289 1968 stant
313 1916 365 1965 in
397 1909 615 1981 Typico.
646 1911 850 1979 Quippe
898 1920 1017 1977 post
1042 1912 1155 1965 haec
1193 1914 1371 1973 verba,
1402 1912 1512 1966 Καὶ
1552 1928 1755 1977 πανευφ

1755 1911 2271 1983 >ήμωνὰποστόλων,
2306 1928 2324 1960 ι
2356 1909 2421 1983 Et
2442 1909 3316 1983 celeberrimorum'aposuilorum.
3351 1937 3368 1969 ι

142 1984 403 2108 ἳῖἓιιῖέυι·
430 1984 489 2063 in
524 1994 746 2105 ultraque
768 1984 1011 2062 oratione
1048 1983 1216 2037 series
1258 1984 1485 2037 aliorum
1537 1994 1847 2038 sanctorum
1883 1984 2020 2035 bene
2045 1982 2223 2052 longa,
2274 1990 2328 2036 et
2376 1981 2428 2035 in
2470 1981 2640 2049 prima
2674 1984 2886 2051 quidem
2934 1981 3198 2049 oratione,
3227 2003 3378 2039 num.

255 2093 269 2108 .
351 2064 370 2104 ι
399 2066 549 2108 Stngu
578 2069 684 2106 arts
713 2061 931 2106 mentio.

143 2053 269 2115 115,
309 2054 370 2105 iit
399 2052 684 2119 singularis
713 2053 931 2106 mentio.

213 2147 337 2203 Τῶν
386 2150 444 2203 ἐν
486 2149 661 2218 ἁγίοις
711 2147 970 2218 Πατέρων
996 2133 1157 2217 ’ἡμῶν
1193 2149 1286 2200 καὶ
1323 2147 1710 2219 οἰηκουμενικῶν
1743 2161 1785 2214 Β

1761 2161 1785 2214 3
1884 2144 2206 2199 Sanctorum
2244 2145 2464 2201 Patrum
2504 2157 2831 2210 nostrorum,
2882 2156 2938 2201 et
2990 2146 3374 2201 universalium

144 2240 402 2311 μεγάλων
453 2238 780 2291 διδασκάλων
822 2237 917 2289 καὶ
968 2234 1256 2307 ίεραρχῶν,
1299 2236 1578 2290 Βασιλείου
1614 2236 1709 2291 τοῦ

1814 2254 2131 2310 magnorum
2190 2241 2469 2295 doctorum
2498 2257 2559 2296 ac
2594 2240 2909 2311 pontiﬁcum
2956 2238 3141 2295 Basilii
3176 2239 3370 2309 Magni,

140 2332 423 2399 Μεγάλου,
457 2328 754 2399 Γρηγορίου
792 2326 886 2380 τοῦ
902 2327 1183 2395 Θεολόγου,
1218 2328 1311 2381 καὶ
1352 2328 1592 2381 Ἰωάννου
1616 2327 1711 2381 τοῦ

1814 2327 2053 2396 Gregorii
2082 2326 2340 2398 Theologi
2368 2337 2423 2381 et
2453 2327 2675 2384 Joannis
2728 2330 3143 2402 Chrysostomi;
3198 2332 3370 2385 sancti

140 2421 554 2491 Χρυσοστόμου·
586 2420 680 2474 τοῦ
711 2422 767 2474 ὲν
802 2418 974 2489 ἁγίοις
1004 2419 1216 2492 Πατρὸς
1245 2419 1531 2482 Νικολάου,
1556 2420 1712 2490 ἀρχι-

1815 2417 2045 2481 Nicolai,
2075 2417 2237 2489 Myraa
2283 2420 2336 2474 in
2374 2418 2536 2491 Lycia
2567 2420 2957 2490 archiepiscopi
2999 2432 3054 2476 et
3082 2423 3370 2476 miraculo-

139 2515 446 2569 επισκόπου
468 2513 670 2586 Μύρων
689 2513 787 2583 τῆς
810 2513 1014 2576 Λυκίας
1038 2512 1131 2566 τοῦ
1151 2511 1580 2585 θαυμτουργοῦ,
1605 2510 1714 2565 τῶν

1819 2530 1938 2570 rum
1970 2514 2298 2583 patratoris;
2336 2526 2671 2582 sanctorum,
2709 2515 3071 2586 gloriosorum
3116 2527 3172 2571 et
3204 2518 3376 2571 Victo-

140 2606 350 2674 ἁγίων,
411 2603 635 2668 ἐνδόξων
702 2603 797 2655 καὶ
858 2602 1181 2655 καλλινίκων
1239 2601 1549 2673 μαρτύρων,
1603 2600 1713 2655 τῶν

1820 2606 1916 2661 riis
1964 2605 2288 2675 inclytorum
2342 2614 2687 2676 martyrum;
2739 2607 2983 2662 divorum
3039 2617 3096 2663 et
3147 2608 3378 2663 deifero-

137 2698 305 2752 ὁσίων
353 2698 448 2749 καὶ
479 2695 751 2764 θεοφόρων
779 2695 1036 2764 Πατέρων
1080 2693 1258 2764 ἡμῶν,
1283 2694 1388 2745 τῶν
1411 2694 1580 2760 ἁγίων
1619 2695 1711 2745 καὶ

1821 2713 1937 2749 rum
1993 2696 2210 2751 Patrum
2271 2704 2623 2759 nostrorum;
2670 2708 2979 2751 sanctorum
3026 2708 3082 2752 ct
3114 2700 3375 2764 iustorum

138 2786 369 2841 δικαίων
399 2782 752 2854 Θεοπατόρων
802 2784 1053 2854 ’ῐωακεὶμ
1082 2785 1173 2836 καὶ
1204 2781 1531 2852 Ἀννης,τοῦ
1553 2782 1711 2850 ἁγίου

1818 2784 1913 2838 Dei
1969 2793 2252 2853 parentum
2305 2781 2550 2839 Joachim
2598 2796 2651 2839 et
2708 2789 2924 2852 Annae;
2981 2788 3153 2841 sancti
3216 2788 3376 2857 hujus

138 2880 240 2952 τῆς
274 2881 464 2951 μονῆς.
1819 2874 1968 2928 aedis.

223 2994 412 3049 Series
469 3000 649 3048 autem
711 3005 829 3059 quae
887 3007 943 3048 .n
995 2988 1178 3044 ultima
1239 2986 1484 3043 oratione
1543 3001 1695 3040 num.
1751 2984 1854 3040 H9
1887 3025 1904 3053 ,
1961 2984 2318 3055 adiungitur,
2385 3000 2504 3056 post
2565 3004 2726 3057 supra
2784 2989 2928 3042 dicta
2998 2991 3201 3055 verba,
3260 2992 3375 3046 haec

138 3072 272 3120 68ιέ

207 3154 333 3209 Τῶν
386 3153 575 3222 ἁγίων,
614 3152 837 3216 ἐνδόξων
882 3152 974 3203 καὶ
1028 3150 1349 3203 καλλινίκων
1395 3152 1705 3221 μαρτύρων·

1889 3147 2249 3213 Sanctorum,
2322 3148 2675 3219 gloriosorum
2734 3159 2790 3203 et
2853 3150 3093 3207 victoriis
3146 3150 3374 3220 inclyto-

134 3248 246 3303 τῶν
269 3247 435 3301 ὁσίων
450 3246 542 3300 καὶ
557 3244 829 3315 θεοφόρων
854 3242 1111 3311 Πατέρων
1138 3242 1310 3311 ἡμῶν·
1342 3240 1435 3293 τοῦ
1463 3243 1519 3293 ὲν
1539 3241 1711 3309 ἁγίοις

1817 3254 1937 3294 rum
1994 3251 2331 3310 martyrum;
2387 3241 2636 3294 divorum
2671 3250 2721 3293 et
2771 3241 3098 3296 deiferorum
3150 3241 3370 3295 Patrum

135 3341 355 3410 Πατρδς
388 3338 542 3408 ἡμῶν
566 3336 853 3399 Νικολάου,
872 3333 1315 3426 ᾲὰρχιεπισκόπου
1609 3332 1710 3402 τῆς
1734 3372 1748 3423 1

1759 3368 1777 3425 Ξ
1815 3342 2162 3399 nostrorum;
2195 3334 2367 3388 sancti
2416 3331 2593 3387 Patris
2640 3333 2808 3387 nostri
2844 3332 3067 3399 Nicolai,
3103 3334 3372 3402 archiepi-

133 3430 345 3493 Δυκίας
369 3428 464 3481 τοῦ
486 3424 917 3497 θαυματουργοῦ
943 3424 1038 3478 τοῦ
1060 3424 1213 3492 ἁγίου
1235 3424 1330 3477 καὶ
1361 3423 1569 3489 ἐνδόξου
1607 3439 1703 3493 με-

1752 3423 1773 3426 ’“
1807 3426 1952 3495 scopi
2010 3425 2171 3496 Myraz
2232 3427 2289 3481 in
2341 3426 2547 3498 Lycia,
2604 3425 2986 3482 miraculorum
3043 3429 3365 3495 patratoris;

134 3522 550 3593 γαλομάρτυρος
568 3517 832 3588 Γεωργίου
857 3516 949 3570 τοῦ
980 3515 1395 3587 τροπαιοφόρου-
1428 3513 1523 3567 τοῦ
1550 3514 1702 3582 ἁγίου

1806 3519 2003 3586 sancti,
2068 3518 2284 3590 gloriosi
2338 3527 2395 3574 et
2455 3519 2630 3589 magni
2685 3518 2937 3587 martyris
2990 3516 3202 3589 Georgii
3261 3530 3370 3573 tro-

134 3615 226 3670 τοῦ
277 3614 472 3677 δεῖνος,
516 3604 579 3665 οὗ
620 3610 714 3665 καὶ
758 3608 854 3682 τὴν
909 3610 1131 3680 μνήμην
1185 3606 1555 3678 ἐπιτελοῦμεν·
1596 3606 1704 3659 τῶν

1805 3624 1919 3678 paea
1941 3609 2267 3675 referentis;
2298 3610 2470 3665 sancti
2504 3609 2570 3663 N.
2602 3607 2755 3675 cujus
2778 3609 2987 3676 agimus
3021 3612 3366 3671 memoriam;

135 3709 308 3777 ἁγίων
359 3705 455 3761 καὶ
489 3703 713 3758 δικαίων
753 3701 1111 3774 Θεοπατόρων
1151 3700 1407 3770 ’Ῑλωακεὶμ
1440 3698 1535 3753 καὶ
1573 3699 1703 3751 Ἀνο

1806 3712 2115 3756 sanctorum
2150 3710 2206 3756 et
2242 3701 2509 3770 iustorum
2559 3698 2653 3753 Dei
2708 3707 2991 3768 parentum
3028 3697 3269 3754 Joachim
3315 3710 3368 3753 et

131 3815 251 3870 νης·

1805 3790 1992 3845 Annae.

204 3912 333 3965 121.
353 3909 540 3978 Neque
580 3910 678 3962 hoc
706 3907 1217 3978 pratermittemlnm
1240 3917 1343 3969 est,
1382 3908 1434 3961 in
1460 3919 1691 3978 utraque
1713 3920 1817 3961 oral

1749 3906 1992 3978 ratione,
2009 3907 2190 3978 statim
2214 3907 2470 3976 posthaec
2492 3906 2653 3978 verba
2695 3922 2711 3978 ς
2761 3905 3061 3978 Πρεσδείας
3091 3905 3187 3978 τῆς
3225 3923 3361 3959 παν-

129 3981 405 4053 αχράντου
453 3975 740 4053 δεσποίνης
769 3977 946 4053 Δἡμῶν
979 3977 1259 4053 Θεοτόκου-
1294 3978 1389 4031 καὶ
1430 3977 1742 4053 ἁειπαρθένι

1749 3994 1819 4053 μυ,
1860 3976 1995 4047 apud
2028 3977 2098 4053 8.Δ
2118 3975 2453 4053 Germanum
2499 3975 2646 4043 poni,
2688 3975 2914 4047 δυνάμει
2934 3975 3028 4029 τοῦ
3053 3975 3235 4053 τιμίου
3268 3978 3362 4053 καὶ

130 4046 399 4117 casamo-3
448 4046 706 4117 σταυροῦ,
732 4049 781 4102 id
812 4046 930 4110 est,
980 4066 998 4097 ι
1026 4049 1221 4102 virtute
1248 4049 1571 4103 honorandae
1603 4046 1657 4101 et
1680 4046 1905 4101 viviﬂctc
1954 4048 2149 4102 crucis.
2191 4066 2211 4099 ι
2248 4046 2455 4117 Reliqui
2488 4060 2617 4099 vero
2647 4046 3126 4117 supra’memorati
3166 4047 3364 4117 geniti-

129 4114 207 4184 vi,
246 4136 376 4172 cum
409 4118 508 4170 hac
555 4114 679 4171 voce
719 4117 1074 4187 προστασίαις
1114 4121 1225 4171 sive
1254 4137 1272 4168 ι
1313 4118 1647 4185 patrociniis,
1680 4136 1698 4170 ι
1732 4117 1926 4172 ibidem
1971 4117 2313 4186 copulantur.
2349 4114 2707 4187 Praetereas.
2760 4114 3013 4187 Germani
3066 4114 3362 4187 Acolutbia:

129 4182 252 4245 cum
286 4187 496 4259 Typiﬁco
522 4203 623 4259 non
648 4182 779 4259 satis
802 4188 1055 4259 convenit
1085 4188 1153 4241 de
1188 4182 1419 4259 vicibus,
1440 4187 1634 4259 quibus
1664 4203 1690 4239 a
1728 4189 1895 4240 choro
1922 4182 2205 4259 dicendum
2235 4194 2320 4239 est
2347 4184 2542 4255 Κύριε,
2596 4182 2839 4259 ελέησοψ
2866 4184 2983 4259 libi
3007 4184 3150 4239 enim
3182 4186 3232 4237 in
3257 4184 3360 4254 'l‘y-

126 4260 251 4325 pica
304 4251 565 4311 scribitur
600 4255 670 4318 λ’,
700 4256 816 4309 sive
877 4258 1145 4325 trigesies,
1202 4257 1272 4309 ibi
1313 4251 1549 4376 apud'S.
1578 4256 1901 4311 Germanum
1951 4256 2204 4309 scribitur
2236 4251 2448 4306 tantum
2474 4260 2543 4321 γ’,
2575 4254 2687 4307 sive
2711 4251 2828 4307 'ter.
2866 4251 3122 4309 Testatur
3177 4251 3354 4308 tamen

126 4328 366 4376 Gnarus-
400 4328 563 4376 etiam
588 4326 838 4376 antinuos
868 4328 1083 4376 cortices
1123 4326 1320 4376 habere
1380 4331 1413 4376 '.
1451 4325 1689 4376 Denique
1712 4325 1985 4376 monachi.
2034 4325 2101 4376 ab
2138 4324 2509 4376 eniscooorum
2543 4322 2914 4376 iurisdictione
2956 4325 3216 4376 exempti.
3248 4340 3353 4376 non

126 4328 366 4389 Gnarus,
400 4328 563 4379 etiam
588 4326 838 4393 antiquos
868 4328 1083 4379 cortices
1123 4326 1320 4379 habere
1350 4325 1413 4378 λ’.
1451 4325 1689 4393 Denique
1712 4325 1985 4386 monachi,
2034 4325 2101 4377 ab
2138 4325 2509 4391 episcoporum
2541 4325 2914 4393 iurisdictione
2956 4325 3216 4392 exempti,
3248 4340 3353 4377 non

130 4400 418 4451 nominant
447 4392 757 4461 episcopum
788 4395 838 4446 in
864 4410 1023 4455 prece
1056 4411 1203 4447 num.
1240 4394 1358 4456 H6.
1414 4392 1621 4462 posita,
1657 4396 1747 4447 sed
1804 4408 1959 4447 suum
2004 4394 2251 4447 abbatem
2301 4396 2415 4446 sive
2442 4392 2806 4461 praepositum.
2847 4396 2947 4449 hoc
3002 4394 3159 4448 modo
3192 4411 3206 4448 :
3236 4393 3357 4445 Ἔτι

126 4467 357 4538 δεόμεθα
385 4463 798 4538 ὑπὲρ-ἀφέσεως
814 4464 1109 4538 ἁμαρτιῷν
1130 4462 1227 4517 τοῦ
1257 4463 1554 4538 δούλουτου
1579 4462 1713 4517 Θεοῦ

1742 4462 1790 4516 ὁ.
1819 4463 2005 4527 δεῖνος.
2046 4482 2065 4513 ι
2092 4464 2526 4538 Adhncpramus
2550 4463 2816 4538 pro_venia
2837 4472 3188 4538 peccatorum
3214 4466 3355 4538 servi

130 4532 227 4591 Dei
262 4537 359 4597 Ν..
394 4556 413 4589 ι
448 4532 642 4603 quibus
679 4534 854 4586 verbis
874 4532 1161 4587 Ostendnnt
1186 4549 1343 4603 quam
1372 4535 1638 4589 submisse
1664 4538 1730 4589 de
1757 4548 1856 4589 suo
1885 4547 2082 4603 genere
2111 4532 2322 4587 vivendi
2346 4533 2599 4587 sentiant.
2632 4534 2806 4601 Atque
2836 4535 2949 4586 haec
2973 4542 3101 4587 sunt
3127 4547 3245 4601 quae
3269 4534 3355 4586 hic

127 4608 311 4673 paucis
336 4605 641 4660 adnotanda
670 4617 791 4657 esse
817 4604 1143 4657 existimavi.

206 4676 333 4729 122.
396 4674 548 4744 Nunc
614 4688 916 4744 εειιιεοιιιιιο
975 4674 1039 4725 aii
1080 4673 1429 4744 templum,
1494 4672 1728 4744 audituri
1813 4672 2048 4728 stichera
2121 4670 2277 4744 hujus
2340 4671 2467 4727 diei.
2567 4671 2707 4726 Sunt
2776 4677 2957 4725 autem
3024 4670 3113 4725 illa
3184 4687 3350 4724 ποοσ-

122 4745 283 4815 ὅμοια
304 4754 364 4799 et
401 4760 433 4797 a
464 4743 581 4797 Nilo
615 4740 956 4810 Xantlmpolo
985 4740 1300 4810 scripta,‘ut
1324 4743 1566 4797 indicant
1589 4741 1810 4796 Menam.

186 4834 366 4909 Ἦχος
395 4836 486 4890 πλ.
514 4843 581 4901 α’,
613 4837 745 4908 πρὸς
774 4835 997 4907 Χαίροις
1023 4836 1353 4905 ἀσκητικῶν.
1721 4844 1767 4899 υ

1721 4844 1767 4899 υ
1869 4835 2049 4894 Tomis
2074 4839 2183 4895 obl.
2220 4838 2275 4905 Ι,
2315 4839 2456 4892 sicut
2483 4835 2710 4908 Χαίροις
2735 4835 3064 4905 ἀπητικῶν.

187 4933 443 5003 Χαίροις,
484 4929 748 5000 ίεραρχῶν
777 4930 810 4999 ἠ
834 4929 1009 4999 τριὰς,
1036 4930 1134 4998 τῆς
1172 4928 1567 5000 Ἐκκλτισίαςτὰ
1598 4947 1693 5000 με-

1860 4927 2110 4995 Salvete,
2167 4929 2575 4985 hierarcharum
2622 4927 2792 4989 trias,
2840 4942 3031 4994 magna
3095 4924 3350 4981 Ecclesia:

121 5027 257 5093 γάλα
294 5020 634 5095 προπύργια,
661 5020 713 5073 οἱ
740 5020 918 5073 στῦλοι
939 5022 1039 5091 τῆς
1068 5021 1369 5085 εὐσεϐείας,
1400 5025 1428 5075 ὁ
1450 5022 1560 5075 τῶν
1601 5040 1691 5075 πι-

1787 5020 2188 5091 propugnacula
2214 5058 2229 5084 ,
2270 5018 2534 5074 columna:
2590 5017 2806 5086 pietatis
2834 5056 2849 5080 ,
2878 5016 3114 5069 ﬁdelium
3165 5014 3349 5068 ﬁrma-

124 5117 257 5169 ςτῶν
276 5112 570 5186 ὲδρασμὸς,
595 5108 701 5164 τῶν
722 5111 1143 5184 αἱρετιζόντωνή
1173 5114 1539 5180 κατάπτωσις,
1559 5117 1602 5167 Χ
1609 5133 1692 5185 ρι-

1787 5124 2049 5176 mentum,
2091 5110 2469 5166 haereticorum
2498 5110 2693 5174 ruina;
2742 5107 2944 5163 divinis
2993 5106 3345 5161 institutioni-

124 5209 242 5262 στοῦ
293 5209 348 5261 οἱ
392 5205 755 5277 ποιμάναντες
789 5203 879 5255 τὸν
924 5203 1051 5257 λαὸν
1079 5208 1187 5268 τοῖς
1220 5204 1383 5269 θείοις
1431 5206 1682 5275 δόγμασι,

1786 5206 1886 5261 bus
1919 5213 2207 5275 pascentes
2226 5204 2592 5259 Christianum
2625 5202 2904 5272 populum,
2929 5214 3158 5269 eumque
3180 5202 3343 5253 variis

118 5302 205 5353 καὶ
244 5301 373 5361 ταῖς
414 5276 685 5357 ποικίλαις
725 5296 943 5365 ἀρεταῖς
980 5296 1029 5347 οἱ
1064 5294 1444 5366 ἐκθρέψαντες,
1494 5297 1544 5350 οί
1586 5300 1685 5368 τῆς

1782 5276 2087 5351 nutrientes
2149 5293 2485 5361 virtutibus;
2539 5293 2737 5348 excelsi
2790 5292 2977 5362 gratia:
3024 5306 3342 5359 pracones,

119 5392 335 5461 χάριτος
390 5386 700 5457 διαπρύσιοι
746 5387 1005 5458 κήρυκες,
1064 5387 1261 5458 νόμους
1308 5390 1357 5440 oi
1420 5389 1683 5459 προεκθέ-

1782 5386 2107 5454 interpretes
2141 5384 2319 5454 legum
2351 5384 2405 5436 in
2447 5382 2777 5451 plenitudine
2808 5379 3029 5465 Christi,
3058 5380 3124 5433 ad
3156 5394 3346 5449 super-

118 5495 263 5547 μενοι
308 5474 552 5547 Χριστοῦ
605 5473 683 5544 τῷ
742 5474 1086 5545 πληρώματι,
1138 5476 1186 5528 oi
1235 5475 1418 5545 ὁδηγοὶ
1453 5476 1587 5546 πρὸς
1620 5478 1687 5531 τὰ

1784 5492 1851 5529 na
1894 5478 2146 5531 ductores
2179 5515 2194 5540 ,
2252 5476 2484 5545 paradisi
2543 5475 3004 5527 introituszorate
3042 5470 3339 5536 Christum,

118 5570 241 5633 ἁνω,
274 5568 376 5621 τοῦ
406 5565 732 5637 παραδείσου
761 5568 815 5619 αἱ
842 5565 1055 5619 εἴσοδον
1080 5568 1309 5639 Χριστὸν
1332 5569 1685 5639 καταπέμψαι

1786 5578 1846 5621 ut
1895 5583 2145 5638 magnam
2174 5569 2452 5623 animabus
2499 5566 2697 5622 nostris
2731 5565 2989 5634 largiatur
3037 5561 3340 5618 misericor-

116 5665 224 5723 ταῖς
242 5660 445 5730 ψυχαῖς
477 5657 635 5728 ἡμῶν
657 5658 850 5711 αἰτεῖτε
886 5658 945 5710 τὸ
970 5658 1113 5728 μέγα
1142 5659 1307 5723 ἔλεος.
1786 5661 1951 5716 diam.

175 5752 384 5821 Στίχος.
403 5750 583 5802 Ὅσιοι
612 5749 974 5818 καυχήσονται
1003 5752 1060 5803 ὲν
1086 5750 1232 5822 δόξῃ.

1861 5752 2190 5806 Versiculos.
2228 5751 2583 5806 Exsultabnnt
2606 5748 2779 5803 sancti
2811 5747 2863 5799 in
2890 5743 3085 5813 gloria.

177 5843 416 5907 Χαίροις,
455 5839 728 5912 ἱεραρχῶν
762 5841 793 5910 ἡ
834 5840 1007 5911 τριὰς,
1060 5843 1507 5915 οὐρανοόἀμονες,
1554 5846 1672 5898 ἐπί-

1855 5843 1975 5897 125.
2035 5844 2284 5908 Salvete,
2352 5841 2758 5898 liicrarcharum
2832 5837 2980 5892 trias.
3034 5833 3339 5904 gradientes
