4066 6314
686 413 910 453 ςεςλιιν

2077 374 2618 438 PRDLEGOMENA.

696 525 749 577 iu
785 520 943 581 cmlo,
972 511 1175 569 terreni
1205 508 1399 581 angeli,
1439 505 1587 562 salus
1614 504 1821 569 mundi,
1859 502 2135 558 hominum
2172 502 2263 555 lae-

2371 516 2499 568 γειοι
2528 494 2766 566 ἄγγελοι,
2800 494 2891 548 τοῦ
2928 490 3131 562 κόσμου
3161 496 3192 564 ἡ
3239 494 3502 563 σωτηρία,
3532 495 3562 563 ἡ
3597 492 3707 546 τῶν
3733 489 3940 561 ἀνθρώ.

692 614 828 679 titia,
860 610 1106 663 doctores
1129 603 1296 670 orbis,
1319 609 1746 671 propugnatores
1775 596 1945 658 verbi,
1969 593 2124 663 periti
2155 608 2262 646 me-

691 706 797 761 dici
858 705 1167 757 morborum
1213 706 1323 751 tum
1376 692 1536 747 animi
1570 702 1680 744 tum
1716 688 1981 757 corporis,
2015 683 2253 752 Spiritus

694 798 947 869 perennia
986 791 1205 846 llumiua
1230 831 1243 852 ,
1273 785 1573 841 eruditione
1618 782 1925 836 universam
1978 788 2139 831 terra:
2183 776 2262 830 fa-

694 868 831 943 ciem
881 884 1192 940 inundantia
1220 919 1236 942 ,
1266 876 1497 946 theologi
1533 914 1549 935 .
1584 876 1743 929 bases
1765 914 1780 937 ,
1814 884 1979 925 aureo
2015 868 2261 937 insignes

694 985 947 1039 idiomate
975 1023 989 1045 ,
1022 975 1201 1032 divino
1248 972 1450 1042 Spiritu
1477 965 1639 1020 amati
1668 983 1683 1029 ;
1728 973 1881 1019 orate
1933 959 2210 1015 Christum
2243 994 2258 1021 ,

695 1088 750 1131 nt
779 1085 1025 1142 magnam
1054 1067 1333 1121 animabus
1373 1061 1570 1115 nostris
1627 1057 1885 1127 largiatur
1939 1051 2256 1107 misericor-

692 1171 859 1224 diam.

764 1256 1091 1314 Versiculus.
1145 1251 1464 1307 Sacerdotes
1524 1245 1639 1308 tui,
1707 1238 1974 1303 Domine,
2041 1234 2265 1290 induent

694 1351 973 1404 iustitiam.

687 1368 973 1420 pistulam.

764 1442 887 1498 124.
924 1438 1157 1498 Salvete,
1181 1430 1594 1488 hierarcharum
1654 1427 1806 1488 trias,
1850 1417 2126 1476 terrestris
2166 1419 2261 1469 tir-

695 1534 951 1593 mameuti
975 1531 1071 1591 sol,
1098 1527 1234 1582 raclii
1264 1568 1278 1591 ,
1308 1536 1363 1580 et
1390 1526 1455 1579 de
1486 1521 1711 1591 triplicis
1754 1515 1883 1571 solis
1912 1513 2121 1567 lumine
2173 1525 2263 1564 ac-

696 1644 869 1684 censa:
908 1625 1055 1680 faces
1082 1665 1096 1688 ,
1131 1621 1185 1675 in
1238 1616 1480 1673 obscuris
1540 1611 1871 1665 versantium
1911 1604 2259 1664 illuminatio,

692 1721 852 1775 ﬂores
886 1733 1051 1774 suave
1086 1716 1288 1769 olentes
1314 1752 1327 1774 ,
1357 1704 1717 1776 pulcherrima
1754 1698 1994 1769 paradisi
2030 1696 2265 1751 ammni-

697 1825 797 1874 tas.
823 1822 879 1866 tu
910 1809 1178 1874 Theologe
1204 1799 1452 1868 Gregori,
1479 1806 1532 1850 tu
1566 1793 1772 1849 erudite
1798 1790 1982 1867 Basili,
2016 1798 2069 1841 tu
2093 1786 2265 1856 Chry-

2365 608 2479 643 πων
2496 588 2659 660 χαρά,
2687 588 2778 639 καὶ
2809 588 2906 657 τῆς
2926 585 3248 656 οἰκουμένης
3289 585 3336 637 οἱ
3362 583 3675 639 διδάσκαλοι
3697 623 3715 648 ,
3740 582 3834 635 τοῦ
3864 583 3941 636 λό-

2364 699 2461 749 γου
2493 686 2540 735 οἱ
2573 680 2864 753 πρόμαχοι,
2902 677 3075 749 ίατρολ⁸
3092 677 3448 747 ἐπιστήμονες
3477 677 3585 729 τῶν
3614 676 3941 747 νοσημάτων

2363 772 2461 841 τῆς
2484 772 2663 842 ψυχῆς
2690 770 2783 823 καὶ
2822 768 2914 821 τοῦ
2961 768 3228 840 σώματος,
3250 770 3299 819 oi.
3341 767 3581 837 ἀείρροοι
3612 766 3851 839 ποταμοὶ
3890 765 3939 816 οῖ

2363 863 2456 917 τοῦ
2498 865 2833 935 ΙῙνεύματος,
2862 861 3042 930 λόγοις
3091 862 3140 915 oi
3190 860 3655 932 καταρδεύσαντες
3686 863 3790 936 τῆς
3840 860 3940 928 τῆς

2364 958 2508 1011 ἅπαν
2534 957 2847 1026 πρόσωπον,
2879 956 2927 1007 oi
2959 955 3217 1023 θεολόγοι,
3253 955 3307 1006 αἱ
3346 953 3550 1023 βάσεις,
3572 953 3623 1005 oi
3674 951 3940 1025 χρυσολό-

2364 1066 2469 1117 γοι,
2491 1048 2540 1099 οἱ
2558 1046 2747 1099 ἔνθεον
2788 1045 3019 1117 Χριστὸν
3046 1044 3394 1115 καταπέμψαι
3420 1048 3539 1108 ταῖς
3563 1045 3766 1114 ψυχαῖς
3784 1046 3940 1117 ἡμῶν

2363 1139 2563 1191 αἰτεῖτε
2587 1136 2644 1189 τὸ
2677 1138 2817 1207 μέγα
2837 1137 2999 1200 ἔλεος.

2436 1229 2640 1299 Στίχος.
2697 1231 2759 1282 Οί
2807 1230 2967 1301 ἱερεῖς
3014 1245 3131 1293 σου,
3166 1230 3357 1301 Κύριε,
3398 1228 3704 1283 ἐνδύσονται
3736 1229 3943 1282 δικαιο-

2367 1322 2549 1393 σύνην.

2432 1415 2676 1487 Χαίροις,
2727 1415 2995 1486 ίεραρχῶν
3033 1416 3065 1485 ἡ
3110 1411 3287 1484 τριὰς,
3313 1412 3406 1466 τοῦ
3428 1411 3670 1481 ἐπιγείου
3702 1415 3940 1487 στερεώο

2371 1524 2535 1578 ματος
2556 1508 2727 1576 ἣλιος,
2762 1507 3003 1570 ἀκτῖνες,
3045 1506 3137 1559 καὶ
3164 1503 3436 1575 δᾳδουχίαι
3464 1508 3527 1557 ὲκ
3547 1503 3825 1575 τρισηλίου
3850 1508 3942 1557 αὖ·

2366 1598 2491 1666 γῆς,
2542 1598 2649 1650 τῶν
2688 1597 3087 1664 ἐσκοτισμένων
3140 1596 3172 1666 ἡ
3215 1592 3526 1662 ἀνάϐλεψις,
3576 1592 3645 1644 τά
3682 1592 3821 1663 ἄνθη
3876 1596 3943 1647 τὰ

2367 1689 2597 1757 εὔοσμα,
2646 1688 2740 1744 τοῦ
2790 1688 3115 1758 παραδείσου
3157 1686 3227 1740 τὰ
3282 1685 3562 1747 κάλλιστα,
3622 1688 3650 1738 6
3695 1684 3943 1752 θεολόγος

2369 1781 2689 1856 Γρηγόριος,
2728 1784 2755 1836 6
2790 1779 2951 1849 σοφός
2996 1798 3055 1833 τε
3112 1780 3409 1845 Βασίλειος,
3460 1779 3488 1832 ό
3535 1777 3944 1848 Χρυσόστομικ,

694 1917 951 1966 sos-tome,
985 1899 1220 1968 Spiritus
1250 1890 1443 1946 tabulae
1470 1904 1499 1943 a
1554 1888 1660 1942 Deo
1714 1866 1951 1941 exaratis
1978 1921 1994 1946 ,
2029 1880 2261 1935 distenta

2371 1872 2433 1927 τά
2470 1872 2635 1939 πυξία
2683 1873 2775 1927 τοῦ
2823 1870 3156 1954 Πνεύματος,
3211 1871 3415 1934 πλάκες
3467 1872 3520 1924 αἱ
3562 1868 3943 1942 θεοχάρακτοι,

695 1996 881 2051 salutis
926 1994 1063 2047 lacte
1096 1989 1282 2051 ubera,
1322 1990 1638 2037 ornamenta
1672 1977 1995 2047 sapientiae;
2042 1974 2263 2030 Christo

696 2088 1022 2158 supplicate,
1077 2090 1134 2134 ιιι
1186 2070 1435 2147 magnam
1475 2072 1631 2128 nobis
1690 2070 1893 2124 tribuat
1954 2068 2265 2121 misericor-

693 2183 859 2234 diam.

859 2269 1056 2324 Gloria.
1754 2254 1933 2309 Tonus
1960 2252 2121 2306 idem.

767 2362 891 2419 ηδ.
924 2361 1193 2415 Canamus
1229 2354 1410 2419 tubis,
1458 2351 1811 2421 tripudiemus
1856 2356 1915 2401 ut
1966 2344 2141 2399 facere
2196 2340 2269 2396 fe-

696 2468 781 2513 sto
811 2456 897 2511 die
929 2452 1200 2513 convenit,
1229 2457 1283 2501 et
1311 2446 1608 2516 gestiamus
1633 2439 1841 2503 laztitia,
1875 2449 2021 2492 cmtu
2050 2436 2264 2507 publico

699 2550 751 2603 in
802 2555 1112 2602 nostrorum
1142 2539 1369 2611 gratiam
1405 2534 1688 2610 doctorum
1723 2538 1936 2584 c0acto.
1971 2528 2144 2599 Reges
2202 2542 2265 2580 ac

700 2639 974 2710 principes
1021 2638 1394 2691 concurrant,
1430 2637 1488 2681 et
1544 2624 1863 2679 hierarchas
1914 2637 2033 2676 cum
2077 2621 2266 2688 plausu

704 2731 1002 2801 excipiant,
1031 2741 1135 2782 non
1165 2738 1321 2779 secus
1349 2737 1411 2776 ac
1466 2730 1573 2774 tres
1610 2718 1903 2771 immensos
1932 2711 2121 2765 ﬂuvios
2172 2712 2270 2762 do-

698 2832 980 2895 gmatum;
1040 2828 1151 2873 tres
1211 2816 1511 2871 Calirrhoaa
1569 2808 1704 2866 fonti
1738 2807 1941 2864 similes
1978 2844 1995 2870 ,
2031 2801 2269 2873 Spiritus

696 2928 892 2985 aquam
918 2910 1096 2965 vivam
1134 2909 1185 2960 in
1217 2916 1535 2976 perpetuum
1596 2902 1907 2955 fundentes.
1944 2897 1988 2952 Ο
2026 2905 2269 2965 pastores

698 3022 763 3060 ac
790 3001 1056 3073 magistri,
1098 3015 1201 3052 una
1234 2997 1574 3051 celebremus
1612 3002 1723 3045 tres
1764 2993 2052 3045 adoranda:
2079 2986 2261 3042 Triui-

702 3098 828 3151 tatis
856 3096 1180 3164 interpretes
1205 3109 1217 3144 :
1252 3087 1569 3159 philosophi,
1590 3086 1959 3149 utsapientes;
1994 3082 2271 3150 presbyte-

2375 1963 2533 2036 μαζοὶ
2573 1965 2621 2016 οἱ
2656 1962 3013 2026 ἐκϐλύζοντες
3044 1961 3142 2030 τῆς
3171 1962 3440 2031 σωτηρίας
3468 1961 3527 2014 τὸ
3556 1960 3718 2029 γάλα,
3764 1960 3825 2013 τὺ
3850 1960 3943 2029 τῆς

2373 2056 2564 2125 σοφίας
2599 2056 2661 2110 τὸ
2681 2055 2972 2125 ἁγλάῖσμα’
3011 2052 3241 2124 Χριστὸν
3273 2052 3569 2104 δυσωπεῖτε
3599 2056 3721 2115 ταῖς
3748 2053 3944 2121 ψυχαῖς

2371 2147 2527 2220 ἡμῶν
2542 2148 2760 2219 δοθῆναι
2789 2149 2849 2201 τὺ
2877 2148 3017 2218 μέγα
3046 2145 3211 2209 ἔλεος.

2532 2238 2688 2303 Δόξα.
3364 2228 3537 2305 Ἦχος
3556 2235 3585 2287 ό
3615 2233 3807 2296 αὑτός.

2438 2328 2797 2401 Σαλπίσωμεν
2852 2333 2907 2383 ἐν
2963 2330 3218 2398 σάλπιγγι
3272 2328 3551 2401 ᾀσμάτων,
3593 2326 3944 2397 χορεύσωμεν

2372 2424 2577 2495 ἐόρτια,
2618 2422 2713 2476 καὶ
2744 2422 3128 2492 σκιρτήσωμεν
3155 2420 3513 2490 ἀγαλλόμενοι
3558 2421 3613 2471 ἐν
3641 2422 3707 2488 τῇ
3743 2416 3943 2487 πανδή-

2375 2533 2461 2586 μῳ
2490 2512 2795 2587 πανηγύρει
2834 2512 2940 2567 τῶν
2973 2512 3307 2565 διδασκάλων
3345 2512 3517 2582 ἡμῶν.
3566 2508 3822 2573 Βασιλεῖς
3858 2512 3943 2563 καὶ

2371 2608 2629 2678 ἄρχοντες
2662 2605 3118 2677 συντρεχέτωσαν,
3150 2605 3241 2657 καὶ
3269 2605 3395 2667 τοὺς
3446 2602 3703 2674 ίεράρχας
3756 2604 3937 2675 κροτή.

2369 2714 2555 2751 τωσαν
2594 2698 2651 2750 ἐν
2679 2696 2885 2767 ὕμνοις,
2914 2696 2987 2759 ὠς
3019 2696 3301 2767 δογμάτων
3336 2695 3632 2766 βλύσαντας
3669 2698 3944 2767 ποταμοὺς

2364 2789 2787 2869 ὑπερμεγέθεις,
2823 2791 2971 2861 τρεῖς
3009 2789 3330 2862 καλλιρρόας
3355 2789 3614 2855 saxeos;
3650 2790 3747 2844 τοῦ
3780 2790 3919 2845 Πνεύ

2376 2899 2563 2953 ματος.
2618 2882 2881 2953 Ποιμένες
2929 2882 3024 2935 καὶ
3064 2882 3391 2944 διδάσκαλοι,
3435 2882 3560 2946 τοὺς
3604 2885 3706 2954 τῆς
3750 2881 3943 2950 σεπτῆς

2373 2973 2600 3046 Τριάδος
2648 2976 2902 3045 τρισσοὺς
2938 2973 3267 3044 ἱερομύστας
3318 2973 3657 3036 συνελθόντες
3699 2972 3921 3041 εὐφημὴ

2376 3084 2573 3137 σωμεν.
2620 3069 2683 3119 Οί
2718 3067 2994 3136 φιλόσοφοι
3024 3069 3149 3129 τοὺς
3170 3066 3388 3133 σοφοὺς,
3412 3068 3459 3118 oi
3489 3067 3649 3133 ἱερεῖς
3676 3064 3805 3125 τοὺς
3837 3079 3943 3115 ποι-

700 3192 769 3254 ri,
796 3198 853 3242 ut
886 3196 1169 3257 pastores;
1203 3190 1538 3253 peccatores,
1574 3188 1631 3231 ut
1655 3187 1948 3247 patronos;
1973 3187 2260 3243 pauperes,

2376 3157 2564 3225 μένας,
2596 3160 2641 3209 οἱ
2667 3157 2979 3227 ἁμαρτωλοὶ
2999 3157 3123 3218 τοὺς
3149 3155 3479 3225 προστάτας,
3502 3154 3549 3205 οἱ
3572 3152 3807 3222 πένητες
3828 3152 3944 3204 τοὺς

697 3290 756 3334 ιιι
786 3277 1234 3345 locupletatores;
1263 3271 1468 3336 alllicti,
1494 3280 1551 3324 ut
1576 3267 1976 3330 consolatores;
2003 3264 2265 3327 viatores,

700 3380 758 3423 ut
790 3369 1053 3431 comites;
1112 3364 1427 3431 navigantes
1454 3404 1469 3427 ,
1504 3372 1557 3414 ut
1610 3362 2034 3430 gubernatores;
2076 3356 2265 3425 reliqui

695 3477 907 3519 omnes.
944 3468 1001 3513 ut
1025 3457 1220 3527 ubique
1250 3454 1304 3509 et
1341 3457 1391 3509 in
1426 3451 1618 3522 quavis
1649 3453 1976 3505 necessitate
2008 3452 2264 3504 ardenter

694 3560 1157 3624 prxoccupautes.
1198 3548 1263 3602 Et
1291 3548 1416 3602 dum
1462 3543 1704 3598 laudibus
1747 3542 1961 3595 divinos
1989 3542 2107 3595 illos
2139 3540 2273 3594 elle-

696 3645 870 3699 rimus
927 3642 1235 3701 antistites,
1288 3631 1862 3689 dicamuszboctores
1918 3628 2267 3691 sanctissimi,

692 3742 969 3789 [maturate
998 3731 1208 3798 eripere
1237 3727 1418 3781 ﬁdeles
1463 3741 1529 3779 ex
1553 3723 1773 3791 hujusce
1798 3722 1920 3775 vita:
1959 3718 2263 3775 oll‘endicu-

700 3829 789 3891 lis,
828 3836 883 3881 et
906 3840 1003 3879 nos
1040 3822 1255 3878 atternis
1287 3820 1515 3874 liberare
1538 3815 1815 3870 aerumnis.

772 3920 835 3974 Et
894 3933 1056 3973 ιιιιιιο.
1114 3913 1370 3969 Germani
1441 3906 1757 3978 patriarchas
1813 3901 2143 3957 Theotocion
2196 3900 2271 3955 si-

699 4011 847 4065 mile.
907 4002 915 4009 ’

771 4100 889 4155 126.
951 4100 1220 4152 Canamus
1278 4095 1470 4157 tubis,
1521 4092 1644 4163 quia
1718 4089 1919 4159 Regina
1993 4089 2269 4147 omnium,

698 4204 873 4249 mater
901 4189 1086 4257 Virgo,
1116 4187 1372 4243 benevola
1405 4195 1519 4249 est,
1556 4193 1610 4236 et
1656 4179 2119 4235 benedictionibus
2174 4191 2268 4230 co-

2372 3247 2714 3311 πλουτιστὰς,
2732 3249 2781 3299 oi
2798 3250 2856 3299 ἐν
2884 3246 3092 3315 θλίψεσι
3108 3247 3231 3308 τοὺς
3247 3242 3722 3315 παραμυθοῦντας,
3750 3244 3801 3296 οἱ
3818 3243 3927 3297 όδοι

2372 3335 2528 3407 πόροι
2567 3337 2694 3399 τοὺς
2728 3334 3001 3397 συνοδίτας
3024 3374 3039 3397 ,
3074 3334 3123 3387 oi
3164 3337 3220 3387 ἐν
3254 3332 3497 3407 θαλάσσῃ
3526 3333 3651 3397 τοὺς
3683 3332 3953 3404 κυϐερνή-

2372 3445 2490 3492 τας,
2527 3430 2575 3481 οἱ
2603 3428 2803 3492 πάντες
2832 3427 2958 3490 τοὺς
2977 3426 3249 3496 πανταχοῦ
3271 3424 3487 3496 θερμῶς
3516 3424 3946 3497 προφθάνοντας

2374 3522 2551 3586 θείους
2580 3521 2948 3594 ἀρχιεράρχας
2996 3519 3433 3591 ἐγκωμιάζοντες
3480 3516 3651 3579 οὕτως
3683 3518 3945 3587 εἴπωμενι

2374 3618 2635 3684 Πανάγιοι
2684 3615 3011 3677 διδάσκαλοι,
3044 3613 3309 3667 σπεύσατε
3338 3610 3540 3675 ἐξελεῖν
3573 3610 3697 3672 τοὺς
3721 3608 3950 3669 πιστοὺς

2372 3708 2435 3757 ἑκ
2469 3706 2577 3757 τῶν
2599 3705 2691 3758 τοῦ
2728 3705 2842 3773 βίου
2880 3704 3211 3766 σκανδάλων,
3235 3702 3328 3755 καὶ
3353 3700 3515 3773 ῥῦσαι
3550 3699 3828 3753 κολάσεων
3842 3698 3950 3752 τῶν

2372 3796 2603 3850 αἰωνίων
2634 3798 2801 3868 ἡμᾶς.

2445 3889 2553 3943 Καὶ
2593 3888 2710 3942 νῦν.
2757 3887 3039 3960 Γερμανοῦ
3067 3887 3402 3959 πατριάρχου
3436 3886 3722 3940 Θεοτόκιον
3741 3879 3944 3957 ὅμοιον.

2446 4093 2802 4166 Σαλπίσωμεν
2853 4090 2914 4146 ἐν
2967 4089 3228 4158 σάλπιγγι
3290 4087 3569 4160 ᾀσμάτωνο
3618 4083 3946 4157 προκύψασα

2373 4185 2481 4255 γὰρ
2526 4187 2559 4254 ὴ
2598 4181 2950 4236 παντάνασσα
2996 4177 3457 4251 Μητροπάρθενος
3495 4179 3613 4239 ταῖς
3674 4174 3947 4241 εὐλογίαις

697 4294 856 4340 ronat
881 4283 1187 4337 laudatores
1211 4293 1359 4333 suos.
1406 4274 1584 4344 Reges
1631 4287 1695 4328 ac
1742 4270 2015 4341 principes
2044 4282 2274 4322 concur-

2376 4274 2702 4343 καταστέφει
2747 4273 2875 4336 τοὺς
2907 4268 3284 4339 εὐφημοῦντας
3329 4267 3521 4339 αὑτήν.
3557 4266 3811 4327 Βασιλεῖς
3859 4265 3946 4315 καὶ

696 4389 844 4442 rant,
888 4385 1052 4446 atque
1084 4372 1319 4429 excitato
1372 4368 1563 4437 plausu
1616 4368 1942 4433 venerentur
1992 4360 2257 4428 reginam,

699 4485 820 4540 qua:
845 4465 1055 4537 peperit
1077 4476 1280 4533 regem.
1313 4457 1648 4528 gaudentem
1686 4466 1716 4506 a
1751 4459 1930 4506 morte
1966 4449 2135 4501 victos
2176 4446 2268 4498 be-

2373 4366 2630 4435 άρχοντες
2678 4360 3143 4433 ωντρεχέτωσαν.
3190 4360 3285 4413 καὶ
3322 4359 3418 4429 τὴν
3459 4356 3707 4427 βασιλίδα
3753 4354 3947 4425 κροτή-

2372 4468 2553 4506 τωσαν
2584 4453 2640 4504 ἐν
2672 4450 2879 4521 ὕμνοις,
2913 4448 3140 4518 βασιλέα
3167 4446 3400 4511 τέξασαν
3422 4447 3546 4509 τοὺς
3577 4445 3795 4514 θανάτῳ
3823 4460 3947 4513 κραο

698 4530 861 4631 ιῖὶειιέ
882 4530 1111 4613 solvere.
1145 4530 1403 4608 i’astores
1435 4562 1498 4602 ac
1538 4544 1780 4616 magistri
1807 4583 1822 4607 ,
1860 4541 2103 4595 Pastoris
2136 4538 2263 4591 boni

2372 4542 2663 4613 τουμένους
2696 4540 2825 4612 πρὶν
2847 4538 3116 4593 ἀπολῦσαι
3141 4536 3331 4609 φιλανθ
3342 4534 3536 4607 ρώπως
3553 4535 3940 4605 εὐδοκήσαντα.

698 4649 1097 4707 sanctissimam
1124 4643 1469 4716 ,genitricem
1499 4655 1609 4694 una
1656 4635 1951 4691 efferamus
1986 4631 2256 4685 laudibus.

696 4741 1090 4799 Candelabrum
1118 4750 1368 4797 aureum,
1412 4731 1800 4787 illuminantem
1828 4724 2048 4787 nubem,
2082 4721 2263 4776 excel-

698 4837 900 4891 siorem
951 4827 1277 4893 cherubim,
1324 4824 1622 4878 animatam
1688 4832 1894 4880 arcam,
1951 4812 2261 4882 speciosum

697 4922 963 4980 Altissimi
994 4918 1217 4980 solium,
1242 4928 1439 4969 urnam
1471 4924 1690 4966 auream
1721 4905 2067 4976 receptricem
2106 4916 2262 4956 man-

698 5033 802 5080 naa,
832 5014 1049 5069 vitalem
1080 5009 1242 5065 Verbi
1268 5005 1526 5069 tabulam,
1556 5002 1799 5058 omnium
1824 4998 2261 5054 Christianorum

694 5106 1001 5177 perfugium
1058 5120 1215 5159 sacro
1273 5085 1611 5158 celebrantes
1647 5094 1931 5155 carmine,
1972 5090 2051 5145 sic
2104 5087 2257 5141 dica-

698 5213 820 5253 mus
845 5214 859 5251 :
892 5196 1157 5250 Palatium
1190 5193 1373 5257 Verbi,
1404 5207 1503 5247 nos
1528 5186 1763 5244 humiles
1792 5183 2065 5239 caalorum
2095 5192 2259 5247 regno

699 5292 945 5356 dignare,
981 5298 1201 5351 nonest
1224 5288 1365 5340 enim
1395 5284 1712 5354 quidquam,
1763 5276 1907 5345 quod
1945 5284 1996 5329 te
2026 5273 2267 5327 interce~

697 5385 859 5438 dente
890 5382 1002 5436 (ieri
1031 5397 1133 5435 non
1160 5378 1377 5449 possit!

2371 4631 2636 4701 Ποιμένες
2694 4630 2787 4682 καὶ
2835 4627 3167 4693 διδάσκαλοι,
3225 4628 3321 4697 τὴν
3355 4624 3445 4679 τοῦ
3484 4622 3647 4676 καλοῦ
3691 4622 3943 4692 ποιμένος

2374 4723 2671 4794 ύπεράγιον
2716 4720 2946 4791 Μητέρα
2992 4718 3335 4781 συνελθόντες
3364 4716 3794 4786 εύφημήσωμενο
3846 4713 3943 4783 τὴν

2372 4815 2592 4885 λυχνίαν
2622 4812 2722 4883 τὴν
2760 4814 3064 4882 χρυσαυγῆ,
3101 4811 3198 4882 τὴν
3225 4806 3537 4878 φωτοφόρον
3570 4803 3821 4875 νεφέλην,
3847 4803 3943 4872 τὴν

2371 4908 2479 4962 τῶν
2513 4906 2774 4979 χερουϐὶμ
2817 4903 3147 4975 ὑπερτέραν,
3180 4901 3278 4970 τὴν
3315 4898 3551 4969 ἔμψυχον
3574 4895 3827 4958 κιϐωτὸν,
3856 4894 3943 4946 τὸν

2377 5000 2711 5072 περίμορφον
2753 4996 2848 5050 τοῦ
2890 4995 3162 5049 Δεσπότου
3213 4992 3419 5064 θρόνον,
3458 4990 3557 5060 τὴν
3612 4987 3940 5057 μανναδόχον

2375 5092 2608 5163 χρυσέαν
2646 5089 2901 5159 στάμνον,
2938 5088 3034 5158 τὴν
3064 5084 3342 5156 ζωηφόρον
3376 5081 3469 5135 τοῦ
3508 5079 3681 5147 Λόγου
3740 5077 3935 5137 πλάκα,

2379 5184 2631 5238 ἁπάντων
2672 5182 2777 5234 τῶν
2822 5176 3163 5251 Χριστιανῶν
3212 5175 3272 5228 τὸ
3328 5170 3686 5241 καταφύγιον,
3740 5168 3938 5239 ᾄσματι

2379 5277 2663 5348 θεηγόροις
2687 5269 3139 5342 ἐγκωμιάζοντες,
3173 5264 3345 5327 οὕτως
3387 5265 3647 5330 εἴπωμεν·
3680 5258 3937 5310 Παλάτιον

2376 5368 2469 5423 τοῦ
2503 5368 2697 5435 Λόγου,
2727 5364 2953 5429 ἀξίωσον
2996 5360 3123 5423 τοὺς
3154 5355 3441 5417 ταπεινοὺς
3482 5354 3626 5423 ἡμᾶς
3656 5352 3755 5419 τῆς
3783 5348 3937 5418 ούρασ

2379 5461 2485 5516 νῶν
2542 5456 2833 5528 βασιλείας·
2895 5453 3049 5506 οὐδὲν
3098 5450 3205 5519 γὰο
3256 5448 3515 5501 ἀδύνατον
3578 5444 3642 5511 τῇ
3699 5436 3938 5512 μεσιτείᾳ

2379 5570 2495 5606 σου.

1559 5646 1677 5701 127.
1706 5644 1903 5701 lterum
1938 5643 2295 5715 repetendum
2331 5652 2414 5699 est
2444 5641 2509 5694 ad
2545 5647 2852 5695 contextum
2882 5634 3094 5706 'l‘ypici.

774 5748 993 5811 Deinde,
1037 5748 1185 5800 Nunc
1227 5745 1490 5809 dimittis,
1536 5742 1857 5813 Trisagion,
1921 5739 2265 5795 sanctissima

698 5834 973 5909 Trinitas,
1053 5838 1210 5894 Pater
1287 5847 1487 5894 noster.
1561 5834 1841 5890 Exclamat
1910 5842 2087 5889 autem
2172 5846 2260 5886 sa-

2444 5731 2574 5789 Εἶτα
2594 5735 2674 5799 τὸ,
2732 5734 2847 5787 Νῦν
2876 5730 3152 5792 ἀπολύεις,
3192 5728 3252 5780 τὸ
3300 5724 3577 5797 τρισάγιον
3634 5722 3716 5785 τὸ,
3770 5734 3934 5773 vcta-a-

2375 5828 2466 5898 γία
2531 5826 2737 5893 Τριάς,
2805 5828 2900 5879 σὺν
2960 5822 3036 5893 τῷ
3098 5821 3275 5891 Πάτερ
3333 5816 3511 5888 ἡμῶν.
3581 5809 3845 5881 Ἐκφωνεῖ
3904 5808 3931 5861 6
