4066 6314
735 355 993 397 CCCXL?!"

2050 345 2583 406 PROLEGOMENA.

737 467 859 503 mur
891 461 963 517 te,
991 450 1144 504 mitte
1170 458 1222 504 et
1249 467 1391 506 nunc
1414 452 1672 509 auxilium
1698 462 1848 510 tuum
1876 470 2035 526 super
2052 468 2269 513 astante:

2397 479 2493 533 ραν
2528 462 2689 535 ζωὴν,
2714 463 2806 515 καὶ
2826 461 2920 515 νῦν
2946 461 3321 527 ἑξαπόστειλον
3342 464 3441 537 τὴν
3463 465 3718 538 βοήθειάν
3748 485 3843 522 σου
3862 469 3957 523 ἐπὶ

736 556 917 595 coram
952 541 1089 597 facie
1109 542 1291 611 gloriae
1326 554 1429 598 tua!
1459 585 1475 611 ,
1513 555 1569 599 ut
1598 546 1872 616 copiosam
1903 558 2019 602 a‘te
2064 552 2290 605 misera-

738 631 936 685 tionem
989 643 1367 703 exspectemus
1411 656 1424 690 :
1469 635 1640 706 iisque
1682 639 1773 693 tibi
1835 654 1957 693 cum
1993 640 2183 703 timore
2234 651 2290 696 et

736 720 1001 777 cbaritate
1037 724 1415 789 servientibus,
1455 726 1866 783 inenarrabilem
1904 739 2044 783 tuam
2080 730 2289 784 bonita-

736 822 843 866 tem
872 812 1098 869 laudare
1120 818 1373 872 concede.
1408 816 1543 884 Quia
1583 821 1833 876 convenit
1864 820 1958 876 tibi
1983 823 2157 877 omnis
2183 818 2289 892 glo-

735 902 837 966 ria,
870 901 1043 957 honor
1066 914 1119 959 et
1157 904 1403 961 adoratio
1433 947 1447 971 ,
1473 906 1618 963 Patri
1644 951 1661 975 ,
1688 918 1743 963 et
1774 909 1910 966 Filio
1934 952 1950 980 ,
1978 921 2034 966 et
2065 912 2284 980 Spiritui

734 1003 943 1060 santto,
973 1010 1114 1050 nunc
1166 1006 1219 1051 et
1262 1011 1494 1069 semper,
1526 1009 1582 1054 et
1617 1001 1671 1055 in
1710 1002 1906 1058 saecula
1942 1002 2277 1059 saeculorum.

728 1083 921 1139 Amen.

1320 1180 1575 1237 ORATIO
1627 1182 1687 1236 II.

805 1266 927 1320 “5.
985 1267 1059 1321 De
1114 1279 1270 1324 nocte
1320 1283 1502 1327 noster
1547 1275 1764 1343 spiritus
1834 1277 1898 1328 ad
1962 1284 2013 1331 te
2060 1277 2286 1347 vigilat,

734 1354 872 1412 Dens
904 1372 1103 1423 noster,
1152 1362 1276 1431 quia
1305 1376 1570 1433 praecepta
1621 1375 1708 1420 tua
1740 1366 1919 1422 lumen
1960 1377 2091 1423 sunt
2128 1384 2285 1438 super

731 1460 947 1506 terram.
974 1450 1115 1508 Doce
1141 1468 1240 1509 nos
1268 1455 1535 1525 justitiam
1568 1466 1623 1510 et
1660 1461 2006 1513 sanctitatem
2041 1461 2097 1514 in
2129 1461 2283 1514 timo-

727 1553 787 1593 re
819 1540 1098 1610 perﬁcere.
1121 1541 1196 1597 Te
1218 1545 1361 1599 enim
1390 1554 1447 1597 ut
1478 1555 1723 1601 nostrum
1749 1562 1933 1602 verum
1962 1547 2129 1602 Deum
2152 1549 2286 1602 colt-

729 1646 865 1685 mus.
884 1629 1085 1687 lnclina
1118 1649 1304 1690 aurem
1332 1646 1499 1701 tuam,
1517 1646 1573 1691 et
1600 1637 1722 1691 audi
1748 1652 1878 1699 nos;
1909 1648 1961 1693 et
1985 1647 2281 1702 memento,

725 1719 970 1787 Domine,
993 1725 1363 1792 prmsentium,
1391 1740 1687 1796 eorumque
1707 1730 2151 1800 nominatim,qui
2175 1747 2278 1785 una

723 1810 1005 1866 nobiscum
1030 1826 1464 1884 comprecantur,
1499 1828 1553 1872 et
1579 1819 1777 1871 virtute
1828 1828 1916 1873 tua
1965 1836 2061 1875 eos
2103 1822 2279 1876 salvos

721 1898 831 1957 fac.
879 1899 1112 1958 Benedic
1142 1905 1394 1974 populum
1431 1918 1611 1974 tuum,
1646 1917 1699 1963 et
1726 1910 2097 1967 haereditatem
2134 1922 2278 1967 tuam

724 1992 1037 2057 sanctiﬁca;
1075 1995 1190 2048 orbi
1240 2004 1362 2060 tuo,
1392 1996 1653 2053 Ecclesiis
1685 2000 1791 2055 tuis
1818 2040 1833 2064 ,
1877 2003 2274 2069 sacerdOtibus,

727 2079 1143 2150 imperatoribus
1164 2089 1385 2152 nostris,
1416 2099 1470 2142 et
1494 2099 1688 2145 cuncto
1717 2091 1914 2161 populo
1942 2107 2127 2161 pacem
2145 2110 2275 2151 con-

720 2174 872 2228 cede.
901 2173 1037 2241 Quia
1069 2177 1437 2245 benedictutn,
1478 2181 1796 2251 gloriosum,
1829 2186 2195 2242 venerandum
2221 2198 2275 2244 et

719 2266 1065 2335 magnificum
1114 2280 1197 2325 est
1223 2288 1417 2327 nomen
1448 2285 1617 2335 tuum.
1650 2275 1828 2331 Patris
1854 2318 1869 2342 ,
1916 2287 1965 2332 et
2000 2279 2125 2334 Filii
2154 2322 2168 2345 ,
2219 2293 2273 2338 et

719 2355 954 2428 Spiritus
981 2365 1176 2430 sancti,
1205 2382 1349 2421 nunc
1370 2378 1423 2421 et
1464 2383 1694 2437 semper,
1727 2380 1781 2421 et
1812 2370 1863 2424 in
1889 2374 2083 2429 saecula
2110 2391 2275 2431 saecu-

713 2448 908 2507 lorum.
943 2454 1116 2511 Amen

1293 2641 1551 2701 ORATIO
1598 2645 1687 2701 III.

791 2727 909 2781 M6.
971 2729 1046 2786 De
1096 2741 1255 2786 nocte
1316 2735 1541 2801 spiritus
1589 2747 1773 2793 noster
1829 2754 1894 2795 ao
1948 2751 1997 2796 te
2043 2744 2266 2813 vigilat,

714 2820 878 2886 Deus,
909 2822 1033 2892 quia
1071 2835 1336 2895 praecepta
1386 2837 1474 2881 tua
1530 2828 1709 2884 lumen
1766 2845 1912 2887 sunt.
1945 2835 2085 2890 Doce
2119 2853 2216 2891 nos
2248 2879 2263 2905 ,

2389 554 2516 617 τοὺς
2545 554 2782 618 ἑστῶτας
2807 555 2911 626 πρὸ
2926 554 3215 625 προσώπου
3233 554 3333 625 τῆς
3361 557 3517 625 άγίας
3541 558 3700 630 δόξης
3726 576 3842 625 σου,
3862 562 3959 614 καὶ

2390 645 2852 717 ἀπεκδεχομένους
2878 647 2938 701 ea
2970 648 3120 718 παρὰ
3146 647 3239 701 σοῦ
3268 647 3513 702 πλούσιον
3542 649 3709 713 ἕλεος·
3740 653 3835 704 καὶ
3865 652 3959 716 δὺς

2390 740 2593 803 αὐτοῖς,
2618 742 2752 811 μετά
2772 743 2934 811 φόϐου
2951 743 3044 796 καὶ
3067 742 3287 814 ἀγάπης
3303 742 3529 796 πάντοτέ
3556 761 3638 796 σοι
3663 742 3959 815 λατρεύον-

2388 847 2508 895 τας,
2544 833 2712 885 αἰνεῖν
2760 836 2859 906 τὴν
2884 835 3268 907 άνεκδιήγητόν
3313 852 3406 888 σου
3454 833 3785 905 ἀγαθότητα.
3830 837 3956 889 Ὀτι

2389 922 2585 993 πρέπει
2609 939 2690 976 σοι
2722 925 2862 977 πᾶσα
2888 924 3032 993 δόξα,
3058 925 3190 997 τιμὴ
3213 926 3305 979 καὶ
3326 922 3709 996 προσκύνησις,
3733 923 3811 994 τῷ
3833 925 3952 977 Ila-

2386 1015 2498 1085 τρὶ,
2535 1014 2630 1068 καὶ
2656 1014 2733 1085 τῷ
2769 1015 2900 1086 Υἰῷ,
2933 1018 3026 1070 καὶ
3062 1018 3139 1088 τῷ
3190 1016 3330 1087 ἁγίῳ
3386 1014 3680 1085 Πνεύματι,
3720 1014 3817 1068 νῦν
3857 1018 3955 1069 καὶ

2386 1103 2492 1170 ἀεὶ,
2522 1105 2615 1157 καὶ
2638 1108 2717 1168 εἰς
2748 1108 2869 1169 τοὺς
2892 1106 3089 1171 αἰῶνας
3121 1108 3228 1161 τῶν
3252 1106 3478 1162 αἰώνων.
3521 1103 3707 1175 Ἇμήν.

3011 1199 3199 1253 ΕΥΧΗ
3234 1201 3311 1254 B’.

2468 1286 2562 1338 Ἐκ
2588 1286 2781 1350 νυκτὸς
2819 1286 3063 1359 ὀρθρίζει
3104 1288 3165 1341 τὸ
3194 1289 3408 1361 πνεῦμα
3446 1290 3602 1362 ἡμῶν
3646 1290 3781 1359 πρὸς
3810 1288 3891 1351 σὲ,
3923 1287 3953 1339 6

2387 1374 2517 1439 Θεὸς
2544 1377 2718 1447 ήμῶν,
2754 1378 2887 1431 διότι
2928 1377 3043 1449 φῶς
3070 1378 3139 1432 τὰ
3184 1380 3576 1452 προστάγματά
3605 1399 3696 1435 σου
3729 1381 3825 1433 ἐπὶ
3851 1380 3955 1448 τῆς

2385 1466 2505 1535 γῆς.
2537 1467 2887 1541 Δικαιοσύνην
2920 1470 3013 1523 καὶ
3034 1470 3303 1541 ἁγιασμδν
3334 1472 3596 1525 ἐπιτελεῖν
3622 1474 3675 1525 ὲν
3698 1472 3776 1543 τῷ
3797 1472 3953 1540 φόὸῳ

2389 1573 2479 1609 σου
2504 1558 2777 1613 συνέτισον
2802 1562 2834 1629 ἡ
2844 1564 2968 1632 μᾶς.
2995 1562 3061 1616 Σὲ
3097 1564 3206 1632 γάρ
3228 1561 3517 1633 δοξάζομεν
3540 1564 3629 1617 τὸν
3652 1564 3823 1626 δντως
3857 1561 3952 1614 δν-

2384 1667 2450 1703 τα
2495 1650 2626 1704 Θεὸν
2672 1653 2843 1722 ἡμῶν.
2895 1654 3083 1708 Κλῖνον
3121 1655 3181 1708 τὸ
3214 1650 3307 1719 οὖς
3356 1671 3467 1719 σου,
3496 1657 3589 1709 καὶ
3640 1656 3952 1711 ἐπάκουσον

2385 1741 2561 1812 ἡμῶνσ
2596 1744 2687 1795 καὶ
2719 1744 3002 1815 μνήσθητι,
3039 1745 3232 1817 Κύριε,
3262 1744 3369 1798 τῶν
3408 1745 3797 1815 συμπαρόντων
3853 1760 3952 1823 και

2390 1833 2797 1903 συνευχομένων
2824 1835 2956 1903 ἡμῖν
2987 1836 3200 1888 πάντων
3228 1835 3348 1888 κατ’
3398 1834 3586 1903 ὄνομα,
3630 1834 3724 1886 καὶ
3772 1833 3942 1885 σῶσον

2387 1923 2586 1987 αὐτοὺς
2618 1926 2683 1995 τῇ
2718 1923 2942 1993 δυνάμει
2971 1942 3083 1979 σου.
3112 1924 3412 1995 Εύλόγησον
3433 1922 3523 1979 τὸν
3546 1922 3669 1976 λαόν
3700 1938 3816 1985 σου,
3855 1922 3952 1973 καί

2385 2014 2610 2083 ἁγίασον
2655 2013 2752 2084 τὴν
2796 2004 3156 2083 κληρονομίαν
3210 2032 3326 2067 σου⁸
3377 2014 3594 2086 εἰρήνην
3636 2011 3715 2081 τῷ
3752 2010 3951 2080 κόσμῳ

2386 2120 2479 2156 σου
2509 2102 2772 2174 δὼρησαι,
2827 2104 2949 2165 ταῖς
3012 2102 3351 2173 Ἐκκλησίαις
3398 2120 3513 2166 σου,
3562 2104 3674 2164 τοῖς
3716 2098 3946 2167 ἱερεῦσι,

2381 2195 2492 2256 τοῖς
2520 2192 2828 2263 βασιλεῦσιν
2865 2192 3042 2262 ἡμῶν,
3082 2195 3173 2245 καὶ
3220 2194 3382 2247 παντὶ
3406 2192 3482 2265 τῷ
3514 2192 3626 2263 λαῷ
3667 2208 3781 2245 σου.
3822 2190 3949 2242 ’Ότι

2381 2284 2678 2354 ηύλόγηται
2717 2287 2810 2337 καὶ
2853 2283 3164 2344 δεδόξασται
3193 2284 3253 2336 τδ
3286 2285 3550 2353 πάντιμον
3576 2282 3668 2335 καὶ
3712 2281 3948 2352 μεγαλο-

2382 2376 2591 2446 πρεπὲς
2641 2375 2812 2446 ὄνομά
2845 2393 2959 2438 σου.
3000 2374 3093 2429 τοῦ
3142 2376 3373 2445 Πατρὸς,
3395 2376 3487 2429 καὶ
3516 2373 3607 2427 τοῦ
3633 2374 3786 2437 Υἱοῦ,
3846 2373 3948 2427 καὶ

2378 2464 2469 2519 τοῦ
2491 2466 2646 2535 ἁγίου
2676 2466 3009 2538 Πνεύματος,
3037 2466 3132 2520 νῦν
3164 2463 3259 2520 καὶ
3285 2465 3392 2531 ἀεὶ,
3424 2465 3519 2518 καὶ
3548 2465 3625 2527 εἰς
3652 2464 3777 2527 τοὺς
3808 2463 3945 2516 αἰῶ-

2378 2574 2472 2621 νας
2493 2558 2601 2611 τῶν
2631 2556 2861 2612 αἰώνων.
2906 2559 3095 2630 Ἀμήν.

3031 2649 3219 2705 ΕΥΧΗ
3241 2650 3315 2705 I".

2457 2741 2551 2795 Ἐκ
2594 2746 2784 2806 νυκτὸς
2832 2742 3073 2814 ὀρθρίςει
3112 2744 3172 2795 τὸ
3199 2741 3412 2811 πνεῦμα
3442 2738 3596 2812 ήμῶν
3629 2738 3766 2809 πρὸς
3801 2736 3884 2801 σὲ,
3913 2737 3944 2789 ὁ

2373 2831 2523 2895 Θεὸς,
2545 2831 2677 2884 διότι
2707 2832 2821 2901 φῶς
2860 2832 2930 2885 τά
2956 2832 3350 2903 προστάγματά
3372 2848 3486 2884 σου.
3519 2830 3738 2894 Δίδαξον
3767 2830 3938 2898 ἡμᾶς,

719 2910 875 2972 Deus,
900 2910 1164 2979 justitiam
1194 2923 1338 2967 tuam
1373 2954 1389 2979 ,
1427 2920 1679 2973 mandata
1717 2932 1829 2985 tua,
1856 2923 2267 2991 justiﬂcationes

2375 2922 2402 2972 ὁ
2433 2921 2585 2985 Θεὸς,
2612 2921 2710 2993 τὴν
2738 2922 3079 2993 δικαιοσύνην
3117 2940 3233 2987 σου,
3264 2922 3358 2975 καὶ
3407 2920 3502 2984 τὰς
3552 2919 3770 2982 ἐντολάς
3820 2936 3937 2983 σου,

716 3012 856 3055 tuas.
882 3001 1124 3057 lllumina
1148 3006 1406 3059 mentium
1441 3017 1746 3063 nostrarum
1781 3012 1988 3076 oculos,
2021 3028 2087 3067 ne
2126 3014 2268 3070 forte

2375 3013 2468 3065 καὶ
2498 3011 2568 3065 τὰ
2606 3012 2946 3085 δικαιώματά
2968 3032 3079 3067 σου.
3109 3014 3341 3067 Φώτισον
3362 3014 3486 3075 τοὺς
3500 3011 3808 3081 ὀφθαλμοὺς
3830 3010 3938 3063 τῶν

710 3094 766 3147 in
813 3094 1049 3163 peccatis
1104 3093 1172 3148 atI
1221 3108 1448 3151 mortem
1504 3099 1923 3159 obdormiamus.
1971 3104 2263 3177 Caliginem

2375 3102 2617 3157 διανοιῶν
2643 3105 2818 3175 ἡμῶν,
2857 3106 3066 3176 μήποτε
3093 3105 3423 3175 ύπνὼσωμεν
3451 3104 3508 3157 ὲν
3539 3102 3835 3205 ἁμαρτίαιῖ

710 3198 925 3238 omnem
950 3199 980 3238 a
1002 3186 1256 3241 cordibus
1286 3189 1486 3244 nostris
1514 3192 1758 3262 dispelle.
1787 3194 1971 3252 Praebe
1997 3202 2151 3255 nobis
2176 3200 2266 3269 ju-

2375 3192 2616 3248 θάνατον.
2661 3196 2954 3249 Ἀπέλασον
2998 3197 3172 3250 πάντα
3202 3197 3378 3265 ,ζόφον
3421 3194 3528 3249 ἀπὸ
3562 3194 3669 3248 τῶν
3693 3193 3935 3266 καρδιῶν

711 3274 875 3328 stitia
904 3274 1098 3338 solem,
1130 3287 1477 3347 nostramque
1497 3281 1665 3335 vitam
1697 3284 1764 3337 ab
1792 3287 1938 3339 omni
1972 3290 2269 3345 tentatione

2375 3286 2547 3355 ήμῶν.
2583 3286 2819 3357 Χάρισαι
2868 3289 3000 3357 ἡμῖν
3033 3288 3124 3340 τὸν
3156 3288 3253 3357 τῆς
3278 3284 3619 3353 δικαιοσύνης
3638 3283 3811 3354 ἥλιον,
3842 3282 3935 3338 καὶ

712 3364 939 3418 liberam
978 3364 1080 3420 sub
1104 3366 1279 3435 sigillo
1316 3370 1551 3438 Spiritus
1580 3375 1753 3427 sancti
1792 3377 1865 3426 tui
1923 3380 2149 3430 custodi.
2191 3380 2272 3432 Di-

712 3457 825 3525 rige
845 3471 1064 3526 gressus
1095 3469 1311 3515 nostros
1358 3462 1410 3515 in
1450 3463 1597 3518 viam
1623 3464 1793 3534 pacis.
1839 3464 1915 3519 Da
1940 3468 2097 3522 nobis
2122 3470 2271 3525 vide-

711 3561 771 3601 re
797 3546 1085 3602 diluculum
1128 3564 1184 3605 et
1213 3552 1355 3607 diem
1385 3555 1438 3608 in
1480 3556 1859 3623 exsultatione,
1920 3568 1976 3612 ut
2010 3567 2061 3613 te
2093 3569 2269 3614 matu-

710 3638 840 3693 tinis
868 3640 1303 3698 concelebremus
1332 3643 1596 3703 laudibus.
1614 3648 1748 3715 Quia
1779 3661 1866 3704 tua
1891 3660 1975 3705 est
2001 3654 2259 3721 potentia,

713 3740 769 3783 et
802 3738 949 3783 tuum
974 3742 1059 3786 est
1091 3749 1338 3803 regnum,
1363 3745 1418 3790 et
1444 3740 1616 3793 virtus
1652 3752 1705 3793 et
1744 3740 1937 3810 gloria,
1967 3740 2166 3807 Patris,
2214 3755 2268 3797 et

710 3820 856 3884 Filii,
886 3830 941 3875 et
965 3821 1197 3891 Spiritus
1222 3826 1418 3891 sancti,
1459 3843 1600 3884 nunc
1619 3840 1672 3885 et
1706 3846 1939 3903 semper,
1970 3846 2027 3889 et
2064 3834 2119 3889 iu
2172 3852 2269 3891 sa:-

710 3915 830 3967 cula
860 3914 1200 3971 seculorum.
1225 3918 1416 3976 Amen.

1290 4100 1545 4156 ORATIO
1594 4101 1681 4156 IV.

778 4187 903 4247 147.
944 4189 1169 4249 Domine
1215 4193 1377 4256 Deus.
1432 4205 1618 4250 sancte
1662 4205 1717 4249 et
1744 4195 2262 4263 incomprehensib.~

2376 3374 2778 3443 ἀνεπηρέαστον
2807 3376 2904 3444 τὴν
2921 3377 3061 3445 ζωὴν
3084 3374 3239 3444 ήμῶν
3253 3372 3573 3441 διαφύλαξω
3590 3374 3645 3425 ἐν
3672 3377 3738 3443 τῇ
3764 3391 3935 3444 σφρα-

2370 3464 2477 3531 γῖδι
2507 3464 2600 3517 τοῦ
2640 3466 2795 3534 ἁγίου
2828 3482 2918 3519 σου
2964 3467 3298 3536 Πνεύματος.
3333 3464 3671 3518 Κατεύθυνον
3712 3465 3782 3518 τά
3817 3465 3933 3518 δια-

2371 3553 2590 3625 δήματα
2622 3555 2779 3627 ημῶν
2816 3557 2897 3620 εἰς
2944 3556 3060 3610 όδὸν
3090 3557 3332 3628 εἰρήνης.
3384 3556 3483 3619 Δὸς
3513 3557 3644 3626 ἡμῖν
3687 3555 3815 3609 ἰδεῖν
3841 3554 3933 3611 τὸν

2366 3645 2560 3719 ὄρθρον
2602 3650 2696 3702 καὶ
2740 3648 2839 3720 τὴν
2865 3648 3076 3719 ἡμέραν
3129 3650 3185 3701 ὲν
3234 3647 3566 3717 ἀγαλλιάσει,
3597 3646 3682 3699 ἵνα
3716 3664 3799 3700 σοι
3834 3648 3935 3709 τὰς

2369 3738 2594 3802 ἑωθινὰς
2619 3741 3031 3812 ἀναπέμπωμεν
3046 3743 3228 3812 εὐχάς.
3257 3744 3379 3795 Ὀτι
3404 3742 3494 3795 σὺν
3520 3740 3582 3795 τὸ
3601 3742 3819 3812 κράτος,
3839 3743 3932 3794 καὶ

2370 3828 2463 3880 σοῦ
2504 3830 2647 3883 ἐστιν
2687 3832 2721 3902 ἡ
2754 3833 3021 3901 βασιλεία,
3049 3834 3139 3885 καὶ
3169 3833 3394 3903 δύναμις
3428 3835 3523 3889 καὶ
3566 3836 3599 3903 ἡ
3631 3832 3781 3897 δόξα,
3833 3832 3928 3885 τοῦ

2366 3922 2599 3993 Πατρὸς,
2635 3924 2725 3975 καὶ
2754 3922 2844 3974 τοῦ
2873 3922 3022 3983 Υἰοῦ,
3050 3924 3138 3975 καὶ
3172 3923 3260 3976 τοῦ
3279 3925 3432 3994 άγίου
3468 3923 3805 3993 Πνεύματος,
3836 3922 3931 3975 νῦν

2364 4014 2460 4071 καὶ
2491 4015 2596 4077 ἀεὶ,
2630 4013 2720 4065 καὶ
2744 4014 2823 4077 εἰς
2844 4013 2966 4077 τοὺς
2999 4013 3197 4077 αἰῶνας
3220 4016 3326 4068 τῶν
3358 4014 3793 4085 αἰώνων.’Δμήν.

2998 4105 3184 4158 ΕΥΧΠ
3227 4109 3278 4156 Δ⁹

2434 4198 2681 4252 Δέσποτα
2706 4201 2734 4251 ό
2764 4198 2917 4263 Θεὸς,
2952 4215 2978 4250 ο
3005 4197 3157 4272 ἅγιος
3209 4195 3304 4248 καὶ
3356 4194 3755 4263 ἀκατάληπτος,
3793 4193 3819 4243 ὁ
3857 4193 3930 4242 εἱ-

708 4278 796 4344 Iis,
824 4282 915 4350 qui
949 4282 1131 4338 dixisti
1176 4295 1235 4338 ut
1259 4300 1290 4340 e
1325 4286 1563 4339 tenebris
1606 4287 1697 4340 lux
1729 4287 2146 4357 splendescerct,
2171 4286 2264 4357 qui

2375 4291 2482 4345 πὼν
2512 4294 2576 4345 ὲκ
2620 4292 2839 4355 σκότους
2868 4290 2982 4361 φῶς
3010 4286 3239 4358 λάμψαι,
3269 4289 3297 4341 ὀ
3325 4285 3640 4349 ἀναπαύσας
3675 4285 3823 4355 mai;
3872 4286 3929 4337 ἐν

705 4386 805 4427 nos
834 4372 1068 4431 refecisti
1120 4390 1311 4432 somno
1350 4386 1639 4445 nocturno,
1670 4389 1725 4434 et
1764 4380 1956 4436 iterum
1987 4385 2053 4439 ad
2078 4384 2263 4439 lauda-

2362 4384 2439 4454 τῷ
2463 4383 2563 4453 τῆς
2592 4383 2782 4445 νυκτὸς
2798 4381 2969 4453 ὕπνῳ,
2990 4382 3082 4434 καὶ
3094 4379 3449 4452 διαναστήσας
3466 4380 3602 4452 πρὸς
3625 4378 3927 4445 δοξολογίαν

703 4466 904 4521 tionem
933 4468 1488 4541 supplicationemque
1518 4472 1776 4527 bonitatis
1836 4484 1935 4529 tuae
1969 4479 2217 4533 excitasti
2245 4519 2259 4543 ,

2375 4475 2461 4529 καὶ
2504 4476 2713 4527 ἱκεσίαν
2749 4474 2846 4544 τῆς
2884 4474 2983 4543 σῆς
3001 4470 3351 4543 ἀγαθότητος,
3380 4472 3795 4541 δυσωπούμενος
3825 4472 3927 4523 ὑπὸ

702 4571 792 4609 tua
848 4558 1017 4625 ipsius
1050 4569 1325 4630 permotus
1388 4563 1791 4628 misericordia,
1822 4579 1946 4630 nos,
1976 4566 2260 4624 adorantes

706 4656 780 4714 te,
811 4659 866 4703 et
902 4661 1139 4718 quantas
1168 4666 1455 4721 possumus
1517 4653 1609 4707 tibi
1662 4665 1871 4724 gratias
1932 4657 2254 4726 referentes,

704 4740 864 4795 etiam
891 4756 1032 4797 nunc
1061 4740 1309 4811 suscipe;
1357 4744 1647 4815 omniaque
1691 4761 1810 4815 quae
1841 4750 1906 4803 ad
1935 4748 2158 4805 salutem
2180 4750 2262 4806 fa-

701 4832 871 4894 ciunt,
899 4833 1165 4900 postulata
1210 4835 1465 4890 concede.
1502 4835 1668 4891 Filios
1721 4837 1855 4891 lucis
1901 4850 1953 4894 et
1983 4841 2113 4907 diei,
2142 4852 2260 4897 tuo-

703 4935 931 4990 rumque
957 4938 1278 4978 aeternorum
1324 4925 1586 4979 bonorum
1634 4927 1889 4990 haredes,
1932 4946 2029 4984 nos
2060 4932 2261 4985 consti-

708 5022 820 5066 tue.
857 5013 913 5067 In
943 5013 1285 5070 multitudine
1320 5018 1726 5073 miserationum
1753 5028 1986 5085 tuarum,
2012 5021 2257 5090 Domine,

709 5104 998 5159 recordare
1024 5106 1203 5159 cuncti
1241 5108 1414 5176 populi
1455 5109 1553 5171 tui,
1578 5112 1922 5178 praesentium
1950 5120 2003 5166 et
2031 5127 2133 5165 una
2162 5130 2260 5168 no-

703 5193 915 5248 biscum
944 5201 1425 5263 comprecantium,
1470 5202 1817 5271 omniumque
1868 5202 2097 5258 fratrum
2152 5222 2247 5260 no-

702 5295 936 5343 strorum
962 5328 978 5353 ,
998 5289 1079 5342 vel
1112 5299 1253 5343 terra
1286 5292 1367 5345 vel
1396 5294 1529 5346 mari
1554 5293 1633 5347 vel
1663 5308 1984 5364 quocunque
2007 5297 2111 5349 alio
2165 5297 2260 5351 do-

702 5378 1014 5433 minationis
1060 5389 1162 5435 tum
1200 5383 1320 5438 loco
1365 5393 1453 5436 tua
1496 5384 1779 5440 clementia
1806 5396 1859 5441 et
1881 5388 2081 5443 auxilio
2116 5390 2258 5442 indi-

702 5473 977 5540 gentium;
1005 5473 1360 5544 omnibusque
1390 5478 1634 5543 impende
1665 5494 1909 5545 magnam
1938 5481 2246 5535 misericor-

708 5563 843 5616 diam
893 5574 1055 5629 tuam,
1102 5573 1160 5618 ut
1214 5577 1318 5620 tam
1356 5570 1530 5635 quoad
1570 5572 1804 5624 animam
1858 5588 2015 5641 quam
2082 5574 2256 5643 quoad

703 5669 898 5724 corpus
929 5659 1099 5723 salvi,
1130 5658 1491 5730 gluritlcetnus
1524 5678 1644 5716 cum
1683 5663 1879 5718 fiducia
1932 5665 2251 5720 admirabile

702 5760 766 5802 ac
798 5748 1135 5807 benedictum
1167 5768 1361 5808 nomen
1422 5763 1565 5810 tuum
1594 5797 1608 5823 ,
1644 5755 1819 5813 Patris
1850 5798 1863 5824 ,
1901 5771 1956 5814 et
2004 5758 2169 5825 Filii,
2206 5768 2258 5816 et

2367 4565 2465 4635 τῆς
2502 4567 2636 4629 ἰδίας
2662 4582 2754 4618 σου
2775 4565 3193 4635 εὐσπλαγχνίας,
3221 4565 3509 4637 πρόσδεξαι
3545 4566 3693 4634 ἡμᾶς
3715 4564 3811 4617 καὶ
3835 4563 3927 4616 νῦν

2367 4655 2800 4728 προσκυνοῦντὰς
2826 4673 2905 4721 σε,
2948 4655 3041 4708 καὶ
3063 4655 3201 4708 κατὰ
3227 4656 3452 4724 δύναμιν
3481 4651 3927 4723 εὐχαριστοῦντας

2368 4763 2468 4800 σοι’
2500 4747 2741 4817 δώρησαι
2778 4750 2908 4819 ἡμῖν
2930 4747 3103 4799 πάντα
3134 4746 3202 4799 τὰ
3235 4747 3368 4818 πρὸς
3395 4745 3665 4815 σωτηρίαν
3696 4744 3928 4813 αἰτήμα-

2367 4856 2452 4894 τα.
2491 4837 2788 4903 Ἀνάδειξον
2839 4840 2983 4910 ἡμᾶς
3008 4839 3153 4901 υἱοὺς
3201 4837 3377 4908 φωτὸς
3426 4836 3520 4889 καὶ⁵
3552 4833 3783 4907 ἡμέρας,
3834 4831 3925 4885 καὶ

2368 4931 2731 5004 κληρονόμους
2780 4931 2886 4985 τῶν
2940 4932 3171 4984 αἰωνίων
3201 4947 3295 4983 σου
3328 4927 3567 4997 ἀγαθῶν.
3616 4925 3922 4997 Μνήσθητι,

2366 5023 2561 5095 Κύριε,
2591 5024 2647 5075 ὲν
2670 5022 2746 5093 τῷ
2774 5022 2967 5091 πλήθει
2990 5024 3097 5076 τῶν
3125 5020 3421 5093 οἰκτιρμῶν
3455 5037 3570 5081 σου,
3599 5018 3692 5072 καὶ
3724 5018 3925 5079 παντὸς

2365 5115 2459 5169 τοῦ
2483 5112 2613 5167 λαοῦ
2647 5132 2761 5181 σου,
2810 5115 2918 5169 τῶν
2954 5116 3346 5186 συμπαρόντων
3386 5112 3481 5166 καὶ
3522 5108 3923 5181 συνευχομένων

2366 5208 2521 5277 ἡμῖν,
2570 5206 2661 5259 καὶ
2708 5207 2923 5262 πάντων
2971 5206 3078 5260 τῶν
3111 5206 3353 5275 ἀδελφῶν
3380 5202 3557 5275 ἡμῶν,
3600 5203 3707 5255 τῶν
3744 5204 3804 5254 ὲν
3832 5204 3921 5272 γῇ,

2365 5298 2474 5351 τῶν
2501 5300 2557 5350 ὲν
2589 5299 2849 5371 Θαλάσσῃ,
2884 5298 2992 5354 τῶν
3030 5304 3086 5353 ὲν
3126 5300 3287 5352 παντὶ
3319 5297 3465 5366 τόπῳ
3486 5296 3585 5365 τῆς
3614 5294 3923 5355 frame-ria;

2368 5406 2481 5453 σου,
2508 5390 2770 5461 δεομένων
2806 5392 2905 5461 τῆς
2935 5390 3338 5461 φιλανθρωπίας
3386 5388 3479 5441 καὶ
3511 5384 3783 5457 βοηθείας·
3835 5384 3923 5437 καὶ

2366 5487 2501 5538 πᾶσι
2550 5487 2849 5557 χορήγησον
2880 5484 2939 5536 τὸ
2965 5484 3104 5555 μέγα
3138 5501 3229 5536 σου
3259 5482 3425 5545 ἔλεος,
3463 5481 3549 5532 ἵνα
3594 5478 3923 5547 σεσωσμένοι

2365 5577 2509 5646 ψυχῇ
2534 5594 2589 5628 τε
2612 5579 2706 5629 καὶ
2735 5575 2945 5647 σώματι
2971 5578 3197 5629 πάντοτε
3222 5574 3582 5645 διαμένοντες,
3622 5570 3759 5641 μετά
3787 5572 3923 5639 παῤ-

2368 5666 2559 5739 ρησίας
2604 5666 2907 5737 δοξάζωμεν
2963 5668 3023 5720 τὸ
3074 5666 3384 5734 θαυμαστὸν
3422 5664 3515 5717 καὶ
3564 5661 3921 5732 εύλογημένον

2366 5761 2533 5831 δνομὰ
2560 5777 2672 5824 σου,
2706 5761 2795 5813 τοῦ
2826 5759 3054 5831 Πατρός,
3093 5760 3183 5813 καὶ
3210 5759 3301 5814 τοῦ
3334 5758 3485 5822 Υἰοῦ,
3522 5756 3616 5809 καὶ
3644 5754 3736 5809 τοῦ
3769 5754 3917 5827 ἁγίου
