4086 6318
1313 352 1712 420 ACOLUTUIA
1747 356 2078 414 TRIPLICIS
2107 359 2319 418 FESTI.

3228 381 3451 426 (ταωνι

219 444 559 518 ῐῙνεύματος,
589 450 686 507 νῦν
720 454 813 508 καὶ
854 456 959 522 ἀεὶ,
1019 458 1113 512 καὶ
1147 460 1227 525 εἰς
1269 465 1393 528 τοὺς
1436 463 1635 529 αἰῶνας
1683 466 1756 521 τῶ

1865 520 1866 524 η
1897 466 2129 538 Spiritus
2156 474 2347 540 sancti,
2376 491 2520 532 nunc
2555 485 2607 533 et
2630 492 2866 547 semper,
2898 488 2951 534 et
2981 478 3034 533 in
3062 477 3257 533 saecula
3280 496 3450 536 saecu-

216 534 451 592 αιώνων.
490 541 681 615 Ἀμήν.

847 638 1035 693 ΕΥΧΗ
1072 640 1146 695 Ε’.

213 917 309 962 τες
354 919 415 955 σε
460 907 890 978 προσκυνοῦμεν·
934 914 1028 965 καὶ
1070 911 1162 965 σοῦ
1195 912 1443 985 δεόμεθα,
1474 917 1542 970 τὰ
1564 916 1632 971 σὰ
1656 918 1780 990 ἔλέη

214 992 310 1044 καὶ
338 992 465 1056 τοὺς
494 995 618 1059 σοὺς
639 998 1388 1075 οἰκτιρμοὺςεπικαλούμενοι
1412 1008 1492 1070 εἰς
1529 1006 1779 1079 βοήθειαν

214 1084 310 1135 καὶ
337 1085 618 1157 ἀντίληψιν
645 1089 744 1160 τῆς
763 1094 1033 1164 ἡμετέρας
1054 1096 1453 1162 ταπεινώσεως.
1475 1099 1775 1171 Μνήσθητι,

210 1171 407 1244 Κύριε,
432 1175 539 1229 τῶν
567 1178 673 1232 σῶν
708 1179 915 1234 ἱκετῶν.
942 1182 1234 1254 Πρόσδεξαι
1252 1186 1660 1258 ,πάντωνλήμῶν
1677 1188 1778 1253 τὰς

208 1262 441 1330 ἑωθινὰς
472 1266 682 1339 δεήσεις
697 1270 768 1333 ὡς
784 1270 1033 1342 θυμίαμα
1063 1271 1289 1329 ἐνώπιόν
1311 1291 1426 1341 σου,
1451 1277 1545 1329 καὶ
1574 1278 1776 1350 μηδένα

174 1354 369 1425 ⁸ἡμῶν
400 1357 654 1429 ἀδόκιμον
698 1362 947 1434 ποιήσῃς,
1006 1363 1143 1418 ἀλλὰ
1201 1367 1405 1433 πάντας
1432 1371 1577 1441 ἡμᾶς
1615 1389 1773 1445 περι-

207 1444 433 1534 rapiunt
464 1446 550 1501 διὰ
585 1446 690 1500 τῶν
719 1450 1016 1521 οἰκτιρμῶν
1057 1470 1171 1508 σου.
1217 1456 1521 1529 Μνήσθητι,
1580 1444 1773 1534 Κύριε,

202 1533 315 1587 τῶν
344 1538 759 1607 ἀγρυπνοῦντων
787 1542 879 1594 καὶ
901 1542 1210 1612 ψαλλόντων
1242 1548 1322 1612 εἰς
1351 1549 1507 1612 δόξαν
1541 1533 1775 1624 σὴν,ίκα“ι

203 1624 297 1677 τοῦ
348 1628 667 1696 μονογενοῦς
701 1647 795 1684 σου
851 1632 981 1687 Υἱοῦ
1030 1638 1121 1689 καὶ
1170 1638 1303 1692 Θεοῦ
1333 1642 1512 1712 ἡμῶν,
1558 1646 1771 1700 καὶτοῦ

200 1715 517 1808 defluunt/sti
526 1735 711 1788 ματος.
724 1722 763 1774 Γ
764 1723 883 1776 ενοῦ
900 1726 1075 1780 αὐτῶν
1092 1727 1281 1801 βοηθὸς
1299 1732 1394 1784 καὶ
1404 1733 1767 1808 ἀντιλήπτωρ.

1895 558 2089 617 lorum.
2125 563 2313 619 Amen.

2505 660 2761 717 ORATIO
2788 659 2853 719 ν.

1963 744 2086 801 “8.
2147 743 2410 802 Bonorum
2470 750 2739 812 thesauro,
2792 752 2910 804 ions
2968 752 3235 820 perennis,
3285 751 3449 806 Pater

1887 846 2095 901 sancte,
2136 839 2501 894 mirandorum
2529 841 2754 905 artifex,
2781 842 2871 912 qui
2902 843 3083 897 omnia
3133 854 3300 911 potes,
3324 860 3444 898 om—

1887 926 2042 979 nibus
2066 928 2321 997 imperas,
2346 938 2401 985 te
2446 944 2638 987 omnes
2670 931 2977 997 adoramus,
3003 942 3058 987 et
3093 934 3446 1003 deprecamur

1886 1024 1958 1081 te,
1994 1017 2419 1074 misericordiam
2442 1029 2590 1077 tuam
2614 1030 2670 1077 et
2698 1021 3071 1078 miserationes
3107 1032 3230 1077 tuas
3271 1038 3439 1093 expoo

1884 1118 2099 1163 scentes
2123 1151 2136 1171 ,
2176 1112 2226 1164 in
2260 1112 2560 1167 subsidium
2610 1127 2676 1167 ac
2705 1113 3074 1169 defensionem
3121 1113 3443 1171 humilitatis

1884 1209 2104 1254 nostra.
2165 1200 2479 1271 Supplicum
2535 1212 2748 1258 tuorum
2811 1213 3123 1269 memento,
3176 1203 3439 1271 Domine;

1881 1291 2174 1345 matutinas
2229 1302 2475 1347 nostrum
2508 1293 2749 1349 omnium
2797 1308 2985 1362 preces
3018 1296 3230 1364 suscipe
3254 1334 3270 1358 ,
3298 1294 3440 1350 sicut

1882 1378 2161 1435 incensum
2215 1381 2269 1435 in
2321 1392 2611 1451 conspectu
2655 1392 2782 1448 tuo;
2834 1397 3007 1452 neque
3042 1397 3361 1454 quemquam
3406 1399 3441 1439 e

1883 1472 2039 1528 nobis
2064 1474 2317 1544 reproha,
2364 1474 2461 1530 sed
2511 1488 2610 1543 per
2659 1474 3089 1530 misericordiam
3145 1484 3290 1530 tuam
3340 1491 3438 1532 nos

1879 1578 2070 1621 omnes
2095 1581 2381 1622 conserva.
2410 1564 2701 1631 Iemcnto,
2726 1565 2950 1620 Domine
2969 1607 2986 1631 ,
3010 1566 3342 1637 vigilantium
3379 1578 3436 1622 et

1877 1654 2225 1722 psallentium
2254 1656 2322 1709 ad
2353 1655 2581 1727 gloriam
2612 1664 2779 1719 tuam,
2809 1667 2864 1710 et
2900 1657 3156 1726 uuigeuiti
3182 1654 3303 1711 Filii
3356 1658 3433 1711 tui

1879 1756 1944 1798 ac
1980 1743 2073 1798 Dei
2111 1744 2282 1799 nostri
2307 1782 2326 1812 ,
2359 1745 2435 1813 etf
2463 1745 2638 1799 sancti
2683 1744 2939 1813 Spiritus.
2978 1744 3173 1800 Eorum
3219 1742 3434 1810 adiutor

201 1805 501 1876 Πρόσδεξαι
527 1811 703 1865 αὐτῶν
722 1814 819 1878 τὰς
850 1817 1055 1881 ἱκεσίας
1080 1820 1157 1882 εις
1186 1819 1245 1872 τὸ
1270 1805 1657 1896 ύπερουράνιον
1676 1805 1756 1881 κιιῖ

1874 1845 1991 1889 esto
2020 1843 2183 1905 atque
2213 1844 2581 1906 propugnator
2614 1851 2629 1887 :
2661 1848 2847 1888 eorum
2892 1850 3079 1905 preces
3108 1836 3163 1888 in
3213 1836 3432 1890 caleste

198 1900 389 1991 νοερόν
418 1918 508 1956 σου
544 1904 944 1979 θυσιαστήριον.
982 1910 1103 1964 Ὀτι
1154 1912 1219 1965 σὺ
1262 1908 1314 1967 si
1353 1917 1383 1969 6
1430 1916 1558 1983 Θεὸς
1588 1920 1765 1991 ἡμῶν,

337 1992 418 2045 σοὶ
435 1996 554 2087 τὴν
572 1996 726 2087 δόξαν
750 1999 1166 2073 ἁναπέμπομεν,
1192 2005 1269 2077 τῷ
1306 2009 1499 2077 Πατρὶ,
1689 2014 1767 2087 τῷ

199 2078 335 2149 Υἰῷ,
366 2083 457 2134 καὶ
486 2082 563 2153 τῷ
592 2085 737 2155 ἁγιῳ
785 2087 1092 2161 Πνεύματι,
1124 2092 1219 2149 νῦν
1263 2097 1359 2153 καὶ
1407 2099 1513 2166 ἀεὶ,
1567 2102 1661 2155 καὶ
1686 2078 1767 2167 εἰς

194 2172 323 2231 τοὺς
352 2172 553 2237 αἰῶνας
575 2176 681 2230 τῶν
712 2179 941 2236 αἰώνων.
988 2184 1181 2257 Ἀμήν.

817 2296 1006 2352 1mm
1041 2299 1133 2367 cr.

266 2390 705 2470 Εὐχαριστοῦμὲν
739 2418 842 2467 σοι,
866 2402 1059 2475 Κύριε,
1093 2407 1122 2459 6
1156 2406 1287 2471 Θεὸς
1331 2408 1440 2463 τῶν
1480 2413 1765 2483 σωτηρίων

191 2484 375 2577 ἡμων,
421 2489 503 2542 ὅτι
558 2492 735 2548 πάντα
771 2498 947 2561 ποιεῖς
997 2498 1077 2561 εἰς
1124 2501 1443 2572 εὐεργεσίαν
1488 2504 1587 2575 τῆς
1619 2505 1763 2577 ζωῆς

191 2575 374 2644 ἡμῶν,
406 2579 488 2632 (va
518 2580 806 2649 διαπαντὸς
844 2588 980 2658 πρὸς
1012 2588 1070 2642 σὲ
1103 2592 1500 2665 ἅποϐλέπωμεν
1537 2596 1629 2649 τὸν

190 2669 339 2740 τῆρα
369 2672 462 2725 καὶ
491 2674 786 2750 εὐεργέτην
801 2677 908 2732 τῶν
935 2681 1218 2755 ἡμετέρων
1232 2684 1437 2755 ψυχῶν·
1470 2686 1759 2744 διανέπαυ-

194 2778 295 2827 ea;
322 2766 468 2835 ἡμᾶς
500 2768 558 2821 ἐν
580 2769 659 2840 τῷ
694 2772 1013 2843 παρελθόντι
1052 2775 1152 2845 τῆς
1181 2777 1374 2842 νυκτὸς
1418 2779 1619 2853 μέτρῳ,
1666 2783 1759 2837 καὶ

190 2855 480 2929 ἐξήγειρας
520 2862 665 2931 ἡμᾶς
696 2865 759 2917 ὲκ
787 2864 894 2917 τῶν
938 2867 1135 2920 κοιτῶν
1173 2868 1349 2939 ἡμῶν,
1387 2872 1481 2926 καὶ
1529 2872 1759 2945 ἔστησας

191 2947 271 3037 εἰς
290 2949 659 3021 προσκύνησιν
685 2952 777 3006 τοῦ
808 2954 991 3025 τιμίου
1023 2957 1282 3029 ὀνόματός
1314 2977 1429 3020 σου.
1453 2964 1545 3017 Διὺ
1574 2965 1759 3037 δεόμε-

190 3035 262 3089 θά
294 3054 411 3101 σου,
440 3042 630 3113 Κύριε,
655 3044 743 3109 δὸς
778 3047 909 3121 ἡμῖν
935 3047 1092 3121 χάριν
1116 3052 1211 3105 καὶ
1240 3051 1490 3126 δύναμιν,
1516 3056 1600 3111 ἵνα
1629 3035 1759 3110 κάτ-

1876 1935 2025 1979 tuttm
2051 1936 2104 1982 et
2132 1925 2494 1980 intellectuule
2530 1923 2701 1979 altare
2740 1927 2937 1995 recipe.
2966 1926 3103 1984 Ouia
3140 1939 3191 1978 tu
3216 1926 3432 1980 eslteus

1878 2026 2082 2081 noster,
2110 2030 2164 2072 et
2194 2017 2288 2072 tibi
2324 2016 2549 2087 gloriam
2580 2018 2885 2080 referimus,
2910 2016 3076 2078 l'atri,
3098 2027 3148 2069 et
3189 2013 3347 2076 Filio,
3373 2026 3425 2068 et

1875 2108 2107 2177 Spiritui
2163 2120 2373 2173 saneto,
2407 2125 2550 2164 nunc
2575 2120 2629 2166 et
2670 2122 2909 2179 semper,
2930 2117 2985 2162 et
3018 2107 3072 2161 in
3098 2102 3291 2160 stet-uia
3324 2118 3431 2159 sat-

1871 2199 2139 2256 cuiorutn.
2170 2200 2362 2255 Amen;

2456 2310 2711 2369 ORATIO
2744 2310 2827 2366 Vl.

1940 2421 2062 2478 M9.
2108 2424 2329 2494 Agimus
2372 2425 2467 2479 tibi
2513 2425 2733 2496 gratias,
2766 2424 3078 2479 salutarium
3113 2432 3421 2476 nostrorum

1867 2509 2029 2575 Deus,
2055 2517 2204 2582 quia,
2242 2526 2299 2568 ut
2323 2525 2375 2570 te
2421 2527 2725 2573 nostrarum
2759 2516 3061 2571 animarum
3090 2521 3420 2570 servatorem

1866 2602 2165 2660 beneficum
2198 2596 2493 2661 identidem
2527 2609 2879 2678 respiciamus
2901 2650 2916 2673 ,
2938 2606 3125 2663 condis
3150 2604 3331 2661 omnia
3357 2605 3424 2659 ad

1866 2696 1991 2751 vita
2019 2706 2217 2752 nostra:
2251 2697 2596 2753 beneﬁt-ium.
2629 2699 2696 2753 Et
2734 2700 2858 2769 quia
2891 2714 3008 2766 nos,
3036 2698 3305 2766 prseterita
3336 2709 3425 2751 no-

1866 2787 1969 2843 ctis
2006 2798 2160 2859 parte
2186 2789 2539 2856 reiecillatos,
2588 2792 2961 2863 excitatosque
2990 2792 3184 2846 iterum
3208 2806 3238 2844 e
3266 2789 3422 2843 euhi-

1864 2878 2027 2945 libus,
2057 2883 2122 2935 ad
2155 2882 2454 2939 honorandi
2489 2887 2724 2941 nominis
2765 2888 2839 2940 tui
2880 2887 3247 2939 adorationem
3298 2894 3422 2936 ere-

1864 2970 2027 3040 xisti;
2078 2984 2358 3043 propterea
2417 2991 2723 3045 quaasumus
2774 2987 2859 3041 te,
2902 2967 3162 3035 Domine.
3225 2972 3423 3041 largire

1863 3063 2021 3118 nobis
2056 3066 2285 3135 gratiam
2312 3080 2375 3120 ac
2408 3067 2613 3134 robur;
2670 3078 2729 3121 ut
2772 3065 2973 3122 Christi
3007 3066 3080 3120 tui
3118 3081 3241 3134 ope,
3292 3077 3417 3118 cum

186 3127 510 3236 αὲιαίθιῦμεν
539 3132 759 3203 ψάλλειν
793 3154 875 3191 σοι
920 3142 1175 3209 συνετῶς,
1221 3148 1314 3199 καὶ
1357 3148 1753 3219 προσεύχεσθαι

1866 3162 2011 3208 metu
2045 3165 2097 3209 et
2128 3164 2365 3211 tremore
2396 3168 2641 3213 nostram
2679 3158 2905 3211 salutem
2960 3164 3276 3225 operantcs;
3324 3152 3419 3206 tibi

187 3220 567 3291 ἀδιαλείπτως,
600 3227 658 3279 ὲν
683 3227 831 3301 φόῦῳ
873 3233 967 3286 καὶ
995 3234 1180 3305 τρόμῳ
1213 3235 1310 3308 τὴν
1339 3238 1547 3293 ἑαυτῶν
1578 3258 1754 3314 σωτη-

190 3313 312 3405 ρίαν
366 3319 820 3391 κατεργαζόμενοι
869 3323 955 3377 διὰ
996 3326 1092 3395 τῆς
1124 3326 1460 3400 ἀντιλήψεως
1487 3332 1582 3386 τοῦ
1618 3313 1753 3405 Χρι-

188 3404 316 3495 στοῦ
355 3424 469 3461 σου.
515 3411 818 3481 Μνήσοητι.
853 3413 1048 3486 Κύριε,
1093 3418 1191 3471 καὶ
1227 3421 1283 3471 ὲν
1313 3423 1468 3475 νυκτὶ
1508 3423 1642 3495 πρὸς
1673 3404 1753 3478 oe

186 3494 458 3563 ιεοοῖιπιρτων.
504 3498 834 3554 Ἐπάκουσον
866 3502 1065 3569 αὐτῶν,
1115 3508 1208 3560 καὶ
1244 3509 1483 3579 ἐλέησον,
1508 3494 1604 3567 καὶ
1627 3513 1753 3569 σύν-

183 3584 377 3655 τριψον
405 3586 509 3639 ὑπὸ
528 3590 653 3653 τοὺς
685 3591 848 3657 πόδας
879 3594 1058 3649 αὐτῶν
1076 3595 1205 3661 τοὺς
1226 3598 1487 3671 ἁοράτους
1534 3604 1628 3656 καὶ
1664 3622 1755 3658 πο-

179 3672 405 3742 λῖμίους
445 3676 691 3750 ἐχθρούς.
722 3682 792 3736 Σὺ
817 3682 924 3755 γὰρ
960 3678 1012 3738 εἴ
1040 3686 1069 3739 6
1104 3684 1353 3757 βασιλεὺς
1378 3688 1478 3759 τῆς
1508 3692 1749 3763 εἰρήνης,

182 3767 277 3820 ni.
304 3768 489 3839 σωτὴρ
518 3769 626 3824 τῶν
648 3772 834 3843 ψυχῶν
866 3774 1043 3846 ἡμῶν·
1076 3777 1169 3831 καὶ
1199 3779 1282 3831 σοὶ
1314 3780 1413 3851 τὴν
1442 3780 1597 3845 δόξαν
1624 3784 1752 3837 ἀνα-

179 3858 499 3929 πέμπομεν,
517 3862 594 3932 τῷ
619 3865 808 3937 Πατρὶ.
836 3867 1025 3938 καὶτῷ
1050 3868 1182 3939 Υιῷ,
1212 3872 1305 3923 καὶ
1332 3871 1409 3942 τῷ
1428 3873 1564 3943 ἁγίῳ
1583 3872 1753 3926 Πνεύ-

186 3965 337 4018 ματι,
387 3948 483 4002 νῦν
513 3953 607 4005 καὶ
624 3953 732 4022 ἀεὶ,
767 3956 859 4007 καὶ
888 3956 968 4019 εις
997 3958 1123 4020 τοὺς
1154 3960 1352 4027 αἰῶνας
1377 3962 1485 4018 τῶν
1518 3962 1747 4021 αἰώνων.

192 4039 251 4091 ’Δ
260 4041 368 4113 ιιήν

778 4137 970 4193 ΕΥΧΗ
1009 4142 1081 4195 Z'.

262 4251 317 4304 '0
359 4251 491 4316 Θεὸς
538 4256 633 4308 καὶ
683 4256 873 4330 Πατὴρ
934 4260 1029 4314 τοῦ
1089 4261 1293 4335 Κυρίου
1348 4262 1501 4332 ἡμῶν
1572 4264 1745 4333 Ἰησοῦ

179 4342 440 4409 Χριστοῦ,
471 4345 500 4395 6
534 4346 898 4418 ἐξαναστήσας
934 4354 1082 4422 ἡμᾶς
1126 4354 1189 4407 ὲκ
1211 4354 1319 4409 τῶν
1345 4353 1535 4407 κοιτῶν
1565 4355 1741 4426 ἡμῶν,

176 4435 272 4487 καὶ
306 4434 725 4504 ἐπισυναγαγὼν
750 4440 842 4493 ἐπὶ
875 4440 970 4513 τὴν
999 4441 1146 4513 ὥραν
1176 4444 1273 4516 τῆς
1302 4442 1624 4518 προσευχῆς·
1655 4446 1744 4511 δὸς

1864 3246 1997 3302 scite
2022 3247 2252 3315 psallere
2270 3258 2324 3303 et
2355 3248 2724 3305 indesinenter
2765 3247 3071 3319 supplicare
3124 3245 3419 3302 valeamus.

1864 3338 2129 3394 Memento
2161 3341 2324 3396 etiam
2352 3381 2368 3407 ,
2399 3339 2645 3408 Domine,
2676 3355 2863 3395 eorum
2915 3339 3007 3410 qui
3062 3349 3114 3394 te
3142 3337 3211 3393 de
3262 3346 3421 3392 nocte

1860 3431 2152 3486 invocant:
2180 3434 2374 3488 exaudi
2429 3448 2525 3489 ros
2554 3441 2605 3487 et
2646 3433 2907 3486 miserere
2932 3470 2948 3495 ,
2982 3432 3080 3484 sub
3123 3443 3419 3497 eorumque

1860 3520 2088 3590 pedibus
2119 3524 2300 3578 hostes
2346 3524 2645 3579 invisibiles
2700 3532 2868 3594 atque
2906 3523 3131 3577 lui‘estos
3171 3528 3414 3575 contere.

1858 3612 1936 3669 'l‘u
1966 3614 2110 3668 enim
2144 3629 2203 3669 es
2242 3630 2334 3670 rex
2368 3616 2552 3686 picis,
2601 3627 2656 3673 et
2688 3628 2938 3672 servator
2970 3624 3272 3669 nostrarum
3306 3612 3421 3665 ani-

1860 3721 2100 3773 marum;
2135 3708 2337 3777 tibique
2369 3709 2593 3776 gloriam
2639 3710 3005 3777 rependimus,
3052 3704 3218 3768 Patri,
3247 3714 3300 3757 et
3323 3702 3415 3757 Fi-

1858 3797 1947 3860 lio,
1967 3807 2020 3853 et
2045 3797 2269 3867 Spiritui
2299 3811 2509 3863 sancto,
2534 3813 2675 3853 nunc
2698 3808 2752 3853 et
2782 3812 3022 3866 semper,
3047 3806 3101 3851 et
3131 3796 3183 3849 in
3214 3794 3412 3851 szecula

1856 3891 2191 3949 seculorum.
2226 3893 2417 3945 Amen.

2428 4164 2683 4223 ORATIO
2712 4164 2822 4222 VII.

1925 4276 2048 4332 150.
2084 4277 2221 4331 Deus
2246 4285 2303 4332 et
2354 4274 2513 4332 Pater
2568 4276 2776 4331 Domini
2832 4274 3001 4331 nostri
3028 4272 3153 4330 Iesu
3185 4272 3413 4335 Christi,

1853 4370 1942 4439 qui
1968 4385 2064 4423 nos
2093 4385 2124 4425 e
2150 4368 2351 4426 nostris
2374 4367 2626 4421 thalamis
2649 4368 2940 4422 suscitatus
2967 4367 3033 4421 ad
3074 4365 3261 4420 horam
3284 4379 3411 4419 ora-

1856 4459 2017 4513 tionis
2052 4457 2411 4528 congregasti,
2455 4457 2521 4511 da
2556 4458 2711 4512 nobis
2739 4457 2965 4526 gratiam
3000 4457 3051 4510 in
3083 4454 3406 4527 patefactio-

175 4527 305 4595 ἡμῖν
336 4524 499 4595 χάριν
521 4527 579 4578 ὲν
605 4527 804 4593 ἀνοίξει
840 4530 935 4585 τοῦ
967 4533 1227 4602 στόματος
1253 4536 1431 4607 ἡμῶν,
1462 4536 1554 4591 καὶ
1579 4538 1746 4607 πρόσ-

1865 4561 1920 4600 me
1961 4547 2095 4611 oris,
2126 4524 2182 4597 et
2211 4524 2427 4615 suscipe
2449 4561 2583 4615 quas
2611 4548 2702 4601 tibi
2734 4524 2830 4616 pro
2852 4545 3058 4600 viribus
3084 4524 3286 4615 grates
3318 4559 3407 4597 re-

173 4617 323 4684 δεξαι
349 4616 510 4689 ἡμῶν
528 4618 627 4681 τὰς
649 4619 789 4673 κατά
820 4620 1046 4693 δύναμιν
1075 4626 1446 4697 εὐχαριστίας,
1478 4626 1573 4682 καὶ
1599 4628 1745 4684 δίδα-

175 4711 263 4777 ξον
295 4710 448 4781 ἡμᾶς
483 4708 553 4764 τὰ
577 4709 915 4783 δικαιώματα
938 4729 1049 4767 σουο
1076 4716 1157 4767 ὅτι
1191 4718 1594 4787 προσεύξασθαι
1618 4720 1741 4774 καθ’

173 4800 200 4853 6
246 4801 333 4855 δεῖ
376 4804 479 4855 οὐκ
510 4802 749 4872 οἴδαμεν,
790 4803 884 4859 ἐὰν
922 4804 996 4876 μὴ
1031 4806 1115 4870 σὺ,
1152 4808 1342 4879 Κύριε,
1365 4810 1441 4882 τῷ
1465 4810 1742 4884 Πνεύματί

176 4909 270 4948 σου
305 4892 386 4963 τῷ
412 4895 555 4964 ἁγιῳ
586 4895 854 4969 ὁδηγήσῃς
878 4897 1040 4968 ἡμᾶς.
1082 4898 1171 4952 Διὸ
1195 4898 1425 4972 δεόμεθὰ
1464 4923 1578 4971 σου,
1610 4909 1664 4961 ετ
1687 4924 1742 4961 τι

174 4986 496 5059 ἡμάρτομεν
518 4986 677 5057 μέχρι
699 4989 794 5059 τῆς
812 4992 1091 5063 παρούσης
1108 4991 1253 5065 ὧρας
1274 4995 1330 5047 ἐν
1351 4995 1511 5068 λόγῳ,
1527 4998 1558 5069 ἢ
1577 4999 1739 5071 ἔργῳ,

175 5076 205 5145 ἦ
238 5079 383 5131 κατὰ
420 5077 689 5145 διάνοιαν,
722 5078 981 5144 ἑκουσίως
1012 5081 1044 5153 ἢ
1072 5082 1358 5147 ἀκουσίως,
1398 5086 1541 5151 ἄνες,
1583 5089 1739 5160 ἄφες,

176 5166 551 5237 συγχώρησον*
570 5168 678 5221 ἐὰν
699 5168 802 5240 γὰρ
817 5169 1064 5238 ἀνομίας
1080 5175 1527 5246 παρατηρήσῃς,
1548 5183 1739 5250 Κύριε,

172 5260 375 5327 Κύριε,
393 5259 488 5325 τίς
512 5259 949 5327 ὐποστήσεται;
971 5263 1090 5316 Ὅτι
1104 5266 1253 5336 παρὰ
1268 5267 1349 5320 σοὶ
1371 5270 1403 5340 ή
1428 5269 1739 5345 ἀπολύτρωο

176 5368 281 5417 σις,
318 5350 385 5403 σὺ
412 5344 467 5403 εἴ
512 5350 671 5421 μόνος
719 5352 871 5423 ἅγιος
903 5351 1115 5425 βοηθὸς,
1157 5360 1411 5429 κραταιὸς
1444 5344 1744 5433 ὑπερασπι-

174 5442 306 5514 στὴς
352 5442 455 5513 τῆς
505 5440 651 5513 ζωῆς
697 5444 872 5515 ἡμῶν,
912 5448 1007 5498 καὶ
1033 5450 1091 5500 ὲν
1122 5448 1263 5521 σοὶή
1297 5449 1529 5526 ὕμνησις
1583 5456 1739 5529 ἡμῶν

170 5535 485 5600 διαπαντός.
526 5537 624 5591 Ein
652 5538 712 5591 τὸ
739 5540 936 5611 κράτος
971 5540 1071 5612 τῆς
1104 5542 1374 5614 βασιλεέας
1398 5564 1487 5603 σου
1512 5546 1737 5621 εὐλογη-

249 5754 328 5826 (a)
361 5754 504 5809 l‘sal.
537 5770 720 5825 enix,
741 5760 793 5826 3,
825 5762 879 5817 7.

1848 4632 2095 4698 ferimus,
2118 4642 2173 4689 et
2190 4649 2287 4689 nos
2314 4637 2478 4692 edoce
2503 4634 2917 4706 iustiﬁcationes
2945 4646 3100 4699 tuas;
3138 4636 3261 4704 quia
3294 4633 3404 4688 nisi

1850 4738 1929 4795 tu,
1970 4726 2217 4793 Domine,
2249 4744 2348 4785 nos
2389 4738 2481 4783 tuo
2534 4727 2737 4797 Spiritu
2766 4738 2955 4783 saneto
2977 4724 3269 4791 direxeris,
3299 4740 3408 4779 non

1849 4834 2138 4893 possumus
2170 4836 2329 4877 orare
2371 4830 2531 4891 prout
2552 4827 2785 4890 oportet.
2812 4817 2933 4873 Idea
2958 4831 3209 4889 rogamus
3245 4827 3316 4881 te,
3348 4826 3409 4870 ut

1847 4914 1892 4969 si
1935 4914 2065 4983 quid
2099 4913 2443 4984 peccavimus
2481 4926 2651 4984 usque
2697 4911 2764 4965 ad
2813 4919 3132 4978 praesentem
3173 4908 3360 4963 horam
3388 4943 3407 4969 ,

1854 5004 2042 5071 verbo,
2086 5007 2168 5060 vel
2218 5020 2403 5073 opere,
2446 5005 2528 5060 vel
2566 5002 2915 5075 cogitatione,
2952 5011 3144 5069 sponte
3190 5003 3271 5051 vel
3308 5014 3405 5052 co-

1852 5107 1992 5161 acte,
2028 5095 2290 5162 remittas,
2307 5098 2599 5160 condones,
2625 5091 2922 5163 indulgeas,
2946 5091 3069 5162 quia
3086 5091 3131 5143 si
3158 5088 3405 5156 iniquita-

1849 5201 1923 5244 tes
1952 5190 2324 5253 oberraret-is,
2367 5186 2604 5252 Domine,
2649 5185 2887 5246 Domine,
2928 5182 3041 5253 quis
3090 5178 3410 5235 sustinebit?

1856 5280 2117 5346 Quoniam
2143 5282 2281 5349 apud
2303 5292 2350 5333 te
2374 5278 2653 5347 redemptio
2674 5288 2747 5331 est
2774 5276 2882 5348 (a);
2916 5282 2970 5326 tu
2999 5272 3146 5327 solus
3173 5288 3231 5327 es
3254 5270 3406 5325 auxi-

1844 5373 2003 5428 liator
2045 5382 2283 5435 sanctus,
2321 5373 2439 5426 vitte
2469 5381 2665 5425 nostra:
2695 5368 2942 5425 defensor
2988 5361 3322 5434 prapotens;
3348 5370 3405 5417 et

1846 5462 1913 5517 ad
1964 5473 2015 5519 te
2058 5472 2168 5519 tota
2216 5475 2397 5519 nostra
2432 5462 2667 5517 laudatio
2699 5458 2952 5514 refertur.
3006 5456 3293 5512 Benedicta
3330 5458 3401 5510 sit

1848 5564 1904 5608 et
1932 5553 2227 5624 gieritieata
2255 5554 2402 5625 regni
2455 5553 2531 5609 tui
2569 5560 2826 5623 potestas,
2861 5548 3061 5615 Patris,
3093 5558 3146 5603 et
3180 5545 3322 5611 Filii,
3348 5555 3403 5601 et
