4060 6316
672 372 800 411 ερατ.

2017 362 2545 420 PROLEGOMENA.

677 475 904 541 Spiritus
927 474 1123 543 sancti,
1158 489 1302 531 nunc
1335 484 1390 531 et
1419 490 1654 547 semper,
1685 485 1739 532 et
1767 478 1819 531 in
1851 481 2044 535 saecula
2074 496 2223 537 saecu-

2342 481 2503 551 μένον
2536 478 2627 534 καὶ
2658 478 3059 551 δεδοξασμένον,
3107 478 3199 533 τοῦ
3229 477 3459 550 ῐῙατρὸς,
3487 478 3579 534 καί⁵
3604 477 3709 533 ’τοῦ
3743 478 3891 543 Tia-3,

673 565 861 619 lorum.
896 568 1089 622 Atuett.

1249 745 1503 801 ORATIO
1531 745 1661 802 VIII.

741 837 863 891 15f.
922 836 1145 891 Domine
1203 838 1344 891 Deus
1407 849 1633 903 noster,
1682 839 1771 909 qui
1826 854 1956 907 nos,
2015 852 2230 911 torpore

671 928 846 979 somni
881 926 1157 995 dissipato,
1190 928 1474 982 vocatione
1496 938 1685 984 sancta
1720 931 2053 996 convocasti,
2087 942 2143 986 ut
2174 940 2230 986 et

672 1029 858 1066 tmtnns
890 1014 1277 1070 extolleremus
1301 1026 1487 1081 noctu,
1512 1026 1565 1072 et
1601 1019 1694 1074 tibi
1728 1020 2111 1076 conﬁteremur
2134 1038 2227 1077 su-

677 1122 772 1174 per
797 1107 998 1175 judicia
1019 1107 1245 1175 justitize
1275 1119 1411 1177 tuae;
1437 1113 1649 1184 suscipe
1674 1116 1946 1169 orationes
1989 1128 2225 1182 nostras,

670 1199 1083 1268 postulationes,
1130 1202 1543 1271 confessiones,
1575 1214 1868 1262 nocturnos
1916 1208 2125 1273 cultus;
2173 1218 2227 1263 et

671 1292 849 1346 tribue
875 1293 1029 1347 nobis
1058 1334 1073 1359 ,
1103 1308 1135 1347 ο
1171 1294 1333 1363 Deus,
1366 1297 1701 1352 inconfusam
1737 1297 1915 1367 ﬁdem,
1946 1315 2095 1372 spem
2130 1303 2227 1356 ﬁr-

670 1398 834 1446 mam,
865 1384 1182 1439 cbaritatem
1208 1386 1321 1440 sine
1356 1388 1592 1442 ﬁctione.
1628 1389 1859 1445 Benedic
1892 1402 2105 1447 nostros
2146 1394 2228 1447 iu-

672 1475 862 1529 troitus
891 1484 946 1529 et
974 1476 1175 1544 exitus,
1212 1480 1479 1544 actiones,
1508 1494 1668 1549 opera
1696 1520 1711 1547 ,
1739 1495 2018 1537 sermones
2064 1496 2223 1553 atque

669 1566 1059 1636 cogitationes;
1122 1577 1176 1621 et
1222 1585 1321 1625 nos
1362 1570 1682 1625 ineﬂ‘abilem
1726 1573 2020 1628 bonitatem
2079 1585 2224 1627 tuam

672 1656 977 1723 laudantes,
1008 1659 1786 1727 celebrantes,benedicentes,
1806 1665 1871 1718 ad
1901 1666 2223 1735 principium

669 1746 772 1798 diei
810 1748 1091 1813 pervenire
1119 1751 1368 1805 concede.
1402 1750 1534 1817 Quia
1569 1754 1901 1809 benedictum
1936 1766 2016 1810 est
2036 1772 2222 1812 sacro-

2336 573 2431 627 καὶ
2463 572 2559 625 τοῦ
2608 572 2761 641 ἁγίου
2791 571 3124 643 Πνεύματος,
3153 572 3245 627 νῦν
3273 574 3367 626 καὶ
3407 573 3509 637 ἀεὶ,
3545 574 3636 625 καὶ
3667 574 3744 635 είς
3771 574 3892 635 τοὺς

2338 663 2534 728 αἰῶνας
2567 662 2673 716 τῶν
2700 662 2924 718 αἰώνων.
2975 664 3163 733 Ἀμήν.

2962 756 3151 810 ΕΥΧΗ
3180 757 3258 809 H'.

2430 848 2600 919 Κύριε
2632 850 2811 912 δΘεὸς
2834 848 3010 919 ἡμῶν,
3052 850 3081 901 6
3121 847 3221 916 τὴν
3266 847 3359 901 τοῦ
3405 847 3571 901 ὕπνου
3622 846 3892 919 ρᾳθυμίαν

2331 939 2707 1003 ἀποσκεδάσας
2733 941 2824 1009 ἀφ’
2857 939 3036 1011 ἡμῶν,
3085 940 3177 993 καλ⁷
3220 939 3551 1007 συγκαλέσας
3582 941 3730 1011 ἡμᾶς
3763 939 3888 1007 κλή-

2332 1045 2414 1080 σει
2444 1028 2593 1097 ἁγίᾳ,
2626 1031 2718 1081 καὶ
2744 1030 2978 1100 ὲνᾷνυκτί
3006 1030 3205 1100 ἐπᾶραι
3235 1028 3331 1090 τὰς
3365 1032 3548 1099 χεῖρας
3584 1029 3763 1099 ἡμῶν,
3796 1029 3888 1081 καὶ

2330 1096 2765 1190 ἐξομολογεῖσθαι
2794 1096 2873 1175 σοι
2905 1122 2996 1173 ἐπὶ
3034 1096 3396 1191 ’τά-κρίματα
3424 1096 3519 1189 τῆς
3546 1096 3889 1187 δικαιοσύνης

2330 1226 2445 1263 σου·
2472 1209 2756 1280 πρόσδεξαι
2778 1211 2877 1274 τὰς
2910 1212 3120 1282 δεήσεις
3141 1211 3318 1281 ἡμῶν,
3348 1210 3445 1272 τὰς
3474 1209 3761 1274 ἐντεύξεις,
3791 1209 3888 1271 τὰς

2328 1295 2876 1366 ὲξομολογήσεις,τὰς
2901 1298 3218 1369 νυκτερινὰς
3237 1298 3503 1368 λατρείας
3540 1299 3633 1350 καὶ
3666 1298 3887 1366 χάρισαι

2328 1390 2482 1457 ἡμῖν,
2516 1393 2544 1441 6
2565 1388 2716 1452 Θεὸς,
2744 1391 2921 1441 πίστιν
2952 1390 3393 1459 ἀκαταίσχυντον,
3428 1390 3614 1442 ἐλπίδα
3642 1389 3883 1458 βεϐαίαν,

2327 1479 2547 1551 ἀγάπην
2584 1481 2962 1552 ἀνυπόκριτον.
3006 1482 3311 1553 Εύλόγησον
3338 1481 3493 1552 ἡμῶν
3532 1480 3767 1541 εἰσόδους
3794 1480 3888 1531 καὶ

2328 1568 2558 1635 ἐξόδους,
2592 1571 2839 1642 πράξεις,
2873 1570 3028 1640 ἔργα,
3060 1570 3272 1638 λόγους,
3313 1572 3656 1642 ἐνθυμήσεις
3682 1568 3779 1622 καὶ
3801 1569 3888 1631 δὸς

2328 1660 2459 1730 ἡμῖν
2486 1662 2819 1732 καταντῆσαι
2853 1664 2928 1725 είς
2962 1661 3059 1724 τὰς
3099 1662 3271 1729 ἁρχάς
3302 1662 3400 1731 τῆς
3433 1662 3642 1732 ἡμέρας
3678 1659 3887 1713 αἰνοῦν-

2327 1769 2444 1815 τας,
2470 1754 2791 1822 ὑμνοῦντας,
2826 1752 3177 1822 εύλογοῦντας
3210 1753 3310 1820 τῆς
3333 1752 3428 1821 σῆς
3450 1753 3725 1821 ἁφράστου
3753 1769 3888 1821 χρη-

668 1849 913 1892 snnctum
955 1855 1145 1894 nomen
1176 1851 1347 1907 tuum,
1379 1853 1433 1897 et
1465 1845 1822 1913 gloriﬁcatum
1871 1864 2094 1917 regnum
2123 1850 2222 1904 Pa-

2331 1844 2585 1912 στότητος
2607 1844 2703 1915 τὴν
2734 1844 3063 1915 ἁγαθότητα.
3081 1845 3202 1895 ’Ότι
3224 1842 3516 1912 ηὑλόγηται
3538 1842 3599 1892 τὸ
3624 1842 3885 1909 πάναγιόν

666 1935 785 1998 tris,
812 1945 865 1988 et
898 1934 1037 2001 Filii,
1069 1947 1121 1988 et
1143 1935 1376 2002 Spiritus
1407 1940 1605 2002 sancti,
1634 1956 1775 1994 nunc
1805 1951 1853 1994 et
1912 1956 2146 2013 semper,
2174 1954 2227 1998 et

668 2029 718 2081 In
746 2027 937 2080 saecula
970 2028 1313 2082 saeculorum.
1342 2030 1534 2083 Amen.

1257 2204 1506 2261 ORATIO
1544 2204 1634 2261 IX.

750 2297 860 2353 1‘52.
914 2296 973 2352 In
1022 2298 1274 2352 cordibus
1323 2301 1547 2362 nostris,
1582 2300 1825 2365 Domine,
1855 2312 2222 2372 Incorruptum

667 2389 861 2442 divinae
896 2398 1002 2442 tua:
1044 2390 1368 2458 cognitionis
1413 2389 1591 2443 lumen
1629 2393 1890 2459 benignus
1934 2395 2171 2447 aceende
2205 2435 2220 2459 ,

664 2493 717 2532 et
744 2482 890 2548 aperi
940 2481 1135 2534 mentis
1190 2493 1389 2534 nostra:
1414 2482 1599 2535 oculos
1631 2482 1695 2534 ad
1735 2483 2221 2538 considerationem

665 2570 1064 2637 prredicationis
1100 2572 1445 2633 evangelicae.
1482 2571 1755 2627 Timorem
1793 2575 2070 2627 beatorum
2106 2584 2224 2628 tuo-

666 2677 783 2713 rum
831 2662 1203 2716 mandatorum
1234 2664 1390 2717 nobis
1420 2664 1671 2728 immitte,
1705 2673 1783 2729 ut,
1806 2665 2056 2719 omnibus
2099 2681 2222 2719 ear-

665 2752 880 2806 ualibus
907 2753 1359 2823 concupiscentiis
1381 2756 1735 2820 conculcatis,
1771 2757 2068 2823 spiritalem
2100 2772 2225 2811 cou-

665 2846 1028 2899 versationem
1061 2854 1354 2911 sectemur,
1387 2848 1645 2911 sapiendo
1673 2857 1727 2899 et
1759 2847 2007 2902 faciendo
2045 2850 2223 2901 omnia

661 2951 781 3006 quae
808 2947 911 2991 tum
942 2938 1139 3006 placita
1172 2948 1297 2993 sunt
1321 2939 1604 2994 voluntati.
1636 2939 1771 3008 Quia
1809 2950 1863 2994 tu
1893 2956 1949 2997 es
1974 2943 2225 2996 sanctiﬁ-

664 3032 809 3084 catio
843 3042 895 3084 et
932 3032 1256 3087 illuminatio
1285 3044 1507 3099 nostra;
1546 3044 1600 3089 et
1641 3036 1738 3090 tibi
1773 3034 1999 3105 gloriam
2024 3051 2218 3105 repen-

664 3124 861 3188 dimus,
887 3122 1057 3187 Patri,
1088 3134 1143 3179 et
1175 3124 1332 3193 Filio,
1375 3135 1428 3180 et
1473 3126 1694 3196 Spiritui
1720 3138 1931 3193 sancto,
1986 3144 2129 3184 nunc
2170 3137 2220 3184 et

664 3229 901 3279 semoer,
936 3215 1062 3269 etin
1101 3216 1293 3269 saecula
1328 3216 1670 3272 saeculorum.
1702 3220 1893 3274 Amen.

1261 3390 1516 3449 ORATIO
1560 3392 1623 3449 Χ.

739 3479 857 3534 I53.
896 3479 1121 3535 Domine
1149 3481 1292 3537 Deus
1338 3492 1541 3548 noster,
1573 3482 1665 3553 qui
1718 3496 1815 3552 per
1856 3483 2222 3552 pmnitentiam

667 3570 977 3624 hominibus
1033 3572 1402 3626 remissionem
1439 3574 1715 3642 tribuisti,
1751 3585 1807 3631 et
1852 3576 2009 3631 nobis
2049 3576 2223 3630 locum

666 3661 960 3731 agnitionis
987 3674 1328 3732 peccatorum
1353 3674 1517 3733 atque
1539 3666 1896 3722 confessionis
1924 3670 1974 3723 in
2003 3668 2226 3738 prophe-

667 3766 733 3806 ta:
763 3753 977 3807 Davidis
1018 3755 1333 3823 poenitentia
1381 3757 1447 3809 ad
1480 3755 1692 3809 veniam
1741 3762 2173 3815 commonstrasti
2204 3778 2220 3827 ;

667 3846 803 3913 ipse,
840 3844 1087 3907 Domine,
1118 3844 1273 3898 nobis
1306 3845 1357 3899 in
1391 3844 1556 3898 multa
1598 3861 1660 3900 ac
1686 3847 1867 3916 gravia
1908 3847 2096 3902 delicta
2121 3852 2223 3905 mi-

666 3950 850 3990 serere
878 3976 893 4003 ,
930 3935 1225 3988 secundum
1282 3952 1531 4003 magnam
1580 3940 2008 3994 misericordiam
2043 3950 2221 4007 tuam;

664 4040 717 4079 rt
750 4027 1045 4081 secundum
1079 4027 1472 4082 multitudinem
1515 4029 1921 4085 miserationum
1967 4042 2179 4086 tuarum
2205 4074 2219 4098 ,

663 4120 784 4174 tIeIe
811 4120 1131 4186 iniquitates
1168 4131 1402 4184 nostras,
1438 4122 1560 4189 quia
1603 4124 1697 4176 tibi
1737 4127 2226 4193 peceatvitntts,l)o-

665 4212 831 4274 mine,
856 4211 945 4279 qui
996 4211 1198 4264 incerta
1242 4222 1294 4265 et
1341 4213 1551 4266 occulta
1585 4215 1766 4267 cordis
1798 4216 2073 4269 hominum
2099 4233 2223 4285 per—

671 4303 884 4363 novisti,
916 4312 969 4355 et
1023 4302 1112 4372 qui
1168 4304 1313 4358 solus
1348 4305 1510 4359 babes
1562 4314 1882 4377 potestatem
1918 4310 2221 4364 retnitteudi

668 4401 909 4461 peccata.
947 4391 1053 4445 Cor
1104 4395 1360 4449 mundum
1418 4410 1542 4450 crea
1592 4398 1643 4449 in
1702 4397 1898 4459 nobis,
1934 4409 1988 4451 et
2034 4401 2222 4468 spiritu

2330 1950 2423 1985 σου
2476 1934 2663 2004 ὄνομα,
2723 1937 2816 1989 καὶ
2875 1934 3181 1999 δεδόξασταί
3224 1951 3316 1987 σου
3366 1934 3399 2002 ὴ
3465 1931 3725 2000 βασιλεία,
3793 1931 3886 1984 τοῦ

2329 2024 2562 2095 Πατρὸς,
2597 2026 2691 2079 xui.
2720 2026 2810 2079 τοῦ
2832 2027 2981 2089 Υἱοῦ,
3006 2028 3097 2081 καὶ
3130 2026 3222 2079 τοῦ
3252 2024 3404 2094 ἁγίου
3431 2022 3570 2076 Πνεύ
3580 2039 3765 2093 ματος,
3792 2021 3887 2074 νῦν

2326 2115 2423 2168 καὶ
2456 2116 2560 2178 ἀεὶ,
2588 2114 2680 2167 καὶ⁸
2708 2116 2784 2178 εἰς
2826 2117 2948 2179 τοὺς
2982 2117 3176 2178 αἰῶνας
3207 2113 3313 2167 τῶν
3351 2109 3579 2165 αἰώνων.
3622 2110 3813 2179 Ἀμήν.

2961 2207 3146 2260 ΕΥΧΗ
3175 2209 3250 2260 Θ¹.

2395 2298 2641 2369 Δὰμψον,
2697 2298 2940 2351 Δέσποτα
2974 2298 3341 2369 φιλάνθρωπε,
3373 2298 3431 2350 ὲν
3490 2298 3611 2359 ταῖς
3642 2293 3884 2365 καρδίαις

2326 2390 2479 2460 ἡμῶν
2510 2392 2569 2443 τὸ
2594 2391 2690 2461 τῆς
2722 2392 2818 2461 σῆς
2847 2390 3171 2459 Θεογνωσίας
3202 2390 3315 2458 φῶς
3344 2390 3635 2459 ἀκήρατον,
3655 2386 3886 2448 καὶτοὺς

2324 2480 2421 2549 τῆς
2450 2480 2686 2543 διανοίας
2734 2482 2886 2551 ἡμῶν
2916 2481 3221 2551 ὀφθαλμοὺς
3247 2479 3505 2543 διάνοιξον
3528 2481 3606 2539 είς
3632 2477 3727 2546 τὴν
3777 2474 3884 2527 τῶν

2325 2571 2695 2638 εύαγγελικῶν
2751 2588 2843 2623 σου
2894 2573 3260 2642 κηρυγμάτων
3319 2571 3676 2640 κατανόησιν·
3736 2567 3885 2628 ἔνθες

2324 2662 2454 2732 ἡμῖν
2483 2660 2700 2713 καὶτῶν
2744 2661 3021 2732 μακαρίων
3054 2678 3144 2713 σου
3167 2661 3389 2714 ἐντολῶν
3422 2661 3602 2730 φόϐον,
3637 2660 3747 2719 ἵνα,
3782 2658 3885 2710 πά-

2326 2769 2423 2817 σας
2473 2752 2568 2817 τὰς
2597 2751 2860 2824 σαρκικὰς
2889 2751 3179 2819 ἐπιθυμίας
3207 2753 3884 2818 καταπατήσαντες,πνευ-

2328 2844 2559 2915 ματικὴν
2603 2844 2878 2897 πολιτείαν
2926 2840 3285 2913 μετέλοωμεν,
3325 2841 3501 2892 πάντα
3528 2838 3594 2890 τὰ
3622 2837 3757 2907 πρὸς
3793 2838 3881 2889 εύ-

2324 2936 2615 3006 αρέστησιν
2668 2936 2764 3006 τὴν
2796 2935 2891 3005 σὴν
2939 2934 3031 2986 καὶ
3064 2932 3380 3002 φρονοῦντες
3418 2931 3509 2984 καὶ
3534 2929 3879 2999 πράττοντες.

2328 3026 2449 3079 Ὅτι
2486 3028 2548 3079 σὺ
2577 3022 2627 3079 εἷ
2647 3028 2675 3078 6
2718 3026 2982 3096 ἁγιασμὸς
3011 3026 3102 3078 καὶ
3127 3027 3155 3079 6
3178 3022 3449 3093 φωτισμὸς
3476 3024 3508 3093 ἡ
3518 3020 3652 3092 μῶν,
3683 3020 3774 3071 καὶ
3804 3020 3883 3071 σοὶ

2325 3120 2422 3191 τὴν
2438 3117 2592 3182 δόξαν
2625 3119 3038 3190 ἀνα-πέμπομεν,
3079 3116 3156 3189 τῷ
3181 3116 3375 3188 Πατρὶ,
3403 3114 3495 3167 καὶ
3520 3112 3596 3182 τῷ
3623 3109 3758 3180 Υἰῷ,
3792 3111 3883 3161 καὶ

2324 3210 2400 3281 τῷ
2433 3211 2572 3281 ἁγίῳ
2595 3211 2890 3282 Πνεύματι,
2915 3209 3011 3264 νῦν
3045 3211 3137 3264 καὶ
3162 3210 3268 3272 ἀεὶ,
3307 3208 3397 3263 καὶ
3426 3209 3503 3270 είς
3527 3205 3651 3268 τοὺς
3686 3200 3881 3263 αἰῶνας

2328 3301 2428 3353 τῶν
2463 3301 2688 3357 αἰώνων.
2737 3302 2925 3373 Ἀμήν.

2974 3392 3161 3445 ΕΥΧΗ
3190 3394 3246 3445 I'.

2393 3485 2563 3555 Κύριε
2596 3489 2623 3538 6
2660 3485 2792 3547 Θεὸς
2829 3484 3003 3555 ἡμῶν,
3035 3486 3063 3536 6
3096 3483 3192 3553 τὴν
3242 3481 3328 3534 διὰ
3368 3481 3655 3551 μετανοίας
3694 3480 3881 3546 ἄφεσιν

2323 3576 2434 3636 τοῖς
2469 3574 2771 3644 ἀνθρώποις
2811 3574 3211 3645 δωρησάμενος,
3245 3573 3339 3624 καὶ
3376 3574 3536 3625 τόπον
3580 3574 3713 3643 ἡμῖν
3762 3573 3875 3622 ὲπι-

2325 3664 2577 3732 γνώσεως
2618 3664 3025 3733 ἁμαρτημάτων
3055 3663 3147 3714 καὶ
3186 3661 3614 3730 ὲξομολογήσεως
3644 3660 3743 3728 τὴν
3788 3656 3879 3709 τοῦ

2325 3760 2603 3831 προφήτου
2631 3757 2793 3809 Δαῦὶδ
2825 3755 3109 3827 μετάνοιαν
3134 3756 3267 3826 πρὸς
3303 3752 3643 3823 συγχώρησιν
3672 3750 3879 3802 ὑποδεί-

2324 3852 2440 3920 ξας·
2478 3852 2658 3915 αὐτὸς,
2690 3850 2954 3917 Δέσποτα,
2980 3849 3193 3913 πολλοῖς
3231 3849 3373 3919 ἡμᾶς
3394 3847 3486 3901 καὶ
3517 3844 3770 3917 μεγάλοις
3790 3858 3882 3893 πε-

2327 3944 2733 4016 ριπεπτωκότας
2752 3944 2856 4013 πλη
2865 3943 3039 4014 μμελή
3050 3960 3211 4013 μασιν
3239 3940 3478 4009 ἐλέησον,
3513 3936 3652 3991 κατὰ
3669 3936 3728 3989 τὸ
3744 3936 3879 4005 μέγα

2328 4052 2419 4085 σου
2464 4035 2604 4096 ἔλεος
2637 4035 2731 4084 καὶ
2762 4034 2904 4084 κατά
2948 4032 3008 4085 τὸ
3049 4033 3247 4102 πλῆθος
3284 4031 3389 4083 τῶν
3433 4029 3730 4099 οἰκτιρμῶν
3766 4042 3876 4078 σου.

2339 4120 2647 4191 Ἐξάλειψον
2679 4122 2747 4173 τὰ
2786 4122 3107 4189 ἀνομήματα
3134 4121 3307 4189 ἡμῶν,
3334 4121 3413 4171 ὅτι
3441 4122 3520 4171 σοὶ
3544 4119 3877 4188 ἡμάρτομεν,

2326 4213 2519 4284 Κύριε,
2544 4212 2621 4284 τῷ
2641 4214 2732 4266 καὶ
2763 4212 2830 4264 τὰ
2864 4212 3031 4282 ἄδηλα
3053 4212 3145 4264 κα)⁸
3168 4211 3373 4281 κρύφια
3404 4212 3500 4281 τῆς
3533 4209 3757 4281 καρδίας
3776 4206 3879 4258 τῶν

2324 4304 2625 4375 ἀνθρώπων
2681 4302 3019 4371 γινώσκοντι,
3079 4304 3171 4356 καὶ
3220 4303 3361 4374 μόνῳ
3411 4302 3583 4372 ἔχοντι
3639 4298 3878 4364 ἐξουσίαν

2326 4398 2539 4465 ἀφιέναι
2588 4396 2880 4466 ἁμαρτίας.
2914 4396 3151 4467 Καρδίαν
3180 4396 3236 4448 δὲ
3294 4395 3535 4467 καθαρὰν
3582 4393 3769 4456 κτίσας
3826 4393 3879 4443 ὲν

672 4482 1231 4553 priueipaliconﬁrma
1268 4501 1381 4549 nos,
1414 4496 1469 4541 et
1504 4486 1780 4542 manifesta
1807 4488 1960 4542 nobis
1986 4488 2221 4543 ltetitiam

2329 4489 2479 4558 ἡμῖν,
2509 4489 2601 4541 καὶ
2648 4487 2912 4558 πνεύματι
2942 4489 3248 4560 ἡγεμονικῷ
3296 4488 3548 4559 στηρίξας
3579 4488 3748 4557 ἡμᾶς,
3793 4482 3878 4536 καὶ

669 4573 923 4628 salutaris
950 4574 1023 4628 ttti
1059 4592 1072 4629 :
1106 4588 1172 4628 ne
1202 4576 1454 4643 projicias
1485 4594 1583 4632 nos
1607 4592 1637 4632 a
1678 4578 1811 4633 facie
1844 4589 1928 4633 tua
1968 4580 2077 4651 (a);
2130 4583 2221 4635 sed

2328 4579 2424 4649 τὴν
2460 4577 2776 4647 ἁγαλλίασιν
2799 4579 2889 4632 τοῦ
2920 4579 3184 4650 σωτηρίου
3204 4596 3293 4630 σου
3319 4578 3587 4646 γνωρίσας
3623 4577 3778 4645 ἡμῖν,
3808 4572 3877 4641 μὴ

669 4669 874 4737 placeat
907 4665 1024 4729 tibi,
1059 4668 1200 4720 bono
1240 4675 1290 4719 et
1325 4666 1573 4737 benigno,
1605 4676 1659 4723 ut
1691 4684 1855 4738 usque
1890 4673 1955 4725 ad
1980 4684 2221 4727 nostrum

664 4770 965 4813 extremum
1008 4757 1232 4812 halitum
1265 4756 1556 4813 offeramus
1584 4761 1677 4814 tibi
1709 4764 2034 4817 sacriﬁcium
2064 4761 2225 4829 justi-

669 4851 777 4914 tize,
806 4858 857 4902 et
880 4847 1205 4901 oblationem
1232 4862 1393 4917 super
1418 4858 1603 4901 sancta
1637 4858 1729 4902 tua
1758 4849 1981 4918 altaria;
2015 4852 2225 4904 miseri-

665 4939 874 5008 cordia,
908 4938 1344 4993 miserationibus
1366 4979 1381 5004 ,
1414 4948 1467 4992 et
1496 4938 1831 5009 benignitate
1864 4943 2121 5013 unigeniti
2147 4944 2222 4997 tui

665 5033 809 5098 Filii,
852 5044 1082 5100 quocum
1118 5029 1431 5086 benedictus
1461 5046 1521 5085 es
1547 5070 1563 5095 ,
1615 5047 1737 5085 cum
1787 5036 2131 5091 sanctissimo
2170 5046 2226 5092 et

666 5128 807 5180 bono
836 5136 889 5179 et
922 5124 1135 5179 viviﬁco
1171 5131 1263 5178 tuo
1285 5126 1492 5194 Spiritu
1548 5142 1689 5182 nunc
1723 5136 1778 5183 et
1812 5142 2048 5199 semper,
2084 5142 2139 5187 et
2168 5133 2219 5187 in

666 5216 861 5273 saecula
892 5216 1231 5272 saeculorum.
1268 5218 1460 5272 Amen.

1253 5390 1507 5449 ORATIO
1547 5392 1638 5446 XI.

741 5482 862 5539 ιει.
914 5485 1077 5549 Deus,
1131 5485 1270 5540 Deus
1323 5495 1525 5551 noster,
1560 5489 1651 5555 qui
1688 5486 1989 5543 intellectus
2038 5498 2091 5542 et
2133 5506 2211 5545 ra-

670 5577 832 5631 tionis
863 5577 1151 5645 participes
1177 5578 1418 5632 Virtutes
1463 5588 1548 5631 tua
1595 5579 1866 5636 voluntate
1899 5582 2220 5650 condidisti,

671 5684 983 5739 quaesumus
1041 5679 1093 5722 te
1146 5680 1306 5739 atque
1336 5671 1695 5740 obtestamur,
1729 5675 1939 5743 suscipe
1989 5685 2223 5731 nostram

739 5781 813 5847 (α)
850 5779 988 5834 Psal.
1023 5796 1072 5843 L,
1116 5782 1196 5845 η,
1234 5784 1318 5836 13.

2324 4665 2636 4738 ἁπορῤίψῃς
2662 4669 2812 4738 ἡμᾶς
2857 4666 2962 4719 ἀπὸ
2987 4667 3079 4720 τοῦ
3113 4665 3401 4738 προσώπου
3439 4681 3549 4717 σου·
3599 4664 3714 4717 ἀλλ’
3736 4660 3879 4713 εὐδόο

2326 4775 2513 4829 κησον,
2540 4758 2613 4821 ώς
2639 4758 2840 4826 ἀγαθὸς
2868 4758 2961 4811 καὶ
2994 4759 3387 4829 φιλάνθρωπος,
3420 4757 3577 4828 μέχρι
3596 4756 3694 4824 τῆς
3722 4751 3877 4822 ἐσχά-

2324 4867 2426 4919 της
2450 4849 2603 4920 ὴμῶν
2628 4850 2922 4919 ἀναπνοῆς,
2944 4851 3268 4922 προσφέρειν
3301 4866 3379 4901 σοι
3396 4849 3583 4901 ουσίαν
3606 4842 3874 4899 δικαιοσύ-

2325 4960 2446 5014 νης,
2485 4943 2580 4997 καὶ
2614 4944 2889 5015 ἀναφορὰν
2918 4945 2974 4996 ὲν
3001 4946 3110 5005 τοῖς
3135 4942 3307 5009 ἁγίοις
3342 4959 3429 4995 σου
3459 4937 3875 5009 θυσιαστηρίοις,

2326 5035 2488 5099 ἐλέει,
2521 5038 2823 5105 οίκτιρμοίς
2874 5034 2968 5088 καὶ
3022 5033 3397 5105 φιλανθρωπίᾳ
3429 5030 3521 5083 τοῦ
3566 5028 3876 5099 μονογενοῦς

2327 5146 2421 5182 σου
2457 5128 2611 5191 Υίοῦ,
2654 5127 2770 5197 μεθ’
2797 5145 2856 5182 ου
2886 5127 3170 5195 εὐλογητὸς
3201 5123 3268 5189 εί,
3299 5125 3391 5177 σὺν
3422 5122 3497 5192 τῷ
3521 5122 3771 5192 παναγίῳ
3790 5119 3874 5172 καὶ

2326 5220 2515 5291 ἀγαθῷ
2541 5219 2635 5273 καὶ
2665 5219 2906 5290 ζωοποιῷ
2932 5236 3024 5272 σου
3062 5218 3355 5289 Πνεύματι,
3382 5215 3475 5269 νῦν
3513 5216 3603 5268 καὶ
3631 5212 3743 5281 ἀεὶ,
3790 5209 3875 5264 καὶ

2326 5315 2405 5377 είς
2422 5315 2547 5376 τοὺς
2570 5310 2766 5375 αἰῶνας
2787 5310 2893 5364 τῶν
2926 5310 3152 5364 αἰώνων.
3198 5310 3387 5380 Ἀμήν.

2932 5400 3121 5453 ΕΥΧΗ
3155 5402 3255 5455 IA'.

2407 5493 2467 5547 '0
2516 5493 2665 5559 Θεὸς,
2704 5495 2731 5547 6
2758 5492 2890 5556 Θεὸς
2930 5494 2961 5563 ἠ
2972 5493 3105 5562 μῶν,
3136 5494 3163 5545 6
3210 5492 3306 5557 τάς
3338 5495 3527 5563 νοερὰς
3546 5492 3639 5547 καὶ
3659 5490 3873 5562 λογικάς

2328 5585 2769 5657 ὑποστησάμενος
2794 5584 3057 5656 Δυνάμεις
3078 5584 3154 5656 τῷ
3180 5585 3255 5656 σῷ
3272 5586 3552 5658 θελήματι’
3579 5586 3672 5638 σοῦ
3700 5585 3874 5653 62631.5-

2328 5678 2415 5744 Θα,
2449 5680 2541 5731 καὶ
2580 5680 2638 5731 σὲ
2698 5679 3029 5748 ἱκετεύομεν,
3085 5679 3367 5747 πρόσδεξαι
3426 5678 3581 5748 ἡμῶν
3636 5678 3734 5731 καὶ
3780 5674 3876 5728 τῶν
