4060 6316
1242 372 1637 428 ACOLU'I'IIIA
1676 371 2013 429 TRIPLICIS
2050 371 2262 427 FESTI.

3227 378 3375 421 CCC“

172 497 465 568 κτισμάτων
492 515 589 552 σου
622 496 837 548 πάντων
860 505 955 564 τήν
976 492 1115 546 κατὰ
1142 492 1367 563 δύναμιν
1390 491 1718 560 δοξολογίαν,

1836 491 2181 558 amniumque
2225 501 2435 542 tuarum
2491 490 2859 543 creaturarum
2894 479 3332 552 glorificationem
3358 517 3375 542 ,

172 590 255 643 xei.
283 594 399 657 ταῖς
441 588 704 649 πλουσίας
748 586 845 656 τῆς
888 586 987 655 σῆς
1028 585 1360 655 ἀγαοόττιτος
1393 583 1719 654 ἀντάμειψαι

170 678 401 751 δωρεαῖς·
436 681 517 732 ὅτι
553 676 636 728 σοὶ
664 676 899 746 κάμπτει
934 677 1040 729 πᾶν
1064 678 1211 745 γόνυ,
1242 672 1594 743 ἐπουρανίων,
1629 677 1720 729 καὶ

173 771 433 838 ἐπιγείων,
455 767 548 819 καὶ
566 765 948 836 καταχθονίων·
980 768 1072 821 καί⁵
1092 768 1241 820 πᾶσα
1263 762 1397 834 πνοὴ
1426 762 1518 815 καὶ
1548 764 1721 830 κτίσις

172 861 318 932 ὑμνεῖ
347 860 445 929 τὴν
481 857 862 927 ἀκατάληπτόν
891 876 982 912 σου
1008 858 1185 923 δόξαν’
1208 855 1365 927 μόνος
1385 854 1492 925 γὰρ
1512 851 1561 907 εἴ
1590 855 1721 921 Θεὸς

173 948 407 1019 ἀληθινὸς
450 946 546 999 καὶ
602 946 901 1011 πολυέλεος.
940 949 1061 1000 Ὅτι
1105 947 1162 997 σὲ
1218 943 1427 997 αἰνοῦσι
1469 945 1636 999 πᾶσαι
1665 948 1719 998 αί

174 1040 425 1107 Δυνάμεις
450 1038 557 1092 τῶν
588 1039 850 1111 οὐρανῶν,
876 1040 973 1091 καὶ
1017 1038 1099 1088 σο¹ι
1126 1034 1281 1101 δόξαν
1307 1036 1718 1107 ἀναπὲμπομεν,

174 1130 241 1198 τῷ
266 1129 451 1201 Πατρὶ,
488 1132 581 1183 καὶ
602 1131 681 1199 τῷ
706 1129 837 1198 Υίῷ,
868 1129 961 1181 καὶ
989 1127 1066 1197 τῷ
1104 1127 1243 1199 ἁγίῳ
1282 1128 1579 1197 Πνεύματι,
1628 1127 1721 1181 νῦν

175 1219 257 1271 καὶ
286 1218 387 1284 ἀεὶ,
416 1222 511 1272 καὶ
542 1221 622 1281 εἰς
665 1219 787 1279 τοὺς
825 1217 1023 1278 αἰῶνας
1070 1216 1175 1271 τῶν
1202 1217 1428 1271 αἰώνων.
1476 1216 1663 1285 Ἀμήν.

790 1307 974 1360 ΕΥΧΙΙ
992 1308 1089 1363 1Β’.

238 1403 494 1473 Αἰνοῦμεν
514 1442 530 1465 ,
577 1401 869 1473 ὐμνοῦμεν,
897 1402 1219 1474 εὐλογοῦμεν
1248 1404 1341 1456 καὶ
1378 1404 1724 1478 εὐχαριστοῦ-

181 1492 271 1562 μέν
316 1511 415 1557 σοι,
444 1496 472 1546 ὁ
505 1495 637 1559 Θεὸς
661 1496 769 1548 τῶν
810 1494 1059 1565 πατέρων
1092 1494 1270 1564 ἡμῶν,
1307 1495 1385 1547 ὅτι
1407 1503 1723 1569 παρήγαγες

175 1585 263 1655 τὴν
298 1587 449 1639 σκιὰν
476 1587 576 1658 τῆς
609 1586 817 1649 νυκτὸς,
847 1587 941 1639 καὶ
966 1584 1167 1648 ἔδειξας
1184 1587 1312 1655 ἡμῖν
1344 1588 1503 1642 πάλιν
1526 1590 1584 1643 τὸ
1610 1591 1724 1659 φῶς

177 1678 264 1746 τῆς
308 1679 537 1751 ἡμέρας.
601 1680 736 1732 Ἀλλ’
791 1677 1102 1747 ἱκετεύομεν
1128 1677 1224 1748 τὴν
1256 1679 1353 1749 σήν
1392 1681 1718 1753 ἁγαθότητα,

181 1768 405 1838 ίλάσθητι
461 1772 584 1831 ταῖς
626 1768 919 1839 ἁμαρτίαις
945 1768 1122 1839 ήμῶν,
1178 1771 1270 1823 καὶ
1311 1772 1597 1844 πρόσδεξαι
1623 1776 1721 1846 τὴν

179 1859 342 1928 δέησιν
367 1859 523 1928 ήμῶν
546 1860 603 1910 ὲν
644 1861 710 1930 τῇ
744 1860 949 1932 μεγάλῃ
967 1879 1058 1914 σου
1087 1861 1470 1932 εύσπλαγχνίᾳ·
1491 1865 1571 1917 ὅτι
1588 1867 1722 1936 πρὸς

182 1951 233 2002 σὲ
257 1949 687 2020 καταφεύγομεν,
732 1951 823 2004 τὸν
882 1952 1148 2022 ἐλεήμονα
1180 1954 1273 2004 καὶ
1321 1954 1721 2025 παντοδύναμον

180 2040 315 2093 Θεὸν.
343 2043 569 2113 Λάμψον
597 2045 652 2095 ἐν
700 2045 818 2106 ταῖς
864 2043 1109 2113 καρδίαις
1142 2042 1296 2112 ἡμῶν
1341 2041 1430 2095 τὸν
1476 2043 1719 2115 ἀληθινὸν

179 2133 311 2202 ἥλιον
355 2134 455 2205 τῆς
482 2134 825 2205 δικαιοσύνης
870 2151 985 2198 σου,
1024 2132 1254 2201 φώτισον
1282 2132 1372 2188 τὸν
1398 2133 1521 2187 νοῦν
1545 2135 1721 2205 ήμῶν,

182 2228 264 2278 καὶ
292 2227 386 2291 τὰς
420 2227 699 2298 αἰσθήσεις
726 2228 852 2291 ὅλας
874 2228 1216 2298 διατήρησον,
1244 2226 1349 2292 ἵνα,
1374 2227 1448 2290 ὼς
1465 2228 1521 2279 ὲν
1544 2227 1723 2298 ἡμέρᾳ

182 2317 509 2385 εὐσχημόνως
536 2317 954 2389 περιπατοῦντες
968 2317 1065 2388 τὴν
1094 2317 1211 2370 ὁδὸν
1230 2318 1337 2372 τῶν
1367 2318 1592 2372 ὲντολῶν
1608 2336 1720 2386 σου,

185 2410 586 2477 καταντήσωμεν
616 2410 696 2470 εἰς
726 2410 823 2478 τὴν
850 2408 993 2478 ζωὴν
1023 2410 1121 2477 τὴν
1162 2408 1395 2470 αἰώνιον,
1446 2410 1526 2461 ὅτι
1576 2410 1725 2479 παρὰ

184 2500 253 2553 σοί
273 2502 408 2554 ἐστιν
430 2502 632 2571 ήπηγνὶι
659 2502 755 2572 τῆς
782 2500 943 2572 ζωῆς
970 2502 1061 2554 καὶ
1081 2503 1136 2553 ὲν
1158 2499 1452 2553 ἀπολαύσει
1475 2498 1724 2568 γενέσθαι

184 2593 586 2665 καταξιωθῶμεν
605 2592 699 2646 τοῦ
724 2592 1016 2663 ἀπροσίτου
1049 2592 1243 2662 φωτὸς,
1278 2593 1361 2645 ὅτι
1392 2592 1455 2645 σὺ
1479 2587 1531 2644 εἴ
1551 2593 1578 2643 ὁ
1597 2591 1727 2656 Θεὸς

184 2683 340 2751 ἡμῶν,
370 2686 460 2737 καὶ
497 2686 581 2737 σοὶ
609 2685 708 2754 τὴν
760 2683 915 2748 δόξαν
947 2684 1361 2755 ἀναπέμπομεν,
1414 2682 1491 2756 τῷ
1530 2682 1721 2753 Πατρί.

186 2775 265 2826 καὶ
311 2776 384 2844 τῷ
441 2778 578 2847 Υἰῷ,
638 2778 733 2829 καὶ
796 2776 873 2845 τῷ
931 2778 1070 2847 ἁγίῳ
1131 2777 1426 2847 Πνεύματι,
1483 2773 1578 2829 νῦν
1634 2774 1726 2826 καὶ

185 2864 279 2931 ἀεὶ,
307 2868 392 2919 καὶ
424 2869 505 2930 είς
553 2868 678 2928 τοὺς
706 2867 903 2927 αἰῶνας
921 2866 1028 2918 τῶν
1064 2865 1291 2919 αἰώνων.
1330 2866 1520 2935 Ἀμήν.

245 2956 369 3013 Εἶτα
413 2958 563 3028 λέγει
606 2959 704 3011 τὶν
757 2960 994 3029 μεγάλην
1042 2959 1338 3027 συναπτήν.
1372 2956 1527 3011 Μετὰ
1554 2953 1727 3027 δὲτὴν

186 3053 491 3127 ὲκφὼνησιν,
538 3051 823 3122 ψὰλΑεταιο
896 3051 981 3104 "0
1013 3050 1143 3113 Θεὸς
1200 3048 1424 3122 Κύριος.

1821 581 2237 648 uniuscujusque
2283 578 2489 632 viribus
2538 580 2927 642 congruentem
2958 610 2973 632 ,
3004 583 3057 624 et
3103 566 3374 624 afﬂuentia

1821 674 2078 729 bonitatis
2130 682 2232 725 tua:
2266 673 2400 724 dona
2453 669 2717 738 repende;
2755 665 2880 731 quia
2912 662 3190 717 tihiomne
3236 675 3376 733 genu

1820 764 2075 829 ﬂectitur,
2131 762 2431 817 caelestium
2468 801 2483 827 ,
2539 767 2875 815 terrestrium
2911 765 2963 808 et
2995 754 3372 817 infernorum;

1818 856 2101 923 omnisque
2135 856 2359 924 spiritus
2391 867 2456 907 ac
2498 864 2743 906 creatura
2779 846 3018 903 celebrat
3070 845 3374 912 incompre-

1818 949 2135 1004 hensibilcm
2171 947 2397 1019 gloriam
2435 955 2603 999 tuam.
2657 944 2790 1010 Quia
2826 954 2876 995 te
2926 936 3144 991 laudant
3183 948 3371 987 omnes

1821 1042 2060 1094 Virtutes
2101 1040 2355 1093 caelorum
2382 1077 2398 1100 ,
2429 1045 2483 1089 et
2528 1050 2626 1088 nos
2659 1035 2752 1087 tibi
2802 1031 3026 1104 gloriam
3082 1026 3378 1086 reddimus,

1818 1131 2007 1193 Patri,
2038 1138 2093 1181 et
2120 1129 2276 1192 Filio,
2302 1137 2353 1179 et
2394 1126 2618 1196 Spiritui
2653 1136 2863 1190 sancto,
2895 1136 3032 1176 nunc
3067 1128 3121 1172 et
3144 1128 3378 1185 semper,

1820 1237 1871 1281 et
1902 1225 1953 1279 in
1972 1221 2162 1278 smcula
2188 1219 2524 1274 saeculorum.
2555 1219 2724 1271 Amen

2400 1306 2656 1362 ORATIO
2696 1304 2810 1359 XII.

1891 1406 2013 1459 155.
2069 1404 2419 1468 Laudamus,
2470 1399 2844 1461 celebramus,
2904 1392 3266 1449 benedicimus
3323 1394 3381 1440 et

1830 1498 2034 1563 gratias
2070 1495 2278 1559 agimus
2305 1494 2419 1553 tibi,
2457 1489 2599 1543 Deus
2639 1496 2847 1557 patrum
2880 1493 3211 1539 nostrorum,
3240 1476 3379 1544 quod

1823 1580 2171 1650 dissipaveris
2222 1581 2465 1633 umbram
2514 1578 2726 1637 noctis.
2756 1584 2809 1628 et
2846 1573 3000 1626 nobis
3039 1570 3143 1624 diei
3194 1566 3375 1620 lumen

1824 1675 2014 1728 iterum
2053 1671 2380 1724 ostenderis.
2419 1672 2616 1725 Verum
2669 1667 2965 1723 bonitatem
3022 1671 3165 1715 tuam
3221 1658 3379 1712 obse-

1822 1781 2059 1828 cramus,
2107 1761 2376 1833 propitius
2402 1771 2518 1815 esto
2545 1761 2784 1830 peccatis
2812 1755 3036 1817 nostris,
3066 1762 3119 1808 et
3146 1766 3240 1820 pro
3264 1762 3379 1802 ma-

1752 1848 1793 1901 Β
1825 1872 1924 1923 gna
1957 1853 2327 1910 misericordia
2357 1862 2442 1904 tua
2480 1860 2696 1906 nostras
2726 1865 2915 1919 preces
2962 1845 3224 1901 admitte:
3256 1839 3379 1909 quia

1825 1950 1890 2002 ad
1926 1959 1977 2002 te
2004 1949 2344 2017 confugimus
2370 1986 2385 2011 ,
2416 1945 2824 2001 misericordem
2864 1952 2918 1996 et
2956 1938 3380 2006 omnipotentem

1826 2036 2014 2089 Deum.
2048 2036 2102 2088 In
2133 2038 2384 2091 cordibus
2432 2034 2633 2091 nostris
2685 2030 2853 2086 solem
2904 2029 3126 2097 iustitia:
3158 2038 3259 2077 tuae
3289 2034 3383 2073 ac-

1824 2127 2012 2189 cende,
2042 2135 2275 2180 mentem
2313 2138 2552 2179 nostram
2586 2124 2848 2179 illumina.
2872 2131 3164 2186 omnesque
3192 2126 3381 2168 sensus

1820 2233 2100 2279 conserva,
2125 2226 2181 2269 ut
2210 2224 2464 2284 tanquam
2503 2216 2553 2267 in
2584 2216 2669 2267 die
2711 2228 2806 2283 per
2838 2212 2976 2265 viam
3006 2206 3381 2262 mandatorum

1822 2321 2031 2366 tuorum
2060 2310 2282 2379 pulchre
2309 2304 2673 2367 ambulantes,
2708 2306 2773 2355 ad
2797 2302 2957 2355 vitam
3004 2296 3381 2367 perveniamus

1821 2414 2075 2457 mternatn
2110 2443 2125 2467 ,
2164 2402 2289 2471 quia
2341 2399 2463 2453 fons
2504 2397 2629 2450 vitae
2655 2397 2796 2464 apud
2847 2402 2896 2446 te
2944 2399 3059 2454 est;
3094 2399 3150 2442 et
3180 2387 3381 2439 lumine

1826 2494 2105 2548 inaccesso
2161 2492 2362 2560 perfrui
2418 2503 2746 2548 mereamur,
2776 2486 2897 2554 quia
2933 2496 2985 2536 tu
3029 2483 3168 2535 Deus
3195 2485 3383 2531 uoster

1822 2601 1902 2651 es,
1933 2596 1986 2638 et
2010 2584 2103 2637 tibi
2138 2583 2407 2636 reddimus
2428 2582 2673 2650 gloriam,
2724 2578 2891 2640 Patri,
2924 2584 2977 2628 et
3001 2572 3157 2637 Filio,
3183 2580 3235 2624 et
3258 2584 3383 2622 san-

1824 2686 1915 2731 cto
1937 2674 2183 2745 Spiritui,
2210 2687 2352 2727 nunc
2383 2681 2436 2725 et
2466 2687 2696 2738 semper,
2729 2679 2781 2723 et
2814 2670 2864 2723 in
2921 2665 3112 2722 smcula
3160 2661 3383 2717 saeculo-

1825 2785 1966 2826 rum.
1998 2769 2189 2823 Amen.

1894 2940 2017 2996 156.
2046 2959 2065 2990 ι
2103 2941 2303 2995 Deinde
2331 2939 2525 2994 ree‘itat
2548 2951 2796 3006 magnam
2830 2933 3128 2989 collectam.
3171 2929 3236 2985 Et
3262 2940 3383 3000 post

1752 3058 1795 3114 ρ
1825 3032 2263 3090 exclamationem
2291 3032 2433 3084 canit
2459 3049 2473 3085 :
2505 3027 2645 3083 Deus
2677 3015 2966 3081 Dominus.

248 3170 407 3223 COIII.
434 3169 624 3237 Magna
659 3167 744 3220 illa
777 3167 996 3222 collecta
1033 3177 1086 3221 et
1115 3165 1443 3221 exclamatio
1467 3164 1655 3237 eadem
1689 3176 1728 3216 ea

1821 3148 2249 3237 quam‘dedin‘tns
2287 3160 2454 3237 supra
2487 3159 2636 3237 tinum.
2666 3141 2835 3237 73.'in
2871 3139 3162 3237 majoribus
3186 3139 3383 3237 Xespe-

190 3237 293 3306 ris,
346 3212 581 3305 adeque
639 3253 1087 3306 supervacaneum
1140 3247 1283 3306 esset
1328 3252 1447 3289 eam
1502 3235 1590 3289 hic
1636 3244 1728 3306 tot:

1837 3212 2117 3306 'repetere.
2151 3218 2237 3306 A'd‘
2267 3212 2368 3306 ea,
2398 3216 2454 3269 Ὀ
2507 3214 2639 3306 Θεὸέ
2684 3212 2887 3306 ξύριος
2913 3251 2946 3306 ,ι
2976 3214 3116 3306 quod
3157 3212 3379 3306 attinget,

191 3305 312 3361 forte
358 3309 426 3360 illi
455 3305 877 3363 subnectentdum
913 3317 996 3360 cst
1042 3322 1103 3360 ex
1141 3305 1426 3374 Horologio
1488 3322 1502 3357 :

1569 3279 1687 3357 καλ*
1697 3279 1987 3371 {uicani-2v“
2001 3292 2128 3371 ήμζν
2151 3287 2347 3371 ,εὐλογή
2357 3303 2513 3367 μενος
2540 3286 2568 3336 ὁ
2600 3279 2905 3371 ἐρχόμεπνοὶ
2926 3282 2982 3371 ty
3026 3279 3261 3371 ὸνιόματι.
3270 3280 3384 3371 ξςνῖ

192 3378 331 3447 pinu:
367 3397 382 3427 ι
420 3379 481 3429 Et
513 3350 972 3445 apparuituuobis:
989 3350 1297 3447 benedictus
1446 3350 1675 3426 venitmin
1706 3350 1924 3447 nomine
1959 3350 2183 3447 Domini.
2218 3378 2235 3409 ι
2282 3350 2538 3425 Ἠὐὶυιιιιι
2563 3350 2744 3406 autem
2777 3354 2835 3405 S.
2877 3353 3031 3402 Saba:
3062 3352 3190 3401 dicit
3250 3350 3380 3403 illud

192 3432 314 3507 iam,
337 3463 435 3498 non
462 3463 489 3498 a
514 3432 815 3507 sacerdote,
854 3432 959 3499 sed,
988 3462 1014 3496 ιι
1053 3432 1662 3509 ιίρδίιξιιδιυίιιοιιιιοίιοι
1713 3437 1873 3494 verba
1909 3432 2020 3483 ha'e
2061 3439 2218 3481 sunt:

251 3534 352 3590 Εἶθ’
399 3536 570 3600 οῦτως
607 3539 633 3589 ὁ
686 3537 899 3606 ταχθεὶς
941 3536 1168 3607 μοναχὸς
1216 3535 1307 3604 ἀφ’
1359 3534 1593 3607 ἑσπέρας
1646 3534 1725 3597 εἰς

182 3628 241 3681 τὸ
279 3631 623 3701 προκείμενον
667 3630 765 3699 τῆς
805 3628 1051 3700 ἡμέρας,
1102 3629 1331 3697 ποιήσας
1372 3626 1470 3697 τὴν
1519 3624 1720 3697 συνήθη

195 3722 453 3789 μετάνοιαν
506 3721 585 3792 τῷ
635 3720 918 3792 ἡγουμένῳ
946 3759 961 3785 ,
1009 3718 1202 3787 ψάλλει
1250 3718 1350 3779 τὸ,
1411 3716 1554 3783 Θεὸς
1605 3715 1721 3771 Κύ-

188 3830 315 3881 ριος.

265 3909 427 3963 (ἶοιιιι.
486 3907 617 3961 Post
690 3908 1021 3976 στιχολογιαν
1072 3913 1373 3976 sequuntur
1432 3903 1674 3976 stichcra

196 3977 271 4031 hic
322 3957 610 4033 notandum
642 4015 657 4039 ,
700 3957 845 4044 quod
883 3957 987 4027 fear
1040 3957 1270 4044 trop'aria
1326 3989 1444 4041 qua:
1500 3974 1549 4025 in
1602 3966 1847 4044 _hlenaeis_
1898 3969 2187 4044 Yncantur“
2224 3957 2587 4044 matertera,

195 4058 399 4116 rentur,
455 4063 562 4116 quo
634 4041 735 4098 illa
784 4048 1089 4116 accepimus
1128 4041 1307 4112 supra
1386 4059 1531 4095 num.
1570 4041 1665 4116 __85
1696 4078 1711 4101 ,
1756 4050 1814 4116 se

196 4131 246 4168 ca
273 4156 289 4182 ,
332 4104 442 4183 qua:
474 4104 731 4170 'sedendo
785 4104 1227 4183 persolvuntur;
1258 4122 1314 4164 ut
1370 4111 1688 4183 cantoribus
1751 4104 1818 4183 aii

1817 4032 1848 4084 d
1907 4032 2061 4095 longe
2120 4028 2244 4080 alio.
2298 4024 2410 4078 Hoc
2462 4025 2763 4095 nimirum,

1823 4083 1948 4169 quid
1998 4083 2288 4151 'l'evaminis
2343 4094 2688 4147 concedatur.
2750 4083 2936 4144 Potest
2987 4089 3177 4155 itaque
3227 4083 3383 4139 κάθι-

1899 3523 2021 3578 157.
2110 3518 2393 3582 Absoluta]
2444 3514 2870 3577 exclamatione,
2951 3519 3183 3566 statutus
3271 3510 3381 3579 jam

1832 3616 1958 3672 inde
2006 3628 2035 3666 a
2089 3609 2342 3680 Vesperis
2393 3607 2732 3668 monachus,
2776 3606 2840 3657 ad
2875 3604 2976 3657 diei
3025 3601 3381 3671 propositum,

1828 3708 1965 3764 facta
2020 3703 2196 3759 abbati
2271 3700 2569 3756 reverentia
2601 3738 2619 3765 ,
2688 3697 2836 3752 cauit
2905 3714 2918 3750 :
2977 3694 3117 3749 Deus
3196 3692 3383 3747 Denti-

1832 3818 1948 3855 nus.

1737 3904 2049 3949 sanctorum
2084 3927 2099 3951 ,
2150 3902 2375 3956 quorum
2445 3885 2579 3937 festa
2639 3883 2727 3935 lnx
2792 3882 2990 3949 agitur.
3044 3880 3382 3956 Est__autem

2643 3968 2747 4005 non
2807 3947 2872 4004 eo
2928 3965 3084 4003 sensu
3147 3947 3232 3999 hic
3286 3961 3382 3997 νυ-

2837 4022 2976 4088 quod
3044 4021 3148 4071 sint
3208 4016 3383 4088 canti-

196 4175 293 4255 σμα
319 4175 501 4241 Latine
529 4185 678 4239 reddi
707 4175 890 4238 sessio.
932 4182 1081 4236 Habe
1109 4175 1269 4252 igitur
1292 4181 1450 4251 hujus
1482 4180 1640 4235 ofﬁcii
1663 4175 2003 4233 cathismata.

255 4278 395 4331 Μετὰ
422 4278 519 4349 τὴν
546 4284 593 4330 α’
621 4275 954 4345 στιχολογίαν
980 4274 1244 4344 κάθισμα.

252 4366 410 4440 Ἦχος
437 4372 500 4437 δ’,
529 4370 666 4441 πρὸς
697 4367 843 4438 Ταχὺ
875 4368 1273 4439 προκαταλαϐε.

253 4462 520 4531 Φωστῆρες
562 4459 942 4530 ύπέρλαμπροι
983 4458 1083 4528 τῆς
1126 4456 1445 4528 Ἐκκλησίας
1474 4454 1727 4527 Χριστοῦ,

1910 4260 2039 4315 Post
2070 4258 2298 4329 primam
2337 4252 2706 4323 stichologiam
2736 4253 2926 4305 sessio.

1903 4350 2083 4405 Tenus
2114 4349 2167 4411 4,
2194 4349 2333 4402 sicut
2372 4345 2521 4416 Ταχὺ
2552 4341 2948 4416 προκατάλαὸε.

1904 4443 2025 4497 158.
2056 4440 2307 4496 Ecclesia:
2331 4453 2551 4493 corusca
2582 4436 2887 4499 luminaria,
2907 4430 3166 4487 doctrinis
3193 4431 3388 4485 vestris

196 4547 273 4598 τὸν
291 4521 481 4618 κόσμον
502 4521 821 4613 ⁷ιξφωτίσατε
860 4521 980 4611 ταῖς
1012 4521 1251 4618 διδαχαῖς
1281 4521 1449 4616 ύπμῶνο
1486 4521 1727 4615 Ιιπατέρες

1830 4532 2180 4588 collustrastis
2202 4531 2417 4594 orbem;
2450 4528 2678 4582 confixis
2701 4525 2952 4580 omnibus
2969 4538 3131 4592 prave
3150 4521 3388 4578 sentien-

200 4635 437 4707 θεόσοφοι,
465 4638 735 4709 πήξαντες
780 4637 879 4701 τὰς
925 4638 1161 4708 αἱρέσεις
1187 4639 1402 4691 πάντων
1435 4636 1541 4690 τῶν
1562 4654 1726 4689 κακο-

198 4726 358 4791 δόξων,
382 4728 664 4790 σϐέσαντες
690 4728 787 4789 τὰς
803 4728 1036 4797 φλογώδε
1046 4747 1091 4792 ις
1114 4728 1222 4781 τῶν
1258 4728 1463 4798 βλασφή
1473 4746 1587 4797 μων
1605 4746 1731 4796 συγ-

201 4817 377 4886 χύσεις.
407 4822 514 4886 Διὸ,
548 4821 629 4884 ὡς
654 4820 900 4890 ἱεράρχαι
930 4820 1184 4884 Χοιστοῦ,
1230 4818 1598 4891 πρεσὸεύσατε
1624 4838 1728 4873 σω-

200 4905 337 4977 θῆναι
353 4911 509 4978 ἡμᾶς.

253 4997 395 5062 Δόξα.
420 4999 491 5051 Τὸ
519 5000 669 5053 αύτὸ.
700 5000 808 5053 Καὶ
831 4998 944 5053 νῦν.

257 5088 516 5145 Θεοτόκιον
545 5092 745 5145 διιοιον.

263 5264 484 5335 Παρθένε
528 5266 871 5337 πανύμνητε,
911 5267 1101 5340 Μῆτερ
1156 5268 1390 5338 Χριστοῦ
1450 5286 1539 5322 του
1576 5270 1729 5333 Θεοῦ,

207 5349 446 5426 θεόνυμφε
469 5360 562 5411 καὶ
605 5360 965 5429 ἁπειρόγαμε,
1000 5359 1202 5413 πιστῶν
1251 5362 1283 5430 ή
1316 5360 1610 5429 ἀντίληψις,
1642 5360 1731 5431 ῥῦ-

211 5459 284 5495 σαι
305 5450 488 5514 παντὸς
517 5451 762 5505 κινδύνου
793 5454 887 5505 καὶ
914 5453 1168 5515 παντοίας
1198 5453 1459 5523 ἀνάγκης,
1484 5454 1731 5505 δέσποινα

207 5531 425 5603 Θεοτόκε,
446 5542 570 5604 τοὺς
592 5543 649 5593 ὲν
670 5543 847 5595 πίστει
879 5542 1025 5611 πόθῳ
1052 5544 1118 5612 τῇ
1147 5544 1320 5617 σκέπῃ
1345 5560 1436 5597 σου
1471 5542 1733 5613 προσφεῶ

210 5636 396 5691 γοντας,
415 5629 544 5701 μόνη
564 5630 717 5683 Οεόνυ
726 5648 851 5701 μφε.

271 5796 405 5853 Μετὰ
435 5804 527 5862 τὴν
561 5804 603 5865 β’
637 5806 963 5868 στιγολογίαν
999 5806 1253 5861 κάθισιια.

1835 4626 1962 4679 tium
1992 4620 2309 4682 hmresibus,
2347 4619 2621 4674 ﬂammeas
2665 4615 3109 4671 conturbationes
3140 4615 3389 4683 impieta-

1835 4715 1902 4770 tis
1928 4714 2290 4775 exstinxistis,
2316 4712 2501 4766 Patres
2525 4709 2827 4763 divinorum
2849 4707 3029 4775 periti.
3052 4705 3165 4771 Qua
3184 4706 3248 4758 de
3269 4720 3392 4759 cau-

1833 4821 1914 4870 sa,
1941 4806 2099 4860 veluti
2128 4804 2326 4860 Christi
2356 4801 2674 4879 hierarcbaa,
2703 4810 2942 4854 nostram
2968 4798 3387 4853 incolumitatem

1834 4898 2131 4966 exposcite.

1903 4992 2100 5045 Gloria.
2164 4990 2309 5042 Idem
2374 4986 2650 5042 sticberon
2718 4986 2993 5054 repetitur.
3044 4984 3109 5039 Et
3154 4998 3317 5039 nunc.

1909 5079 2130 5134 Mariale
2188 5078 2403 5145 simile,
2452 5078 2567 5133 sive
2620 5076 2790 5131 eidem
2841 5087 2966 5130 tono
3011 5084 3393 5144 attemperan-

1838 5172 1982 5228 dum.

1916 5263 2081 5332 Virgo
2140 5274 2347 5316 summe
2398 5259 2721 5325 laudabilis,
2789 5257 2958 5312 Mater
3008 5257 3211 5312 Christi
3274 5257 3391 5322 Dei,

1838 5354 2019 5407 divina
2050 5367 2245 5421 sponsa
2288 5359 2343 5405 et
2373 5351 2671 5421 conjugalis
2705 5351 2887 5419 ignara
2920 5349 3395 5412 commerciiJideo

1847 5444 1981 5498 lium
2010 5443 2272 5508 defensio,
2313 5443 2381 5497 ab
2404 5442 2549 5497 omni
2595 5440 2907 5495 discrimine
2941 5448 2994 5495 et
3022 5439 3169 5493 omni
3198 5453 3395 5507 genere

1840 5536 2177 5591 necessitatis
2208 5535 2426 5603 expedi,
2457 5536 2675 5590 domina
2704 5533 2952 5602 Deipara,
2981 5532 3162 5586 tideles
3183 5532 3270 5601 qui
3306 5545 3395 5583 ar-

1842 5627 2034 5679 denter
2091 5626 2143 5679 in
2185 5626 2490 5680 clientelam
2545 5638 2605 5680 se
2642 5635 2785 5679 tuam
2833 5623 3134 5693 conferunt,
3175 5632 3247 5678 tu'
3277 5637 3394 5693 quae

1844 5715 1954 5771 sola
1987 5716 2079 5769 Dei
2106 5730 2299 5784 sponsa
2334 5730 2416 5771 es.

1920 5805 2045 5862 Post
2076 5806 2111 5860 2
2132 5806 2500 5876 stichologiam
2537 5805 2725 5861 sessio.
