4086 6318
663 366 807 408 ευριπ
818 368 845 404 ν

1999 348 2526 406 PROLEGOMENA.

736 465 856 520 166.
913 466 1043 519 Post
1108 464 1352 518 osculum
1391 464 1652 535 evangelii
1707 463 1837 519 dicit
1917 467 2218 522 sacerdos:

2394 466 2545 519 Μετὰ
2569 464 2659 517 τὸν
2684 464 2972 534 ἀσπασμὸν
3000 460 3092 517 τοῦ
3110 464 3446 532 εὐαγγελίου,
3464 462 3613 531 λέγει
3638 468 3667 518 ὁ
3702 463 3857 537 ἱερεύς

663 557 846 619 Salva,
898 557 1057 619 Deus,
1108 557 1357 625 populum
1389 566 1534 609 tuum
1568 569 1620 611 et
1652 557 1879 611 benetlic
1922 557 2221 613 hmredilati

663 660 786 704 tum.
828 649 1073 709 Domine.
1143 649 1423 711 miserere,
1482 651 1787 705 duodecies.
1833 648 1901 702 Et
1958 649 2225 705 exclama-

666 741 742 795 tio
791 756 805 792 :
854 739 1222 792 Misericordia
1251 750 1305 792 et
1350 740 1786 793 miserationibus
1818 748 1873 792 et
1900 740 2226 805 benignitate

668 830 932 900 unigeniti
968 829 1040 884 tui
1076 829 1216 893 Filii,
1244 846 1473 899 quocum
1502 831 1815 885 benedictus
1839 846 1919 895 es,
1951 847 2067 885 cum
2094 846 2225 883 san-

656 925 911 981 ctissituo
966 935 1020 977 et
1077 924 1219 977 bono
1286 922 1499 979 vivifico
1550 934 1639 977 tuo
1692 922 1943 991 Spiritu,
1979 937 2115 978 nunc
2173 931 2229 975 et

666 1031 899 1084 semper,
947 1027 998 1068 et
1038 1016 1092 1068 in
1150 1014 1345 1069 saecula
1398 1017 1736 1071 saeculorum.
1789 1014 1980 1071 Amen.
2022 1016 2087 1069 Et
2138 1016 2222 1067 iu-

666 1110 922 1164 cboaiuus
948 1122 1203 1161 canones.

2332 557 2539 621 Σῶσον,
2585 559 2613 609 ὁ
2666 556 2817 622 Θεὸς,
2872 559 2962 610 τὸν
3006 558 3131 612 λαὸν
3174 574 3288 619 σου,
3334 557 3426 609 καὶ
3475 554 3767 624 εὐλόγησον
3797 557 3877 626 τὴν

2330 648 2689 721 κληρονομίαν
2728 666 2840 701 σου.
2878 648 3070 718 Κύριε,
3110 649 3347 719 ἐλέησον,
3391 647 3476 717 ιβ’.
3508 646 3619 700 Καὶ
3653 648 3878 716 ἐκφωνη-

2332 758 2435 805 σις·
2502 744 2671 796 Ἐλέει
2737 741 2829 794 καὶ
2888 742 3187 811 οἱκτιρμοῖς
3237 741 3330 797 καὶ
3373 739 3758 809 φιλανθρωπίᾳ
3804 739 3881 793 τοῦ

2338 836 2654 905 μονογενοῦς
2711 852 2800 887 σου
2831 833 2985 897 Υἱοῦ,
3008 834 3125 903 μεθ’
3180 830 3239 889 οὗ
3290 832 3576 902 εὐλογητὸς
3625 827 3678 883 εἷ
3709 834 3798 885 σὺν

2333 925 2601 995 παναγίῳ,
2626 928 2719 980 καὶ⁸
2741 923 2948 995 ἀγαθῷ,
2978 924 3069 977 καὶ
3097 924 3341 997 ζωοποιῷ
3367 945 3456 980 σου
3478 924 3617 979 Πνεύ
3629 943 3779 994 ματι,
3805 927 3883 980 νῦν

2331 1017 2423 1069 καὶ
2448 1016 2553 1079 ἀεὶ,
2585 1018 2678 1068 καὶ
2707 1020 2786 1081 είς
2828 1017 2953 1080 τοὺς
2988 1014 3187 1078 αίῶνας
3209 1018 3318 1069 τῶν
3362 1019 3592 1072 αἰώνων.
3645 1017 3831 1086 Ἀμήν.

2330 1108 2440 1159 Καὶ
2472 1107 2751 1177 άοχόμεθα
2767 1109 2874 1161 τῶν
2904 1108 3158 1162 κανόνων.

738 1218 859 1272 167.
885 1216 1062 1271 Con.
1098 1215 1295 1271 Verum
1324 1228 1607 1284 antequam
1661 1219 1823 1271 trium
1869 1222 2154 1274 doctorum
2205 1232 2446 1272 canones
2472 1262 2485 1281 ,
2516 1236 2542 1272 a
2570 1226 2776 1274 Joanne
2813 1220 3072 1272 Eucliaita
3112 1217 3459 1289 concinnatos
3489 1260 3504 1279 ,
3541 1218 3879 1289 subjiciamus

673 1290 771 1344 sub
797 1298 1094 1356 aspectum,
1134 1289 1529 1340 observandum
1593 1299 1711 1351 est,
1770 1294 1829 1343 δ.
1883 1292 2207 1343 Germanum
2263 1303 2365 1341 non
2418 1290 2721 1353 significare
2768 1290 3054 1341 dicendum
3101 1288 3420 1349 duodecies,
3475 1288 3740 1354 Domine,
3793 1290 3880 1338 wi-

664 1374 878 1422 serere;
941 1358 1035 1413 sed
1082 1360 1261 1412 verbis
1302 1356 1607 1428 Εὐλόγησον
1666 1358 1764 1428 τὴν
1810 1357 2173 1429 κληρονομίαν
2227 1391 2228 1396 η

2341 1395 2357 1420 ,
2420 1360 2701 1414 confestim
2752 1359 3022 1413 subnectit
3074 1358 3350 1429 sequentia
3394 1358 3623 1414 dicenda
3690 1376 3719 1413 a
3780 1358 3881 1411 dia-

664 1446 825 1483 COIIO.

735 1521 961 1590 Respice
1008 1520 1191 1572 orbem
1250 1529 1400 1574 tuum
1458 1523 1509 1575 in
1555 1520 1922 1575 misericordia
1974 1530 2029 1575 et
2058 1520 2223 1576 mise-
2254 1529 2301 1590 Β

663 1612 987 1665 rationibus.
1023 1610 1211 1663 Exalta
1258 1627 1427 1665 cornu
1485 1612 1915 1665 Christianorum
1974 1611 2230 1666 orthodo-

660 1717 853 1755 xorum
885 1742 900 1765 ,
934 1711 987 1755 et
1035 1704 1252 1756 demitte
1283 1718 1443 1769 super
1472 1718 1568 1756 nos
1599 1710 1717 1756 tuas
1751 1702 2029 1757 afﬂuentes
2065 1704 2225 1759 mise-

664 1790 951 1847 ricordias.
985 1791 1237 1844 Precibus
1280 1791 1495 1843 illibata:
1546 1792 1783 1845 Domina:
1814 1803 2035 1852 nostrar.
2064 1793 2229 1847 Geni-

667 1884 820 1937 tricis
853 1884 941 1935 Dei
983 1896 1297 1949 semperque
1343 1882 1568 1948 virginis
1602 1882 1816 1947 Maria;
1846 1885 2039 1937 virtute
2066 1900 2229 1939 vene-

665 1974 845 2027 randaz
866 1984 919 2026 et
949 1972 1171 2025 vivifica:
1202 1972 1378 2025 crucis
1404 2015 1418 2039 ,
1451 1976 1767 2043 patrociniis
1789 1976 2093 2029 cmlestium
2138 1976 2228 2030 in-

665 2078 1157 2132 c0rporearumque
1203 2062 1570 2131 Potestatum;
1621 2067 1934 2131 venerandi,
1968 2066 2230 2135 gloriosi-

662 2171 767 2225 que
805 2157 1115 2223 prophetae,
1145 2159 1494 2222 pnecursnris
1546 2167 1601 2209 et
1653 2156 1907 2226 Baptistae
1956 2156 2220 2222 Joannis;

666 2258 975 2304 sanctorum
1010 2248 1364 2315 gloriosorum
1404 2258 1456 2301 et
1492 2248 1973 2304 celeberrimorum
2008 2260 2229 2320 aposto-

664 2339 875 2403 lorum;
908 2346 1238 2400 sanctorum,
1268 2336 1627 2404 gloriosorum
1654 2349 1708 2391 et
1737 2339 1976 2395 victoriis
2006 2340 2231 2407 inclyto-

664 2444 783 2483 rum
811 2440 1128 2494 martyrum,
1156 2440 1211 2482 et
1253 2429 1453 2497 reliqua
1488 2431 1629 2485 sicut
1665 2432 1866 2486 litania:
1915 2431 2224 2485 inscribun-

666 2528 777 2572 tur.

2406 1523 2727 1593 Ἐπξσκεψαι
2772 1523 2861 1577 τὸν
2897 1522 3099 1593 κόσμον
3154 1539 3245 1574 σου
3285 1523 3342 1573 ὲν
3381 1520 3518 1573 ὲλέει
3572 1524 3668 1575 καὶ
3695 1526 3883 1593 οἰκτιρ-

2333 1616 2471 1684 μῡῖς.
2534 1615 2785 1682 ’Ύψωσον
2842 1613 3010 1685 κέρας
3060 1612 3396 1679 Χριστιανῶν
3430 1611 3750 1681 ὀρθοδόξων,
3803 1614 3883 1667 καὶ

2330 1705 2684 1775 κατάπεμψον
2711 1702 2794 1771 ἐφ’
2822 1706 2968 1773 ἡμᾶς
3016 1702 3084 1755 τὰ
3112 1701 3234 1770 ὲλέη
3262 1717 3354 1753 σου
3383 1700 3449 1753 τά
3476 1701 3729 1753 πλούσια·
3762 1721 3883 1774 πρεο

2332 1794 2536 1856 σόείαις
2572 1794 2671 1862 τῆς
2721 1794 3101 1862 παναχράντου
3130 1791 3411 1861 δεσποίνης
3438 1791 3595 1862 ἡμῶν
3634 1790 3883 1844 Θεοτὸκου

2330 1890 2423 1940 καὶ
2468 1886 2825 1953 άειπαρθὲνου
2880 1886 3117 1957 Μαρίας·
3169 1885 3393 1955 δυνάμει
3450 1883 3544 1938 τοῦ
3589 1884 3772 1955 τιμίου
3802 1884 3885 1937 καὶ

2330 1978 2592 2045 ζωοποιοῦ
2630 1977 2880 2049 σταυροῦ·
2907 1979 3258 2050 προστασίαις
3294 1979 3399 2031 τῶν
3429 1980 3770 2049 ἐπουρανίων
3799 1982 3886 2030 Au-

2326 2072 2540 2141 νάμεων
2590 2072 2918 2142 ἀσωμάτων,
2979 2071 3073 2123 τοῦ
3118 2072 3297 2141 τιμίου
3331 2071 3539 2134 ἐνδόξου
3593 2073 3884 2141 προφήτου,

2328 2164 2631 2235 προδρόμου
2660 2164 2752 2217 καὶ
2786 2161 3088 2215 Βαπτιστοῦ
3132 2161 3399 2221 Ἰωάννου,
3420 2160 3530 2212 τῶν
3553 2160 3727 2226 ἁγίων
3753 2160 3885 2211 ἐνδό-

2329 2256 2432 2322 ξων
2466 2259 2559 2311 καὶ
2583 2256 2900 2310 καλλινίκων
2933 2253 3243 2325 μαρτύρων·
3263 2253 3355 2305 καὶ
3389 2252 3456 2306 τὰ
3482 2251 3650 2305 λοιπά
3674 2250 3884 2312 τούτων,

2326 2351 2400 2414 ὡς
2430 2353 2486 2405 ὲν
2519 2353 2585 2421 τῇ
2608 2350 2727 2419 λιτῇ
2752 2347 3079 2415 γέγραπται.

736 2608 858 2661 168.
919 2609 1095 2663 Coum.
1152 2609 1275 2663 "rec
1333 2611 1512 2661 omnia
1564 2611 1639 2661 ait
1694 2608 1752 2662 S.
1800 2608 2107 2662 Germanus
2160 2606 2269 2661 dici
2326 2622 2355 2661 a
2407 2606 2675 2665 diacono,
2732 2603 2817 2656 cui
2873 2599 3084 2655 tandem
3143 2600 3387 2653 sm-cinat
3450 2597 3749 2659 sacerdos.
3800 2613 3886 2651 er-

663 2676 945 2733 clamando
994 2689 1051 2731 ut
1096 2694 1275 2744 supra.
1323 2678 1437 2730 Non
1486 2678 1667 2742 fuerit,
1699 2694 1858 2746 porro
1906 2678 2256 2744 iniucundum
2309 2676 2398 2730 hic
2456 2685 2714 2746 annotare
2752 2673 3109 2746 et_ritt_un__et_
3161 2679 3422 2746 tempus.
3451 2684 3565 2746 quo
3610 2684 3638 2719 a
3707 2667 3884 2746 fratri-

663 2749 767 2802 bus
819 2748 1063 2802 osculum
1112 2737 1298 2802 sancto
1327 2748 1603 2818 evangelio
1654 2737 2007 2817 imprimitur.
2060 2748 2150 2801 Sic
2184 2761 2313 2815 ergo
2348 2745 2536 2799 scribit
2576 2741 2888 2812 patriarcha
2918 2740 3229 2793 Pliilotbeus
3264 2741 3314 2793 in
3350 2737 3551 2792 Ordine
3595 2739 3741 2793 sacri
3784 2739 3878 2791 nti-

662 2818 863 2872 nistert'i
886 2834 907 2870 :

734 2907 1030 2973 Sacerdos,
1085 2910 1313 2965 demissa
1343 2908 1546 2977 casula,
1602 2920 1847 2965 sanctum
1894 2909 2229 2980 evangelium
2260 2914 2303 2975 (ζ

660 3008 788 3052 ante
815 3008 1000 3067 pectus
1023 3000 1294 3063 deferens,
1326 3002 1627 3068 egreditur,
1660 3013 1713 3054 et
1737 3003 1787 3054 in
1814 3003 1991 3055 medio
2021 3000 2223 3069 templo

658 3098 789 3144 stat.
822 3089 1013 3144 Lector
1053 3100 1255 3153 autem,
1291 3091 1374 3143 vel
1399 3091 1493 3156 qui
1545 3105 1574 3143 a
1605 3090 1945 3145 caeremoniis
1978 3102 2083 3155 est,
2111 3102 2223 3146 stat

661 3180 765 3251 ipsi
810 3197 841 3235 a
871 3182 1097 3243 dextris,
1132 3190 1319 3236 tenens
1352 3183 1738 3236 candelabrum
1769 3198 1889 3236 cum
1925 3198 2084 3235 cereo
2135 3197 2226 3234 ac-

661 3289 863 3341 censo;
890 3282 946 3328 et
981 3274 1221 3329 osc'lum
1251 3284 1437 3329 sancto
1456 3274 1733 3343 evangelio
1763 3275 1828 3327 de
1862 3288 2011 3328 more
2045 3274 2227 3342 ﬁgitur

662 3380 695 3418 a
716 3366 992 3422 fratribus.

2419 2905 2477 2959 Ὀ
2530 2904 2727 2978 ἱερεὺς,
2792 2903 3032 2975 χαλάσας
3055 2902 3115 2955 τὸ
3157 2901 3448 2971 φαιλόνιον,
3481 2901 3576 2955 καὶ
3617 2900 3891 2970 βαστάζων

2325 2998 2386 3051 τὸ
2411 2997 2563 3067 ἅγιον
2608 2996 2923 3064 εὐαγγέλιον
2946 2993 3250 3065 ἔμπροσθεν
3276 2992 3369 3045 τοῦ
3398 2991 3649 3062 στήθους,
3678 2990 3891 3059 ὲξὲρχευ

2327 3108 2415 3144 ται
2447 3090 2541 3142 καὶ
2569 3089 2781 3141 ἵσταται
2810 3089 2888 3149 είς
2916 3087 3014 3157 τὴν
3050 3086 3220 3156 μέσην
3238 3084 3331 3138 τοῦ
3372 3083 3515 3137 ναοῦ·
3548 3082 3643 3133 καὶ
3667 3079 3895 3149 ἀναγνῶ-

2329 3197 2459 3249 στης
2485 3179 2519 3249 ἢ
2558 3180 2587 3230 ὁ
2620 3178 2870 3240 εὐταξίας
2902 3178 3112 3229 ἵσταται
3151 3176 3382 3239 δεξιόθεν
3423 3171 3609 3235 αὐτοῦ,
3656 3173 3894 3241 κατέχων

2330 3270 2649 3341 μανουάλιον
2697 3269 2833 3338 μετὰ
2858 3268 3139 3337 λαμπάδος
3179 3266 3449 3337 ὴμμένης·
3486 3264 3583 3318 καὶ
3623 3263 3832 3332 γίνεται
3868 3264 3895 3314 δ

2329 3363 2618 3433 ἀσπασμὸς
2653 3360 2747 3415 τοῦ
2794 3360 2948 3429 ἁγίου
2990 3358 3307 3428 εὐαγγελίου
3341 3357 3491 3429 παρὰ
3516 3356 3626 3411 τῶν
3656 3356 3896 3426 ἀδελφῶν

2333 3456 2595 3527 συνήθως.

732 3532 853 3614 169.
883 3533 1061 3614 Cf".
1093 3534 1413 3614 Illis‘autem
1447 3538 1837 3614 osculantibus,
1864 3540 2075 3614 canitur
2122 3537 2228 3592 Trn

2328 3546 2444 3597 *ium
2494 3547 2637 3614 quod
2670 3544 2875 3613 incipit,
2926 3542 3249 3596 ’Δνάστασιν
3280 3540 3522 3614 Xptajrot'i
3545 3539 3893 3608 θεασάμενοι,

659 3619 712 3684 et
758 3603 877 3684 gert
914 3607 1166 3684 ξςυριακὴ
1210 3605 1474 3684 δηλονύτι,
1513 3609 1605 3684 καὶ
1650 3608 2073 3684 ὸ-πεντηκοστδς
2124 3627 2228 3678 μετ.

2328 3603 2543 3678 θέλους’,
2603 3617 2654 3668 id
2709 3603 2795 3668 est
2820 3653 2836 3678 ,
2861 3603 3346 3684 'Resurrectionem'
3373 3611 3599 3684 Δ(Σιινίδιι
3644 3603 3888 3684 eontem-

658 3674 790 3744 plati
810 3713 827 3738 ,
883 3676 1128 3728 videlicet
1152 3674 1167 3739 ,

1362 3677 1474 3750 dies
1554 3678 1825 3750 Dominica
1878 3680 2077 3739 fuerit;
2129 3677 2356 3745 quando
2430 3677 2589 3737 etiam
2675 3694 2881 3738 canunt
2959 3683 3224 3750 psalmum
3296 3680 3810 3750 quinquagesimum
3867 3694 3881 3727 :

902 3753 973 3819 ut
1015 3746 1164 3819 idem
1204 3744 1699 3819 Pliilotheus__dicit
1754 3755 1978 3819 postea,
2031 3744 2359 3819 exosculatio
2404 3752 2664 3819 evangelii
2720 3753 2869 3804 festis
2936 3744 3055 3803 a'liis
3096 3744 3565 3819 pratermittitur;
3594 3748 3695 3819 nisi
3758 3746 3888 3819 forte

661 3813 716 3895 in
766 3814 1097 3895 Dominicarn
1133 3815 1455 3895 inciderint:
1499 3813 1845 3895 .Verbaejus
1896 3814 2081 3895 Graeca
2137 3817 2228 3895 luet

2328 3831 2489 3895 iunt_:
2537 3813 2625 3873 Ἕν
2676 3819 2822 3895 ’ἄλλῃ
2850 3820 2929 3895 δὲ.
2962 3813 3216 3895 ἑορτῇ-οὐ
3270 3818 3475 3885 γίνεται
3497 3818 3543 3895 ’ὁ
3584 3815 3887 3895 ἀσπασμὸς.

661 3884 713 3936 εί
750 3883 830 3961 μὴ
855 3882 1009 3961 μόνον
1043 3886 1100 3961 ξεν
1133 3885 1406 3955 κυριακῇ.
1440 3885 1628 3954 Igitur,
1662 3884 2087 3961 nisi_|_toc-trium
2128 3887 2227 3939 doc

2328 3906 2408 3944 um
2447 3891 2638 3945 festum
2676 3882 2875 3961 incidat
2917 3890 2968 3941 iu
3003 3882 3356 3951 bonumeam,
3384 3889 3566 3961 statim
3608 3882 3871 3961 post,

858 3953 1010 4016 Θεός.
1046 3953 1301 4009 Dicuntur
1336 3953 1571 4009 canones
1598 3968 1721 4007 cum
1765 3955 1976 4017 ltirmis,
2000 3971 2234 4011 canones
2264 3970 2443 4014 autem
2475 3961 2525 4013 in
2567 3962 2667 4013 hoc
2714 3959 2892 4013 oﬂicio
2928 3968 3036 4011 tres
3064 3967 3209 4021 sunt,
3258 3972 3395 4010 unus
3423 3958 3491 4011 de
3526 3957 3781 4022 Deipara,
3811 3956 3893 4007 alii

668 3969 783 4019 σον,

3608 3898 3752 3954 post,
3794 3885 3893 3937 Σῶ-

662 4024 769 4078 duo
797 4025 863 4078 de
889 4026 1088 4078 sanctis
1112 4063 1128 4087 ,
1164 4040 1350 4078 onmes
1378 4024 1615 4091 ejusdem
1651 4022 1874 4077 Joannis
1909 4028 2261 4091 metropolita:
2295 4030 2681 4084 Eucliaitorum
2712 4043 2887 4083 onus:
2918 4029 3012 4082 sed
3046 4028 3252 4081 medius
3283 4026 3430 4080 solus
3452 4027 3844 4080 acrostichicus
3876 4045 3887 4078 :

662 4094 805 4148 unde
841 4094 996 4148 facile
1016 4105 1098 4149 est
1125 4095 1460 4163 singulorum
1487 4105 1672 4162 partes
1709 4110 1739 4147 a
1770 4095 2015 4163 partibus
2047 4096 2286 4164 laliorum
2319 4101 2649 4156 discernere.

1133 4184 1358 4239 CANON
1402 4184 1595 4238 DEIPA
1607 4183 1743 4238 RE.

1059 4275 1205 4342 Opus
1256 4273 1479 4329 Joannis
1532 4276 1833 4329 Eucltaitée.

1047 4364 1181 4419 ODE
1214 4365 1267 4419 1.
1297 4364 1479 4418 Touus
1502 4364 1559 4417 2.
1598 4364 1834 4419 Hirmus.

731 4456 854 4512 170.
909 4456 1024 4511 Huc
1053 4456 1176 4519 huc,
1217 4454 1418 4523 populi,
1456 4470 1714 4509 canamus
1759 4470 1977 4511 carmen
2006 4458 2224 4514 Christo

662 4548 794 4613 Deo,
829 4548 1083 4602 dividenti
1113 4559 1283 4609 mare,
1315 4554 1372 4599 et
1403 4545 1620 4600 ducenti
1656 4547 1908 4615 populum
1944 4564 2101 4616 quem
2144 4550 2209 4603 li-

660 4642 873 4695 beravit
918 4655 949 4693 a
994 4638 1255 4693 servitute
1285 4636 1689 4708 Egyptiorum,
1715 4638 1969 4708 quoniam
2010 4639 2222 4709 glorifi-

658 4740 811 4786 catus
831 4740 934 4784 est.

728 4823 771 4876 Δ
824 4822 1081 4890 gravibus
1110 4831 1221 4878 tam
1252 4822 1495 4893 corporis
1516 4836 1673 4890 quam
1705 4822 1899 4876 anima:
1953 4822 2213 4891 periculis

659 4922 716 4967 et
746 4914 935 4967 mortis
963 4920 1019 4967 et
1045 4911 1285 4983 lapsibus
1313 4952 1329 4976 ,
1363 4928 1396 4966 ο
1422 4913 1846 4966 incontaminata
1870 4955 1886 4979 ,
1930 4913 2081 4982 eripe
2116 4930 2219 4977 me,

661 5004 753 5075 qui
788 5005 872 5073 pie
906 5003 1169 5060 confiteor
1212 5019 1333 5059 esse
1364 5013 1414 5058 te
1457 5004 1673 5073 proprie
1706 5018 1896 5073 puram
1929 5005 2022 5059 Dei
2052 5004 2221 5059 Geni-

664 5096 877 5151 tricem.

733 5186 1000 5256 lntegram
1063 5198 1354 5255 gratiarum
1396 5186 1650 5255 abyssum
1688 5186 1739 5239 in
1780 5196 1832 5241 te
1892 5187 2223 5241 reconditam

660 5294 784 5334 esse
811 5281 1169 5347 agnoscimus.
1199 5278 1516 5346 PrOpterea,
1557 5294 1590 5331 ο
1622 5278 1870 5347 Deipara,
1904 5281 1994 5349 qui
2048 5280 2113 5333 ad
2176 5290 2226 5334 to

660 5383 908 5440 prompto
943 5381 994 5423 et
1039 5381 1223 5425 erecto
1247 5370 1427 5423 animo
1474 5370 1856 5441 confugimus,
1882 5372 2067 5427 divino
2119 5383 2211 5427 tuo

662 5462 961 5531 patrocinio
991 5476 1297 5517 servamur.

732 5551 836 5605 Pro
891 5553 1041 5605 nobis
1106 5552 1503 5608 celebrantibus
1562 5562 1648 5619 te,
1722 5554 2060 5619 castissima,
2117 5568 2213 5608 ora

662 5638 997 5695 lncarnatum
1028 5657 1089 5695 ex
1122 5641 1402 5709 impolluto
1440 5650 1532 5694 tuo
1565 5650 1619 5695 et
1645 5640 1885 5707 pretioso
1924 5640 2212 5707 sanguine,

662 5741 724 5787 ut
751 5732 918 5789 simus
940 5749 969 5787 a
996 5730 1204 5789 delictis
1233 5741 1287 5786 et
1319 5732 1522 5788 amaris
1546 5729 1991 5801 agrotationibus
2019 5731 2218 5786 immu-

662 5838 782 5880 DCI.

2660 4191 2702 4243 Ο
2737 4187 2977 4241 ΚΑΝΩΝ
3004 4185 3140 4239 ΤΗΣ
3169 4185 3557 4251 ΘΕΟΤΟΚΟΥ,

2706 4279 2925 4349 Ποίημα
2941 4278 3187 4332 Ἰωάννου
3211 4278 3511 4347 Εὐχαίτων.

2680 4372 2813 4443 ῼΔΗ
2843 4377 2911 4424 α’.
2944 4366 3117 4441 Ἦχος
3147 4370 3211 4438 β’.
3247 4370 3306 4421 ὐ
3340 4369 3547 4439 εἱρμός.

2393 4464 2575 4527 Δεῦτε,
2620 4464 2759 4527 λαοὶ,
2788 4464 3008 4535 άσωμεν
3052 4462 3200 4532 ᾆσμα
3224 4460 3443 4531 Χριστῷ
3488 4458 3568 4528 τῷ
3625 4456 3767 4527 θεῷ.
3820 4453 3897 4526 τῷ

2322 4553 2545 4607 διελόντι
2574 4553 2867 4615 Θάλασσαν,
2895 4552 2990 4605 καὶ
3014 4551 3341 4620 ὁδηγήσαντι
3385 4549 3477 4602 τὸν
3518 4548 3668 4615 λαὸν,
3705 4549 3765 4601 ὃν
3808 4548 3898 4600 άν-

2322 4644 2425 4714 ἧκε
2451 4644 2692 4708 δουλείας
2725 4641 3054 4710 Αἰγυπτίων,
3085 4640 3166 4693 ὃτι
3193 4640 3518 4705 δεδόξασται.

2397 4820 2500 4871 Τὸν
2553 4817 2789 4882 εὐσεϐῶς
2823 4834 2884 4873 σε
2931 4815 3193 4873 Θσατόκον
3252 4818 3455 4887 κυρίως
3497 4817 3668 4888 ἁγνὴν
3710 4817 3897 4889 ὁμολοο

2323 4909 2543 4979 γοῦντα,
2574 4910 2864 4979 Ἀχραντε,
2920 4908 3100 4980 ψυχῆς
3130 4909 3224 4962 καὶ
3252 4908 3506 4979 σώματος
3548 4909 3801 4979 χαλεπῶν
3834 4913 3899 4965 ὲκ

2325 5003 2583 5057 κινδύνων
2642 5004 2737 5056 καὶ¹
2796 5002 2988 5068 νόσων,
3042 5001 3138 5055 καὶ
3182 5002 3539 5073 πταισμάτων
3593 5002 3657 5054 σύ
3699 5020 3765 5074 με
3794 5004 3895 5055 διά-

2328 5111 2519 5147 σωσον.
2556 5113 2575 5145 1

2398 5185 2567 5254 Ὅλην
2611 5185 2668 5236 ὲν
2714 5186 2797 5236 σοὶ
2833 5182 2939 5236 τῶν
2955 5182 3312 5253 χαρισμάτων
3332 5181 3568 5235 ἄϐυσσον
3604 5184 3899 5251 άποκειμέ·

2325 5294 2421 5345 νην
2445 5276 2706 5346 ἔγνωμεν.
2732 5277 2821 5328 Διὸ
2838 5275 3293 5346 προσφεύγοντες,
3322 5273 3573 5338 Θεοτόκε,
3608 5274 3901 5344 προθύμως

2324 5370 2392 5440 τῇ
2426 5368 2605 5439 σκέπῃ
2632 5383 2724 5420 σου
2750 5369 2816 5438 τῇ
2844 5365 2966 5438 θείᾳ
2996 5364 3393 5436 διασωξόμεθα.

2403 5546 2571 5615 ’Υπὲρ
2628 5547 2782 5615 ἡμῶν
2836 5546 2944 5597 τῶν
2994 5562 3055 5599 σε
3089 5549 3400 5615 ὑμνούντων
3436 5545 3758 5617 δυσῶπησον
3811 5546 3902 5598 τὸν

2324 5637 2692 5710 σαρκωθέντα,
2729 5637 2993 5705 πάναγνε,
3033 5639 3097 5691 ἐκ
3132 5638 3241 5690 τῶν
3276 5637 3558 5707 άχράντων
3582 5655 3675 5691 σου
3707 5640 3799 5691 καὶ
3824 5658 3879 5693 τι

2326 5730 2461 5800 μίων
2495 5729 2761 5799 αἱμάτων,
2801 5730 3066 5801 ρυσθῆναι
3096 5732 3160 5784 ὲκ
3194 5729 3555 5799 πταισμάτων
3605 5733 3699 5785 καὶ
3744 5748 3899 5803 ’δυση-

2332 5821 2516 5875 ιιάτων
2549 5819 2784 5891 πικρῶν.
