4086 6318
1236 355 1627 411 ACOLUTlllA
1665 348 2005 411 TRIPLICIS
2040 350 2265 405 FESTI.

1744 480 1793 537 Α

481 482 739 541 meros
770 480 1004 535 ΚΑΝΩΝ
1031 478 1167 533 ToN
1200 475 1422 542 AI‘mN,

723 569 795 629 Οὗ
811 577 842 634 ἡ
866 573 1175 646 ἀκροστιχίς

360 671 673 738 τρισήλιον
708 671 849 739 φῶς.
884 668 1039 736 τρεῖς
1073 662 1311 730 ἀνῆψεν
1341 664 1539 732 ἠλίον.

510 763 721 834 Ποίημα
760 761 853 816 τοῦ
903 756 1065 814 αὐτοῦ
1118 756 1380 809 Ἰωάννου.

443 853 570 923 ῼΔΙΙ
601 851 853 923 α⁹.Ἷ1χος
878 852 967 903 καὶ
994 846 1177 917 εἱρμδς
1202 850 1228 900 6
1259 847 1438 910 αὑτός.

244 944 363 1006 ..χες
394 944 611 1015 ἀμοιεὴ,
638 949 719 1006 τὶς
763 938 1113 999 ἀνταπόδοσις
1141 937 1420 1007 πρέπουσα
1445 934 1557 993 τοῖς
1585 932 1720 1001 ἡμε-

169 1036 363 1105 τέροις,
395 1034 683 1106 ἄνθρωποι,
718 1029 1200 1101 προσενεχθήσεται
1230 1029 1357 1099 παρ’
1377 1024 1533 1096 ἡμῶν
1563 1023 1717 1092 εὐερ-

171 1126 371 1193 γέταις,
398 1127 462 1180 δι’
496 1120 568 1180 ὧν
615 1124 749 1194 πρὸς
779 1122 838 1175 τὸ
868 1117 929 1174 εὖ
957 1116 1092 1173 εἶναι
1140 1115 1665 1191 χειραγωγούμενοι;

252 1403 568 1457 ’τητορικαι
623 1385 892 1452 γλῶσσαι,
941 1383 1032 1436 καὶ
1072 1382 1295 1453 τέχναι,
1338 1379 1433 1433 καὶ
1493 1373 1725 1447 μέθοδοι,

179 1483 259 1535 καὶ
311 1481 462 1532 πᾶσα
507 1477 676 1545 λόγων
712 1474 936 1546 δύναμις
988 1474 1079 1527 νῦν
1114 1475 1193 1535 είς
1230 1471 1483 1523 ὑπόθεσιν
1516 1483 1726 1536 συμπο-

178 1573 468 1626 νείσθωσαν
517 1571 661 1642 μίαν,
704 1569 796 1623 καὶ
844 1568 967 1629 τοὺς
1026 1562 1385 1632 τετιμηκότας
1450 1556 1729 1629 ἀντιτιμᾶ-

183 1665 411 1719 σῦωσαν.

263 1755 432 1807 -ὂιον
467 1754 560 1822 μὲν
595 1750 745 1803 οὐδὲν
788 1746 1073 1816 ἠνέσχοντο
1105 1741 1408 1815 κτήσασθαι
1466 1740 1523 1793 έν
1575 1740 1645 1809 γῇ
1678 1737 1725 1789 οἱ

180 1846 585 1915 οὕρανόιρρονες,
642 1838 876 1907 φύλακες
911 1836 956 1888 δ’
989 1833 1244 1905 ὤφθησαν
1275 1830 1368 1884 τοῦ
1418 1828 1595 1882 κοινοῦ
1638 1827 1732 1880 καὶ

183 1935 498 2005 προστάται·
535 1929 724 1984 κοινῶν
748 1924 841 1982 οὖν
886 1927 981 1981 καὶ
1004 1924 1109 1980 τῶν
1129 1924 1310 1995 ὕμνων
1342 1917 1736 1984 καταξιούσθω-

185 2041 295 2078 σαν.
336 2022 633 2075 Θεοτόκιον.

265 2113 353 2168 me
383 2113 478 2183 τὴν
511 2111 692 2182 κοινὴν
717 2109 1042 2180 φιλοτιμίαν,
1068 2103 1399 2174 Πανάμωμε,
1418 2100 1514 2172 τῆς
1538 2097 1735 2171 ἡμετέ-

188 2224 277 2275 ρας
308 2206 520 2274 φύσεως
547 2207 741 2264 πάντες
792 2200 1099 2268 δοξάζομεν,
1132 2197 1304 2267 χεῖλος
1333 2194 1389 2247 ἓν
1434 2192 1735 2261 γεγονότες,

186 2300 273 2350 καὶ
303 2295 619 2365 συμφωνίαν
647 2294 769 2359 μίαν
800 2290 1232 2349 ἀπο-τελέσαντες.

495 2382 749 2436 ΕΤΕΡΟΣ
772 2379 1005 2432 ΚΛΝΩΝ
1040 2376 1169 2429 ΤΩΝ
1213 2375 1435 2428 APION.

703 2471 913 2541 Ποίημα
924 2468 1015 2521 τοῦ
1033 2464 1215 2521 αὑτοῦ.

278 2565 411 2634 ῼΔΗ
433 2571 503 2617 α’.
533 2560 704 2634 *Ηχος
732 2563 822 2617 πλ.
859 2563 921 2616 δ’.
965 2557 1375 2633 Ἀρματηλὰτην
1412 2553 1632 2629 Φαραώ.

258 2741 372 2793 Οὐκ
414 2738 754 2808 ἀνθρωπίνης
806 2753 867 2789 το
921 2748 1091 2802 παρον
1147 2729 1450 2799 εγχείρημα
1506 2726 1740 2796 σπουδῆς

191 2832 535 2903 κατόροίιιμα,
567 2830 677 2882 ἀλλ’
709 2830 742 2899 ἡ
770 2826 861 2881 τοῦ
897 2825 988 2879 σοῦ
1020 2824 1207 2895 Θρόνου
1236 2821 1520 2892 πάρεδρος,
1552 2818 1741 2887 φιλάν-

193 2926 395 2994 Θρωπε,
428 2921 584 2990 σοφία
618 2918 940 2989 συνεργείτω
983 2933 1092 2985 μοι,
1126 2914 1281 2981 λόγου
1322 2912 1478 2981 χάριν
1508 2909 1741 2973 διδοῦσα,

192 3020 255 3073 δι’
281 3016 350 3091 ἦς
387 3014 603 3079 δοξάσαι
639 3012 953 3081 δυνήσομαι,
1003 3006 1096 3070 οὒς
1128 3005 1264 3076 αὑτὴ
1312 3003 1488 3066 καλῶς
1520 3002 1744 3074 προεδό-

192 3113 374 3177 iaci-sv.

288 3202 497 3271 Ὠσπερ
550 3194 761 3269 κρατὴρ
811 3190 1161 3264 ὕπερερῤύη,
1219 3189 1479 3251 Δέσποτα,
1524 3189 1557 3258 ἠ
1611 3188 1747 3255 ἀγα-

192 3292 351 3360 Θότης
378 3308 488 3343 σου·
516 3288 609 3341 καὶ
649 3288 675 3339 6
728 3285 893 3345 πολὺς
946 3281 1169 3344 πλοῦτος
1201 3281 1298 3349 τῆς
1342 3277 1747 3349 φιλανθρωπίας

195 3401 283 3436 σου
315 3383 554 3451 ὲκχεῖται
593 3378 687 3431 καὶ
714 3376 1012 3437 διώδευσεν,
1039 3374 1113 3436 ὼς
1150 3373 1242 3425 καὶ
1265 3371 1452 3431 ἄλλους
1485 3368 1748 3436 ἀγγέλους

195 3474 334 3547 μετὰ
364 3472 560 3545 σαρκὸς
592 3466 1017 3541 ὑποστήσασθαι,
1045 3466 1168 3528 τοὺς
1214 3462 1310 3517 νῦν
1357 3460 1749 3534 προκειμένους

192 3570 269 3631 είς
302 3566 539 3620 ἔπαινον.

272 3659 365 3723 Ἐξ
390 3654 618 3727 οὐρανοῦ
659 3659 769 3718 τοῖς
795 3652 1067 3725 οὐρανίοις
1096 3649 1299 3721 ἔπρεπε
1340 3648 1435 3702 καὶ
1474 3646 1541 3701 τὰ
1582 3644 1751 3715 ἐγκώ-

197 3766 312 3817 μια,
344 3746 627 3815 ἀγγελικὸς
658 3743 824 3814 ὕμνος
849 3747 959 3806 τοῖς
986 3741 1149 3804 Θείοις
1176 3739 1447 3812 ἁρμόδιος.
1480 3738 1603 3790 Θεοὶ
1643 3736 1751 3807 γὰρ

192 3840 338 3894 κατὰ
376 3837 586 3910 μέθεξιν
626 3839 676 3889 οἱ
712 3837 801 3888 τὸν
833 3835 989 3902 φύσει
1021 3836 1111 3887 καὶ
1142 3834 1299 3903 μόνον
1346 3830 1596 3901 ἀληθινὸν
1618 3829 1751 3881 Θεὸν

194 3932 453 4002 ἒχοντεςη
474 3928 649 3995 ζῶντα
675 3928 731 3980 ὲν
757 3926 935 3989 αὐτοῖς
964 3925 1055 3978 καὶ
1084 3922 1469 3993 φθεγγόμενον.
1502 3939 1521 3972 ι
1565 3918 1754 3973 Θεοτό-

193 4042 335 4078 κιον.

262 4118 502 4187 Μνήμην
535 4114 755 4168 δικαίων
798 4114 826 4165 6
868 4110 1108 4182 θεόφρων
1134 4107 1387 4176 σύλλογος
1432 4105 1547 4177 μετ’
1579 4106 1755 4173 enm.

199 4209 339 4278 μίων
367 4208 528 4268 τελεῖ,
560 4200 685 4274 οἷςή
718 4201 849 4257 Θεοῦ
866 4202 1080 4272 Μήτηρ,
1112 4199 1189 4263 ὡς
1225 4198 1403 4251 αὐτῶν
1433 4196 1749 4265 κεφάλαιον,

197 4296 424 4359 εἰκότως
463 4291 853 4355 συνδοξάζεται,
896 4288 1203 4343 τελευταίαν
1248 4286 1341 4339 καὶ
1383 4283 1602 4356 πρώτην
1658 4282 1755 4337 καὶ

200 4388 379 4458 μέσην
432 4382 582 4449 τάξιν
636 4381 931 4450 ἐπέχουσα,
992 4379 1086 4433 καὶ
1134 4378 1235 4449 τῆς
1283 4374 1557 4447 εὐφημίας
1625 4388 1755 4443 μετ-

195 4482 419 4551 ἔχουσα.

266 4574 475 4644 Κέρσον
500 4610 515 4633 ,
570 4566 955 4630 ἀϐυσσοτὸκον,
1014 4564 1172 4617 πέδον
1226 4560 1375 4632 ἥλιος
1422 4556 1752 4611 ὲπεπόλευσέ

197 4681 350 4717 ποτε·
386 4662 513 4715 ὡσεὶ
543 4662 719 4730 τεῖχος
741 4657 848 4729 γὰρ
889 4655 1066 4725 ἐπάγη
1090 4650 1422 4721 ἑκατέρωθεν
1458 4648 1599 4717 ὕδωρ
1644 4646 1758 4718 λαῷ

198 4753 589 4826 πεζοποροῦντι
640 4749 732 4804 καὶ
784 4745 1088 4819 θεαρέσ-τως
1143 4742 1416 4815 μέλποντιο
1457 4758 1476 4792 ι
1504 4740 1758 4811 ’ᾼσωμεν

197 4846 276 4918 τῷ
307 4845 497 4917 Κυρίῳ
519 4843 740 4910 ἐνδόξως
766 4840 872 4912 γὰρ
897 4837 1227 4904 δεδόξασται.
1256 4854 1278 4890 ι

1410 4465 1749 4523 Καταϐασία.
1786 4495 1832 4554 ο

3211 360 3371 400 (CCLV

2095 467 2322 523 ALTER
2380 463 2604 520 CANON
2654 464 3068 521 ΞΛΜ]ΤοῐῖοΜ

2263 556 2427 626 Cujus
2461 556 2783 611 acrostichis
2821 565 2904 608 est
2935 574 2949 609 :

2071 649 2116 704 0
2146 650 2389 711 Trinitas,
2431 646 2602 701 lucere
2650 654 2754 699 tres
2798 644 2929 698 soles
2964 645 3113 712 faris.

2262 739 2406 809 Opus
2428 736 2666 805 ejusdem
2687 734 2934 790 Joannis.

2038 833 2158 886 l7l.
2182 832 2316 886 ODE
2349 835 2399 887 l.
2435 828 2616 885 Tonus
2652 842 2706 885 et
2748 830 2953 884 hirmus
2983 826 3138 879 idem.

1904 940 1960 985 ο
2016 924 2311 989 mortales,
2353 937 2513 993 quam
2577 920 3066 975 remunerationem
3120 914 3376 981 all‘eretis,

1820 1033 1979 1089 quam
2025 1017 2328 1070 studiorum
2370 1014 2776 1081 oﬂiciorumque
2818 1008 3247 1067 vicissitudinem
3299 1009 3382 1060 di-

1822 1128 1980 1183 gnam
2041 1108 2265 1177 iis,qui
2324 1116 2449 1161 sunt
2508 1116 2617 1159 tam
2671 1106 2805 1158 bene
2844 1106 2909 1159 de
2952 1102 3105 1156 vobis
3152 1098 3380 1164 meriti,

1824 1218 1877 1264 et
1926 1221 2022 1276 per
2052 1219 2186 1274 quos
2219 1200 2462 1272 perducti
2504 1200 2634 1254 estis
2673 1198 2740 1253 ad
2770 1197 2855 1266 pie
2877 1207 3173 1265 sancteque
3196 1193 3383 1248 viven-

1826 1300 1948 1354 dutn
1979 1297 2003 1351 ἲ

1909 1400 2109 1443 -ιεπ-εω
2144 1389 2414 1443 rhetorum
2467 1384 2679 1453 linguae,
2720 1391 2971 1449 artesque
3022 1378 3384 1447 methodique,

1827 1490 1879 1534 et
1906 1480 2082 1534 omnis
2110 1480 2317 1533 dicendi
2354 1479 2433 1531 vis
2458 1488 2619 1544 atque
2651 1474 2801 1540 copia
2834 1487 2975 1525 nunc
3007 1471 3058 1523 in
3087 1484 3378 1539 argumen-

1829 1580 1938 1625 tum
1975 1570 2283 1622 incumbant
2320 1585 2483 1622 unum
2515 1584 2528 1620 :
2560 1574 2613 1619 et
2638 1579 2667 1617 a
2695 1564 2889 1634 quibus
2919 1566 3181 1617 honorata
3212 1570 3335 1614 sunt
3364 1599 3382 1625 ,

1830 1678 1923 1716 eos
1946 1660 2180 1713 vicissim
2207 1660 2484 1712 honorent.

1914 1751 2279 1808 =evolventes
2318 1748 2495 1801 animo
2535 1748 2670 1802 bona
2723 1744 2994 1809 ccelestin,
3032 1743 3161 1796 nihil
3218 1752 3386 1798 terre-

1831 1851 1941 1895 stre
1959 1844 2334 1896 sustinuerunt
2358 1840 2557 1893 habere
2600 1842 2870 1908 proprium
2891 1856 2904 1903 ;
2929 1837 3022 1893 sed
3052 1836 3271 1890 fuerunt
3294 1851 3389 1890 cu-

1833 1933 2012 1986 stodes
2061 1944 2468 1998 assertoresque
2501 1930 2940 1997 communitatis;
2978 1929 3098 1983 ideo
3131 1936 3185 1983 et
3239 1942 3389 1981 com-

1835 2024 1979 2077 muni
2009 2023 2161 2076 laude
2181 2032 2460 2078 ornentur.
2509 2020 2746 2075 Muriale.

1918 2118 2223 2169 .—nnnunis
2276 2118 2345 2171 ab
2388 2118 2533 2170 omni
2572 2116 2711 2178 labe,
2746 2122 2816 2177 te,
2853 2125 3135 2165 commune
3188 2120 3392 2164 natura:

1836 2215 2035 2259 nostra:
2064 2205 2249 2267 decus,
2317 2206 2651 2260 celebramus
2701 2217 2909 2265 omnes,
2959 2201 3158 2255 labium
3217 2200 3390 2254 ell‘ccti

1840 2309 2033 2361 unum,
2059 2310 2332 2364 unumque
2362 2306 2681 2349 concentum
2715 2293 3074 2361 perﬁcientes.

2129 2385 2331 2440 ALIUS
2371 2384 2598 2439 (IANON
2648 2382 3085 2437 SANCTOIKUM.

2393 2471 2538 2541 Opus
2582 2471 2842 2537 ejusdem.

1840 2562 1963 2618 I72.
2014 2562 2149 2619 ODE
2182 2563 2232 2617 ι.
2273 2562 2454 2617 Tonus
2506 2562 2753 2629 obliquus
2821 2561 2893 2625 4,
2952 2561 3089 2616 sicut
3131 2561 3396 2632 ’Λρματη-

2426 2653 2591 2723 λάτην
2622 2650 2835 2722 Φαραώ.

1914 2747 2150 2801 Conatus
2208 2760 2447 2816 prmsens
2493 2761 2596 2799 non
2649 2753 2733 2798 est
2794 2745 3041 2798 humana:
3106 2744 3395 2812 diligentiae

1841 2852 1995 2899 opus.
2027 2836 2226 2902 Quare,
2257 2854 2290 2890 ο
2333 2839 2582 2907 benigne,
2613 2836 2726 2890 sedi
2777 2846 2885 2890 tua:
2915 2834 3160 2889 assidens
3185 2835 3401 2905 sapien-

1846 2928 1915 2980 tia
1946 2926 2021 2997 (ιι)
2056 2927 2183 2980 mihi
2216 2938 2412 2994 prmsto
2441 2928 2534 2988 sit,
2566 2934 2620 2979 et
2668 2927 2970 2995 suppeditet
2999 2927 3228 2996 gratiam
3278 2942 3399 2981 ser-

1847 3020 2044 3079 monis,
2066 3028 2143 3083 ut,
2172 3033 2308 3087 quos
2334 3019 2448 3085 ipsa
2483 3017 2735 3087 pra-clare
2762 3027 2887 3071 ante
2915 3016 3253 3086 gloriﬁcavit,
3287 3033 3403 3073 eos-

1769 3148 1814 3208 c
1848 3109 1966 3163 dem
2006 3107 2310 3178 gloriﬁcare
2345 3106 2571 3160 valeam.

1921 3198 2141 3253 Bonitas
2205 3209 2338 3263 tua,
2400 3198 2662 3261 Domine,
2714 3213 2818 3251 non
2872 3197 3029 3252 aliter
3085 3199 3405 3253 redundavit

1849 3307 1913 3347 ac
1933 3302 2109 3347 crater
2145 3310 2158 3347 :
2192 3302 2245 3347 et
2271 3292 2473 3346 divitia:
2510 3291 2689 3345 inulta:
2719 3290 3062 3359 benignitatis
3090 3301 3193 3345 tua:
3219 3290 3403 3345 emiss:

1852 3390 2018 3444 sunt,
2049 3395 2220 3450 eoque
2277 3392 2640 3450 pervenerunt
2666 3420 2682 3446 ,
2716 3389 2774 3433 ut
2828 3389 2881 3434 et
2928 3381 3062 3435 alios
3096 3382 3404 3436 condideris

1852 3474 1904 3527 in
1944 3485 2107 3527 carne
2164 3471 2380 3541 angelos
2407 3510 2422 3536 ,
2461 3472 2552 3541 qui
2589 3485 2729 3526 nunc
2780 3469 3032 3527 laudandi
3089 3488 3406 3543 proponun-

1854 3572 1959 3617 tur.

1932 3652 2188 3709 Ctelestes
2250 3654 2488 3709 caalestia
2566 3656 2757 3708 decent
2821 3656 3125 3723 praeconia;
3178 3655 3409 3724 hymnus

1854 3745 2125 3814 angelicus
2180 3744 2375 3799 divinis
2432 3744 2737 3803 hominibus
2788 3746 3053 3813 congruit.
3133 3746 3268 3802 Nam
3315 3749 3407 3818 qui

1856 3846 2049 3888 natura
2085 3850 2247 3888 unum
2279 3850 2464 3890 verum
2497 3835 2661 3889 Deum
2719 3836 2915 3891 habent
2960 3848 3015 3892 et
3045 3839 3313 3895 viventem
3349 3842 3401 3894 in

1854 3940 1914 3980 se
1950 3934 2010 3980 et
2062 3924 2407 3994 loquentem,
2461 3925 2538 3981 illi
2594 3942 2689 3998 per
2735 3929 3279 3984 communicationem
3333 3931 3410 3985 dii

1853 4025 1999 4074 sunt.
2052 4016 2290 4073 Mariale.

1927 4107 2056 4163 Pius
2077 4119 2247 4163 cretus
2302 4122 2423 4162 cum
2454 4108 2721 4175 praeconio
2766 4108 2876 4174 agit
2911 4110 3219 4165 memoriam
3245 4111 3414 4181 justo-

1854 4215 1997 4266 rum,
2021 4200 2337 4269 quibuscum
2372 4199 2464 4253 Dei
2494 4198 2686 4263 Mater,
2743 4208 2993 4270 tanquam
3026 4202 3260 4271 ipsorum
3321 4220 3413 4259 ca-

1856 4302 1975 4363 put,
2008 4292 2203 4346 merito
2236 4290 2591 4361 gloriﬁcatur,
2626 4292 2853 4360 primum
2884 4292 3224 4363 mediumque
3255 4297 3405 4350 ordi-

1859 4375 1980 4439 ne'm
2007 4396 2279 4453 occupans
2305 4390 2361 4439 et
2394 4380 2576 4453 gloria:
2607 4382 2898 4452 particeps.
3102 4383 3410 4439 Catabasia.

1936 4562 2117 4619 Solum
2162 4562 2344 4618 sterile
2383 4571 2437 4617 et
2486 4562 2785 4629 incultum,
2843 4562 3021 4618 locum
3076 4563 3275 4634 abyssi,
3335 4566 3417 4622 sol

1866 4654 2153 4724 aliquando
2201 4662 2263 4708 ut
2315 4667 2561 4721 campum
2615 4653 2868 4709 lustravit
2924 4671 2937 4707 :
2984 4655 3182 4709 etenim
3247 4656 3418 4712 instar

1868 4747 2005 4803 muri
2047 4746 2196 4801 stetit
2224 4760 2361 4815 aqua
2392 4746 2663 4815 utrinque,
2706 4746 2875 4800 donec
2913 4746 3140 4816 populus
3185 4748 3411 4817 pedibus

1865 4840 2221 4910 pertransiret
2272 4854 2460 4905 mare,
2494 4846 2549 4891 et
2595 4852 2662 4893 ex
2714 4836 2894 4893 divino
2939 4848 3203 4909 pmcepto
3251 4855 3418 4895 cane-

1863 4940 1989 4986 ret:
2028 4949 2047 4983 ι
2079 4932 2372 4986 Cantemus
2408 4929 2672 4984 Domino:
2701 4929 2932 4999 gloriose
2965 4930 3106 4986 enim
3151 4930 3421 5001 gloritlca-

1866 5028 1951 5077 tus
1980 5032 2062 5077 est
2093 5021 2185 5093 (b).
2222 5039 2241 5073 ι

273 5156 403 5214 175.
435 5154 608 5210 (Ζοιιιι.
638 5147 767 5203 Post
793 5141 1119 5214 catabasiam
1148 5141 1373 5212 primam
1412 5151 1706 5214 secundum
1739 5148 2085 5214 numerorum
2111 5133 2392 5214 ordin_ein,_
2433 5131 2583 5214 sequi
2634 5132 2851 5213 deberet
2888 5132 2989 5186 ode
3026 5133 3062 5186 2
3093 5133 3249 5214 ;sed,
3285 5136 3411 5202 quia

202 5203 573 5284 bmcsuuiilur
596 5203 690 5286 per
718 5218 960 5270 ordinent
986 5203 1240 5266 feriarum
1267 5225 1331 5264 ex
1356 5210 1581 5261 canticis
1614 5221 1781 5260 sacrae
1816 5205 2128 5286 Scriptura,
2163 5212 2222 5286 ut
2243 5203 2350 5255 dixi
2381 5203 2432 5255 in
2469 5204 2849 5284 dissertatione
2874 5203 3215 5286 ollomustica
3256 5222 3405 5256 num.

331 5271 987 5363 ea'prgtciita_caiio_inum
1026 5292 1273 5363 auctores
1313 5293 1537 5363 sent‘per
1568 5283 1843 5363 transeant
1881 5271 1967 5363 ad;
1990 5272 2139 5363 oden.
2166 5272 2220 5363 ξ,
2260 5286 2403 5363 ιιιιεξΔ
2419 5272 2780 5363 praetermisso
2832 5271 3113 5363 manifeste
3148 5283 3294 5341 patet
3347 5288 3415 5326 ex

202 5341 927 5421 £53015bB‘sZéibsnchicis,
962 5351 1135 5421 qualis
1158 5352 1210 5404 in
1240 5351 1338 5405 hoc
1375 5341 1549 5402 ullicio
1578 5355 1661 5402 est
1705 5344 1969 5401 secundus
2000 5360 2015 5396 :
2051 5342 2143 5413 qui
2175 5356 2406 5398 canones
2428 5342 2811 5397 continuantur
2846 5341 3032 5396 eodem
3084 5358 3303 5412 semper
3329 5358 3419 5396 ur-

202 5440 351 5503 dine,
378 5448 483 5503 quo
510 5443 670 5500 supra
704 5426 803 5480 hoc
834 5422 1010 5477 modo.

868 5512 999 5587 om
1033 5511 1111 5566 Γν.

269 5612 582 5684 Στερέωσον
621 5608 766 5671 una;
793 5607 849 5660 ὲν
876 5603 979 5670 σοὶ,
1017 5600 1208 5675 Κύριε,
1249 5599 1277 5654 6
1312 5596 1450 5669 ξύλῳ
1482 5596 1761 5669 νεκρὼσας

275 5792 356 5861 (η)
393 5787 522 5856 Sap.
556 5802 628 5853 ιχ,
658 5809 691 5836 ιι

2581 5501 2666 5557 DE
2701 5502 2753 5557 5.

2581 5501 2621 5556 D
2701 5502 2753 5557 5.

1944 5593 2209 5650 Conlirma
2262 5607 2361 5649 nos
2403 5593 2459 5648 in
2504 5499 2575 5663 t3,
2612 5502 2857 5663 gemine,
2884 5594 2976 5666 qui
3016 5593 3163 5665 ligno
3191 5590 3423 5648 interfe-

1938 5764 2012 5838 (ὁ)
2035 5765 2201 5825 Exod.
2235 5780 2325 5825 xv.
2358 5765 2410 5821 Ι.
