4086 6318
660 367 841 409 αεινι

2001 351 2528 409 Ριιοιεςολιεκλ.

660 463 782 522 cisti
809 472 1105 536 peccatum.
1132 472 1187 516 et
1229 464 1306 517 tui
1336 464 1581 518 timorem
1614 462 1838 517 immitte
1869 466 1919 516 in
1952 475 2136 519 nostra
2170 475 2214 519 tc

2322 464 2415 534 τὴν
2446 461 2737 535 ἁμαρτίαψ
2765 464 2855 514 καὶ
2896 460 2983 514 τὸν
3014 460 3175 528 φόϐον
3207 479 3298 515 σου
3322 459 3666 533 ἒμφύτευσον
3700 464 3782 526 εἰς
3808 464 3909 530 τὲς

661 556 990 612 laudantimn
1021 557 1341 624 prmcordia.

730 649 900 712 Quem
961 645 1213 716 peperisti
1264 646 1476 712 Deum‘,
1528 648 1881 711 intemerata,
1944 656 2085 701 tmnc
2131 658 2219 701 tua

657 753 817 810 prece
846 748 901 793 ct
922 738 1295 794 obsecratione
1321 738 1480 791 redde
1518 737 1805 809 propitium
1851 737 2215 805 supplicibus,

656 845 717 885 se
744 828 1083 884 tradentibus
1112 833 1164 883 in
1196 839 1339 882 tuam
1374 830 1617 898 tutelam,
1648 840 1703 885 et
1741 829 1973 885 tideliter
2002 843 2217 901 partum

657 929 807 973 tuum
836 918 1208 977 adorantibus.

727 1010 904 1067 Vitam
962 1027 1132 1066 meam
1185 1020 1352 1067 totam
1407 1014 1622 1081 dirige,
1663 1010 1867 1083 Virgo,
1919 1026 2043 1082 spes
2102 1022 2217 1062 mea

657 1117 818 1176 atque
835 1106 1113 1172 defensio;
1152 1109 1539 1163 tentationibus
1568 1118 1622 1163 et
1658 1105 2072 1163 necessitatibus
2088 1117 2219 1158 erue

656 1212 743 1253 me
776 1198 1051 1268 gravibus,
1088 1214 1302 1270 semper
1332 1199 1513 1268 Virgo.

729 1288 818 1345 Dei
858 1288 1123 1356 Genitrix,
1178 1308 1295 1362 qua:
1327 1294 1432 1346 tuis
1478 1291 1621 1347 ulnis
1645 1307 1771 1348 vere
1822 1290 2048 1362 portasti
2082 1287 2214 1341 sub.

671 1382 953 1436 sistentem
989 1381 1080 1436 Dei
1117 1382 1458 1451 sapientiam,
1482 1393 1603 1454 pete
1643 1385 1866 1439 famulos
1901 1394 2020 1437 tuos
2067 1380 2218 1449 igno-

655 1472 832 1527 rantia
862 1484 919 1528 et
938 1490 1125 1529 errore
1159 1474 1409 1529 liberari.-

727 1562 849 1619 m.
903 1563 1073 1619 Alius.
1129 1562 1283 1619 Sicut
1340 1564 1430 1619 Ἐν
1464 1564 1659 1633 ’πέτρᾳ
1708 1575 1774 1629 με
1816 1556 1916 1627 τῆς
1981 1555 2217 1620 πίστεως

652 1656 1015 1728 ιστερέωσας.
1797 1721 1800 1724 γ

736 1759 874 1802 2οη
912 1761 1074 1816 parva
1109 1744 1361 1801 Ecclesia:
1389 1740 1632 1806 buccina,
1664 1739 1878 1793 lucerna
1912 1737 2217 1791 illuminans

2330 551 2554 620 καρδίας
2591 550 2745 621 ἡμῶν
2767 550 2873 602 τῶν
2902 548 3206 621 ὑμνούντων
3234 569 3312 605 σε.

2402 640 2724 712 Πρεσϐείαις
2788 654 2903 701 σου,
2945 640 3131 710 Ἀγνὴ,
3168 638 3319 704 Θεὸν,
3377 642 3436 696 ὃν
3485 643 3690 705 ἔτεκες,
3723 644 3911 714 παρά-

2330 743 2454 797 σχου
2489 730 2730 783 εὐῖλατον
2758 730 2868 791 τοῖς
2894 730 3116 793 ἱκέταις,
3138 730 3248 791 τοῖς
3274 732 3663 804 προστρέχουσι
3692 736 3761 802 τῇ
3782 733 3911 785 σκέ-

2330 837 2543 894 πῃσου,
2572 822 2666 875 καὶ
2706 819 2909 884 πιστῶς
2958 820 3317 893 προσκυνοῦσί
3358 839 3449 877 σου
3488 826 3583 895 τὴν
3610 822 3814 893 κύησιν

2398 998 2565 1073 Ὅλην
2621 1017 2721 1073 μου
2762 1000 2861 1070 τὴν
2918 999 3063 1073 ζωὴν
3111 998 3575 1071 διακυϐἐρνησον,
3620 999 3898 1071 Παρθένε,

2326 1088 2480 1155 ἐλπίς
2522 1109 2621 1162 μου
2662 1089 2757 1145 καὶ
2794 1092 3116 1161 προστασία’
3162 1090 3482 1159 πειρασμῶν
3520 1094 3609 1145 καὶ
3633 1092 3900 1165 περιστάο

2328 1199 2464 1235 σεων
2493 1184 2829 1256 λυτρουμένη
2850 1182 3038 1236 δεινῶν
3064 1201 3150 1255 με,
3180 1179 3520 1253 άειπάρθενε.

2397 1274 2595 1345 Σοφίαν
2626 1275 2719 1331 τοῦ
2766 1273 2900 1328 Θεοῦ
2938 1276 3035 1346 τὴν
3073 1276 3428 1329 ὲνυπόστατον
3487 1277 3758 1342 ἀγκάλαις
3819 1274 3898 1338 ὡς

2325 1365 2846 1437 φέρουσα,Θεοτόκε,
2891 1366 2951 1431 ἐξ
2981 1368 3204 1434 ἀγνοίας
3232 1368 3325 1420 καὶ
3350 1364 3660 1436 πλανήσεως
3676 1370 3899 1438 λυτρωι

2324 1458 2483 1529 θῆναι
2509 1462 2636 1524 τοὺς
2663 1458 2963 1529 ὑμνοῦντάς
3002 1474 3061 1510 σε
3094 1460 3315 1515 ἱκέτευε.

2396 1549 2607 1614 Ἀλλος.
2687 1552 2772 1605 Ἐν
2832 1550 3005 1623 πέτρᾳ
3059 1567 3125 1621 με
3182 1551 3279 1619 τῆς
3343 1551 3571 1610 πίστεως
3618 1554 3895 1623 ἐστερέω-

2326 1657 2441 1702 σας.

2408 1742 2461 1784 ..τε
2515 1731 2798 1801 σάλπιγξή
2846 1733 3058 1805 μεγάλη
3093 1734 3191 1802 τῆς
3238 1732 3577 1803 Ἐκκλησίας,
3615 1733 3645 1784 6
3692 1732 3898 1803 λύχνος

650 1837 858 1901 orbem,
882 1852 1056 1905 pch
1096 1850 1282 1889 omnes
1313 1833 1493 1885 mundi
1541 1830 1674 1884 fines
1698 1847 1829 1883 vncc
1856 1828 2212 1893 comprehen-

2318 1822 2343 1873 6
2372 1819 2623 1890 φωτίζων
2639 1821 2735 1892 τὴν
2759 1824 3101 1893 οἰκουμένην,
3126 1825 3153 1877 ὁ
3178 1822 3349 1894 κῆρυξ
3368 1824 3397 1876 6
3427 1822 3503 1892 τῷ
3531 1822 3753 1891 φθόγγῳ
3791 1840 3896 1875 πε-

651 1925 806 1989 dens,
840 1922 1011 1992 Magni
1041 1920 1254 1975 nomine
1287 1920 1576 1990 insignitus
1597 1920 1821 1974 Basilius
1850 1918 1993 1970 hunc
2014 1925 2211 1969 cuitqu

648 2022 930 2069 convocat.

732 2106 1011 2163 —llustris
1039 2106 1146 2161 vita
1178 2116 1232 2162 et
1261 2104 1421 2161 rebus
1458 2103 1644 2173 gestis,
1682 2098 1906 2154 illustris
1963 2097 2210 2153 facundia

648 2208 705 2255 et
732 2198 1093 2262 documentis,
1123 2212 1312 2250 omnes
1334 2194 1480 2248 onmi
1510 2206 1574 2245 ex
1619 2198 1771 2261 parte
1794 2190 1935 2245 sicut
1972 2191 2050 2243 sol
2081 2190 2212 2243 alias

648 2292 833 2347 stellas
854 2303 1212 2359 exsuperans,
1238 2286 1408 2340 multa
1450 2284 1607 2338 laude
1652 2283 1959 2337 cumulatus
2010 2280 2213 2333 theolo-

648 2397 773 2448 gus,
800 2382 1059 2435 hodierna
1094 2379 1181 2433 die
1214 2378 1403 2433 beatus
1426 2376 1768 2446 praedicatur.

731 2470 941 2527 -totius
991 2470 1171 2523 mundi
1202 2469 1382 2523 lumen
1421 2482 1549 2523 ecce
1590 2468 1789 2521 mundo
1839 2466 1934 2520 toti
1968 2472 2209 2520 ostendi-

650 2571 772 2624 tur;
807 2575 935 2617 ecce
963 2560 1043 2616 sai
1075 2571 1234 2615 teme
1258 2569 1457 2615 terram
1483 2557 1668 2614 condit
1695 2576 1710 2612 :
1739 2572 1870 2613 ecce
1898 2556 2098 2627 lignum
2132 2555 2213 2609 vi-

650 2665 741 2718 tae,
766 2668 895 2707 ecce
925 2651 1348 2707 immortalitatis
1379 2650 1586 2703 fructus
1609 2648 1836 2704 effundit
1876 2656 2095 2703 sanctus
2120 2662 2215 2700 an-

650 2758 797 2797 reus.
825 2742 927 2809 Qui
964 2742 1099 2807 mori
1152 2756 1258 2796 non
1312 2741 1506 2805 vultis,
1536 2744 1640 2795 huc
1665 2743 1870 2799 adeste,
1899 2748 1953 2790 et
1989 2737 2215 2791 delicias

645 2832 849 2900 Capite.
1966 2823 2210 2879 Mariale'.

734 2934 787 2975 >
816 2918 1080 2989 principio
1122 2932 1213 2988 qm
1262 2924 1471 2972 creant
1500 2916 1680 2972 omnia
1710 2912 1829 2985 qua-
1868 2926 2014 2979 sunt,
2048 2930 2116 2969 es
2149 2914 2215 2967 iis

646 3029 767 3081 quae
814 3027 917 3067 non
960 3020 1153 3073 erant,
1202 3016 1258 3063 et
1281 3009 1371 3079 qui
1402 3023 1556 3064 suam
1598 3009 1791 3079 cuique
1828 3008 1905 3064 rei
1962 3016 2211 3061 staturam

644 3105 832 3165 dedit,
868 3102 1023 3159 datas
1075 3111 1301 3157 naturas
1350 3100 1501 3155 novit
1553 3109 1763 3155 mutare
1805 3109 1865 3154 ut
1900 3097 2061 3161 vult;
2111 3112 2211 3151 un-

2318 1913 2661 1985 ριλαμὸάνων
2692 1913 2870 1967 πάντα
2911 1916 2979 1968 τὰ
3022 1916 3247 1986 πέρατα,
3282 1918 3311 1968 6
3340 1915 3715 1987 μεγαλώνυμος
3747 1931 3893 1984 συγ-

2313 2006 2499 2076 κροτεῖ
2522 2004 2620 2076 τὴν
2649 2002 2866 2070 σύναξιν
2899 2008 3100 2077 ταύτην
3133 2006 3432 2070 Βασίλειος.

2399 2108 2450 2148 >
2468 2093 2687 2166 αμπρδς
2714 2095 2821 2149 ἀπὸ
2857 2096 2949 2150 τοῦ
2974 2097 3087 2167 βίον
3110 2098 3203 2150 καὶ
3227 2100 3333 2150 τῶν
3358 2101 3709 2169 πραγμάτων,
3734 2099 3893 2170 λαμ-

2313 2186 2451 2255 πρὸς
2486 2188 2594 2240 ἀπὸ
2641 2188 2734 2242 τοῦ
2783 2189 2939 2257 λόγου
2973 2188 3065 2240 καὶ
3108 2188 3215 2241 τῶν
3264 2190 3566 2259 δογμάτων,
3602 2192 3660 2242 ὲν
3711 2192 3891 2243 πᾶσιν

2313 2274 2687 2348 ὑπερλάμπων
2721 2280 2924 2341 πάντας
2951 2278 3025 2340 ὼς
3052 2278 3243 2342 ἄλλους
3279 2280 3510 2351 ἀστέρας
3538 2281 3705 2352 ἥλιος,
3732 2282 3767 2334 6
3792 2299 3885 2335 πο-

2312 2365 2615 2437 λυύμνητος
2647 2368 2905 2435 Θεολόγος
2938 2369 3173 2440 σήμερον
3209 2368 3585 2441 μακαρίζεται.

2399 2457 2559 2511 -δοὺ
2594 2458 2654 2509 τὸ
2679 2456 2793 2525 φῶς
2823 2456 2916 2510 τοῦ
2944 2457 3147 2529 κόσμου
3179 2457 3258 2528 τῷ
3308 2458 3497 2529 κόσμῳ
3542 2460 3734 2527 φαίνειο
3774 2457 3890 2511 ἰδοῦ

2314 2550 2414 2623 τῆς
2448 2552 2551 2621 γῆς
2576 2551 2636 2604 τδ
2658 2549 2790 2614 ἃλας
2812 2551 2911 2621 τὴν
2943 2550 3045 2621 γῆν
3072 2550 3270 2621 ήδύνει’
3299 2551 3409 2605 ἰδοὺ
3435 2552 3496 2605 τὸ
3524 2551 3666 2623 ζωῆς
3703 2550 3887 2617 ξύλονο

2314 2644 2612 2707 ἀθανασίας
2639 2643 2881 2715 καρποὺς
2915 2641 3273 2713 προϐάλλεται
3295 2644 3323 2696 6
3347 2641 3577 2715 χρυσοῦς
3608 2644 3785 2712 ἅγιος.
3819 2644 3887 2698 οι

2316 2734 2498 2787 θανεῖν
2524 2734 2598 2805 μὴ
2620 2734 2882 2799 θέλοντες,
2903 2732 3079 2799 δεῦτε,
3103 2734 3437 2807 τρυφήσατε.
3580 2734 3885 2789 Θεοτόκιον.

2407 2921 2456 2962 c
2482 2909 2677 2961 -πάντα
2722 2910 2787 2962 ἐκ
2834 2910 2907 2980 μὴ
2945 2910 3112 2963 ὄντων
3143 2912 3269 2964 ὄντα
3300 2912 3549 2981 ποιήσας,
3603 2911 3699 2963 καὶ
3726 2908 3889 2976 φύσιν

2314 2998 2437 3062 δοὺς
2464 2998 2681 3068 ἑκάστῳ
2700 2999 2807 3051 τῶν
2846 3001 3168 3069 γενομένων,
3200 3002 3358 3064 αὐτὸς
3391 3003 3484 3054 καὶ
3513 3001 3612 3064 τὰς
3641 3001 3889 3063 δοθείσας

2319 3086 2508 3159 φύσεις
2552 3086 2799 3158 ἀμείϐειν
2842 3084 3002 3155 οἶδεν,
3030 3089 3102 3150 ὼς
3154 3090 3421 3161 βούλεται·
3460 3090 3584 3143 ὅθεν
3632 3092 3889 3145 ἁκουεται

643 3201 714 3250 de
775 3196 989 3250 auditur
1048 3205 1107 3251 et
1166 3194 1331 3267 Virgo
1388 3209 1605 3267 parens.
1668 3193 1801 3262 Quis
1871 3207 1993 3249 non-
2050 3192 2214 3247 mire-

2320 3181 2415 3236 καὶ
2431 3181 2701 3255 Παρθένος
2729 3180 3004 3238 τίκτουσα.
3027 3182 3123 3247 Τίς
3148 3183 3208 3235 οὐ
3237 3180 3604 3253 θαυιιάξεται;

648 3298 734 3343 ult
755 3287 779 3342 ἳ

724 3381 905 3437 Con.
931 3378 1103 3437 Tertii
1127 3379 1354 3434 canonis
1384 3394 1489 3435 non
1530 3378 1875 3434 acrostichici
1901 3392 2024 3448 pars
2064 3376 2232 3431 altera
2254 3377 2334 3432 sic
2366 3388 2719 3448 prmnotatur.

719 3473 889 3526 Alius.
944 3470 1151 3525 Sicut6
1187 3469 1493 3539 στιρεὼσας
1545 3470 1669 3524 κατ’
1722 3470 1899 3543 ἀρχάς
1944 3466 2073 3533 τοὺς
2128 3469 2217 3522 96-

651 3562 867 3635 ρανούς.

721 3655 845 3711 175.
892 3653 1281 3710 Emendatores
1327 3667 1559 3722 morum,
1607 3654 2017 3725 animorumque
2068 3666 2217 3710 (aco-

654 3748 800 3804 nomi
834 3764 851 3810 ;
884 3761 1199 3802 communes
1251 3746 1493 3800 omnium
1546 3753 1890 3812 servatores;
1946 3746 2214 3801 factorum

651 3842 1026 3907 dictorumque
1070 3840 1306 3909 speciem
1340 3838 1494 3895 nobis
1528 3848 1583 3893 et
1608 3839 1884 3910 exemplar
1905 3853 2209 3908 proponen-

650 3941 772 3997 tes;
801 3930 923 3984 vita
953 3931 1326 3987 moderatores
1355 3932 1614 3997 illustres,
1641 3932 1835 3987 illustri
1869 3932 2214 3987 celebrentur

648 4019 918 4078 encomio.

723 4106 960 4175 Spiritus
1010 4106 1103 4161 Dei
1138 4105 1363 4175 replevit
1415 4104 1672 4163 Basilinm
1707 4110 1932 4166 scientia
1963 4128 1978 4166 :
2006 4127 2071 4166 ex
2112 4111 2212 4166 lin-

650 4197 773 4268 guis
798 4195 1063 4251 ﬂammeis
1091 4196 1278 4252 habuit
1309 4211 1471 4252 unam
1501 4196 1823 4269 Gregorius.
1852 4209 1909 4256 et
1933 4202 2111 4273 ignem
2136 4218 2221 4255 su-

653 4288 833 4343 blimis
856 4288 1057 4357 eloquii
1092 4288 1320 4356 spiravit
1354 4309 1368 4344 :
1401 4288 1456 4345 in
1493 4288 1703 4347 Joanne
1728 4304 1909 4347 autem
1936 4308 1999 4348 os
2018 4294 2218 4349 Christi

653 4380 891 4435 locutum
913 4387 1014 4432 est.

729 4468 899 4538 Hujus
945 4466 1126 4523 saculi
1182 4466 1467 4523 manifeste
1524 4468 1859 4536 antiquatam
1894 4465 2217 4535 sapientiam

651 4559 757 4614 sibi
787 4560 1056 4615 subditam
1083 4559 1239 4613 habet
1263 4558 1495 4614 stultitia
1530 4557 1952 4628 pradicatinnis,
1989 4568 2044 4611 et
2096 4574 2220 4626 per-

652 4653 779 4705 inde
807 4666 873 4705 ac
901 4650 1159 4704 famulam
1191 4651 1515 4706 servientem
1555 4668 1569 4705 :
1604 4664 1727 4705 nam
1761 4649 1935 4720 gratia
1965 4658 2215 4701 oratores

653 4742 913 4797 facundos
940 4741 1089 4795 facit.

725 4835 827 4903 Qui
892 4834 1131 4901 Virginis
1190 4847 1339 4905 pura
1403 4834 1725 4887 inhabitant
1780 4838 1990 4886 uterum
2026 4869 2045 4894 ,
2091 4831 2221 4886 facit

656 4927 864 4980 animas
896 4924 1221 4980 deiferorum
1252 4932 1566 4981 sanctorum
1592 4923 1921 4979 domicilium
1945 4937 2101 4977 suum
2124 4932 2220 4988 ;'et

654 5019 869 5072 illorum
898 5031 993 5071 ore
1018 5016 1206 5087 pandit
1229 5030 1349 5086 qua:
1376 5024 1601 5070 matrem
1633 5030 1785 5069 suam
1808 5024 2061 5084 spectant
2096 5028 2215 5084 my-

650 5110 843 5165 steria.
1907 5106 2214 5161 Calahasia.

730 5200 1151 5256 Firmamentum
1200 5198 1586 5255 confidentium
1643 5200 1695 5253 in
1744 5211 1817 5262 te,
1855 5196 2098 5261 Domine,
2130 5198 2215 5250 llr-

658 5307 745 5345 ma
790 5290 1088 5347 Ecclesiam
1123 5304 1285 5362 quam
1321 5288 1659 5359 acquisiviin
1696 5288 1935 5359 pretioso
1963 5297 2055 5342 tuo
2093 5302 2219 5342 san-

654 5397 835 5450 gume.

729 5473 931 5528 Sessio.
970 5471 1150 5526 Tonus
1181 5472 1427 5541 obliquus
1464 5470 1518 5526 ι.
1546 5469 1699 5526 Sicut
1739 5470 1851 5542 Τὴν
1905 5469 2096 5539 σοφίαν
2122 5468 2216 5521 καὶ

651 5564 833 5633 λόγον.

732 5654 850 5708 178.
884 5652 1077 5723 Magna
1129 5654 1459 5717 luminaria,
1516 5653 1853 5723 splendorem
1908 5649 2211 5716 afl’erentia,

657 5744 948 5814 firmasque
984 5742 1235 5797 Ecclesiae
1288 5753 1505 5801 turres.
1542 5741 1885 5797 concorditer
1907 5739 2211 5801 laudemus,

656 5838 751 5901 qui
798 5834 1035 5902 pulchris
1064 5848 1252 5891 eorum
1283 5843 1644 5892 monumentis
1700 5834 1901 5903 pariter
1924 5847 1987 5888 ac
2041 5840 2213 5903 gratia

1973 4739 2211 4793 Nariale.
2246 4729 2295 4791 Ι)
2321 4741 2515 4807 σοφοὺς
2535 4739 2896 4811 προϐάλλεται
2931 4741 3188 4811 ῥήτορας.

2386 3470 2627 3614 δἈλλος.
2701 3471 2760 3525 '0
2814 3473 3120 3544 περεὼσας
3177 3475 3299 3529 κατ’
3344 3474 3516 3545 ἀρχὰς
3551 3480 3683 3541 τοὺς
3734 3480 3885 3549 οὖρα·

2386 3578 2461 3614 ις.

2318 3578 2461 3614 νους.

2386 3578 2410 3614 υ
2449 3603 2461 3614 .

2386 3578 2451 3705 0‘!
2467 3652 2596 3724 κητῶν
2616 3650 2763 3723 ἠθῶν
2778 3655 3063 3728 διορθωταὶ
3079 3657 3173 3710 καὶ
3202 3656 3312 3711 τῶν
3354 3654 3543 3727 ψυχῶν
3594 3660 3891 3731 οἰκονόμοι,

2315 3743 2366 3795 οἱ
2402 3746 2644 3817 σωτῆρες
2676 3746 2725 3799 oi
2774 3747 2944 3800 κοινοὶ
2973 3746 3083 3799 τῶν
3116 3746 3393 3809 ἁπάντων,
3431 3747 3481 3798 oi
3514 3747 3611 3800 xui.
3641 3749 3890 3817 πράξεων

2317 3836 2448 3906 ἡμῖν
2480 3838 2574 3891 καὶ
2614 3836 2790 3906 λόγων
2825 3839 3022 3901 τόπους
3054 3838 3348 3904 δείξαντες,
3396 3838 3445 3891 οἰ
3479 3838 3775 3893 παιδευταὶ
3800 3840 3889 3893 τοῦ

2319 3926 2456 3997 βίον,
2489 3927 2755 4000 λαμπρῶς
2790 3928 3249 4001 εὐφημήσθωσαν.

2390 4101 2614 4173 Πνεῦμα
2676 4101 2811 4156 Θεοῦ
2883 4102 3143 4174 ἐνέπλησε
3211 4101 3487 4155 Βασίλειον
3556 4104 3885 4175 ιπιστήμης·

2317 4194 2424 4248 τῶν
2450 4196 2690 4267 πυρίνων
2713 4194 2772 4249 δὲ
2805 4194 3063 4262 γλωσσῶν
3088 4194 3213 4265 ισχε
3240 4194 3367 4263 μίαν
3394 4196 3423 4247 6
3446 4194 3774 4266 Γρηγόριος.
3800 4197 3887 4250 καὶ

2319 4286 2430 4358 πῦρ
2466 4286 2767 4357 ὑψηγορίας
2786 4287 3094 4341 ἐνέπνευσε·
3128 4287 3191 4341 τὸ
3220 4284 3315 4340 τοῦ
3348 4287 3586 4357 Χριστοῦ
3616 4286 3677 4340 δὲ
3719 4289 3887 4358 στόμα

2317 4379 2375 4429 ἐν
2406 4376 2626 4447 Ἰωάννῃ
2653 4376 2931 4446 ἐλάλησεν.

2385 4463 2491 4519 Τοῦ
2536 4465 2631 4519 νῦν
2685 4466 2879 4529 αἰῶνος
2915 4454 3014 4536 τὴν
3068 4467 3252 4533 σαφῶς
3297 4466 3754 4538 καταργουμένην
3808 4483 3888 4518 συ-

2317 4558 2443 4627 φίαν
2470 4557 2504 4627 ἡ
2526 4557 2706 4627 μωρία
2733 4556 2828 4610 τοῦ
2847 4556 3199 4628 κηρύγματος
3214 4554 3328 4625 εχει
3350 4555 3778 4611 ὐποκύπτουσαν
3792 4558 3885 4612 αὑ-

2315 4652 2404 4721 τῇ,
2434 4650 2528 4703 καὶ
2555 4648 2814 4714 δουλικῶς
2834 4649 3225 4722 λατρεύουσανο
3256 4651 3506 4723 κήρυκας
3538 4648 3651 4721 γάρ
3669 4650 3704 4720 ἠ
3734 4650 3887 4722 χάρις

3581 4740 3883 4795 θεοτόκιον.

2404 4831 2463 4885 ὀ
2493 4832 2551 4885 δν
2595 4832 2661 4901 τῇ
2707 4831 2891 4903 μήτρᾳ
2920 4831 3017 4900 τῆς
3047 4831 3218 4901 ἁγνῆς
3253 4830 3696 4901 κατασκηνώσεις
3748 4833 3888 4901 Παρ-

2321 4922 2476 4977 θένου
2532 4921 2628 4986 τὰς
2682 4921 2859 4993 ψυχὰς
2904 4922 3013 4975 τῶν
3059 4922 3332 4994 θεοφόρων
3364 4922 3533 4990 ἁγίων
3578 4926 3885 4995 οἰκητήριον

2324 5015 2484 5075 ποιεῖ,
2517 5012 2611 5066 καὶ
2641 5014 2753 5075 τοῖς
2777 5011 2997 5067 ἐκείνων
3021 5013 3249 5084 στόμασι
3273 5012 3342 5065 τά
3367 5011 3508 5066 κατὰ
3528 5012 3630 5082 τὴν
3682 5014 3885 5081 μητέρι

2319 5103 2661 5175 δ.ερμηνεύει
2697 5106 2987 5174 μυστήρια.
3544 5104 3881 5158 Καταὸασία.

2392 5194 2464 5246 Τὸ
2516 5194 2799 5264 στερέωμα
2855 5196 2960 5247 τῶν
3002 5194 3092 5247 ἐπὶ
3133 5194 3213 5247 soi.
3254 5191 3611 5253 πεποιθότων,
3658 5194 3885 5262 στερέω-

2326 5302 2436 5347 σον,
2478 5286 2668 5356 Κύριε,
2694 5285 3148 5357 τὴνἘκκλησίαν,
3172 5287 3237 5355 ἢν
3262 5285 3475 5354 ἐκτήσω
3504 5282 3584 5352 τῷ
3608 5283 3775 5354 τιμίῳ
3800 5298 3885 5336 σου

2324 5376 2532 5447 αἵματι.

2395 5468 2670 5539 Κάθισμα.
2711 5466 2911 5540 Ἦχοςῶ
2938 5470 3028 5524 πλ.
3072 5471 3137 5524 δ’.
3190 5469 3331 5541 Πρὸς
3378 5467 3489 5538 Τὴν
3544 5472 3741 5537 σοφίαν
3798 5471 3883 5522 καὶ

2322 5558 2497 5625 λόγον.

2394 5649 2532 5712 Τοὺς
2571 5651 2835 5719 μεγάλους
2878 5654 3167 5725 φωστῆρας
3209 5654 3335 5712 τοὺς
3391 5657 3711 5725 φεραυγεῖς,
3767 5654 3880 5706 Ἐκ-

2324 5737 2547 5807 κλησίας
2580 5741 2704 5803 τοὺς
2737 5740 2974 5811 πύργους
2997 5743 3119 5804 τοὺς
3162 5742 3785 5813 ἀρῤαγεῖςμσυμφὼνως
3803 5739 3880 5791 αἱ·

2320 5830 2585 5899 νέσωμενν
2623 5834 2673 5885 οἶ
2712 5833 2818 5886 τῶν
2864 5834 3040 5887 καὶιῦν
3066 5833 3423 5897 ἀπολαύοντες
3452 5836 3547 5886 καὶ
3578 5835 3688 5888 τῶν
3716 5832 3876 5898 λόγων
