4098 6326
715 363 947 403 τεοινηι

2100 340 2628 396 PROLEGOMENA.

722 481 776 525 et
808 476 984 522 vincat
1021 450 1220 520 Christi
1276 462 1507 518 Ecciesia
1536 502 1550 527 ,
1588 469 1737 515 tanto
1766 466 1917 515 dives
1967 474 2273 529 propugna-

2377 458 2672 520 Βασίλειος.
2703 457 2979 527 Θαρσείτω
3005 457 3099 509 καὶ
3137 456 3337 509 νικάτω
3368 458 3399 526 ἡ
3435 455 3674 527 Χριστοῦ
3719 455 3925 522 Ἐκκληο

725 575 858 618 tore.

806 653 1021 721 Linguae
1048 649 1293 703 delicium
1341 656 1395 702 et
1434 647 1669 715 cujusvis
1707 644 1921 698 auditus
1972 645 2279 714 iucunditas

723 744 822 796 fuit
861 741 1036 794 oratio
1096 747 1181 790 tua
1210 777 1225 802 ,
1264 736 1535 804 Gregori;
1594 748 1789 786 manna
1830 732 1994 797 vitm,
2038 745 2127 783 ros
2166 729 2279 783 dul-

718 836 924 889 cedinis
950 871 964 894 ,
998 829 1101 883 mel
1131 829 1196 882 de
1245 838 1395 896 petra
1423 865 1439 888 ,
1472 826 1628 895 panis
1663 824 1904 879 cmlestis
1939 823 2276 890 angelorum,

2379 551 2488 613 σία,
2522 548 2835 619 τηλικοῦτον
2865 549 3212 619 πλουτήσασα
3239 549 3536 618 πρόμαχον.

2450 641 2703 710 Γλώσσης
2739 639 2936 709 τρυφὴ,
2962 642 3054 693 καὶ
3082 640 3249 708 ἀκοῆς
3284 640 3463 708 πάσης
3511 639 3730 709 ἥδυσμα
3780 641 3808 693 ὁ
3853 642 3943 704 σὸς-

2377 733 2534 800 λόγος
2581 733 2812 799 πέφυκε,
2863 732 3147 802 Γρηγόριεσ
3185 731 3357 801 μάννα
3406 728 3569 800 ζωῆς,
3600 730 3790 799 δρόσος
3817 734 3930 799 γλυ-

2378 826 2613 896 κασμοῦ,
2645 824 2762 895 μέλι
2788 823 2847 876 τό
2877 825 2940 876 ἐκ
2957 825 3177 894 πέτρας,
3212 823 3456 891 ἀγγέλων
3485 823 3647 892 ἄρτος
3680 824 3930 893 οὐράνιος,

723 928 985 978 lectorum
1036 922 1274 975 alliciens
1324 917 1567 981 animos,
1602 924 1661 967 ut
1716 923 1805 968 tua
1858 914 2128 968 suavitate
2162 925 2274 967 sese

2377 918 2667 988 ἀπλήστως
2717 914 3070 986 ἐμφορεῖσθαι
3112 916 3208 985 τῆς
3267 915 3526 985 ἡδύτητος
3575 913 3800 976 πείθων,
3852 916 3932 965 καὶ

722 1016 1096 1071 insatiabiliter
1145 1011 1513 1079 ingurgitent;
1558 1022 1760 1076 eosque
1801 1007 2076 1074 voluptate
2126 1020 2279 1059 com-

756 1112 889 1163 lens.

756 1128 889 1163 lens.

719 1128 750 1179 Ρ
791 1200 1007 1253 Fluvius
1033 1196 1414 1250 charismatum
1462 1189 1717 1258 Spiritus,
1756 1187 2283 1257 Joannesﬁrepletus

718 1306 795 1347 est
824 1306 992 1361 usque
1019 1292 1084 1343 ad
1116 1288 1426 1342 eﬂ‘usionem
1453 1301 1466 1348 ;
1498 1291 1553 1337 et
1590 1281 1870 1351 pulchram
1902 1292 2058 1334 terra:
2088 1280 2277 1334 faciem

716 1383 872 1453 quasi
905 1391 1144 1437 torrente
1185 1376 1476 1445 voluptatis
1513 1389 1581 1428 ex
1610 1388 1703 1426 ore
1737 1372 1927 1439 irrigat
1954 1387 2153 1433 aureo;
2187 1385 2281 1423 ex-

718 1478 956 1531 hilarans
989 1472 1195 1529 Christi
1241 1478 1405 1522 totam
1445 1466 1724 1520 civitatem
1773 1475 1829 1518 et
1872 1462 2280 1533 pingnefaciens

716 1568 915 1636 impetu
943 1565 1245 1618 divinarum
1271 1560 1558 1613 undarum.
2044 1553 2276 1608 Mat-iale.

783 1740 1039 1793 Naturam
1105 1737 1401 1805 simplicem
1431 1775 1446 1799 ,
1496 1740 1771 1801 expertem
1830 1730 2233 1800 compositionis
2262 1771 2276 1793 ,

2380 1012 2601 1081 πληρῶν
2636 1009 2831 1080 ἡδονῆς
2851 1008 2977 1070 τοὺς
3010 1007 3352 1077 μετέχοντας.

2460 1184 2519 1235 '0
2571 1184 2813 1253 ποταμὸς
2890 1182 2997 1235 τῶν
3064 1181 3411 1252 χαρισμάτων
3476 1180 3568 1233 τοῦ
3634 1181 3937 1249 Πνεῦματος

2380 1274 2690 1345 ἐπληρώθη,
2746 1278 2772 1327 ὁ
2828 1275 3098 1344 Ἰωάννης,
3137 1273 3295 1343 μέχρι
3348 1272 3440 1325 καὶ
3484 1276 3825 1343 προχύσεως·
3857 1272 3940 1324 καὶ

2379 1365 2438 1417 τὸ
2471 1363 2633 1417 καλὸν
2668 1362 2951 1433 πρόσωπον
2974 1364 3071 1432 τῆς
3100 1361 3220 1431 γῆς,
3254 1361 3327 1423 ὠς
3353 1359 3559 1429 τρυφῆς
3591 1359 3937 1428 χειμάρρους,

2379 1457 2487 1511 ἀπὸ
2518 1453 2719 1527 χρυσοῦ
2752 1454 2900 1524 ἄρδει
2930 1454 3212 1522 στόματος,
3239 1451 3543 1522 εὐφραίνων
3581 1449 3679 1503 καὶ
3724 1448 3940 1500 πιαίνων

2378 1545 2473 1602 τοῦ
2518 1543 2755 1617 Χριστοῦ
2791 1544 2967 1596 πᾶσαν
3018 1540 3167 1594 πόλιν
3192 1544 3303 1605 τοῖς
3334 1540 3443 1594 τῶν
3490 1540 3650 1593 θείων
3690 1538 3941 1608 κυμάτων

2379 1639 2522 1710 ὁρμή
2531 1655 2683 1709 μασι.
3642 1631 3937 1684 Θεοτόκιον.

2448 1732 2610 1786 Φύσιν
2676 1729 2871 1800 ἁπλῆν,
2907 1726 3278 1798 άνασχομένην
3339 1727 3637 1790 συνθέσεως
3700 1724 3799 1777 καὶ
3846 1739 3937 1789 φα-

716 1843 768 1887 et
804 1830 1176 1902 perfectiorem
1212 1842 1375 1896 quam
1413 1834 1472 1879 ut
1498 1821 1881 1887 confundatur,
1917 1822 1967 1874 in
1998 1832 2089 1874 tuo
2113 1860 2129 1884 ,
2176 1821 2274 1874 Do-

2377 1826 2556 1876 νεῖσαν
2590 1823 2873 1893 κρείττονα
2904 1818 3235 1889 συγχύσεως,
3264 1818 3355 1869 ἐπὶ
3391 1817 3481 1869 τοῦ
3512 1816 3628 1877 σοῦ,
3659 1816 3936 1873 Δέσποινα,

714 1926 859 1979 mina
885 1964 901 1989 ,
922 1923 1059 1978 Filio
1090 1932 1201 1976 tres
1233 1921 1311 1974 illi
1352 1917 1519 1971 divini
1558 1916 1807 1969 doctores
1835 1913 2065 1969 confessi
2100 1923 2226 1966 sunt
2257 1930 2272 1979 ;

712 2016 765 2067 in
792 2015 1001 2067 duabus
1032 2010 1407 2064 voluntatibus
1431 2015 1484 2060 et
1516 2005 1708 2073 duplici
1739 2007 2078 2075 operatione,
2101 2001 2276 2070 dupli-

710 2120 827 2158 cem
865 2103 1014 2157 illum
1059 2100 1354 2155 secundum
1406 2109 1653 2153 naturam
1694 2106 2066 2165 agnoscentes.
2121 2094 2278 2147 Cata-

710 2197 880 2251 basia.

784 2290 966 2343 Virtus
1020 2300 1130 2350 tua,
1164 2284 1410 2346 Christe,
1442 2280 1663 2335 obduxit
1687 2279 1854 2334 caelos
1912 2296 1929 2336 ι
1979 2278 2275 2348 procedens

709 2382 854 2435 enim
883 2395 949 2431 ex
979 2392 1104 2431 arca
1141 2373 1597 2429 sanctiﬁcationis
1650 2382 1750 2425 tuae
1786 2372 2118 2439 incorruptae
2158 2368 2274 2422 Ma-

712 2472 828 2534 tris,
861 2470 911 2523 in
932 2467 1127 2536 templo
1162 2466 1347 2536 gloria:
1369 2475 1471 2518 tua:
1496 2462 1641 2517 visus
1672 2478 1731 2516 es
1753 2473 1810 2515 ut
1833 2461 2009 2517 infans
2065 2469 2275 2516 estatul

709 2564 871 2627 ulnis,
898 2572 952 2615 et
980 2559 1159 2613 omnia
1194 2557 1409 2628 impleta
1438 2565 1562 2611 sunt
1595 2554 1752 2608 laude
1783 2562 1892 2607 tua.

1231 2733 1363 2788 ODE
1394 2733 1444 2786 5.
1490 2730 1724 2785 Hirmus.

784 2829 903 2885 181.
993 2826 1235 2883 Luminis
1291 2826 1503 2895 largitor
1583 2831 1639 2875 et
1707 2832 2002 2889 temporum
2055 2820 2274 2898 opifex,

712 2922 980 2987 Domine,
1030 2920 1081 2973 in
1137 2918 1338 2972 lumine
1392 2915 1771 2970 mandatorum
1826 2918 2042 2964 tuorum
2100 2910 2275 2980 dirige

713 3020 1041 3067 noszextra
1097 3019 1148 3063 te
1202 3010 1344 3062 enim
1402 3006 1565 3059 alium
1621 3006 1787 3058 Deum
1835 3018 1942 3058 non
1994 3002 2277 3070 cognosci-

710 3114 851 3155 unus.

783 3190 1053 3247 Habentes
1121 3198 1446 3244 armaturam
1532 3187 1997 3257 inexpugnabilem
2080 3192 2270 3254 contra

714 3281 1033 3336 tentationes
1089 3281 1285 3336 diversi
1332 3280 1584 3349 generis,
1626 3280 1774 3332 omni
1834 3275 2270 3330 adversariorum

714 3374 1061 3444 improbitate
1086 3386 1299 3443 semper
1329 3371 1666 3442 expedimur,
1698 3369 1788 3440 qui
1816 3376 1867 3423 te
1907 3366 2001 3422 Dei
2033 3365 2273 3422 Genitri-

710 3480 828 3519 cem
856 3463 1336 3519 incontaminatam
1377 3461 1670 3515 credimus.
1934 3486 1937 3487 ν

788 3554 1264 3625 Appropinquante
1335 3554 1469 3623 legis
1542 3552 1917 3621 plenitudine,
1994 3549 2274 3605 sublimior

702 3646 1048 3710 cherubinis,
1082 3645 1365 3717 peperisti‘
1389 3645 1726 3698 incarnatum
1756 3658 1822 3697 ex
1852 3652 1903 3697 te
1925 3641 2122 3696 Filium
2183 3640 2274 3695 Dei

715 3739 1069 3808 unigenitum,
1099 3752 1256 3808 quem
1283 3736 1453 3792 servis
1478 3735 1583 3790 tuis
1603 3735 1912 3791 reconcilia.

782 3829 1033 3886 Omnium
1076 3828 1409 3884 conditorem
1441 3842 1599 3895 quem
1650 3828 1757 3881 tuis
1795 3826 1955 3889 ulnis,
1982 3824 2274 3881 intemera-

712 3935 790 3994 ta,
821 3923 1069 3997 portasti,
1116 3922 1276 3981 redde
1311 3921 1564 3995 precibus
1615 3920 1722 3981 tuis
1755 3918 1908 3980 nobis
1938 3917 2228 3992 propitium
2257 3960 2272 3992 ,

712 4021 839 4090 quia
872 4021 938 4074 ad
969 4030 1020 4073 te
1040 4035 1105 4072 ex
1137 4021 1318 4072 animo
1350 4017 1713 4085 confugimus.

783 4198 902 4253 182.
932 4197 1103 4259 Alius,
1126 4196 1272 4249 sicut
1303 4195 1359 4248 Ὀ
1381 4193 1677 4264 φωτισμός.

797 4287 1202 4344 charismatum
1238 4293 1449 4339 tuorum
1485 4286 1683 4337 fontem
1732 4282 2047 4352 propinasti,
2102 4298 2136 4338 ο
2181 4283 2275 4338 ho-

714 4382 919 4437 minum
942 4393 1127 4431 amans
1150 4378 1312 4439 Deus,
1350 4376 1552 4447 sanctis
1585 4375 1882 4429 bibendum
1915 4392 1928 4430 ;
1956 4374 2049 4444 qui
2101 4389 2277 4442 quan-

2371 2100 2443 2153 τὰ
2483 2099 2642 2168 φύσιν
2671 2098 3055 2159 ννωοίσανιιτες.

2299 3146 2347 3209 C

2376 1916 2505 1968 Υἰοῦ
2535 1918 2583 1968 οἰ
2621 1918 2767 1987 τρεῖς
2795 1914 3041 1984 θεοφόροι
3071 1910 3427 1982 δογματισταὶ
3464 1908 3847 1978 ὡμολόγησαν,
3883 1907 3939 1957 ἐκ

2375 2006 2468 2060 δύο
2492 2007 2617 2077 θελη
2627 2006 2810 2076 μάτων
2832 2007 2926 2060 καὶ
2956 2004 3149 2075 διπλῆς
3184 2001 3464 2074 ἐνεργείας
3489 1998 3580 2051 τὸν
3620 1997 3843 2050 διπλοῦν
3859 2014 3937 2049 και

3598 2089 3933 2144 Καταῦασία.

2457 2280 2755 2349 Ἐκάλυψεν
2805 2277 3064 2350 οὐρανοὺς
3112 2278 3145 2347 ὴ
3196 2277 3360 2347 ἀρετή
3410 2292 3525 2335 σου,
3568 2268 3793 2343 Χριστέ·
3848 2267 3936 2336 τῆς

2376 2370 2607 2425 κιϐωτοῦ
2653 2370 2761 2440 γὰρ
2813 2365 3124 2440 προσελθὼν
3154 2364 3247 2419 τοῦ
3302 2361 3636 2431 ἁγιάσματός
3697 2376 3793 2411 σου
3847 2356 3936 2423 τῆς

2375 2464 2611 2534 ἀφθόρου
2638 2463 2880 2533 Μητρὸς,
2915 2463 2973 2514 ἐν
2998 2460 3075 2531 τῷ
3101 2456 3213 2529 ναῷ
3233 2458 3332 2528 τῆς
3352 2456 3510 2525 δόξης
3546 2470 3636 2506 σου
3664 2453 3851 2523 ὥφθης
3869 2451 3937 2511 ὡς

2380 2556 2577 2628 βρέφος
2608 2552 3171 2625 ὰγκαλοφορούμενος,
3209 2549 3303 2603 καὶ
3348 2544 3642 2617 ἐπληρώθη
3674 2544 3742 2597 τὰ
3772 2544 3938 2596 πάντα

2377 2649 2476 2719 τῆς
2506 2648 2604 2715 σῆς
2647 2645 2923 2707 αἰνέσεως.

2880 2732 3011 2804 ῼΔΗ
3035 2739 3095 2784 ε’.
3130 2732 3188 2784 '0
3206 2729 3393 2801 εἰρμός

2458 2833 2517 2885 '0
2560 2830 2654 2884 τοῦ
2697 2827 2872 2897 φωτὸς
2922 2822 3152 2895 χορηγὸς
3183 2862 3198 2886 ,
3259 2821 3354 2873 καὶ
3401 2821 3509 2872 τῶν
3554 2817 3768 2872 αἰώνων
3822 2833 3939 2869 ποι-

2379 2924 2533 2995 ητὴς,
2569 2920 2762 2989 Κύριε,
2798 2919 2855 2969 ἐν
2894 2915 2971 2986 τῷ
3011 2913 3149 2983 φωτὶ
3199 2904 3327 2964 τῶν’
3349 2909 3457 2963 σῶν
3508 2908 3940 2977 προσταγμάτων

2376 3014 2643 3085 όδήγησον
2670 3011 2835 3083 ἡμᾶς·
2868 3008 3021 3071 ἐκτὸς
3056 3002 3149 3059 σοῦ
3178 3002 3288 3075 γὰρ
3321 3001 3476 3058 ἄλλον
3510 2997 3642 3053 Θεὸν
3668 2999 3731 3050 οὗ
3781 2996 3940 3065 γινώ-

2524 3122 2601 3159 εν.

2524 3122 2550 3157 ε
2588 3146 2601 3159 .

2378 3122 2652 3250 σκῗεπλον
2701 3194 2965 3263 ἀήττητον
3006 3187 3147 3242 κατὰ
3176 3185 3433 3240 ποικίλων
3460 3176 3789 3253 πειρασμῶν
3805 3178 3943 3247 ἔχαν-

2376 3304 2468 3349 τες
2500 3285 2606 3337 τῶν
2634 3280 2913 3351 δυσμενῶν
2947 3279 3125 3347 πάσης
3166 3275 3423 3344 ἐπηρείας
3456 3270 3802 3343 λυτῳύμεθα
3835 3267 3939 3331 ἀεὶ,

2376 3379 2507 3433 οἶσε
2532 3373 2811 3437 Θιοτόκον,
2832 3370 3002 3442 ργνὴ,
3025 3368 3392 3438 ἐπιστάμενοι.

2442 3558 2627 3629 Νόμου
2665 3564 2727 3607 το
2761 3553 3056 3623 πλήρωμα,
3084 3550 3119 3617 ἡ
3164 3550 3413 3616 ἀνωτερα
3458 3539 3747 3613 χερουσίμ,
3792 3539 3938 3629 τέτο-

2374 3669 2478 3714 κας
2500 3628 2589 3702 τὸν
2616 3646 2710 3699 τοῦ
2735 3642 2870 3697 θεοῦ
2906 3645 2969 3694 ἐκ
2995 3640 3087 3692 σοῦ
3120 3636 3466 3709 σαρκωθέντα
3499 3632 3627 3685 Υἰόν
3656 3628 3937 3701 μονογενῆ,

2374 3741 2433 3792 δν
2459 3738 2598 3808 ὑπὲρ
2624 3735 2731 3789 τῶν
2763 3732 2961 3785 δούλων
2991 3726 3099 3779 τῶν
3132 3726 3236 3781 σῶν
3270 3722 3570 3787 ἐξιλέωσαι.

2448 3829 2552 3882 Τὸν
2589 3826 2683 3880 τοῦ
2740 3823 2937 3885 παντὸς
2993 3817 3220 3889 ποιητὴν
3267 3817 3322 3866 ἐν
3360 3814 3479 3874 ταῖς
3513 3808 3785 3877 ἀγκάλαις
3827 3823 3935 3867 σου,

2390 3922 2572 3993 Ἁγνὴ,
2588 3922 2846 3991 φέρουσα,
2866 3913 3054 3968 τοῦτον
3074 3912 3205 3983 ἡμῖν
3232 3910 3353 3970 ταῖς
3384 3906 3503 3966 σαῖς
3521 3901 3756 3993 ἱκεσίαις
3770 3900 3938 3953 eam-

2375 4037 2465 4072 τον
2511 4018 2673 4080 δίδου,
2724 4009 2836 4075 τοῖς
2869 4004 2961 4059 νῦν
3012 4006 3078 4062 ἐκ
3106 4000 3331 4077 καρδίας
3368 3994 3506 4072 πρὸς
3551 3992 3610 4050 σὲ
3667 4002 3937 4064 καταφευ-

2378 4125 2551 4178 γουσι.

2456 4198 2665 4260 Ἄλλος.
2703 4198 2760 4249 ’0
2789 4190 3084 4263 φωτισμός.

2464 4292 2547 4345 Mi)
2576 4291 2675 4359 τὴν
2702 4287 2883 4357 πηγὴν
2930 4292 3037 4336 τῶν
3065 4295 3288 4333 σεαυτου
3333 4274 3687 4345 χαρισμάτων
3714 4274 3938 4334 ἐκπιεῖν,

2377 4386 2513 4447 δλως
2541 4378 2912 4451 φιλάνθρωπε,
2956 4374 3195 4433 δέδωκας
3236 4372 3347 4431 τοῖς
3380 4367 3573 4434 ἁγίοις,
3620 4363 3938 4418 ἐλαττωθεῖ-

716 4484 1045 4538 tumcunque
1070 4468 1294 4533 bibitur,
1329 4466 1667 4521 imminuitur
1696 4480 2006 4535 nunquam;
2056 4467 2149 4518 sed
2191 4465 2272 4519 di-

2379 4490 2475 4527 σαν
2515 4468 2761 4540 οὐδαμῶς
2802 4470 2868 4538 τῇ
2896 4464 3143 4525 κενώσει,
3173 4460 3263 4513 τὸν
3293 4458 3351 4512 δὲ
3388 4458 3591 4526 κόσμον
3638 4456 3821 4507 πάντα
3850 4471 3940 4523 με·

715 4562 851 4616 vinis
902 4559 1091 4614 rivulis
1113 4601 1128 4626 ,
1158 4573 1222 4612 ex
1242 4560 1361 4613 sinu
1401 4558 1639 4626 ipsorum
1670 4557 2082 4626 proﬂuentibus,
2115 4572 2272 4611 mun-

712 4656 839 4704 dum
874 4650 1106 4704 inebriat
1130 4651 1460 4702 universum.

792 4740 1011 4813 nequid
1053 4740 1180 4796 mihi
1223 4741 1460 4794 aurum?
1488 4739 1615 4811 quid
1640 4737 1771 4793 mihi
1817 4751 1948 4806 opes
1996 4736 2275 4808 gloriaque

711 4846 765 4888 et
842 4833 1130 4902 potentia?
1188 4832 1319 4886 fumi
1384 4831 1643 4905 abeuntes
1700 4831 1753 4883 in
1820 4843 2019 4883 aerem.
2083 4826 2274 4902 Omnia

712 4928 1025 4989 lacessant,
1076 4931 1271 4977 ventus
1339 4922 1477 4976 ferat
1526 4922 1731 4977 omnia.
1789 4919 1919 4975 Mihi
1981 4933 2107 4988 opes
2157 4931 2274 4971 unae

713 5016 938 5071 multum
1011 5014 1303 5079 amabiles,
1368 5014 1677 5085 eloquens,
1747 5012 2025 5066 doctorum
2099 5008 2273 5063 trini-

718 5120 821 5162 tas.

797 5196 973 5255 πίνας
1027 5196 1307 5252 ambrosiae
1367 5196 1483 5251 ﬂuit
1543 5204 1597 5249 et
1644 5193 1906 5256 nectaris;
1960 5189 2075 5244 ﬂuit
2122 5190 2269 5244 cibus

715 5290 1034 5345 immortalis
1086 5289 1489 5354 esurientibus,
1542 5297 1595 5342 et
1652 5285 1955 5339 sitientibus
2018 5282 2266 5336 incorru-

713 5363 836 5452 ptus
862 5390 1021 5452 potus
1046 5421 1061 5446 ,
1104 5396 1242 5450 aqua
1276 5381 1460 5434 vivens
1496 5379 1547 5433 in
1581 5375 1798 5437 smcula,
1831 5383 1886 5428 et
1935 5373 2184 5427 bibentes
2215 5372 2267 5425 in

712 5475 849 5530 vivis
900 5487 1245 5528 conservans.
1291 5472 1489 5528 Omnes
1546 5473 1655 5527 vita
1712 5468 2014 5522 exundante
2078 5464 2266 5532 imple-

715 5566 866 5619 mini.
2026 5556 2264 5611 Mariale.

796 5761 1145 5807 arsuoerans
1195 5744 1396 5803 malitia
1444 5745 1495 5798 in
1532 5755 1627 5799 nos
1668 5739 1848 5796 habuit
1898 5748 2214 5795 ootcstatem
2250 5759 2261 5792 :

2378 4566 2615 4619 θύσασαν
2643 4562 2755 4624 τοῖς
2784 4563 2847 4613 ἐκ
2873 4558 2975 4626 τῆς
3002 4554 3207 4616 κοιλίας
3229 4549 3407 4606 αὐτῶν
3437 4548 3599 4610 θείοις
3623 4546 3911 4616 ῥεύμασιν.

2462 4735 2533 4794 ei
2585 4749 2675 4805 μοι
2704 4729 2933 4802 χρυσός;
2963 4725 3014 4778 τί
3055 4742 3143 4795 μοι
3178 4721 3402 4786 πλοῦτος
3435 4720 3527 4774 καὶ
3553 4717 3682 4785 δόξα
3732 4720 3829 4773 καὶ
3862 4718 3944 4770 δυ-

2374 4826 2625 4888 ναστεία;
2662 4821 2857 4875 καπνοὶ
2896 4816 3232 4889 διαρρέοντες
3266 4815 3345 4877 εἰς
3384 4811 3541 4884 ἀέρα.
3587 4812 3783 4864 Πάντα
3808 4809 3942 4879 οἰχέ-

2377 4918 2505 4979 σθω,
2531 4915 2669 4985 αὖρα
2702 4913 2875 4965 πάντα
2901 4908 3131 4979 φερέτω⁸
3160 4906 3282 4975 ἐμοὶ
3306 4901 3533 4963 πλοῦτος
3562 4897 3647 4963 εἷς
3676 4900 3942 4969 πολυερα-

2376 5026 2496 5070 στος
2529 5010 2561 5077 ἡ
2595 5005 2702 5059 τῶν
2726 5000 3053 5056 διδασκάλων
3102 4994 3257 5066 τριὰς
3287 4992 3678 5064 ρητορεῦουσα.

2459 5184 2560 5236 ιτιεί
2598 5178 2837 5248 ποταμὸς
2889 5174 3188 5245 ἀμϐροσίαν
3231 5172 3323 5224 καὶ
3373 5169 3662 5237 νεκταρῤεῖ
3693 5171 3807 5228 τοῖς
3828 5184 3941 5219 πει-

2372 5273 2532 5326 νῶσιν
2559 5271 2822 5330 ἀθάνατος
2867 5266 3088 5338 βρῶσις,
3125 5264 3218 5317 καὶ
3248 5265 3361 5324 τοῖς
3399 5258 3627 5327 διψῶσιν
3664 5258 3937 5327 ἄφθαρτος

2371 5365 2547 5426 πόσις,
2584 5361 2724 5431 ὕδωρ
2741 5358 2846 5422 ζῶν
2877 5362 2956 5421 εἰς
2990 5357 3191 5418 αἰῶνας
3222 5354 3313 5406 καὶ
3337 5351 3556 5419 συνέχον
3582 5350 3795 5414 ζῶντας
3819 5351 3937 5410 τοὺς

2375 5457 2638 5513 πίνοντας·
2679 5453 2874 5514 πάντες
2900 5446 3328 5519 πλημμυροῦσης
3367 5443 3509 5511 ζωῆς
3566 5442 3934 5513 ἐμφορήθητε.

3628 5533 3935 5587 Θεοτόκιον.

2457 5755 2635 5808 ωσχεν
2696 5736 2845 5806 ἰσχὺν
2897 5733 3016 5787 καθ’
3057 5732 3212 5803 ἡμῶν
3253 5733 3289 5801 ἡ
3324 5729 3515 5785 κακίαι
3550 5730 3670 5785 αλλ’
3717 5732 3821 5785 οὐκ
3860 5731 3936 5797 εἰς
