4098 6326
1298 378 1682 436 ACOLUTIIIA
1722 386 2061 441 Tltll‘lJClS
2103 390 2323 444 FI'ZSTI.

3235 418 3418 459 ειῖιιιιι

196 499 372 567 τέλος·
393 506 656 575 ἠσθένησε
689 507 793 577 γὰρ
820 505 958 560 κατὰ
982 506 1079 574 τὴν
1112 504 1383 575 Παρθένον
1406 511 1495 561 τὸν
1528 512 1584 561 ὲν
1622 513 1737 583 ἰσχύ

1865 522 1919 564 at
1961 528 2061 565 non
2104 515 2151 565 in
2194 514 2353 566 ﬁnem
2387 528 2574 578 usque.
2616 515 2708 568 Est
2742 517 2883 568 enim
2936 518 3230 582 debilitata,
3272 532 3419 587 post-

195 590 424 650 δυνατὸν
448 600 723 652 τετοκυῖαν
758 598 1055 651 ὑπελθόντα
1100 598 1299 666 σαρκὸς
1330 600 1631 665 ἀσθένειαν,
1673 607 1763 657 καὶ

191 680 289 740 τὸν
319 683 543 737 δυνατὸν
577 687 631 738 ἐν
656 688 820 756 κακίᾳ
844 686 1209 759 νεκρώσαντα.

1878 618 2035 668 quam
2080 600 2236 673 Virgo
2285 605 2490 673 peperit
2523 613 2791 672 potentem
2819 607 3056 669 virtute,
3103 610 3194 677 qui
3242 612 3424 663 carnis

1868 692 2233 748 inlirmilatent
2272 694 2472 759 subiit,
2517 705 2569 750 et
2605 706 2874 765 potentem
2934 699 3131 752 malitia
3185 710 3414 768 prostra-

1867 783 1960 836 vit.

1077 954 1283 1013 Exhinc
1312 957 1660 1011 continuatur
1695 961 1961 1019 secundus
1992 964 2056 1015 dc
2096 965 2301 1020 sanctis
2340 985 2537 1025 canon.

270 1085 480 1148 Ἄλλος.
522 1087 679 1139 Ἰνατί
714 1106 778 1159 με
800 1087 1021 1142 ἀπώσω.

266 1176 407 1241 Τοὺς
454 1177 562 1230 τῶν
603 1179 759 1234 θείων
785 1180 1119 1251 πραγμάτων
1150 1182 1243 1234 καὶ
1270 1184 1375 1239 τῶν
1406 1186 1756 1256 ἀνθρωπίνων

190 1269 377 1335 σοφῶς
430 1270 814 1343 ἐπιστήμονας,
850 1272 947 1337 τὰς
986 1273 1092 1324 τῶν
1117 1273 1283 1328 ὄντων
1319 1276 1507 1345 φύσεις
1533 1277 1755 1350 φιλαλή-

189 1359 301 1425 θως
328 1363 459 1433 ἡμῖν
495 1364 912 1432 σαφηνίσαντας,
940 1366 1034 1419 καὶ
1057 1368 1145 1420 τὸν
1177 1368 1377 1421 τούτων
1406 1368 1625 1441 κτίστην
1653 1377 1757 1426 πᾶ-

188 1468 243 1504 σι
260 1456 654 1526 γνωρίσαντας,
685 1456 758 1518 ὡς
792 1456 965 1528 Θέμις,
1002 1460 1338 1530 εὐχαρίστως
1372 1466 1574 1527 φωναῖς
1600 1466 1757 1536 ἀμει-

184 1540 445 1611 ψώμεθα.

258 1632 336 1683 Τὸ
403 1636 683 1703 πικραῖνον
747 1636 840 1688 καὶ
889 1636 1085 1701 στῦφον
1132 1636 1240 1686 τῶν
1295 1637 1427 1707 πρὸς
1491 1641 1758 1711 σωτηρίαν

185 1722 496 1791 φαρμάκων
543 1724 844 1792 ὲγλύκαναν
892 1726 1009 1785 ταῖς
1050 1729 1239 1794 σοφαῖς
1292 1727 1396 1780 τῶν
1438 1730 1606 1799 λόγων
1664 1732 1756 1782 ἐπ-

1925 1100 2044 1154 185.
2072 1101 2243 1167 Alius,
2292 1107 2432 1160 sicut
2468 1108 2626 1162 Ίνατί
2650 1124 2718 1180 με
2746 1108 2948 1166 ἀπώσω

1933 1192 2241 1246 Divinarum
2329 1198 2787 1271 humanarumque
2812 1216 2988 1256 rerum
3052 1208 3272 1263 scicntia
3324 1210 3423 1263 im-

1856 1282 2056 1347 butos,
2101 1283 2190 1351 qui
2251 1286 2429 1339 studio
2470 1292 2709 1347 veritatis
2763 1304 2982 1349 naturas
3030 1311 3205 1352 rermn
3265 1302 3423 1357 nobis

1857 1370 2157 1423 enodarunt
2190 1410 2203 1434 ,
2236 1375 2554 1443 cunctisque
2595 1385 2945 1438 ostenderunt
3001 1383 3209 1437 illarum
3262 1392 3416 1457 opili-

1857 1474 1991 1523 cem,
2032 1476 2437 1517 remunerentur
2469 1467 2549 1535 (ut
2590 1484 2798 1538 acquum
2850 1476 2954 1546 est)
2982 1476 3281 1547 gratiarum
3329 1498 3423 1533 ac-

1858 1551 2108 1605 tionibus.

1930 1639 2231 1698 Salubrium
2270 1647 2679 1715 pharmacorum
2704 1654 3003 1709 amaritiem
3042 1661 3247 1717 dulcem
3283 1668 3417 1719 red-

1857 1731 2105 1787 didcrunt
2165 1737 2335 1791 doctis
2386 1754 2690 1793 sermonum
2758 1742 3042 1812 illecebris,
3105 1755 3416 1823 artibusqim

182 1813 354 1884 φδαῖς
385 1832 442 1867 τε
470 1817 564 1868 καὶ
588 1817 799 1884 τέχναις
851 1812 942 1865 καὶ
981 1815 1161 1883 χάρισι
1196 1818 1304 1871 τῶν
1339 1819 1518 1891 ψυχῶν
1549 1825 1596 1876 οἱ
1631 1824 1738 1876 θεῖο

1856 1834 1910 1879 et
1958 1824 2229 1893 leporibus
2265 1830 2425 1882 divini
2496 1832 2686 1887 medici
2742 1835 3063 1893 animarum.
3109 1840 3411 1910 Laetamini,

181 1903 533 1974 θεραπευταί·
585 1903 864 1972 θέλγεσθε,
896 1904 1093 1971 πάντες
1132 1910 1389 1973 εὐσεϐεῖς,
1426 1915 1518 1966 καὶ
1552 1916 1738 1984 τερπό-

1855 1914 1925 1981 pii
1958 1930 2168 1979 omnes,
2201 1926 2256 1969 et
2293 1932 2415 1971 cum
2460 1922 2798 1985 iucunditate
2836 1927 2902 1981 ad
2936 1929 3166 1985 salutem
3200 1934 3411 1989 incum-

188 2009 342 2060 μενοι
369 1991 629 2055 σώζεσθε.

255 2082 441 2155 Σιωπᾷ
477 2085 630 2153 λόγος
661 2088 824 2153 ἄπας,
860 2092 966 2145 τῶν
1002 2092 1345 2161 θεοκηρύκων
1367 2096 1665 2148 λαλούντων
1686 2094 1753 2147 τὰ

178 2174 361 2241 ἔνθεα,
411 2180 504 2231 καὶ
543 2184 731 2249 κρατεῖ
786 2183 883 2251 τῆς
920 2184 1085 2237 πάλαι
1118 2184 1388 2257 Διαθήκης
1422 2190 1452 2257 ἠ
1483 2186 1595 2239 Νέα
1621 2206 1754 2257 προ-

178 2265 450 2320 ϐάλλουσα
469 2271 536 2322 τὰ
564 2272 733 2323 σεπτὰ
751 2273 912 2337 πυξία
939 2274 1044 2326 τῶν
1061 2277 1116 2327 ὲν
1138 2276 1274 2346 αὐτῇ
1300 2277 1745 2347 νομοθετούντων,

174 2351 258 2418 οἷς
289 2356 609 2427 ῥυθμίζεται
634 2360 741 2428 πᾶς
764 2361 969 2415 πιστῶν
1002 2362 1289 2435 σύλλογος.
1447 2367 1745 2425 Θεοτόκιον.

238 2610 352 2680 Τὴν
386 2612 647 2668 ἀθάνατον
689 2619 851 2684 φύσιν
876 2623 907 2688 ἡ
948 2622 1112 2691 Θνητὴ
1138 2626 1481 2695 παρέδραμεν
1502 2631 1578 2689 εἰς
1598 2629 1745 2697 ἁγιό-

172 2714 333 2767 τητα,
366 2704 459 2754 καὶ
510 2706 782 2776 Παρθένος
826 2709 963 2778 κόρη
1018 2712 1144 2773 τοὺς
1179 2714 1451 2784 ὰσὰρκους
1485 2716 1744 2783 ἀγγέλους

172 2789 508 2861 παρήλασεν,
534 2793 609 2856 ὡς
638 2795 769 2849 Θεὸν
801 2798 1032 2852 τεκοῦσα
1064 2802 1154 2853 τὸν
1192 2802 1414 2871 βασιλέα
1443 2806 1549 2857 τῶν
1574 2808 1742 2875 ἀγγέ-

169 2878 299 2945 λων,
331 2874 377 2949 ᾧ
400 2884 759 2953 προσϐλέπειν
780 2890 1008 2955 ἐκείνοις
1036 2892 1313 2948 ἀδύνατον.
1400 2897 1736 2952 Καταϐασία.

252 2973 338 3035 Ὦς
381 2972 519 3029 εἶδεν
577 2980 797 3045 Ἡσαΐας
818 2985 1158 3053 συμϐολικῶς
1201 2988 1258 3039 ὲν
1293 2988 1463 3059 θρόνῳ
1494 2992 1739 3061 ἐπηρμέ-

167 3080 245 3133 νῳ
272 3065 407 3119 Θεὸν
449 3069 551 3121 ὑπὸ
582 3071 824 3138 ἀγγέλων
852 3074 1008 3145 δόξης
1040 3078 1335 3149 δορνιρορού
1346 3098 1522 3149 μενον,
1554 3084 1616 3133 Ὢ
1645 3083 1739 3135 τά·

166 3153 285 3222 λας,
322 3157 472 3225 ἐϐόα,
512 3160 656 3227 ὲγώῑ
693 3162 796 3232 πρὸ
826 3165 931 3236 γὰρ
954 3160 1089 3218 εἶδον
1128 3172 1539 3240 σωματούμενον
1583 3173 1736 3240 Θεὸν,

166 3248 346 3315 φωτὸς
376 3252 675 3325 ἁνεσπέρου
709 3256 801 3308 καὶ
827 3258 1048 3332 εἰρήνης
1075 3260 1421 3324 δεσπόζοντα.

663 3430 794 3499 ῼΔΗ
813 3430 885 3494 ς’.
941 3432 998 3485 Ὀ
1030 3435 1236 3505 εἱρμός.

242 3510 330 3563 Ἐν
358 3513 576 3585 ἀϐύσσῳ
602 3522 956 3589 πταισμάτων
1010 3525 1371 3594 κυκλούμενος
1415 3526 1514 3598 τὴν
1554 3530 1727 3596 ἀνεξι-

160 3602 414 3671 χνίαστον
427 3606 524 3675 τῆς
544 3608 941 3681 εὐσπλαγχνίας
966 3632 1058 3667 σου
1084 3616 1449 3687 ἐπικαλοῦμαι
1468 3618 1723 3676 ἄϐυσσον·

158 3693 223 3745 ὲκ
245 3694 471 3765 φθορᾶς,
510 3698 538 3750 6
558 3698 710 3764 Θεὸς,
738 3703 803 3771 μὲ
823 3704 1084 3773 ἀνάγαγε.

180 3815 189 3823 -
227 3786 511 3857 Σωτηρίας
532 3788 723 3860 λιμένα
754 3792 1035 3861 γινώσκων
1079 3812 1160 3859 σε,
1206 3798 1380 3852 πλέων
1433 3802 1727 3874 πολυφρόν-

155 3873 299 3936 τιδος
331 3874 445 3943 βίον
466 3879 529 3930 τὸ
562 3880 791 3951 πέλαγος
811 3884 1196 3957 ἐπικαλοῦμαι,
1220 3888 1502 3956 Δέσποινα,
1532 3873 1726 3967 κυϐερ-

154 3965 326 4035 νήτην
347 3965 527 4038 ψυχῆς
552 3987 652 4039 μου
685 3973 937 4040 γενέσθαι
971 3993 1052 4031 σε.

234 4055 410 4126 Ἱερᾶς
446 4060 719 4127 πολιτείας
760 4067 1093 4124 ὲκπέπτωκα
1137 4072 1397 4142 ῥᾳθυμῶν
1422 4079 1449 4128 ὁ
1472 4076 1719 4141 δείλαιος·

150 4144 268 4198 ἀλλ’
307 4150 643 4219 ἑπανάγαγε,
683 4155 1020 4231 εὐλογημένη
1084 4163 1348 4232 πάναγνε,
1389 4175 1722 4240 προσταγαῖς

150 4236 245 4290 τοῦ
276 4239 406 4292 Tito?»
439 4259 531 4295 σου
564 4245 915 4316 ρυθμίζουσα.

222 4420 436 4484 Ἄλλος.
462 4424 724 4491 ’Δϐυσσος
761 4432 1190 4504 ἁμαρτημάτων.

228 4600 373 4653 -δια
416 4602 475 4655 ὲν
526 4607 587 4675 τῇ
645 4607 833 4679 Τριάδι
886 4616 1075 4684 τριττὰ
1134 4619 1523 4692 συνθεολογεῖτε
1619 4628 1716 4698 τὴν
1749 4599 1792 4653 D

144 4692 470 4763 ἀγεννησιαν
484 4699 578 4751 τοῦ
613 4703 835 4772 πατρὸς,
864 4706 957 4760 τοῦ
992 4710 1163 4777 Λόγου
1185 4714 1284 4765 τὴν
1309 4716 1583 4787 γέννησιν,
1618 4692 1711 4774 καὶ

144 4780 283 4833 Πνεύ
293 4801 462 4852 ματος
488 4789 588 4857 τὴν
612 4792 934 4864 ὲκπόρευσιν
968 4800 1148 4869 μόνου.

228 4959 487 5030 ωήμερον
514 4964 592 5036 τῷ
609 4966 742 5039 οἴκῳ
779 4973 950 5045 τούτῳ
974 4980 1275 5051 περιφανὴς
1325 4988 1583 5059 σωτηρία·
1616 4990 1709 5047 δύο

140 5045 250 5119 γάρ
278 5051 372 5103 καὶ
388 5056 537 5123 τρεῖς
568 5063 932 5132 συνηγμένους
960 5045 1189 5140 Χρὶστὸς
1217 5045 1296 5137 ἐες
1324 5075 1383 5130 τὸ
1422 5045 1588 5151 δζομα
1609 5045 1706 5135 aa;

138 5138 236 5192 τοῦ
267 5143 469 5212 τιμῶν,
493 5147 656 5216 μέσος
670 5154 898 5223 πάρεστι
927 5159 1148 5214 τούτων.

220 5360 462 5417 >πειρον
535 5352 633 5423 τῆς
689 5357 792 5426 γῆς
837 5359 898 5411 τὸ
944 5361 1104 5429 βάθος
1169 5365 1304 5436 πρὸς
1352 5386 1411 5421 το
1458 5370 1706 5440 οὐράνιον

131 5433 286 5501 ὕψος,
312 5437 427 5489 ἀλλ’
459 5440 568 5495 ἀπὸ
598 5444 697 5513 τῆς
722 5446 825 5517 γῆς
860 5452 985 5513 τοὺς
1012 5433 1420 5530 ἀγίουςνὲξῆρεν
1447 5433 1702 5514 ἐπέκεινα

128 5524 241 5580 τῶν
288 5528 531 5600 οὐρανῶν
554 5535 582 5586 ὁ
602 5536 848 5605 οὐράνιος
876 5540 1034 5610 ἔρως.
1401 5548 1700 5606 Θεοτὸκιον.

218 5618 368 5679 Ζὲαν
399 5638 458 5674 σε
517 5628 717 5700 πηγὴν,
762 5630 1022 5702 Παρθένε,
1051 5638 1144 5691 καὶ
1202 5640 1458 5713 ἀφορμὴν
1494 5661 1700 5719 μυστη-

200 5797 277 5867 (a)
303 5795 403 5853 lsa.
435 5818 505 5869 vr,
538 5806 582 5859 Ι.

1806 5552 1975 5608 ctelos
1993 5555 2231 5611 ctelestis
2257 5574 2411 5616 amor
2430 5567 2646 5623 extulit.

1852 2002 1982 2057 bile.

1921 2089 2263 2151 Praeconibus
2331 2097 2526 2166 divinis
2578 2102 2755 2157 divina
2822 2111 3186 2180 tractantibus,
3234 2114 3410 2174 omnis

1849 2194 2029 2234 sermo
2059 2193 2228 2252 tacet;
2256 2198 2311 2241 et
2336 2187 2681 2248 Testamento
2706 2194 2907 2251 Vetere
2935 2212 3151 2266 praestat
3179 2204 3407 2274 Novum,

1848 2284 2154 2340 proponens
2202 2280 2472 2343 pretiosas
2519 2284 2729 2341 tabulas
2779 2302 2998 2343 suarum
3040 2291 3213 2365 legum
3239 2336 3257 2365 ,
3291 2300 3410 2369 qui-

1852 2362 1954 2415 bus
2009 2373 2117 2419 tota
2152 2365 2388 2425 ﬁdelium
2446 2375 2750 2441 respublica
2784 2382 2987 2451 regitur
3028 2362 3113 2441 act
3152 2362 3411 2459 tempera-

1849 2462 1952 2508 tur.
3169 2481 3403 2541 Mariale.

1914 2636 2164 2695 Naturam
2212 2648 2567 2705 .mmortalem
2602 2655 2845 2711 mortalis
2906 2664 3254 2727 praecucurrit
3284 2680 3409 2721 san-

1842 2726 2045 2793 ctitate,
2100 2742 2154 2785 et
2206 2737 2378 2803 puella
2440 2740 2597 2809 Virgo
2648 2726 2919 2816 superavit
2981 2756 3160 2810 carnis
3215 2771 3406 2828 exper-

1848 2823 1931 2870 tes
1958 2822 2198 2888 angelos,
2222 2830 2436 2894 quando
2465 2836 2647 2899 genuit
2678 2850 2857 2906 regem
2882 2843 3190 2912 angelorum
3213 2822 3400 2906 Deum.

1845 2919 2006 2961 auem
2042 2910 2115 2965 illi
2138 2915 2350 2971 obtueri
2380 2918 2521 2974 haud
2548 2937 2792 2990 possunt.
2959 2910 2976 2912 θ
3092 2933 3396 2993 Catabasia.

1915 2996 1984 3053 Ut
2019 2999 2150 3057 vidit
2183 3002 2349 3063 Isaias
2376 3012 2669 3080 symbolice
2708 3016 2759 3071 in
2800 3022 3011 3079 excelso
3039 3026 3174 3081 solio
3208 3027 3398 3093 Deum,

1837 3088 2008 3156 gloria
2045 3098 2361 3165 angelorum
2408 3113 2663 3172 tanquam
2692 3112 2943 3167 satellitio
2974 3117 3227 3185 stipatum
3250 3106 3271 3175 ἐ
3302 3122 3402 3175 Mi-

1842 3194 1930 3231 ser
1954 3196 2051 3250 ego
2079 3185 2091 3236 l
2128 3190 2465 3248 exclamabat
2495 3212 2509 3249 :
2546 3212 2725 3254 coram
2756 3205 2900 3258 enim
2940 3207 3045 3261 vidi
3076 3224 3301 3281 corpore
3325 3216 3400 3269 iu-

1840 3268 2023 3326 dutum
2078 3275 2263 3347 Deum,
2302 3281 2406 3339 luci
2440 3301 2719 3358 vesperum
2764 3311 2868 3351 non
2915 3297 3133 3357 habenti
3166 3308 3397 3379 pacique

1838 3359 2201 3422 dominantem
2238 3370 2335 3444 (α).

2313 3466 2432 3522 184.
2472 3472 2605 3528 0οΕ
2634 3476 2687 3531 6.
2716 3476 2951 3535 Hirmus.

1909 3543 2020 3615 Ego
2053 3552 2144 3618 qui
2187 3553 2240 3607 in
2299 3556 2492 3629 abysso
2524 3576 2864 3631 peccatorum
2904 3574 3138 3642 volutor,
3168 3580 3390 3636 investi-

1835 3637 2063 3705 gabilem
2101 3643 2487 3708 misericordia
2521 3665 2624 3711 tua:
2654 3659 2883 3729 imploro
2908 3637 3185 3737 abyssum.
3219 3672 3292 3726 Ex
3319 3675 3397 3729 in-

1834 3731 1992 3785 teritu
2015 3734 2150 3791 educ
2188 3754 2294 3808 me,
2328 3740 2491 3801 Deus.

1900 3820 2100 3880 Salutis
2124 3838 2336 3895 portum
2364 3850 2596 3905 agnosco
2626 3850 2694 3904 te,
2736 3842 2984 3910 Domina,
3035 3861 3090 3905 et
3126 3855 3387 3921 navigans

1832 3912 2075 3971 sollicitas
2104 3921 2223 3975 vita
2253 3924 2496 3997 pelagus,
2527 3931 2772 4002 obsecro,
2805 3952 2862 3993 ut
2888 3942 3235 4010 gubernatrix
3266 3950 3385 4003 aui-

1831 4017 1931 4056 mae
1964 4020 2038 4059 SIS
2065 4024 2216 4064 ωδε.

1900 4094 2181 4203 ξθηῖιίοτθ
2244 4116 2388 4164 statu
2449 4115 2660 4185 excidi,
2717 4124 2841 4190 quia
2896 4127 3058 4184 miser
3112 4134 3387 4203 torpebam

1829 4182 1964 4237 otio.
2022 4184 2137 4244 Sed
2172 4208 2258 4249 me
2286 4199 2469 4268 reduc,
2506 4205 2789 4266 benedicta
2842 4226 2897 4268 et
2942 4221 3089 4275 omni
3125 4182 3383 4295 exrparte

1828 4276 2127 4337 castissima
2235 4304 2427 4363 meque
2496 4302 2570 4354 tui
2632 4301 2751 4358 Filii
2834 4311 3102 4370 mandatis
3162 4276 3381 4374 accom-

1828 4368 2008 4421 modo.

1828 4380 2008 4422 111003.

1906 4459 2026 4518 185.
2053 4464 2200 4523 Alius
2229 4508 2244 4525 .
2281 4470 2423 4527 sicut
2449 4475 2716 4543 ’Δϐυσσος
2735 4483 3162 4557 ἁμαρτημάτων.

1914 4643 2207 4713 -ιι-ἰριίοειη
2267 4655 2645 4720 proprietatem
2689 4660 2742 4713 in
2805 4661 2997 4721 Triade
3051 4672 3375 4741 explicatis:

1825 4731 2021 4800 quippe
2065 4734 2363 4807 theologica
2424 4749 2880 4806 commentatione
2925 4731 3193 4816 disseritis
3241 4780 3376 4835 quo-

1820 4823 1974 4901 modo
2028 4839 2133 4879 non
2204 4838 2262 4881 ut
2320 4833 2532 4899 genitus
2586 4835 2777 4903 Pater,
2821 4848 3088 4914 quomodo
3136 4823 3375 4923 geni-tum

1820 4910 2078 4979 Verbum,
2117 4926 2171 4971 et
2218 4917 2450 4989 Spiritus
2501 4933 2770 4995 quomodo
2826 4910 2973 4992 solus
3015 4910 3292 5010 procedat.

1903 5016 2145 5074 =epente
2184 5009 2309 5062 huic
2349 5013 2529 5069 domui
2562 5020 2768 5077 refulsit
2813 5027 2971 5084 hodie
3018 5009 3170 5090 salus
3205 5042 3371 5095 mani-

1814 5093 1946 5148 festa
2006 5114 2020 5149 :
2077 5114 2197 5153 nam
2251 5101 2532 5170 Christus,
2580 5111 2849 5173 bonorans
2906 5120 3038 5178 duos
3092 5126 3174 5181 vel
3252 5139 3362 5188 tres

1814 5200 2164 5259 congregatos
2220 5194 2273 5248 in
2333 5201 2548 5255 nomine
2597 5222 2737 5270 suo,
2790 5221 2872 5263 est
2904 5214 2980 5277 in
3035 5220 3210 5275 medio
3266 5237 3361 5278 eo-

1812 5292 1931 5332 rum
1951 5279 2025 5349 (ὁ)

1892 5372 2015 5427 trusi
2046 5373 2376 5441 profunditas
2420 5389 2575 5437 terra:
2635 5385 2899 5446 immenso
2945 5393 3229 5453 intervallo
3286 5416 3371 5455 re-

1813 5470 1956 5514 mota
2004 5472 2087 5517 est
2121 5479 2150 5517 a
2182 5467 2303 5522 cmli
2351 5469 2636 5529 altitudine
2662 5516 2678 5541 ,
2711 5492 2928 5539 sanctos
2985 5494 3166 5542 tamen
3220 5490 3359 5548 ultra

3121 5577 3361 5638 Nariale.

1888 5656 2096 5700 (nancta
2134 5648 2313 5720 Virgo,
2357 5670 2481 5709 cum
2527 5666 2579 5715 te
2623 5660 2885 5722 haberent
2931 5683 3125 5727 novum
3159 5674 3361 5729 fontem

1882 5822 1950 5895 ib)
1984 5822 2167 5881 Matth.
2197 5844 2347 5897 xvm,
2377 5830 2465 5888 9.0.
