4060 6316
2095 338 2625 398 PROLEGOMENA.

696 475 859 525 mam,
895 458 998 514 hoc
1025 458 1093 514 ab
1123 472 1189 513 eo
1212 455 1446 536 differat,
1474 455 1614 536 quod
1640 454 1959 523 plerumque
1988 456 2057 509 sit
2086 468 2629 536 commemoraturum
2674 469 2984 536 sanctorum
3015 460 3472 536 longioraelogia,
3502 475 3595 517 seu
3627 462 3757 536 vita:
3779 474 3928 520 acto-

699 543 947 608 rumque_
978 527 1303 608 compendia
1346 526 1564 608 legenda
1598 536 1897 608 'proponat.
1920 568 1935 591 ,
1972 539 2245 608 praeeunte
2278 530 2347 582 ad
2381 530 2585 608 singula
2616 532 2782 608 quale
2811 532 3050 608 ducimus
3092 526 3713 608 distichofconsentiat
3744 547 3923 591 autem

692 615 814 652 rum
836 595 1063 662 eodem,
1089 595 1233 667 quod
1260 595 1563 671 sicutapud
1595 595 1820 650 Latinos
1850 595 2288 671 Martyrologium
2315 595 2585 654 concludit
2616 595 2804 665 lector,
2860 604 3077 665 dicens,
3110 623 3127 653 ι
3166 613 3219 657 et
3254 595 3379 658 aiibi
3409 604 3769 671 plurimorum
3807 622 3929 659 san-

692 678 907 740 ctorum
942 665 1249 738 martirum
1282 675 1337 721 et
1367 665 1739 740 confessorum
1780 675 1944 734 atque
1988 665 2259 740 virginum
2294 677 2366 740 et
2390 672 2743 739 respondetur
2778 686 2805 723 a
2848 674 3015 725 choro
3036 714 3049 735 ,
3078 672 3187 726 Deo
3213 665 3450 740 gratias':
3495 692 3512 724 ι
3538 674 3617 726 sic
3647 685 3704 726 et
3728 674 3924 737 Graeci,

693 739 937 792 absoluta
981 736 1291 809 sanctorum
1322 737 1836 809 commemoratione
1859 736 2136 809 praedicta,
2162 738 2461 809 clausulam
2481 736 2781 802 adhibent,
2824 743 3017 809 quovis
3073 744 3159 796 die
3193 736 3508 802 iterandam,
3559 744 3695 806 Ταῖς
3752 745 3927 798 αὐτῶν

689 809 876 874 ἁγίαις
903 808 1241 933 πὲεσὸείαις,
1269 807 1299 857 6
1326 805 1475 887 Θεὸς,
1496 805 1830 888 ὲλέησονριτιλἲ
1860 805 2031 870 ξῶσον
2057 809 2222 877 ἡμᾶς.

692 892 808 933 nos.
866 896 886 929 ι
981 895 1011 932 x
1051 880 1177 933 lunt:
1222 887 1511 931 resumttur
1539 886 1730 930 cantus
1767 888 1924 929 U'ltllll
1952 892 2240 931 canonumi

2345 824 2489 862 orum
2509 811 2707 864 sanctis
2728 805 2979 878 precibus
3008 813 3265 867 miserere
3294 814 3469 875 nobis,
3495 815 3658 877 Deus,
3680 805 3742 868 et
3780 818 3925 869 salva

2345 894 2426 932 em
2470 895 2577 933 ouo
2618 896 2774 933 suora
2801 884 3009 933 ordine.
3054 882 3149 933 Est
3176 894 3352 933 autem
3381 883 3431 933 in
3457 883 3769 933 huiusmodi
3798 900 3925 933 noe-

692 892 825 959 1:08..
866 896 886 929 ι
933 880 1011 933 Ex
1051 880 1177 933 hinc
1222 880 1511 959 resumitur
1539 886 1730 959 cantus
1767 880 1924 929 trium
1952 880 2426 959 canonum‘eodem
2470 895 2577 947 quo
2609 896 2774 959 supra
2801 884 3009 935 ordine.
3054 882 3352 959 Estautem
3381 883 3431 935 in
3457 883 3769 959 liujnsmodi
3798 900 3925 953 poe-

702 950 859 1021 matis
906 963 1163 1018 perquam
1219 947 1500 1021 usitatum,
1523 957 1601 1021 _ut
1635 945 1943 1021 ultimarum
1980 956 2149 1021 trium
2173 945 2694 1021 odarumisirOpha‘
2728 966 2820 1004 seu
2869 954 3101 1019 troparia
3132 953 3337 1021 singula
3385 945 3570 1005 eodem
3598 956 3714 1007 l'ere
3772 945 3926 1009 modo

692 1016 1089 1093 terminentur;
1138 1027 1192 1071 ut
1223 1018 1275 1071 in
1310 1021 1411 1071 ode
1448 1016 1660 1093 quidem
1691 1018 1917 1093 septima
1951 1016 2240 1093 clausulas

2390 1019 2704 1093 Ἐυλογητὸς
2725 1023 2753 1071 6
2776 1022 2905 1085 Θεὸς
2941 1016 3047 1075 τῶν
3077 1016 3326 1091 πατέρων
3359 1021 3564 1093 ήμῶν.ι
3604 1022 3925 1079 Benedictus

692 1040 1089 1087 lCl'llllllBﬂlUl';
1138 1040 1192 1071 υι
1223 1040 1275 1071 ιιι
1310 1040 1411 1071 UUU
1448 1040 1660 1083 ιμιιιιιτιιι
1691 1040 1917 1084 κνιιιηιι
1951 1040 2186 1071 Clausum
2223 1040 2240 1071 ε

687 1089 829 1142 Deus
854 1098 1061 1157 patrum
1089 1097 1429 1159 nostrorum;
1456 1105 1480 1159 »ί
1500 1090 1552 1139 in
1571 1098 1784 1149 octava,
1810 1086 2092 1159 Εὑλογεζτε
2118 1088 2211 1139 καὶ

2405 1040 2704 1090 [ιω-ογητος
2725 1040 2753 1071 o
2776 1040 2905 1085 σεος
2941 1040 3047 1075 των
3077 1040 3326 1091 πατερων
3359 1040 3389 1093 η
3487 1040 3564 1074 ν.ι
3604 1040 3925 1079 ῠεηθιιιοιυδ

2345 1089 2585 1159 ,ρυψοῦτε
2619 1092 2697 1152 εἰς
2726 1092 2932 1155 πάντας
2964 1094 3089 1154 τοὺς
3116 1093 3317 1157 αἰῶνας
3346 1112 3364 1142 ι
3397 1040 3705 1145 ἔέιειιιεὶιθ
3756 1106 3811 1148 et
3838 1109 3926 1147 su-

690 1155 1022 1238 peres—altam
1055 1161 1113 1238 in_
1134 1157 1383 1238 saecula}.
1410 1178 1431 1208 ο
1470 1158 1520 1238 in
1554 1171 1693 1238 nona
1736 1158 1965 1223 denique
1999 1155 2626 1238 freque_ntetur_verhum
2648 1161 2979 1238 Mshfaituvew
3002 1204 3016 1229 ,
3048 1182 3065 1213 ι
3098 1155 3439 1232 magniﬁcare
3466 1181 3479 1215 :
3510 1180 3527 1211 ι
3556 1171 3615 1214 ιιι
3641 1164 3925 1218 videantur

685 1227 1424 1350 ιιυιῇὶιέιηθψιθεῗμὶεροεὶῑίο
1455 1228 1522 1282 ad
1561 1226 1772 1291 laudes,
1798 1240 1919 1295 quae
1952 1236 2076 1281 sunt
2108 1235 2353 1282 extrema
2383 1228 2630 1284 Matutini
2676 1226 2834 1285 oﬂicii
2877 1226 3089 1301 pars'ac
3118 1226 3243 1287 veFe
3270 1232 3557 1295 Matutina,
3605 1233 3691 1287 uti
3719 1234 3924 1289 dicetur

685 1314 747 1350 C3
892 1314 919 1350 8
953 1313 1090 1350 auen
1122 1315 1158 1350 I.

685 1308 864 1364 capite
892 1308 1158 1366 sequenti.

692 356 897 398 CCCLX“

1201 1458 1340 1514 ODE
1381 1463 1435 1515 7.
1476 1462 1712 1517 llirmus.

2839 1461 2971 1531 ΩΔΗ
2999 1459 3063 1525 ξι
3105 1461 3165 1514 ὐ
3192 1458 3401 1533 εῖρμός-

757 1553 882 1609 19Ξ.
936 1554 1071 1610 Cum
1122 1554 1442 1609 adoraretur
1489 1562 1666 1609 statua
1716 1566 1881 1608 aurea
1944 1550 1998 1603 in
2060 1562 2250 1616 campo

683 1647 875 1716 Dura,
928 1656 1038 1701 tres
1090 1646 1245 1716 pueri
1294 1648 1369 1700 tui
1422 1647 1811 1717 proculcarunt
1867 1640 2249 1712 impiissimum

620 1785 625 1790 .
685 1736 1307 1807 mandatumzconjecti
1362 1748 1545 1794 autem
1602 1738 1656 1791 in
1693 1733 1927 1789 medium
1984 1733 2201 1804 igneum
2233 1770 2249 1796 ,

685 1828 841 1896 quasi
866 1842 989 1883 rore
1031 1827 1239 1898 perfusi
1276 1828 1577 1899 psallebant
1606 1825 1968 1882 :Benedictus
1992 1839 2073 1890 es,
2108 1822 2253 1878 Deus

681 1929 893 1989 patrum
928 1930 1250 1974 nostrorum.

752 2014 808 2067 ln
861 2027 1075 2068 crucem
1136 2010 1355 2067 sutIixus
1410 2008 1500 2079 qui
1543 2023 1609 2064 ex
1678 2017 1779 2073 te,
1836 2006 1931 2061 Dei
1980 2005 2247 2071 Genitrix,

682 2120 880 2176 corpus
911 2106 1228 2174 assumpsit,
1254 2104 1447 2159 Adami
1487 2104 1778 2174 discerpsit
1806 2100 2245 2171 chirographum.

681 2200 832 2253 Illum
859 2212 1000 2253 nunc
1026 2211 1271 2267 precare,
1293 2196 1470 2250 omnis
1493 2195 1629 2250 navi
1659 2207 1875 2265 expers,
1898 2202 1955 2247 ut
1979 2207 2009 2246 a
2038 2191 2250 2245 cunctis

678 2287 935 2355 periculis
970 2286 1166 2341 liberet
1217 2285 1404 2339 tideles
1433 2283 1738 2340 clamantes
1768 2302 1782 2339 :
1817 2282 2135 2337 Benedictus
2163 2293 2247 2345 es,

679 2382 819 2435 Deus
849 2388 1061 2448 patrum
1090 2388 1418 2432 nostrorum.

749 2473 884 2544 Spes
932 2473 1070 2527 bona
1113 2468 1553 2541 exspectatioque
1594 2451 1970 2526 ﬁdeliumes,o
1999 2458 2244 2524 Domina,

675 2576 729 2621 et
759 2566 869 2634 jam
903 2565 1257 2635 deprecamur
1286 2574 1359 2629 te,
1390 2572 1450 2617 ut
1478 2558 1723 2614 eﬁ'undas
1743 2550 2242 2612 commiserationis

2422 1553 2640 1616 Elxévo;
2683 1552 2889 1623 χρυσῆς
2925 1554 2983 1605 ὲν
3030 1550 3195 1622 πεδίῳ
3227 1554 3405 1626 Δεῃρᾷ
3427 1552 3919 1624 λατρευομένης,οἱ

2349 1651 2497 1718 τρεῖς
2527 1664 2620 1701 σου
2654 1646 2840 1708 παῖδες
2884 1644 3265 1715 κατεπάτησαν
3321 1644 3626 1698 ἀθεωτάτου
3686 1645 3920 1715 προστάο

2350 1756 2573 1809 γματος·
2636 1738 2795 1810 μέσον
2825 1736 2881 1790 δὲ
2911 1735 3080 1806 πυρὸς
3127 1732 3507 1805 ἐμϐληθέντες,
3552 1735 3919 1805 δροσιζόμενοι

2351 1830 2595 1895 ἔψαλλονο
2654 1828 2958 1899 Εὐλογητὸς
3008 1826 3077 1893 εἴ,
3130 1830 3158 1880 6
3200 1826 3354 1890 Θεὸς,
3415 1827 3443 1877 6
3500 1826 3606 1877 τῶν
3671 1827 3920 1896 πατέρων

2350 1922 2527 1994 ἡμῶν.

2420 2012 2646 2085 Σταύρῷ
2676 2016 3027 2084 προσπαγεὶς-
3057 2016 3086 2066 6
3140 2013 3203 2065 ἐκ
3254 2008 3347 2064 σοῦ
3394 2005 3765 2077 σωματωθεὶς,
3804 2007 3918 2060 θεο-

2348 2106 2662 2175 γεννήτρια,
2712 2103 2881 2173 Ἀδὰμ
2908 2102 3154 2174 διέρρηξε
3182 2101 3242 2155 τὸ
3270 2098 3649 2173 χειρόγραφον.
3697 2099 3793 2150 Ὃν
3827 2097 3918 2150 νῦν

2348 2197 2603 2261 δυσώπει,
2660 2196 2990 2267 πανάμωμε,
3050 2195 3294 2259 ἅπαντας
3349 2192 3604 2246 κινδύνων
3653 2191 3919 2260 ρυσθῆναι

2350 2288 2473 2349 τοὺς
2494 2289 2549 2340 ἐν
2586 2288 2765 2341 πίστει
2800 2284 3227 2358 κραυγάξονταςν
3262 2282 3562 2351 Εὐλογητὸς
3588 2276 3658 2346 εἴ,
3705 2283 3733 2334 ὀ
3764 2279 3914 2345 Θεὸς,

2346 2378 2377 2429 ὁ
2403 2377 2511 2429 τῶν
2537 2378 2783 2449 πατέρων
2818 2377 2993 2448 ἡμῶν.

2429 2466 2613 2529 Ἐλπὶς
2669 2468 2845 2537 ἀγαθὴ
2891 2466 3185 2538 προσδοκία
3243 2483 3302 2519 τε
3357 2465 3563 2519 πιστῶν
3620 2465 3914 2534 ὑπάρχεις,

2348 2560 2630 2613 Δέσποινα⁸
2668 2560 2762 2611 καὶ
2789 2558 2881 2611 νῦν
2906 2559 3135 2629 δεόμεθά
3158 2576 3248 2611 σου
3281 2556 3623 2629 δωρήσασθαι
3656 2557 3757 2625 τῆς
3789 2572 3917 2624 συμ-

676 2658 901 2728 pelagus
919 2670 1078 2725 super
1100 2670 1307 2719 omnes,
1338 2655 1390 2707 in
1418 2664 1468 2707 te
1497 2650 1852 2711 conﬁdentes,
1880 2645 2017 2702 etad
2043 2643 2240 2697 Filium

2348 2653 2577 2717 παθείας
2614 2652 2673 2704 τὸ
2701 2651 2937 2719 πέλαγος
2979 2651 3110 2701 πᾶσι
3138 2653 3248 2711 τοῖς
3276 2653 3353 2712 εἰς
3383 2652 3441 2701 σὲ
3484 2647 3788 2705 πεποιθὸσι,
3822 2648 3915 2698 καί

678 2757 827 2800 tuum
865 2745 1165 2801 clamantes
1206 2761 1219 2796 :
1250 2740 1577 2797 Benedictus
1603 2752 1661 2793 es
1682 2775 1697 2802 ,
1730 2738 1870 2791 Deus
1903 2744 2115 2805 patrum
2156 2746 2240 2786 no-

2345 2745 2422 2816 τῴ
2460 2746 2573 2815 Υὶῷ
2616 2763 2708 2799 σου
2739 2740 3155 2815 κραυγάζουσιν·
3186 2740 3484 2808 Εὐλογητὸς
3513 2736 3579 2799 εἷ,
3622 2740 3648 2788 6
3693 2737 3848 2799 Θεὸς,
3886 2739 3914 2789 6

675 2844 935 2890 strorum.

2346 2836 2453 2889 τῶν
2483 2838 2731 2906 πατέρων
2759 2838 2791 2905 ὴ
2802 2833 2938 2905 μῶν.

747 2927 1053 3000 Speciosam
1086 2926 1383 2982 salubrium
1436 2923 1808 2977 mandatorum
1854 2927 2081 2979 vestem,
2137 2929 2243 2983 qua

675 3023 909 3076 amictus
950 3019 1025 3074 fui
1053 3020 1105 3073 in
1149 3018 1475 3087 baptismate
1500 3056 1515 3083 ,
1564 3012 1773 3082 perdidi
1804 3026 1915 3080 pra:
1945 3007 2182 3068 incuria,
2210 3019 2243 3057 ο

677 3115 845 3169 miser
873 3115 885 3166 !
928 3112 1082 3166 Nunc
1103 3114 1169 3163 ad
1206 3122 1279 3173 te,
1313 3108 1501 3178 Virgo,
1535 3105 1809 3174 confugio,
1831 3111 1884 3157 et
1910 3110 2033 3171 peto
2062 3097 2241 3152 tunica

679 3201 1049 3274 temperantiae
1072 3214 1167 3268 per
1202 3207 1254 3253 te
1287 3198 1479 3253 iterum
1511 3194 1679 3250 indui.

747 3381 873 3437 195.
908 3380 1079 3444 Alius,
1102 3380 1243 3433 sicut
1281 3374 1548 3429 Ἀντίθεον
1579 3372 1925 3444 πρόσταγμα.

756 3482 1089 3543 cmperatua,
1141 3486 1174 3526 ο
1201 3470 1366 3531 beati,
1409 3476 1463 3522 et
1487 3466 1624 3536 fugit
1646 3480 1764 3533 quae
1793 3473 1908 3518 erat
1947 3472 2070 3516 ante
2103 3461 2243 3515 into-

677 3562 917 3618 lerabilis
956 3560 1184 3615 audacia
1235 3558 1520 3612 haeresum.
1581 3554 1647 3606 Et
1682 3568 1807 3607 cera
1857 3553 2160 3621 liquescens
2210 3567 2240 3605 a

675 3654 814 3709 facie
849 3651 989 3723 ignis
1019 3649 1326 3706 ostenditur
1350 3662 1469 3702 esse
1498 3645 1725 3716 quodvis
1755 3643 2114 3697 adulterinum
2143 3642 2239 3695 do—

675 3760 818 3815 gma,
848 3743 990 3815 quod
1022 3742 1311 3815 opponitur
1345 3739 1541 3795 vestris
1573 3736 1777 3801 verbis,
1810 3737 1988 3807 ignem
2024 3734 2240 3803 spiran-

675 3842 838 3894 tibus.

759 3930 1052 3981 obsoletas
1117 3938 1287 3993 nugas
1364 3922 1642 3992 gentilium
1724 3921 2060 3977 declinarunt
2132 3928 2242 3974 tres

675 4019 818 4084 illis;
849 4029 1075 4086 eamque
1105 4014 1271 4069 solam
1319 4013 1599 4082 elegerunt
1628 4012 1901 4069 suadelam
1929 4052 1943 4075 ,
1971 4028 2089 4081 qua:
2139 4012 2238 4066 ho-

676 4114 878 4166 minum
924 4109 1197 4164 mentibus
1238 4106 1509 4162 dominari
1559 4107 1750 4160 idonea
1778 4147 1795 4172 ,
1823 4102 2240 4161 corroborandae

676 4206 907 4260 serviret
954 4203 1201 4269 veritati;
1247 4201 1429 4270 itaque
1490 4213 1705 4255 omnem
1752 4198 1991 4255 ﬁdelium
2041 4205 2237 4251 coetum

676 4298 1003 4352 subeaemnt
1057 4295 1234 4350 verbis
1296 4294 1364 4353 ad
1425 4290 1860 4363 persuadendum
1933 4304 2236 4347 accommo-

677 4394 779 4446 dis.

1344 4499 1583 4553 Mariale.

762 4596 1081 4650 t-audabilis
1122 4602 1176 4647 et
1228 4607 1355 4660 pura
1384 4593 1565 4660 Virgo,
1620 4590 1673 4644 in
1704 4601 1755 4645 te
1782 4591 1959 4646 omnis
2001 4589 2232 4660 prophe-

669 4692 749 4743 tia
803 4687 1111 4757 conquievit
1163 4693 1219 4738 et
1258 4686 1416 4737 tinem
1448 4682 1681 4739 habuit:
1731 4684 1787 4737 in
1823 4684 2236 4738 admirationem

675 4781 887 4849 rapiens
917 4795 1011 4835 eos
1050 4780 1139 4849 qui
1176 4781 1360 4834 dicunt
1387 4796 1399 4831 :
1438 4774 1516 4831 Ex
1546 4785 1616 4843 te,
1645 4790 1678 4832 ο
1713 4786 1860 4832 casta
1892 4817 1905 4840 ,
1937 4775 2239 4831 scaturiunt

677 4872 975 4927 illustriora
1009 4885 1168 4939 quam
1221 4885 1337 4940 qua:
1383 4868 1637 4939 praedicta
1682 4869 1900 4923 {uerunt
1955 4867 2234 4933 miracula,

672 4982 793 5037 qua;
811 4965 1128 5035 sapientiam
1155 4964 1506 5033 interpretum
1538 4962 1833 5017 declarant.

746 5059 865 5112 194.
902 5059 1070 5124 Alius,
1115 5057 1253 5112 sicut
1281 5055 1414 5109 Θεοῦ
1456 5056 1886 5126 συγκαταϐασιν.

748 5149 998 5205 Tacentia
1030 5162 1085 5205 et
1123 5149 1428 5215 clamantia,
1468 5150 1688 5218 visaque
1716 5156 1769 5201 et
1822 5149 2003 5202 audita
2028 5145 2238 5200 virtutis

678 5258 740 5295 ac
768 5241 1045 5309 sapientiae
1080 5241 1367 5295 simulacra
1399 5240 1612 5296 fuerunt
1647 5238 1718 5292 illi
1750 5239 2005 5308 theologi,
2029 5240 2117 5307 qui
2141 5251 2236 5290 nos

677 5346 837 5402 opere
878 5343 933 5385 et
983 5347 1236 5387 sermone
1271 5331 1539 5385 adhortati
1576 5340 1702 5384 sunt
1741 5333 1803 5383 ad
1838 5330 2179 5383 clamandum
2218 5342 2232 5380 :

678 5424 1001 5479 Benedictus
1036 5424 1174 5479 Deus
1206 5432 1417 5491 patrum
1456 5431 1783 5476 nostrorum.

757 5519 826 5573 Ut
856 5518 951 5574 Dei
998 5532 1177 5583 voces,
1233 5518 1558 5571 horrendum
1604 5533 1671 5572 ex
1724 5516 1832 5572 alto
1908 5518 2229 5579 iutunantes.

678 5608 1072 5677 i'nlminumque
1121 5607 1297 5676 jacula
1363 5608 1659 5676 excipimus
1715 5609 1874 5660 verba
1935 5617 2155 5667 vestra,
2205 5619 2236 5659 o

680 5701 1066 5769 sapientissimi
1087 5742 1101 5765 ,
1130 5716 1235 5753 una
1268 5700 1547 5754 vobiscum
1585 5702 1930 5755 concinentes
1960 5736 1975 5761 ,
2006 5696 2233 5753 Benedi-

677 5805 796 5850 ctus
822 5792 961 5850 Dcus
984 5804 1193 5862 patrum
1226 5802 1552 5849 nostrorum.

2427 2927 2645 2998 Ὡραίαν
2721 2926 2911 2996 στολὴν
2966 2920 3245 2992 σωτηρίων
3300 2917 3523 2971 ἐντολῶν
3572 2916 3659 2969 διὰ
3718 2914 3913 2984 βαπτί-

2348 3041 2550 3095 σματος
2575 3021 3008 3091 ἀμφιασάμενος,
3056 3013 3437 3086 ἁπημαύρωσα
3476 3012 3539 3063 δι’
3588 3010 3848 3079 ἀμελείας
3886 3014 3915 3062 ὁ

2345 3111 2604 3171 δείλαιοςῐ
2638 3109 2748 3161 Νῦν
2773 3109 2828 3160 δέ
2847 3125 2927 3160 σοι
2949 3105 3282 3177 προστρέχω,
3317 3102 3576 3174 Παρθένε,
3597 3101 3685 3154 τὸν
3710 3102 3914 3170 χιτῶνα

2348 3200 2660 3270 αἰτούμενος
2696 3200 2791 3268 τῆς
2825 3197 3173 3269 σωφροσύνης
3214 3195 3301 3249 διὰ
3346 3195 3438 3247 σοῦ
3486 3193 3646 3247 πάλιν
3693 3191 3913 3247 ἐνδύσα-

2348 3293 2491 3348 σθαι.

2418 3382 2625 3445 Ἀλλος.
2663 3377 2924 3433 Ἀντίθεον
2953 3378 3296 3448 πρόσταγμα.

2427 3478 2700 3543 ωττᾶται,
2765 3471 3056 3541 μακάριοι,
3131 3470 3223 3520 καὶ
3294 3470 3609 3539 δραπετεύει
3662 3473 3695 3541 ἡ
3781 3470 3914 3542 πρὶν

2344 3568 2713 3627 ἀνυπόστατος
2756 3561 3027 3633 θρασύτης
3060 3558 3167 3612 τῶν
3201 3560 3482 3629 αἱρέσεων.
3515 3561 3786 3631 Κηρὸς’δὲ
3814 3579 3912 3632 τη-

2344 3661 2569 3730 κόμενος
2610 3658 2717 3711 ἀπὸ
2775 3654 3065 3727 προσώπου
3110 3652 3300 3725 πυρὸς,
3359 3651 3507 3704 νόθον
3546 3652 3687 3706 ἅπαν
3734 3656 3912 3725 δόγμα

2342 3754 2453 3813 τοῖς
2487 3749 2640 3821 ὑμῶν
2684 3745 3016 3818 προσϐάλλον
3058 3744 3312 3813 φθόγγοις
3360 3742 3653 3814 πυρπνόοις
3703 3743 3912 3799 δείκνυ-

2341 3859 2449 3895 ται.

2429 3932 2652 4002 ..εευδεῖς
2704 3929 2800 3999 μὲν
2844 3927 3122 3992 ἐξέκλιναν
3162 3928 3425 3998 Ἐλλήνων
3486 3928 3693 3991 ὕθλους·
3738 3926 3909 3979 πειθὼ

2342 4028 2398 4082 δὲ
2431 4026 2529 4097 τὴν
2553 4023 2813 4095 τύραννον
2842 4017 3144 4092 ἀνθρώποις
3170 4018 3335 4086 μόνην
3357 4020 3574 4082 εἴλοντο,
3606 4022 3693 4085 ὑφ’
3734 4012 3908 4088 ἦςτὴν

2343 4119 2601 4192 ἀλήθειαν
2628 4118 2677 4171 οἱ
2715 4118 2862 4189 τρεῖς
2901 4110 3250 4174 τονώσαντες,
3283 4109 3451 4173 οὕτως
3486 4112 3629 4163 ἆπαν
3658 4109 3907 4181 σύστημα

2348 4210 2552 4266 πιστῶν
2579 4208 2886 4280 χειροῦνται
2916 4204 3095 4275 λόγοις
3121 4201 3219 4257 καὶ
3244 4201 3648 4256 καταπείθουσι.

2968 4497 3267 4556 Θεοτόκιον.

2428 4612 2625 4666 μάν-σο..
2670 4610 2819 4646 πασα
2866 4592 3166 4665 πρόρρησις
3198 4590 3567 4661 ὲπανεπαύθη,
3611 4592 3705 4648 καὶ
3735 4594 3903 4665 πέρας

2343 4692 2575 4758 ἐδέξατο,
2605 4685 2880 4755 ξενίζουσα
2905 4687 3028 4751 τοὺς
3049 4687 3321 4754 λέγοντας
3339 4684 3431 4736 Ἐκ
3461 4684 3551 4739 σοῦ
3576 4685 3631 4738 δὲ
3660 4687 3904 4757 λαμπρά⁹

2342 4805 2473 4858 τερα
2499 4785 2715 4841 καὶτῶν
2741 4785 3089 4855 προρρήσεων
3108 4777 3357 4850 θαύματα
3383 4779 3706 4851 πηγάζουσι,
3744 4781 3899 4849 ἁγνὴ,

2342 4880 2599 4954 δηλοῦντα
2632 4879 2755 4941 τοὺς
2780 4873 3195 4947 ὲρμηνεύοντας.

2416 5056 2622 5120 Ἀλλος.
2641 5056 2774 5109 Θεοῦ
2807 5056 3225 5124 συγκατάϐασιν.

2415 5149 2650 5218 Σιγῶσαι
2693 5149 2786 5201 καὶ
2824 5148 3140 5219 κράζουσαι,
3171 5142 3445 5218 ὁρώμεναῖ
3468 5160 3526 5195 τε
3572 5145 3663 5197 καί
3714 5143 3902 5197 dmuti-

2347 5255 2520 5309 μεναι,
2574 5238 2772 5308 ἀρετῆς
2811 5240 2901 5291 καὶ
2936 5236 3125 5305 σοφίας
3155 5239 3200 5290 οἱ
3233 5234 3481 5305 θεηγόροι
3533 5234 3727 5302 στῆλαι
3758 5235 3901 5300 γεγό-

2343 5348 2514 5395 νασιν,
2543 5331 2685 5402 ἔργῳ
2713 5331 2805 5382 καὶ
2841 5330 2984 5399 λόγῳ
3025 5329 3150 5400 βοᾷν
3180 5326 3625 5399 προτρεπόμενοι·
3668 5326 3897 5395 Εὐλογη-

2342 5426 2431 5488 τὸς
2462 5427 2489 5476 ὁ
2520 5422 2672 5485 Θεὸς,
2700 5423 2727 5475 6
2749 5423 2856 5475 τῶν
2889 5422 3140 5493 πατέρων
3173 5423 3204 5490 ἡ
3215 5420 3349 5491 μῶν.

2408 5513 2540 5567 Θεοῦ
2586 5515 2763 5582 φωνὰς
2800 5513 3003 5567 ἄνωθεν
3048 5511 3447 5583 ὲπιὸροντώσας
3477 5512 3609 5581 ἡμῖν
3646 5508 3894 5575 ἐξαίσιον,

2344 5606 2635 5676 ἀστραπῶν
2665 5622 2723 5656 τε
2750 5604 2957 5672 βολίδας
2983 5604 3107 5667 τοὺς
3120 5603 3271 5675 ὑμῶν
3309 5603 3578 5673 φθόγγους
3605 5602 3896 5672 δεχόμενοι,

2346 5698 2625 5767 πάνσοφοι,
2653 5694 3105 5765 σύμμελῳόοῦμε“.ι
3142 5696 3283 5765 ὑμῖν·
3317 5695 3612 5765 Εὐλογητὸς
3634 5697 3661 5748 6
3693 5694 3841 5757 Θεὸς.
3872 5696 3899 5745 6

2348 5790 2449 5842 τῶν
2481 5788 2725 5859 πατέρων
2749 5787 2919 5857 ἡμῶν.
