4060 6316
1195 373 1592 436 ACOLUTHIA
1630 370 1965 430 TRIPLlClS
2002 365 2215 424 FESTI.

3098 368 3322 412 JCCL’XIII
3339 376 3343 379 '

194 503 515 569 Ῥιπίζονται
556 501 782 573 χάλαζαι
823 499 888 552 ἐκ
904 496 1213 568 πυροϐόλων
1251 493 1664 564 γλωσσῶν,συν-

1835 489 1913 543 Ex
1958 485 2156 556 linguis
2210 477 2493 551 ignivomis
2544 477 2818 547 iactantur
2864 468 3176 540 grandines,
3203 482 3322 538 qua

124 597 386 669 τρίϐουσαι
408 594 476 646 τὰ
509 593 682 663 σαθρὰ
700 591 806 644 τῶν
825 589 1128 662 δογμάτων,
1158 588 1209 640 ετ
1233 603 1316 650 τις
1343 586 1504 657 μέσον
1526 585 1665 655 παῤ-

128 688 435 761 ρησιάσηται
473 685 581 737 τῶν
633 680 950 749 κενολόγων,
996 677 1130 749 ὀρθά
1164 675 1239 748 μὴ
1282 674 1661 744 φθεγγόμενος·

124 779 409 849 Εὐλογητὸς
436 779 466 830 ὁ
493 775 645 843 Θεὸς,
670 776 699 829 ό
725 772 832 828 τῶν
865 772 1113 839 πατέρων
1141 767 1319 840 ἡμῶν.
1365 766 1664 819 Θεοτόκιον.

184 959 449 1030 Παρθένον
507 957 732 1028 οἰκήσας
788 971 870 1016 σε,
904 952 998 1005 καὶ⁸
1033 951 1170 1022 μετά
1217 950 1374 1002 τόκον
1401 945 1668 1017 παρθένον

127 1053 307 1116 ἔλιπεν,
339 1054 366 1105 ὁ
392 1049 636 1121 ἀμείϐων
670 1045 922 1116 στοιχεῖα,
959 1041 1251 1112 θεοκυῆτορ
1297 1038 1487 1109 Μαρία
1533 1053 1667 1090 παν-

129 1144 359 1212 ἀχραντε,
391 1140 529 1210 πρὸς
548 1139 606 1191 ὃν
638 1135 844 1208 βοῶμεν
875 1134 972 1187 σὺν
1011 1132 1112 1195 σοὶ,
1138 1127 1533 1199 παναμώμητεο
1567 1125 1670 1178 Εὐ-

127 1233 332 1303 λογητὸς
359 1236 387 1286 ὀ
421 1232 574 1294 Θεὸς,
611 1231 639 1282 ό
673 1226 780 1280 τῶν
820 1223 1069 1295 πατέρων
1100 1221 1278 1294 ἡμῶν.
1328 1215 1666 1274 Καταὸασία.

195 1409 254 1461 Σὲ
278 1408 366 1460 τὸν
409 1409 467 1460 ἑν
508 1405 642 1477 πυρὶ
665 1404 984 1475 δροσῖσαντα
1010 1403 1202 1464 παῖδας
1224 1398 1668 1467 θεολογήσαντας,

131 1501 212 1553 καὶ
272 1497 533 1570 Παρθένῳ
575 1495 837 1568 ἀκηράτῳ
893 1495 1268 1565 ὲνοικήσαντα,
1323 1489 1453 1542 Θεὸν
1502 1487 1672 1556 Λόγον

131 1589 406 1661 ὑμνοῦμεν,
449 1585 688 1650 εὐσεϐῶς
723 1584 1096 1658 μελῳδοῦντες·
1129 1577 1430 1649 Εὐλογητὸς
1465 1578 1494 1631 ὁ
1519 1575 1670 1641 Θεὸς,

133 1685 161 1735 ό
176 1681 273 1735 τῶν
307 1679 557 1750 πατέρων
577 1681 608 1750 ἡ
617 1679 752 1750 μῶν.

612 1771 745 1842 ῼΔΗ
770 1775 843 1841 η’.
880 1768 938 1821 '0
963 1765 1167 1838 εἰρμός.

1769 585 2056 635 conterunt
2110 570 2331 629 frivolas
2374 566 2700 638 opiniones;
2746 564 2792 619 si
2843 562 2966 632 quis
2991 561 3314 629 vaniloquo-

1767 685 1885 724 rum
1914 669 2108 723 audeat
2152 666 2208 720 in
2255 661 2488 718 medium
2517 658 2789 730 prosilire,
2816 669 2985 726 neque
3006 663 3063 708 ut
3091 667 3190 723 par
3217 659 3323 718 est,

1768 762 1951 826 dicat,
1988 755 2308 813 Benedictus
2365 752 2504 808 Deus
2555 756 2771 818 patrum
2818 755 3142 802 nostrorum.
3215 738 3328 795 Ma-

1773 851 1924 907 riale.

1841 942 2114 1013 Virginem
2170 946 2222 994 te
2265 932 2609 998 inhabitavit,
2650 936 2705 984 et
2745 937 2866 1000 post
2906 935 3119 998 partum
3144 926 3326 995 Virgi-

1769 1051 1892 1092 nem
1926 1033 2164 1103 reliquit,
2197 1037 2410 1085 mutans
2459 1032 2669 1079 natura:
2698 1022 2940 1078 ordinem
2962 1061 2978 1088 ,
3005 1034 3039 1075 ο
3073 1017 3182 1072 Deo
3208 1031 3329 1085 gra—

1768 1128 1892 1183 vida
1922 1125 2092 1181 Maria
2118 1131 2174 1180 et
2197 1121 2378 1177 omnis
2429 1130 2624 1188 expers
2655 1111 2896 1179 macula,
2922 1111 2990 1166 ad
3029 1123 3190 1179 quem
3217 1107 3330 1162 cla-

1768 1232 1979 1272 mamus
2008 1225 2204 1281 tecum,
2238 1213 2576 1274 intemerata,
2605 1203 2930 1261 Benedictus
2949 1200 3091 1254 Deus
3118 1207 3333 1266 patrum

1769 1317 2096 1362 nostrorum.
3013 1286 3330 1344 Catabasiu.

1837 1398 1914 1453 Te
1943 1398 2033 1467 qui
2082 1396 2136 1450 in
2178 1394 2302 1462 igne
2350 1387 2599 1447 irrorasti
2624 1399 2820 1458 pueros
2841 1385 2909 1438 de
2945 1382 3106 1439 rebus
3131 1379 3332 1435 divinis

1769 1490 2100 1545 disserentes
2125 1525 2140 1551 ,
2184 1493 2241 1540 et
2271 1483 2640 1549 incorruptam
2675 1476 2952 1547 Virginem
2991 1472 3330 1537 inhabitasti,

1771 1581 1937 1636 Deum
1957 1579 2191 1634 Verbum
2220 1575 2596 1646 praedicamus,
2624 1570 2713 1640 pie
2749 1566 3126 1624 concinentes:
3166 1563 3335 1619 Bene-

1772 1673 1946 1728 dictus
1973 1671 2113 1726 Deus
2147 1677 2358 1738 patrum
2385 1671 2714 1720 nostrorum.

2231 1756 2356 1812 195.
2384 1755 2519 1810 0οΕ
2547 1750 2870 1809 8.εΗίι·ιτιιις.

196 1861 289 1914 Τὸν
313 1861 370 1916 έν
398 1834 739 1933 καμίνῳ-τοῦ
988 1834 1094 1909 τῶν
1125 1853 1387 1925 Ἐϐραίων
1414 1852 1526 1916 τοῖς
1547 1868 1674 1904 παι-

1842 1848 2015 1920 Opera
2057 1849 2221 1904 Deum
2252 1888 2268 1914 ,
2315 1847 2406 1916 qui
2461 1857 2583 1899 cum
2640 1840 2984 1896 Hebraorum
3039 1835 3224 1906 pueris
3278 1834 3335 1890 in

135 1954 182 2006 al
223 1953 652 2022 συγκαταϐάντα,
700 1952 794 2007 καὶ
817 1951 916 2022 τὴν
956 1949 1128 2018 φλόγα
1168 1949 1247 2011 εἰς
1272 1947 1459 2018 δρόσον
1508 1962 1672 2016 μεταο

137 2046 342 2101 ϐαλόντα
371 2047 529 2109 Θεὸν,
550 2046 785 2116 ὑμνεῖτε,
807 2043 876 2097 τὰ
892 2042 1028 2114 ἔργα
1041 2041 1117 2104 ὡς
1137 2038 1361 2112 Κύριον,
1393 2036 1487 2092 καὶ
1508 2038 1673 2105 ὑπερ-

137 2137 310 2206 υψοῧτε
331 2140 408 2201 εἰς
424 2138 630 2199 πάντας
659 2136 785 2198 τοὺς
813 2133 1036 2198 αἰῶνας.

196 2227 595 2298 Πύργονίσχύος
643 2225 880 2296 ἀσφαλῆ,
916 2226 1009 2278 καὶ
1047 2224 1315 2298 κρηπῖδα,
1368 2222 1462 2276 καὶ
1503 2235 1672 2289 φρου-

141 2323 241 2394 ρὰν,
272 2323 361 2376 καὶ
386 2321 720 2395 προστασίαν
746 2321 1070 2393 κεκτημένοι
1104 2337 1184 2386 σε,
1212 2319 1390 2371 πίστει
1419 2315 1676 2379 διασωζό-

143 2413 260 2482 μεθα
303 2413 415 2467 νῦν·
464 2413 738 2486 ὑμνούμεν
788 2414 877 2466 τὸν
934 2412 1090 2464 τόκον
1133 2428 1246 2475 σου,
1267 2408 1533 2476 Πάναγνε,
1580 2408 1676 2462 καὶ

142 2504 497 2579 ὕπερυψοῦμεν
536 2509 614 2571 εἰς
637 2507 839 2568 πάντας
865 2505 990 2567 τοὺς
1017 2503 1239 2566 αἰῶνας.

215 2683 517 2748 Ἅθανασίας
553 2684 743 2753 διαυγῆ
777 2680 1115 2753 ἐπιστάμεθα
1158 2682 1339 2751 πηγήν
1373 2697 1452 2745 σε,
1487 2680 1676 2734 Θεοτό-

145 2793 214 2841 κε,
238 2777 304 2841 ὼς
332 2778 595 2831 τεκοῦσαν
623 2777 712 2829 τὸν
743 2777 910 2843 Λόγον
937 2773 1028 2826 τοῦ
1055 2773 1317 2827 ἀθανάτου
1336 2773 1566 2844 Πατρὸς,
1588 2771 1677 2823 τὸν

144 2869 326 2932 πάντας
355 2869 584 2923 θανάτου
614 2867 805 2940 λυτρού
815 2883 969 2937 μενον
991 2865 1116 2926 τοὺς
1143 2862 1549 2934 ὑπερυψοῦντας
1578 2863 1678 2915 αὑο

147 2963 222 3015 τὸν
246 2964 315 3026 εἰς
339 2965 461 3027 τοὺς
491 2963 714 3024 αἰῶνας.

210 3054 334 3107 Ῥεῖθ
345 3072 430 3123 ρον
455 3055 649 3106 ίάσεων
675 3054 807 3122 ἡμῖν
851 3052 1089 3115 ἀεννάως
1127 3052 1238 3113 τοῖς
1262 3050 1491 3112 πιστοῖς,
1513 3046 1673 3119 ἁγνὴ,

148 3145 400 3214 πηγάζεις,
437 3138 496 3196 οὗ
537 3144 636 3214 τὴν
681 3143 913 3216 ἄφθορον
941 3145 1100 3215 χάριν
1132 3139 1544 3215 ἀπορρυόμένοι,
1572 3143 1674 3211 ύμ-

147 3238 316 3306 νοῦμεν
363 3237 452 3289 τὸν
502 3237 658 3289 τόκον
694 3254 806 3300 σου,
841 3238 1125 3310 Ἀχραντε,
1169 3236 1260 3288 καὶ
1291 3231 1672 3302 ύπερυψοῦμεν

149 3327 413 3391 εἰςπάντας
444 3330 569 3391 τοὺς
601 3327 819 3392 αἰῶνας.

218 3420 410 3484 Ἀλλος.
448 3420 614 3474 Ἰνδάλ
621 3437 807 3491 ματος.

217 3509 445 3579 Ζοοῦμεν
477 3508 734 3570 εὐσεϐῶς,
771 3507 864 3559 καὶ
894 3505 1185 3577 δοξάζομεν
1238 3507 1496 3579 ὁμότιμον
1549 3506 1676 3578 μίαν

148 3597 300 3665 φύσιν,
332 3598 756 3668 άπειροδύναμον
815 3597 1033 3651 Μονάδα
1078 3616 1135 3650 τε
1182 3599 1274 3650 καὶ
1307 3599 1530 3668 Τριάδα,
1577 3598 1676 3667 τὴν

149 3688 300 3740 πάντα
343 3687 511 3739 ταῦτα
554 3687 731 3751 λόγοις
777 3687 1129 3759 κυϐερνῶσαν
1174 3688 1494 3754 κρείττοσιν-
1535 3686 1677 3738 οὕτω

149 3776 237 3844 γὰρ
261 3775 486 3842 δοξάζειν
512 3779 562 3830 οἰ
582 3781 727 3848 τρεῖς
743 3777 987 3848 θεοφόροι
1015 3777 1414 3848 παρεγγυῶσιν,
1443 3770 1523 3839 οἷς
1544 3791 1676 3845 συμ-

149 3869 523 3940 προσκυνοῦμεν
550 3870 722 3942 αὐτὴν
749 3871 827 3934 εἰς
848 3872 973 3931 τοὺς
995 3869 1216 3932 αἰῶνας.

214 3960 496 4031 πνώθησαν
543 3963 591 4014 οἰ
645 3965 792 4033 τρεῖς
845 3962 1178 4031 θεοκήρυκες
1224 3959 1521 4022 ἑνώσαντες
1577 3965 1677 4030 τὴν

150 4047 344 4118 Τριάδα,
380 4055 558 4107 καὶτὸ
594 4054 883 4124 ἀμέριστον
937 4054 994 4104 έν
1047 4055 1180 4105 πᾶσι
1214 4053 1570 4124 τετηρηκότες
1611 4054 1673 4122 τῇ

151 4140 251 4213 θείᾳ
276 4145 442 4212 φύσει,
484 4148 612 4217 μίαν
660 4147 786 4217 παρ’
837 4145 1003 4215 αὐτῆς
1052 4145 1338 4197 ἀντέλαϐον
1385 4145 1676 4214 ἀμέριστον

151 4232 299 4300 δόξαν,
351 4241 427 4302 εἰς
480 4239 702 4292 ἔπαινον
754 4239 850 4291 ἕνα
885 4235 1325 4305 συγκαλουμένην
1347 4237 1470 4298 τοὺς
1505 4235 1673 4304 ὑπερ-

152 4325 384 4390 vivo-Bina;
408 4329 576 4399 αὐτὴν
603 4331 681 4392 εἰς
700 4329 824 4393 τοὺς
856 4328 1075 4390 αἰῶνας.
1373 4325 1652 4378 Θεοτὸκιον

221 4499 402 4551 >α6ὼν
447 4500 506 4553 τὸ
562 4501 684 4552 καθ’
723 4503 868 4573 ἡμᾶς
921 4502 1160 4566 ἀντιδούς
1208 4520 1267 4556 τε
1315 4505 1376 4555 τὸ
1428 4505 1673 4556 οἰκεῖονό
1709 4529 1750 4581 D

150 4585 424 4660 εὐεργέτης,
463 4590 654 4660 ἑδρασε
704 4591 880 4661 μόνον,
932 4594 1030 4645 οὐκ
1075 4594 1241 4646 ἔπαθε
1297 4595 1371 4660 δὲ,
1414 4594 1674 4665 Παρθένεο

152 4681 272 4731 ποιεῖ
302 4680 422 4752 γὰρ,
450 4681 566 4734 ἀλλ’
595 4683 697 4735 οὐκ
746 4685 825 4746 εἰς
875 4683 1078 4754 φθοράν
1113 4683 1453 4748 καθίσταται,
1482 4685 1677 4756 μᾶλλον

151 4765 197 4819 δὲ
225 4772 304 4822 καὶ
324 4774 540 4845 πάσχων
567 4774 705 4828 ἑκὼν
744 4775 832 4829 διὰ
865 4776 1067 4840 πάθους
1092 4776 1160 4830 τὰ
1181 4777 1326 4847 πάθη
1361 4777 1496 4845 λύει,
1524 4779 1596 4842 ὡς
1629 4777 1676 4828 οἰ

152 4861 273 4926 τρεῖς
293 4862 525 4934 Πατέρες
555 4868 701 4938 ἡμᾶς
731 4866 1190 4937 μυσταγωγοῦσιν.

211 5137 403 5204 Ἄλλος.
457 5140 849 5204 Επταπλασίως
876 5143 1118 5211 κάμινον.

213 5224 305 5291 Οὓς
329 5231 357 5283 ό
384 5230 511 5295 Θεὸς
551 5233 853 5302 συνήνωσεν
870 5234 947 5293 εἰς
975 5233 1228 5304 ὁμότιμον
1263 5233 1470 5299 ἕνωσιν,
1508 5237 1679 5302 ἐγκω-

158 5320 358 5392 μιαστής
403 5324 476 5394 μὴ
503 5324 779 5394 χωριζέτω
805 5325 1105 5396 ἄνθρωπος’
1136 5325 1248 5376 ἀλλ’
1280 5325 1422 5386 ἴσους
1441 5324 1570 5396 ἡγού
1581 5342 1674 5394 με-

157 5422 230 5470 νος
251 5412 300 5462 ἐν
325 5417 429 5478 τοῖς
455 5415 638 5477 αὐτοῖς
676 5415 1029 5484 χαρίσμασιν,
1065 5416 1192 5468 ἴσων
1225 5417 1316 5468 καὶ
1338 5415 1443 5468 τῶν
1499 5417 1677 5486 ὓμνων

159 5497 374 5568 μελῳδῶν
419 5505 665 5569 ἀξιούτω·
699 5505 749 5558 οἰ
784 5506 988 5569 παῖδες,
1033 5507 1320 5572 εὐλογεῖτε·
1381 5509 1562 5577 ἱερεῖς,
1587 5508 1677 5559 ἀνι

159 5593 365 5661 υμνεῖτε⁶
397 5595 531 5663 λαοὶ,
564 5596 901 5668 ὑπερυψοῦιτε
928 5601 1006 5661 εἰς
1031 5599 1232 5660 πάντας
1259 5601 1380 5661 τοὺς
1395 5598 1613 5662 αἰῶνας.

217 5769 272 5818 Οἱ
289 5769 489 5826 δυνατοὶ
538 5752 631 5826 καὶ
675 5776 875 5839 ἁμα-χοι
921 5776 1017 5840 τῆς
1058 5776 1318 5841 θεότητος
1381 5773 1669 5841 τιεμμαγνιι.

1773 1945 2043 1998 caminum
2074 1944 2213 2012 ignis
2247 1937 2569 2002 descendit,
2622 1942 2677 1988 et
2707 1933 2976 1988 ﬂammam
3002 1929 3228 1985 mutavit
3276 1929 3334 1982 in

1772 2049 1974 2099 rorem,
2005 2032 2240 2096 laudate,
2268 2041 2326 2086 ut
2369 2028 2652 2084 Dominum
2673 2067 2690 2094 ,
2716 2034 2772 2080 et
2801 2021 3192 2093 superexaltate
3213 2033 3335 2075 eum

1771 2130 1824 2184 in
1845 2126 2028 2184 omnia
2052 2123 2266 2181 saecula.

1841 2217 2056 2274 Turrim
2109 2214 2440 2272 fortitudinis
2478 2225 2748 2275 securam,
2801 2218 2855 2266 et
2888 2206 3247 2278 crepidinem,
3283 2214 3338 2261 et

1774 2310 2075 2369 custodiam
2107 2317 2163 2364 et
2192 2305 2562 2363 defensionem
2587 2301 2926 2374 possidentes
2953 2307 3027 2363 te,
3056 2312 3153 2369 per
3175 2295 3336 2352 [idem

1775 2418 1917 2460 nunc
1943 2415 2246 2458 servamur.
2284 2397 2593 2454 Laudamus
2617 2403 2798 2450 autem
2831 2399 3046 2463 partum
3078 2398 3250 2453 tuum,
3304 2402 3338 2441 υ

1774 2507 1972 2565 expers
2005 2490 2254 2558 maculat,
2282 2497 2338 2546 et
2395 2485 2860 2559 superexaltamus
2909 2482 2962 2537 in
2997 2479 3177 2535 omnia
3232 2494 3337 2534 sae-

1777 2587 1918 2645 cuia.

1845 2673 2270 2732 lmmortalitatis
2312 2671 2514 2728 fontem
2556 2667 2879 2737 pellucidum
2911 2665 3164 2720 novimus
3199 2679 3343 2720 'esse

1779 2775 1853 2834 te,
1885 2765 1978 2820 Dei
2003 2763 2279 2827 Genitrix,
2305 2771 2366 2816 ut
2389 2775 2508 2831 quae
2535 2757 2768 2830 genuisti
2800 2754 2977 2811 Patris
3019 2754 3339 2809 immortalis

1776 2853 2035 2924 Verbum,
2071 2854 2215 2924 quod
2243 2859 2417 2907 morte
2456 2849 2653 2904 liberat
2697 2860 2887 2902 omnes
2919 2844 3014 2917 qui
3043 2844 3217 2915 ipsum
3242 2859 3338 2900 su-

1775 2947 2118 3020 perexaltant
2147 2948 2201 3002 in
2230 2943 2447 3001 secula.

1845 3041 2011 3096 Nobis
2055 3037 2300 3094 ﬁdelibus
2325 3075 2341 3103 ,
2391 3035 2534 3090 velut
2573 3049 2639 3090 ex
2689 3041 2945 3103 perpetuo
2969 3031 3136 3099 fonte,
3162 3043 3338 3086 enun-

1779 3133 1861 3189 dis
1889 3131 2111 3187 medela:
2148 3128 2379 3195 ﬂumen;
2414 3126 2569 3196 cujus
2617 3125 2891 3195 impolluta
2936 3125 3109 3194 gratia
3144 3123 3334 3186 abluti,

1778 3236 1810 3276 ο
1841 3219 2284 3282 incontaminata,
2322 3215 2601 3270 laudemus
2628 3221 2841 3284 partum
2867 3221 3038 3276 tuum,
3071 3222 3126 3267 et
3148 3225 3337 3281 super-

1775 3311 2075 3367 exaltamus
2097 3310 2151 3364 in
2183 3308 2366 3363 omnia
2389 3304 2603 3361 sacula.

1845 3402 1969 3460 196.
2004 3400 2176 3467 Alius,
2206 3401 2366 3466 sicut,
2412 3399 2763 3471 Ἰνδάλματος.

1860 3503 1940 3552 [ιιι
1962 3493 2304 3565 agnoscimus
2355 3491 2460 3562 pie,
2501 3501 2555 3546 et
2580 3489 2948 3561 gloriﬁcamus
2993 3502 3153 3542 unam
3201 3487 3342 3557 ejus-

1776 3589 1897 3644 dem
1924 3587 2146 3642 honoris
2170 3598 2416 3640 naturam
2445 3625 2461 3650 ,
2495 3583 2717 3638 inﬁnitae
2765 3582 3019 3654 potentiae
3075 3582 3333 3636 unitatem

1777 3690 1830 3737 et
1849 3678 2206 3744 Trinitatem;
2239 3692 2359 3747 quae
2386 3678 2502 3732 haec
2536 3677 2718 3732 omnia
2766 3675 3029 3744 gubernat
3058 3714 3074 3739 ,
3105 3689 3169 3728 ac
3199 3685 3335 3729 nutu

1779 3778 1990 3841 torquet
2015 3783 2135 3825 suo.
2191 3767 2280 3824 Sic
2313 3767 2458 3822 enim
2484 3766 2678 3822 docent
2714 3773 2823 3818 tres
2858 3763 2936 3816 illi
2968 3762 3183 3829 deiferi,
3213 3768 3335 3834 qui-

1774 3858 1998 3914 buscum
2021 3872 2140 3913 eam
2172 3857 2454 3910 adoramus
2486 3854 2539 3907 in
2562 3850 2775 3908 saecula.

1857 3957 2013 4006 munt
2045 3947 2277 4002 maxime
2319 3945 2453 4000 uniti
2491 3946 2632 4000 inter
2684 3960 2741 4001 se
2777 3954 2886 4000 tres
2916 3945 2991 4000 illi
3017 3945 3181 4000 divini
3206 3961 3334 4014 prm-

1777 4057 1940 4098 cones
1969 4042 2060 4114 qui
2089 4041 2377 4096 univerunt
2408 4037 2747 4104 Trinitatem,
2773 4048 2827 4092 et
2848 4039 2902 4091 in
2931 4039 3183 4095 omnibus
3221 4054 3334 4093 ser-

1777 4144 2038 4190 vaverunt
2069 4134 2263 4190 divina:
2287 4141 2494 4187 natura:
2524 4130 2894 4196 individuum;
2945 4133 3012 4187 ab
3041 4146 3211 4200 eaque
3245 4133 3327 4187 id-

1776 4228 1924 4282 circo
1979 4233 2300 4294 receperunt
2356 4237 2514 4278 unam
2561 4232 2616 4278 et
2651 4222 2933 4277 indivisam
2983 4223 3241 4292 gloriam,
3278 4225 3332 4277 in

1778 4336 1881 4388 qua
1917 4321 1980 4373 ad
2019 4333 2180 4373 unam
2206 4317 2421 4371 laudem
2458 4321 2820 4370 convocantur
2869 4314 3334 4384 superexaltantes

1781 4406 2095 4461 Trinitatem
2132 4407 2183 4460 in
2213 4405 2426 4460 saecula.
3089 4404 3332 4460 Mariale.

1865 4500 2045 4554 acilius
2079 4499 2169 4552 Dei
2197 4513 2323 4566 erga
2357 4512 2451 4550 nos
2485 4496 2778 4561 beneﬁcus,
2821 4508 3070 4567 operatus
3114 4508 3197 4553 est
3250 4515 3336 4554 so-

1781 4591 1910 4656 lum,
1945 4607 2049 4644 non
2095 4599 2276 4642 autem
2324 4603 2519 4656 passus
2571 4591 2884 4657 quidquam,
2917 4604 2949 4642 ο
2975 4589 3134 4659 Virgo
3157 4629 3173 4654 ,
3209 4590 3333 4644 dum

1780 4681 2069 4749 assumpsit
2118 4681 2261 4750 quod
2317 4692 2563 4736 nostrum
2609 4687 2664 4733 et
2718 4681 2953 4734 reddidit
3007 4682 3151 4751 quod
3213 4693 3334 4736 erat

1779 4789 1956 4828 suum.
1986 4772 2139 4827 Facit
2165 4773 2329 4839 enim,
2364 4773 2459 4827 sed
2489 4786 2596 4826 non
2629 4771 2859 4846 incurrit
2884 4774 3282 4842 corruptionem
3313 4795 3326 4828 :

1779 4866 1906 4934 quin
1929 4867 2106 4935 potius
2127 4867 2430 4936 passionem
2461 4863 2628 4919 libere
2649 4866 2937 4927 sustinens,
2957 4866 3056 4919 bac
3082 4865 3194 4935 ipsa
3218 4881 3332 4935 pas-

1779 4959 1959 5012 siones
1986 4967 2198 5012 nostras
2221 4955 2486 5022 dissolvit,
2513 4957 2959 5025 quemadmodum
2983 4965 3095 5012 tres
3130 4959 3203 5013 illi
3233 4959 3331 5012 Pa-

1781 5056 1888 5101 tres
1912 5064 2009 5102 nos
2038 5055 2222 5102 sancte
2240 5047 2452 5103 docent.

1850 5141 2024 5205 Alius,
2053 5141 2210 5206 sicut,
2254 5138 2671 5200 Ἐπταπλασίως
2697 5137 2949 5208 κάμινον.

1855 5232 1976 5286 197.
2039 5231 2190 5298 Quod
2239 5231 2380 5286 Deus
2417 5229 2697 5296 conjunxit
2733 5231 3012 5300 aequaliter
3057 5246 3331 5288 nonoran-

1782 5326 1896 5389 dos,
1929 5323 2090 5376 homo
2136 5319 2380 5374 laudator
2443 5333 2545 5373 non
2581 5330 2827 5388 separet;
2881 5321 2973 5373 sed
3021 5320 3173 5376 donis
3224 5341 3343 5379 cae-

1781 5415 2006 5471 lestibus
2066 5428 2223 5481 pares
2279 5427 2376 5468 eos
2437 5412 2797 5476 existimans,
2852 5413 3067 5480 paribus
3121 5432 3332 5486 quoque

1781 5508 2032 5577 dignetur
2089 5503 2391 5574 praeconiis.
2451 5500 2634 5568 Pueri,
2677 5503 3014 5568 benedicite;
3075 5511 3330 5562 sacerdo-

1781 5609 1881 5663 tes,
1914 5596 2215 5659 celebrate;
2247 5593 2446 5663 populi,
2489 5594 2903 5662 superexaltate,
2945 5597 2998 5649 in
3024 5599 3202 5652 omnia
3235 5616 3333 5654 sae-

1779 5689 1916 5740 cula.

1851 5776 2096 5830 Potentes
2149 5785 2201 5829 et
2251 5775 2430 5828 invicti
2499 5774 2803 5830 Divinitatis
2865 5777 3215 5843 defensores,
3271 5796 3328 5834 et
