4060 6316
684 336 839 377 CCCLX
850 337 903 374 IV

2034 320 2563 382 PROLEGOIIENA.

690 439 937 493 veritatis
993 438 1191 493 sinceri
1224 437 1464 508 patroni,
1503 437 1769 508 profunda
1817 437 2052 509 Spiritus
2101 449 2249 493 recte

2354 433 2569 504 καὶτῆς
2604 430 2861 501 ἀληθείας
2909 430 3158 500 ἀψευδεῖς
3191 431 3498 503 συνήγοροις
3526 429 3596 484 τά
3642 430 3778 502 βάθη
3829 431 3921 486 τοῦ

683 529 929 593 scrutati,
965 529 1269 584 sententias
1298 530 1411 584 Deo
1464 540 1859 585 consentaneas
1902 529 2169 596 astruitis,
2198 539 2256 583 et

684 624 811 677 hinc
862 621 1070 677 docetis
1116 621 1391 692 psallere:
1458 619 1684 693 Populi,
1740 623 2140 689 superexaltate
2198 624 2251 676 in

678 713 862 766 Otttnil
899 713 1119 769 saecula.

754 886 871 942 Duo
911 886 1144 942 maxima
1190 886 1497 951 luminaria,
1534 887 1765 957 positum
1811 888 1914 942 sub
1946 885 2060 942 sole
2100 902 2253 942 mun-

681 978 812 1032 tlum
840 978 908 1033 de
942 980 1083 1034 calo
1113 978 1417 1035 illuminant
1439 978 1768 1033 alternatim.
1791 978 1867 1033 De
1888 988 2034 1033 terra
2072 988 2248 1033 autem

684 1078 974 1125 coruscant
1002 1069 1106 1125 tria
1133 1084 1293 1141 supra
1324 1070 1543 1124 modum
1583 1070 1850 1126 immensa
1884 1069 2111 1135 lumina,
2134 1073 2250 1124 eol-

683 1158 919 1215 lucentia
949 1169 1005 1215 et
1055 1161 1219 1215 simul
1250 1160 1570 1231 psallentis:
1602 1158 2017 1230 Superexaltate
2039 1200 2055 1224 ,
2082 1175 2115 1214 o
2158 1176 2251 1224 po-

684 1250 816 1320 puli,
851 1252 1122 1307 Christum
1156 1254 1209 1307 in
1235 1252 1451 1309 saecula.
2006 1252 2247 1309 Mariale.

799 1442 985 1501 ropter
1032 1445 1128 1486 nos
1177 1431 1477 1487 incarnatio
1515 1440 1599 1487 est
1629 1473 1645 1496 ,
1680 1438 1735 1485 et
1772 1444 1949 1500 passio
1995 1433 2247 1500 pretiosa.

682 1520 912 1593 Propter
939 1538 1040 1578 nos
1081 1538 1202 1578 cum
1253 1524 1483 1578 mortuis
1511 1522 1613 1577 fuit
1642 1523 1787 1578 Deus
1817 1562 1832 1588 ,
1866 1533 2093 1578 mortem
2124 1524 2235 1592 qui-

685 1617 805 1666 dem
836 1621 1055 1681 gustare
1080 1614 1317 1677 nescius,
1351 1613 1493 1667 sicut
1514 1628 1613 1668 nec
1644 1611 1883 1668 dolorem
1937 1613 2125 1676 alium,
2155 1612 2249 1668 sed

685 1722 780 1771 per
795 1707 976 1761 carnis
1011 1706 1253 1762 mortalis
1284 1708 1721 1762 communionem
1765 1705 1939 1761 factus
1979 1708 2248 1776 particeps

2357 520 2672 590 Πνεύματος
2703 519 2884 585 καλῶς
2938 521 3412 591 ἀνερευνήσαντες,
3454 521 3556 585 τὰς
3602 520 3923 591 θιοπριπιῖς

2358 608 2647 679 περὶθεοῦ
2682 608 2976 680 ὑπολήψεις
3029 609 3237 663 ἐκεῖθεν
3288 610 3597 674 συνιστῶσι,
3648 612 3744 665 καὶ
3780 612 3924 665 διδά-

2357 717 2545 754 σκουσι
2572 700 2810 771 ψάλλεινο
2854 702 3008 768 Λαοὶ,
3056 701 3393 771 ὑπερ-»ψοῦτε
3426 704 3503 766 είς
3552 702 3762 764 πάντας
3798 706 3922 766 τοὺς

2353 792 2578 854 αἰῶνας.

2441 880 2532 945 Ἐξ
2576 879 2801 950 οὐρανοῦ
2854 879 2953 952 μὲν
2988 880 3235 953 μέγιστοι
3266 879 3361 935 δύο
3387 878 3568 952 λύχνοι
3594 882 3921 953 φωτίζουσιν

2351 972 2416 1025 ὲκ
2439 971 2694 1043 διαδοχῆς
2726 972 2967 1045 ἀλλήλων
3007 973 3107 1043 τὴν
3146 973 3392 1045 ὑφήλιον·
3434 974 3499 1027 ὲκ
3534 974 3631 1043 γῆς
3661 974 3721 1027 δὲ
3759 976 3921 1043 φανὸ-

2349 1081 2508 1136 τερον
2555 1065 2657 1137 τὴν
2699 1065 2990 1136 σύμπασαν
3017 1064 3315 1135 αὐγάζουσι
3367 1066 3519 1137 τρεῖς
3559 1065 3699 1118 κατά
3727 1068 3919 1119 ταυτὸν

2351 1157 2750 1228 ὑπερμεγέθεις
2781 1158 3087 1229 φωστῆρες,
3120 1157 3520 1229 συλλάμποντες
3543 1156 3920 1227 ἀλλήλοις,καὶ

2354 1250 2754 1320 ωμψάλλοντες
2810 1250 2948 1322 ἀμαο
2981 1251 3133 1317 Λαοὶ,
3170 1249 3509 1322 ὑπεροψοῦτε
3564 1250 3801 1321 Χριστὸν
3840 1252 3920 1314 εἰς

2350 1345 2475 1407 τοὺς
2495 1344 2716 1407 αἰῶνας.
3614 1340 3915 1396 Θεοτόκιον.

2435 1432 2603 1503 ’Υπὲρ
2646 1431 2864 1505 ὴμῶνῆ
2908 1431 3181 1502 σάρκωσις
3220 1431 3313 1486 καὶ
3360 1431 3431 1485 τὰ
3469 1431 3613 1501 πάθη
3643 1431 3712 1484 τά
3738 1433 3917 1501 τίμια·

2349 1524 2419 1578 δι’
2432 1526 2581 1595 ἡμᾶς
2604 1524 2735 1588 Θεὸς
2753 1524 2890 1595 μιτά
2906 1522 3112 1594 νεκρῶν
3127 1523 3358 1591 ἐγένετο,
3382 1523 3612 1580 θανάτου
3641 1524 3740 1594 μὲν
3761 1524 3924 1592 ἄγευ-

2352 1633 2497 1681 στος,
2519 1612 2607 1669 οἷα
2635 1616 2821 1670 παθῶν
2837 1614 3142 1685 ἐλεύθερος,
3172 1617 3237 1685 τῇ
3268 1615 3324 1667 δὲ
3348 1616 3483 1686 πρὸς
3498 1614 3596 1688 τὴν
3621 1617 3803 1687 σάρκα
3824 1616 3923 1684 τὴν

2353 1706 2553 1777 θνητὴν
2586 1708 2840 1778 κοινωνίᾳ⁵
2895 1705 3185 1777 λεγόμενος
3231 1706 3325 1757 καὶ
3377 1706 3581 1770 πάθους
3631 1709 3924 1777 μετασχεῖν

682 1810 736 1850 et
763 1798 966 1857 doloris
986 1808 1041 1851 et
1073 1800 1280 1855 mortis.
1307 1799 1489 1866 Quare
1536 1814 1659 1853 eum
1703 1798 2172 1869 superexaltamus
2197 1800 2248 1853 in

2355 1800 2447 1853 καὶ
2472 1800 2722 1853 θανάτου·
2762 1799 2879 1870 μεθ’
2907 1795 2974 1871 ῆς
3008 1796 3393 1871 ὑπερυψοῦμεν
3424 1799 3504 1862 είς
3531 1800 3737 1863 πάντας
3794 1802 3923 1864 τοὺς

681 1889 860 1943 omnia
882 1888 1097 1945 saecula.
1943 1888 2247 1943 Catabasia.

756 2071 812 2127 ln
865 2072 1043 2144 ignem
1086 2074 1474 2130 intolerabilem
1515 2072 1742 2142 conjecti
1788 2073 1859 2143 pii
1914 2088 2042 2145 erga
2086 2074 2251 2131 Deum

679 2161 924 2231 juvenes,
974 2180 1003 2217 a
1030 2162 1239 2219 ﬂamma
1280 2180 1408 2221 vero
1439 2181 1544 2220 non
1587 2166 1721 2229 laesi,
1756 2166 1996 2219 divinum
2028 2181 2248 2221 carmen

682 2255 950 2310 canebant
986 2274 1000 2312 :
1046 2256 1374 2323 Benedicite,
1398 2260 1585 2313 omnia
1642 2273 1805 2327 opera
1871 2258 2107 2324 Domini,
2138 2259 2246 2313 Da-

684 2348 851 2402 ιιιίοο.

1227 2480 1363 2536 ODE
1391 2480 1441 2536 9.
1475 2480 1711 2538 lemus.

754 2572 875 2628 I98.
924 2573 1001 2629 Ex
1046 2572 1157 2628 Deo
1187 2573 1354 2629 Deum
1400 2573 1655 2637 Verbum,
1711 2575 1852 2642 quod
1889 2574 2251 2645 inexplicabili

682 2667 947 2735 sapientia
978 2668 1124 2721 venit
1141 2666 1207 2719 ad
1241 2667 1606 2719 innovandum
1628 2665 1913 2733 Adamum,
1946 2683 2044 2740 per
2068 2670 2247 2724 cibum

684 2758 1046 2827 corruptionis
1074 2758 1313 2827 graviter
1363 2760 1569 2831 lapsum
1597 2797 1611 2821 ,
1657 2762 1908 2830 quodque
1941 2776 2005 2815 ex
2062 2772 2247 2816 sancta

687 2850 907 2920 Virgine
954 2847 1299 2904 inen‘abiliter
1353 2850 1694 2904 incarnatnm
1747 2863 1829 2907 est
1862 2861 2083 2924 propter
2124 2868 2247 2917 nos,

680 2941 922 2996 unanimi
950 2951 1108 2996 cantu
1132 2941 1542 3011 magniﬁcamus
1570 2942 1774 2999 ﬁdeles.

755 3052 812 3108 In
844 3063 914 3119 te,
962 3051 1124 3125 Virgo
1162 3053 1497 3115 beatissima,
1538 3068 1687 3122 spem
1739 3070 1913 3109 meam
1948 3069 2161 3107 omnem
2187 3053 2251 3106 li-

683 3146 877 3200 benter
906 3145 1145 3211 colloco;
1172 3159 1325 3199 serva
1363 3160 1472 3210 me,
1492 3144 1663 3199 Mater
1683 3158 1822 3197 vera:
1849 3144 2000 3200 vitae:
2028 3152 2083 3197 et
2105 3152 2248 3210 pete,
2278 3176 2322 3236 ρ

688 3254 724 3292 ο
751 3247 921 3305 casta,
950 3239 1173 3310 perenni
1199 3240 1394 3309 gaudio
1420 3238 1629 3307 impleri
1665 3253 1763 3294 eos
1793 3238 1882 3308 qui
1916 3253 2038 3293 cum
2060 3236 2169 3293 ﬁde
2196 3243 2251 3292 et

687 3330 954 3385 desiderio
981 3340 1031 3385 te
1066 3331 1296 3385 canticis
1327 3329 1698 3401 magniﬁcam.

756 3510 940 3579 Virgo-
972 3512 1333 3568 illustrissima
1361 3553 1377 3577 ,
1411 3511 1574 3579 janua
1630 3512 1793 3567 divini
1841 3510 2076 3571 luminis.
2134 3511 2253 3565 illu-

686 3607 835 3671 mina
866 3607 1058 3659 anima:
1097 3621 1232 3662 meae
1266 3607 1549 3677 caliginem
1610 3603 1947 3676 spiritalibus
1985 3593 2119 3656 luci’s
2149 3611 2252 3657 tua:

686 3697 875 3753 radiis.
912 3698 978 3753 Et
1018 3708 1159 3767 pete,
1188 3713 1224 3755 o
1259 3710 1428 3762 casm,
1460 3696 1682 3767 perenni
1715 3695 1837 3767 igne
1881 3692 2101 3749 liberari
2136 3706 2251 3757 eos,

685 3790 778 3860 qui
808 3805 928 3844 cum
965 3789 1067 3845 (ide
1091 3800 1145 3845 et
1177 3792 1443 3847 desiderio
1472 3800 1523 3845 te
1551 3788 1780 3844 canticis
1812 3785 2175 3859 magniﬁcam.

2008 3880 2253 3939 lariale.

759 3970 929 4036 Quem
956 3969 1117 4026 Pater
1160 3967 1352 4023 Filium
1394 3984 1461 4023 ex
1500 3979 1654 4025 utero
1684 3979 1809 4025 ante
1832 3970 2024 4027 saecula
2049 3973 2254 4042 genuit,

689 4065 738 4119 is
776 4064 830 4118 in
859 4072 950 4117 tuo
972 4062 1223 4117 habitans
1275 4070 1428 4115 utero
1454 4061 1633 4116 factus
1663 4071 1746 4116 est
1768 4062 2253 4131 perlectushomo;

687 4166 743 4213 et
777 4167 830 4213 te
852 4196 870 4224 ,
907 4156 1135 4225 Deipara
1163 4194 1180 4221 ,
1210 4153 1419 4210 fontem
1467 4156 1763 4226 gratiarum
1797 4157 2035 4211 ostendit
2080 4158 2255 4223 nobis,

688 4251 782 4316 qui
840 4249 1068 4304 ﬁdeliter
1122 4248 1412 4304 adoramus
1474 4247 1819 4302 ineﬂabilem
1874 4257 2019 4302 tuam
2068 4262 2259 4319 prege-

760 4452 885 4507 199.
911 4450 1083 4515 Alius,
1109 4451 1271 4513 sicut,
1312 4451 1573 4522 Ἀνάρχου
1606 4454 1947 4525 γεννήτορας.

2354 1891 2573 1955 αἰῶνας.
3571 1890 3919 1946 Καταὸασία.

2436 2069 2705 2141 Ἀστέκτῳ
2745 2070 2879 2141 πυρὶ
2922 2071 3205 2135 ἕνωθίντες
3229 2074 3277 2125 oi
3313 2070 3622 2134 θεοσεϐείας
3650 2070 3924 2141 προεστῶ-

2349 2180 2442 2226 τες
2468 2161 2695 2226 νεανίαι,
2722 2164 2787 2233 τῇ
2814 2161 2971 2231 φλογὶ
2999 2162 3057 2215 δὲ
3104 2164 3178 2234 μὴ
3204 2163 3556 2235 λωὸηθέντες,
3584 2163 3729 2217 θεῖον
3757 2162 3924 2233 ὕμνον

2351 2254 2604 2324 ἔμελπον·
2660 2254 2969 2323 Εὑλογεῖτε,
3031 2256 3205 2309 πάντα
3251 2256 3319 2307 τὰ
3365 2254 3501 2327 ἔργα
3546 2256 3775 2326 Κυρίου.
3837 2255 3926 2308 τὸν

2348 2343 2570 2398 Κύριον.

2843 2484 2975 2552 ῼΔΗ
3012 2485 3078 2537 θ’.
3133 2484 3191 2537 '0
3217 2482 3424 2555 εἱρμός.

2417 2571 2521 2626 Τδν
2570 2573 2633 2625 ὲκ
2666 2572 2800 2626 Θεοῦ
2826 2572 2957 2627 Θεὸν
2981 2576 3168 2643 Λόγον,
3206 2576 3299 2629 τὸν
3320 2578 3544 2647 ἀρρήτῳ
3574 2574 3738 2647 σοφίᾳ.
3753 2576 3922 2647 ήκότα

2350 2663 2742 2735 καινουργῆσαι
2771 2663 2862 2715 τὸν
2898 2662 3085 2734 Ἀδάμ,
3119 2663 3317 2733 βρώσει
3351 2664 3555 2735 φθορᾶς
3592 2665 3921 2717 πεπτωκότα

2348 2756 2555 2824 δεινῶς,
2602 2758 2661 2821 ἐξ
2713 2757 2872 2826 ἁγίας
2905 2755 3179 2827 Παρθένου
3230 2756 3522 2827 ἀφράστως
3568 2758 3922 2829 σαρκωθέντα

2347 2852 2413 2905 δι’
2446 2851 2611 2922 ἡμᾶς,
2639 2851 2689 2902 oi
2739 2853 2919 2904 arterei.
2966 2849 3280 2921 όμοφρόνως
3332 2850 3393 2901 ὲν
3444 2846 3633 2919 ῦμννοις
3682 2849 3920 2919 μεγαλύ-

2348 2958 2530 3013 νομεν.

2422 3054 2829 3124 Θεομακάριστε
2907 3057 3079 3129 Κόρη,
3158 3056 3255 3127 τὴν
3326 3054 3516 3110 ἐλπίδα
3573 3072 3677 3125 μου
3744 3056 3923 3108 πᾶσαν

2355 3145 2649 3217 προθύμως
2695 3146 2988 3217 ἀνατίθημι
3034 3150 3091 3202 ἐν
3139 3151 3237 3202 σοί·
3274 3149 3443 3202 σῶσόν
3487 3165 3572 3219 με,
3602 3148 3794 3219 Μῆτερ
3827 3149 3924 3218 τῆς

2353 3235 2521 3300 ὅντως
2560 3235 2721 3307 ζωῆς·
2759 3236 2850 3289 καὶ
2874 3238 3087 3308 τρυφῆς
3114 3238 3338 3290 ἀεννάου
3367 3238 3672 3309 πλησθῆναι
3701 3239 3920 3293 καθικέ-

2354 3343 2499 3389 τευε,
2535 3327 2696 3397 ἀγνὴ,
2738 3327 2865 3391 τοὺς
2885 3328 2942 3379 ὲν
2970 3327 3149 3380 πίστει
3192 3327 3284 3380 καὶ
3317 3328 3465 3399 πόθῳ
3504 3345 3562 3381 σε
3592 3328 3783 3399 ὕμνοις
3824 3348 3919 3400 με·

2354 3417 2703 3488 γαλύνοντας.

2436 3513 2787 3583 Ἐπιφανείσα
2838 3511 3101 3585 Παρθένε,
3156 3513 3258 3583 τῆς
3302 3511 3479 3583 ψυχῆς
3514 3530 3615 3584 μου
3637 3512 3727 3565 τὸν
3763 3510 3920 3581 ζόφον

2353 3606 2530 3675 φωτός
2562 3625 2657 3661 σου
2688 3611 2810 3671 ταῖς
2838 3608 3021 3672 ἀΰλοις
3050 3609 3354 3680 ἀστραπαῖς
3379 3607 3635 3679 αῦγασον,
3657 3608 3803 3679 πύλη
3828 3607 3920 3662 τοῦ

2355 3696 2499 3751 θείου
2533 3700 2728 3771 φωτός.
2765 3701 2875 3754 Καὶ
2915 3702 3088 3773 πυρὸς
3114 3702 3331 3757 αἰωνίου
3361 3702 3622 3774 ρυσθῆναι
3650 3702 3921 3769 καταξίω-

2358 3806 2469 3851 σον,
2514 3793 2673 3868 ἁγνὴ,
2717 3794 2842 3857 τοὺς
2867 3796 2923 3847 ὲν
2971 3793 3149 3848 πίστει
3169 3796 3260 3849 καὶ
3281 3794 3429 3866 πόθῳ
3450 3811 3509 3848 σε
3545 3795 3731 3865 ὕμνοις
3756 3811 3924 3865 μεγα-

2357 3880 2630 3946 λύνοντας.
3616 3886 3919 3940 Θεοτόκιον.

2440 3973 2527 4026 Ἐν
2581 3976 2647 4044 τῇ
2701 3978 2897 4045 γαστρί
2935 3994 3027 4029 σου
3075 3976 3380 4048 σκηνώσας,
3426 3980 3490 4030 ὲκ
3534 3977 3772 4047 γαστρὸς
3821 3976 3925 4047 πρὸ

2357 4064 2570 4120 αἰώνων
2602 4067 2792 4137 Πατὴρ
2815 4067 2985 4135 ὅνπερ
3011 4067 3295 4137 ἐγέννησεν
3310 4066 3441 4132 υἱὸν,
3473 4068 3677 4130 τέλειος
3704 4069 3923 4135 γέγονεν

2358 4159 2641 4233 ἄνθρωπος
2688 4160 2782 4215 καὶ
2837 4160 3019 4231 πηγὴν
3083 4158 3432 4230 χαρισμάτων
3477 4176 3557 4226 σε,
3621 4159 3919 4230 Θεομῆτορ,

2359 4252 2555 4319 ἔδειξεν
2587 4256 2737 4327 ἡμῖν,
2772 4256 2881 4318 τοῖς
2908 4251 3114 4317 πιστῶς
3149 4252 3510 4323 προσκυνοῦσι
3528 4252 3623 4324 τῆν
3647 4250 3923 4322 ἀφραστόν

2361 4364 2452 4400 σου
2476 4347 2746 4418 γέννησιν.

2436 4461 2648 4525 Ἀλλος.
2698 4460 2961 4533 ’Λνάρχου
2992 4464 3327 4535 γεννήτορος-

758 4546 1057 4616 Magnifica,
1097 4543 1279 4597 anitna
1332 4559 1488 4610 mea,
1554 4545 1653 4599 tria
1704 4560 1893 4615 magna
1932 4548 2074 4602 inter
2126 4547 2252 4601 anti-

2427 4553 2763 4622 Μεγάλυνον,
2967 4524 3091 4626 μου,
3294 4524 3357 4607 γὲν
3408 4554 3689 4626 ίεράρχαις
3713 4556 3921 4627 φωστῆ-

687 4639 841 4695 stites
874 4638 1177 4693 luminaria.

774 4746 984 4800 >grum
1042 4740 1281 4785 vestrum
1315 4741 1367 4785 et
1390 4732 1529 4786 ovile
1564 4735 1844 4802 respicite;
1898 4742 2117 4803 propter
2137 4746 2258 4801 quae

690 4823 958 4877 maximos
989 4820 1205 4877 labores
1250 4824 1614 4879 sustinuistis.
1653 4825 1709 4878 In
1753 4841 1915 4880 unum
1975 4834 2253 4890 coeuntes,

688 4928 786 4966 vos
827 4920 935 4965 tres
963 4911 1342 4984 coniungimus
1372 4925 1424 4968 et
1453 4914 1837 4970 suavissimam
1868 4926 2103 4970 vestram
2130 4930 2255 4968 con-

687 5002 1020 5073 junctionem
1054 5020 1151 5075 pro
1180 5007 1462 5062 communi
1485 5008 1744 5063 habemus
1785 5007 2108 5063 laudationis
2131 5024 2246 5066 ma-

691 5098 824 5149 teris

764 5208 1063 5277 Magniﬁca,
1121 5213 1299 5268 anima
1351 5230 1491 5274 mea,
1543 5212 1645 5267 tria
1691 5213 2010 5269 candelabra
2070 5212 2253 5267 Eccle-

693 5301 787 5354 sia:
808 5299 1028 5356 Christi.

776 5413 992 5468 nhristi
1024 5416 1192 5485 gratia
1252 5418 1498 5475 hostibus
1565 5420 1681 5476 suis
1756 5420 1940 5487 objicit
2023 5420 2255 5475 machae-

693 5518 810 5557 ratn
867 5521 971 5560 non
1020 5508 1102 5561 bis
1138 5550 1153 5574 ,
1194 5509 1287 5565 sed
1343 5521 1424 5565 ter
1484 5522 1742 5579 aculam,
1796 5528 1960 5565 unum
2021 5513 2072 5566 in
2133 5524 2248 5565 caa-

691 5594 746 5650 lo
804 5596 1123 5653 fabricatum
1177 5617 1404 5669 ensem,
1461 5605 1657 5674 triplici
1730 5604 2021 5675 lulgentem
2075 5603 2255 5672 cuspi-

690 5686 802 5754 de;
862 5707 957 5761 pro
1005 5692 1215 5750 Deitate
1270 5712 1375 5751 una
1431 5706 1483 5754 et
1530 5701 1667 5754 trina
1726 5711 1939 5767 semper
1993 5695 2254 5754 dimicau-

695 5789 799 5835 tem
809 5822 823 5837 ο

2360 4663 2457 4718 ρας
2490 4648 2636 4717 τρεῖς
2670 4645 2955 4717 μεγάλους.

2442 4738 2588 4792 -δοὺ
2620 4739 2681 4793 τὸ
2719 4740 2981 4813 ὑμέτερον
3010 4740 3278 4813 γεώργιον
3336 4742 3429 4793 καὶ
3484 4739 3755 4811 ποίμνιον,
3788 4740 3922 4812 ὑπὲρ

2355 4825 2416 4886 οῦ
2446 4832 2573 4894 τοὺς
2597 4834 2884 4903 μεγίστους
2910 4834 3101 4897 πόνους
3133 4834 3419 4903 ὑπέστητε·
3456 4834 3535 4897 είς
3567 4833 3623 4886 ἓν
3641 4833 3919 4887 συνελθόν-

2354 4940 2445 4986 τες
2471 4923 2603 4994 ὁμοῦ
2639 4942 2718 4987 τε,
2751 4926 2873 4987 τοὺς
2909 4928 3056 4996 τρεῖς
3077 4925 3214 4995 ὑμᾶς
3248 4924 3767 4996 ωμπαραλαὸόντες
3808 4939 3919 4975 κοι-

2355 5014 2449 5085 νὴν
2478 5014 2672 5086 ἔχομεν
2692 5017 2895 5068 αἴνεσιν
2922 5015 3018 5086 τὴν
3045 5017 3073 5067 ὑ
3083 5014 3197 5086 μῶν
3222 5015 3441 5087 ἡδίστην
3462 5015 3672 5069 ἕνωσιν.

2425 5216 2760 5284 Μεχάλυνον,
2834 5214 2977 5286 ψυχή
3048 5232 3169 5286 μου,
3216 5215 3345 5278 τοὺς
3407 5210 3921 5286 τρισωλάμπτηρας

2353 5308 2585 5379 Χριστοῦ
2607 5309 2705 5381 τῆς
2750 5307 3088 5379 Ἐκκλησίας.

2441 5424 2526 5480 Οὐ
2560 5424 2809 5493 δίστομον
2869 5422 3142 5491 μάχαιραν
3171 5422 3203 5490 ἡ
3237 5419 3415 5490 χάρις,
3463 5418 3597 5473 am
3634 5420 3919 5491 τρίστομον

2357 5512 2497 5567 κατὰ
2522 5512 2631 5565 τῶν
2664 5510 2932 5582 πολεμίων
2959 5510 3129 5579 αὐτῆς
3174 5506 3582 5578 προσϐάλλεται·
3621 5506 3681 5558 ἓν
3701 5509 3917 5577 οὐρανο-

2356 5606 2650 5677 χάλκευτον
2706 5603 2854 5673 ξίφος
2900 5604 3076 5674 τρισὶν
3122 5602 3324 5672 ἀκμαῖς
3356 5598 3790 5670 κατεστωμένον,
3836 5594 3919 5651 ἀεὶ

2358 5697 2767 5771 προμαχόμενον
2796 5692 3133 5765 τριλαμποῦς
3171 5693 3295 5762 μιᾶς
3319 5691 3599 5761 Θεὸτητος.
