4098 6326
1340 354 1730 411 ACHLUTUIA
1775 355 2113 415 TRIPLICIS
2156 358 2368 414 FESTI.

3283 382 3485 423 CCCLXV

326 469 665 537 szl'wvov,
724 470 869 540 ψυχή
917 487 1043 539 μου.
1080 473 1202 535 τοὺς
1251 476 1662 547 κεκοσμηκότας
1687 480 1786 550 Χρι

1992 479 2291 547 Magniﬁca.
2352 482 2529 537 anima
2581 498 2721 549 mea,
2778 498 2873 540 eos
2904 486 2996 555 qui
3048 485 3247 542 Christi
3268 504 3492 545 exorna-

244 559 385 612 στσῦ
412 561 509 630 τὴν
546 560 886 631 Ἐκκλησίαν.

336 651 512 720 -ςμῶν
560 654 621 705 τὸ
671 652 973 724 πολίτευμα
999 654 1059 709 ιν
1096 655 1344 727 οὐρανοῖς
1380 652 1705 729 ἦν,ινδοξοι,
1734 664 1824 716 καὶ

166 805 171 813 1
243 740 350 811 τὴν
384 742 559 810 σάρκα
589 742 899 814 φορούντων
921 747 1001 810 είς
1025 746 1103 800 ἔτι
1124 748 1368 802 ἄσπιλον·
1399 750 1493 815 οὓς
1521 754 1823 826 εἰλικρινῶς

1931 586 2055 626 vere
2079 571 2397 630 Ecclesium.

2011 680 2102 717 -n
2150 664 2328 729 caelis,
2383 679 2416 717 ο
2465 662 2710 733 gloriosi,
2754 671 2873 717 erat
2899 670 3077 716 vestra
3127 664 3490 728 conversatio,

1922 766 2046 805 cum
2076 751 2250 808 adhuc
2280 768 2498 808 carnem
2530 753 2821 823 gestaretis
2858 753 3370 818 incontaminatam;
3396 754 3488 809 ubi

244 832 349 885 νῦν
383 834 673 900 οἰκοῦντες,
697 838 820 901 τοὺς
858 838 950 891 ἐπὶ
988 839 1089 908 γῆς
1124 840 1271 909 ἡμᾶς
1317 844 1713 915 στρεφομένους
1752 864 1783 901 τ

1923 858 2070 899 nunc
2102 859 2227 899 vere
2255 844 2530 900 habitatis.
2563 843 2706 915 Ergo
2750 855 2907 899 orate
2933 884 2949 910 ,
2983 852 3041 898 ut
3074 858 3171 899 nos
3198 853 3485 898 versantes

242 926 364 977 ἄνω
409 927 737 997 πρεσϐεύετε
786 930 881 983 καὶ
930 933 1142 1001 φρονεῖν
1179 933 1273 986 καὶ¹
1318 939 1814 1009 πραγματεύεσθαι.

242 1014 549 1073 θεοτόκιον.
1054 1092 1057 1095 γ

318 1106 648 1175 Μεγαλυνον,
678 1109 819 1180 ψυχή
870 1127 994 1180 μου,
1027 1112 1123 1183 τὴν
1149 1117 1495 1189 τιμιωτέραν.

337 1202 537 1252 Μτενοῖ
564 1218 631 1270 με
659 1201 719 1253 τὺ
759 1200 958 1267 πλάτος
984 1219 1097 1268 σου,
1132 1207 1239 1260 τῶν
1274 1208 1570 1277 μεγαλείων
1594 1209 1814 1265 Δέσποι-

243 1305 338 1352 να,
371 1292 699 1359 καταπνίγον
728 1292 818 1346 τὸν
837 1292 993 1363 λόγον
1022 1297 1125 1350 ὑπὸ
1172 1298 1523 1369 πυκνότητος,
1571 1304 1662 1356 καί
1722 1320 1811 1374 μοι

243 1383 563 1453 παραδόξως
589 1383 874 1453 συμϐαίνει
915 1388 977 1441 τὸ
1007 1390 1231 1459 ἀπορεῖν
1274 1392 1339 1444 ἐκ
1389 1393 1489 1463 τῆς
1532 1394 1808 1467 εὐπορίαςο

240 1471 328 1524 διὸ
356 1472 448 1525 τὸν
474 1471 721 1526 τοσοῦτόν
751 1492 808 1528 σε
835 1477 1206 1546 μεγαλύναντα
1230 1479 1545 1554 δοξάζομεν.

321 1644 534 1709 Ἄλλος.
579 1645 797 1718 Ἐξέστη
832 1649 927 1704 ἐπὶ
956 1652 1130 1724 τούτῳ
1158 1656 1185 1707 ὁ
1213 1654 1459 1725 οὐρανός.

1920 935 1977 990 in
2026 936 2206 1000 terris,
2241 936 2511 1006 possimus
2551 952 2670 1007 quae
2706 950 2926 993 sursum
2961 945 3090 991 sunt
3113 950 3335 1007 sapere,
3362 950 3485 1005 qu:e

1918 1041 2131 1081 sursum
2161 1038 2288 1083 sunt
2315 1043 2584 1097 quaerere.
3231 1027 3476 1083 Mariale.

1987 1114 2290 1186 Magniﬁca,
2340 1118 2519 1171 anima
2555 1133 2698 1183 mea,
2722 1116 3101 1172 venerandam.

1997 1209 2244 1279 mtringit
2310 1222 2399 1264 me
2461 1220 2548 1264 tua
2612 1208 2885 1274 latitudo,
2948 1207 3477 1277 magniﬁcentissima

1911 1296 2139 1351 Domina
2165 1337 2183 1364 ,
2231 1297 2705 1368 magnitudineque
2754 1294 2985 1352 sull‘ocat
3017 1296 3315 1350 orationem
3350 1334 3368 1360 ,
3420 1306 3479 1351 et

1910 1389 2043 1441 mihi
2100 1388 2350 1444 mirabile
2416 1391 2616 1446 accidit
2672 1390 2909 1458 inopiam
2961 1389 3108 1442 nasci
3167 1402 3231 1443 ex
3286 1388 3466 1457 copia.

1911 1478 2033 1532 Ideo
2065 1491 2189 1531 eum
2245 1478 2337 1546 qui
2375 1486 2430 1535 te
2477 1489 2758 1550 tantopere
2789 1479 3100 1549 magnificat
3130 1517 3148 1547 ,
3212 1479 3472 1535 vlorillca-

1909 1583 2048 1622 mus.

1984 1657 2163 1724 Alius,
2198 1657 2381 1726 sicut,
2420 1658 2645 1729 Ἐξὲστη
2693 1659 2785 1712 ἐπὶ
2832 1656 3003 1731 τούτῳ
3049 1659 3079 1711 ὁ
3113 1658 3355 1730 οὐρανός.

300 1818 635 1887 Μεγάλυνον,
672 1824 816 1894 ψυχή
865 1842 989 1895 μου,
1037 1827 1158 1891 τοὺς
1194 1827 1290 1898 τῆς
1325 1846 1592 1899 παναγ.ας
1635 1832 1786 1904 Τριά·

1976 1833 2276 1906 Magniﬁca,
2329 1837 2507 1893 anima
2566 1851 2728 1901 mea,
2787 1840 3144 1896 sanctissima:
3191 1840 3469 1896 Trinitatis

232 1910 323 1974 δος
350 1914 499 1982 τρεῖς
524 1915 808 1985 ποιμένας.

312 2005 557 2077 Ἐπήρθη
602 2008 699 2079 τῆς
741 2010 968 2078 Τριάδος
1012 2012 1043 2079 ἡ
1072 2011 1262 2084 ἀρετὴ,
1293 2015 1388 2068 καὶ
1414 2018 1483 2070 τὰ
1511 2018 1685 2073 πάντα
1706 2023 1805 2092 τῆς

229 2094 393 2165 δόξης
418 2097 751 2167 ἐπλήρωσεν,
775 2098 941 2171 ἄλλην
965 2099 1011 2153 δ’
1058 2102 1186 2173 ὑμῖν
1222 2106 1416 2179 αἴγλην
1441 2109 1800 2181 ἀναλάμψασα

226 2186 511 2257 τριλαμπῆ
542 2187 616 2250 ὡς
666 2189 861 2274 ἑαυτῆς
914 2191 1282 2267 ἀπαύγασμα,
1302 2200 1427 2260 τοὺς
1451 2200 1801 2274 ἐπουρανίους

228 2278 644 2346 μυσταγωγοὺς,
672 2278 737 2331 δι’
768 2273 843 2335 ὧν
888 2285 981 2337 ἐπὶ
1011 2285 1109 2357 τὴν
1133 2286 1283 2343 θείαν
1326 2292 1540 2364 ἐκείνης
1568 2273 1799 2367 θεωρίαν

226 2368 276 2419 οἱ
302 2366 654 2433 εὐσεϐοῦντες
682 2370 1040 2445 ὁδηγούμεθα.

291 2540 628 2612 Μεγάλυνον,
667 2546 809 2621 ψυχή
838 2568 962 2621 μου,
991 2555 1120 2619 τοὺς
1162 2557 1227 2612 ἐκ
1269 2562 1546 2633 τρισηλίου
1580 2565 1794 2639 φωστῆ-

223 2648 327 2702 ρας
365 2638 514 2705 τρεῖς
545 2640 829 2708 μεγάλους.

288 2725 406 2827 Οὑ-κ
450 2728 563 2783 ἔστι
620 2731 919 2805 δευτερεῖον
961 2741 1018 2793 ὲν
1065 2746 1178 2808 τοῖς
1224 2750 1391 2818 τρισί’
1424 2753 1494 2807 τὰ
1527 2759 1790 2827 πρεσϐεῖα

215 2812 330 2887 γὰρ
355 2816 583 2919 ἕκαστος
616 2824 860 2895 φέρεται,
891 2829 1102 2904 πρῶτος
1130 2836 1230 2889 οὐκ
1247 2812 1320 2889 ὧν
1336 2842 1429 2894 καὶ
1455 2812 1583 2908 τοὺς
1607 2812 1788 2919 ὁμοτίῖ

218 2923 352 3015 μους
386 2910 707 2983 ὑπερνικῶν.
754 2918 1137 2983 Ἐξοικειοῦται
1188 2926 1385 2995 μᾶλλον
1414 2932 1471 2987 δὲ
1495 2935 1592 3008 τὴν
1624 2910 1786 3015 ἄλλή-

211 2995 323 3054 λων
346 3001 501 3073 νίκην
525 3008 857 3077 ττιεριχαρῶς⁸
888 3011 949 3062 οὐ
979 3011 1128 3083 χώρα
1150 3016 1259 3089 γὰρ
1290 3020 1522 3080 ἐνταῦθα
1657 2995 1785 3102 φθέ-

212 3106 288 3163 νῳ
321 3096 650 3165 παρρησίας,
677 3098 1054 3174 λυμαινομένῳ
1080 3107 1178 3179 τὴν
1206 3112 1472 3182 ὁμόνοιαν.
1600 3096 1781 3190 Ἄρεα.

282 3271 620 3340 Μεγάλυνον,
654 3276 801 3352 ψυχή
854 3299 978 3353 μου,
1052 3289 1153 3360 τῆς
1207 3300 1633 3363 τρισυποστάτου
1687 3305 1780 3359 καὶ

203 3360 517 3434 ἀδιαιρέτου
549 3366 812 3442 Θεότητος
836 3375 899 3428 τὸ
922 3379 1139 3447 κράτος.

267 3453 570 3530 Πατέραςὴ
618 3461 867 3517 εὐσέϐεια
891 3468 1017 3531 τοὺς
1038 3469 1207 3542 αὐτῆς
1224 3483 1597 3548 πρωτοτόκους
1633 3488 1779 3553 υἱοὺς

201 3546 548 3614 ἀναδείξασα,
581 3552 746 3607 τέκνα
774 3556 950 3623 φωτὸς
976 3561 1174 3631 γνήσια
1210 3567 1301 3620 καὶ
1335 3568 1540 3643 ἄμωμα
1565 3546 1633 3629 δι’
1679 3546 1778 3632 uti;

1808 3167 1853 3226 C

1908 1939 2014 1983 tres
2037 1938 2297 1997 pastores.

1972 2017 2096 2073 200.
2156 2018 2413 2075 Sublimis
2464 2031 2549 2076 est
2586 2020 2867 2077 Trinitatis
2921 2024 3134 2089 virtus,
3186 2036 3239 2079 et
3297 2026 3465 2097 gloria

1901 2125 1997 2164 sua
2025 2111 2311 2180 complevit
2346 2113 2548 2166 omnia.
2583 2112 2691 2169 Sed
2747 2116 2799 2169 in
2843 2115 3000 2171 vobis
3042 2115 3199 2186 longe
3247 2119 3354 2173 alio
3410 2127 3466 2172 et

1903 2200 2170 2270 tripartito
2215 2201 2424 2270 fulgore
2453 2203 2699 2269 emicat,
2746 2216 3007 2276 tanquam
3058 2205 3113 2261 in
3163 2207 3463 2275 majoribus

1901 2293 2065 2347 radiis
2121 2301 2176 2347 et
2229 2294 2541 2351 caelestibus
2597 2309 2881 2352 sacrorum
2934 2299 3305 2370 principibus,
3362 2317 3462 2372 per

1895 2398 2033 2451 quos
2060 2384 2126 2440 ad
2180 2385 2414 2441 divinam
2464 2387 2609 2444 illius
2656 2388 3163 2460 contemplationem
3186 2393 3260 2461 pii
3290 2394 3463 2449 dedu-

1890 2476 2085 2532 cianur.

1964 2565 2265 2637 Magniﬁca,
2312 2568 2491 2623 anima
2537 2585 2679 2637 mea,
2712 2584 2779 2626 ex
2806 2572 2999 2644 triplici
3030 2574 3142 2630 sole
3189 2577 3289 2631 tria
3341 2592 3458 2634 ma-

1892 2676 1994 2731 gna
2020 2662 2324 2717 luminaria.

1960 2750 2148 2807 Nullus
2194 2769 2261 2808 ex
2313 2755 2399 2809 bis
2446 2756 2617 2811 tribus
2648 2759 3228 2824 tenetsecundaspsed
3255 2764 3458 2832 primas

1890 2851 2075 2896 tenent
2111 2856 2335 2908 omnes;
2364 2859 2486 2899 cum
2540 2849 2747 2915 primus
2800 2865 2905 2905 non
2948 2852 3019 2905 sit
3052 2853 3139 2921 qui
3172 2868 3326 2922 pares
3362 2853 3433 2910 ho

1888 2948 2019 2991 nare
2040 2945 2345 3005 exsuperet.
2370 2935 2511 3003 Quin
2544 2938 2721 3008 potius
2758 2939 2895 2995 alter
2923 2942 3145 2998 alterius
3172 2946 3449 3003 victoriam

1886 3042 2008 3080 erat
2034 3027 2228 3096 gaudio
2253 3026 2386 3082 facit
2410 3044 2561 3083 suam
2593 3049 2607 3085 :
2639 3046 2813 3099 neque
2837 3035 2980 3089 enim
3008 3036 3077 3090 ibi
3112 3037 3259 3092 locus
3290 3041 3451 3095 relin-

1886 3116 2070 3171 ouitur
2119 3120 2308 3173 audaci
2343 3120 2581 3188 invidiae,
2612 3123 2954 3182 labefactanti
3000 3132 3363 3187 concordiam.

3242 3221 3442 3284 Gloria.

1950 3295 2255 3369 Magniﬁca,
2303 3300 2483 3358 anima
2536 3318 2689 3372 mea,
2740 3306 2897 3365 unius
2952 3311 3239 3369 individua:
3270 3316 3446 3371 Deita-

1881 3387 1950 3444 tis
1981 3390 2034 3444 in
2064 3390 2237 3448 tribus
2261 3394 2509 3463 personis
2532 3399 2842 3463 potentiam.

1946 3481 2244 3554 Postquam
2297 3485 2469 3556 pietas
2521 3497 2702 3556 patres
2723 3495 3111 3565 primogenitos
3164 3515 3293 3556 suos
3342 3503 3439 3557 de-

1878 3576 2069 3643 clarat,
2094 3592 2281 3632 eorum
2316 3595 2418 3650 ope
2451 3581 2591 3639 ﬁlios
2623 3583 2757 3640 lucis
2787 3599 3029 3657 generat,
3083 3604 3241 3647 veros
3268 3594 3439 3649 incul-

198 3642 311 3695 τῶν
342 3641 691 3715 τελειούμενα
748 3649 1043 3721 Πνεύματι,
1084 3655 1163 3726 τῷ
1201 3658 1345 3733 ζωὴν
1376 3664 1666 3739 λαλήσαντι
1718 3675 1776 3728 ἐν

202 3730 386 3756 ...ἱ-ΑΥ-
443 3733 529 3756 ...Α
568 3734 720 3756 --ι’-,μ
787 3739 839 3756 ι)
964 3744 987 3756 .-
1142 3750 1153 3756 -
1261 3750 1288 3756 .-

1889 3641 2134 3736 mosque
2156 3681 2218 3722 ac
2245 3641 2515 3738 perfectos
2546 3641 2893 3748 Spiritusqui
2929 3641 3096 3739 vitam
3123 3686 3174 3739 in
3199 3688 3332 3756 ipsis
3355 3690 3435 3743 lo-

198 3730 406 3794 αὐτοῖς,
443 3733 535 3786 καί
564 3734 755 3799 σώζειν
783 3739 1076 3807 ὲξαιτεῖται
1106 3750 1187 3811 εἰς
1213 3750 1364 3815 τέλος
1393 3756 1493 3826 τὴν
1529 3760 1770 3834 εἰρήνην,

194 3821 262 3891 ην
292 3818 391 3875 ἀπ’
421 3824 602 3880 αὐτῶν
633 3830 1090 3909 ἐκληρονόμησεν.

340 3915 453 3967 Καὶ
476 3918 590 3975 νῦν.
1346 3933 1629 3995 ὂεοτόκιον.

263 4005 601 4073 Μεγάλυνον,
628 4012 773 4085 ψυχή
808 4034 928 4085 μου,
965 4022 1063 4090 τὴν
1093 4027 1443 4098 τιμιωτέραν.

264 4097 394 4152 raw
439 4100 575 4155 Θεοῦ
621 4103 715 4156 τοῦ
764 4106 968 4173 ζῶντος
1004 4113 1036 4181 ἡ
1081 4113 1189 4169 τῶν
1223 4097 1400 4188 σοφῶν
1438 4122 1768 4182 διδασκάλων

190 4191 433 4265 ἀκρότης
474 4193 705 4266 ἐκήρυξε
725 4196 819 4251 τὸν
855 4200 946 4255 σὸν
980 4204 1113 4267 υἱὸν,
1145 4206 1205 4271 ἐξ
1230 4211 1621 4285 ἀποκαλύψεως
1662 4236 1767 4273 πα-

192 4286 405 4356 τρικῆς,
433 4288 533 4340 οὐκ
558 4289 622 4342 ἐκ
650 4292 851 4361 σαρκὸς
878 4294 971 4347 καὶ
997 4297 1227 4368 αἳματος
1275 4302 1432 4356 τοῦτο
1479 4308 1761 4377 μυηθεῖσα,

1874 3758 2081 3828 quitur,
2098 3768 2155 3815 et
2181 3763 2315 3831 petit
2337 3762 2389 3817 in
2413 3764 2574 3820 ﬁnem
2610 3782 2779 3837 usque
2809 3776 3014 3827 servari
3044 3792 3251 3845 pacem,
3276 3796 3435 3850 quam

1872 3852 1941 3906 ab
1964 3852 2098 3921 ipsis
2120 3863 2408 3910 consecuta
2438 3866 2543 3912 est.

2019 3942 2086 3996 Et
2119 3958 2282 3999 nunc.
3051 3956 3284 4018 Mariale.

1941 4030 2243 4099 Magniﬁca,
2268 4034 2445 4088 anima
2467 4052 2608 4105 mea,
2636 4054 3017 4101 venerandam.

1937 4121 2131 4176 Filium
2167 4122 2259 4177 Dei
2292 4127 2418 4191 vivi,
2463 4144 2496 4183 ο
2522 4129 2713 4196 Mater,
2731 4148 2850 4189 esse
2884 4136 3048 4193 ﬁlium
3095 4150 3242 4198 tuum
3297 4161 3432 4215 pra-

1864 4211 2063 4269 dicavit
2090 4216 2415 4286 sapientium
2459 4220 2741 4278 doctorum
2773 4242 2933 4295 apex,
2968 4229 3070 4285 hoc
3096 4248 3125 4286 a
3155 4211 3427 4293 revelante

1864 4303 2028 4361 Patre
2056 4306 2297 4374 edoctus,
2329 4325 2434 4365 non
2452 4326 2483 4365 a
2509 4328 2675 4369 carne
2699 4324 2753 4369 et
2804 4322 3087 4388 sanguine.
3117 4324 3295 4392 Quare
3352 4342 3425 4396 te,

190 4375 380 4448 Μῆτερ
396 4375 552 4432 Θεοῦ.
574 4380 664 4433 Διό
688 4399 745 4433 σε
786 4384 880 4437 καὶ
912 4386 1182 4459 Παρθένον
1224 4392 1489 4460 δοξάσασα
1535 4375 1761 4472 Μητέρα

190 4463 276 4490 ..-ι
314 4462 574 4490 ιι.--ι-.-,,
1414 4488 1453 4490 _,

1889 4396 2145 4468 Virginem
2184 4397 2408 4455 Matrem
2440 4412 2493 4457 et
2516 4404 2823 4474 Deiparam,
2853 4375 3086 4480 gloriose
3117 4375 3429 4490 magnifica:

190 4463 282 4513 καὶ
314 4462 575 4519 Θεοτὸκον
603 4471 956 4539 ἐμεγάλυνεν.

256 4553 507 4619 Θεοτόκε,
551 4559 584 4629 ή
623 4559 778 4626 ἐλπὶς
817 4567 1032 4621 πάντων
1052 4572 1160 4624 τῶν
1180 4576 1540 4645 Χριστιανῶν,
1564 4584 1754 4649 σκέπε,

189 4644 417 4715 φύλαττε
450 4648 577 4713 τοὺς
609 4649 924 4719 ἐλπίζοντας
956 4661 1034 4723 εἰς
1068 4664 1146 4718 σέ.

264 4739 353 4793 Ἐν
401 4741 574 4813 νόμῳ,
616 4746 745 4816 σκιᾷ
791 4747 885 4800 καὶ
937 4749 1225 4822 γράμματι
1254 4758 1421 4816 τύπον
1446 4765 1758 4838 κατείδομεν

1412 4488 1752 4545 Καταϐασία.
1788 4529 1833 4586 D
1862 4489 1957 4547 vit.

3113 4508 3421 4567 Calabasia.

1932 4585 2028 4639 Dei
2068 4583 2336 4650 Genitrix,
2367 4600 2488 4655 spes
2531 4587 2958 4650 Cbristianomm
2988 4602 3248 4666 omnium,
3299 4618 3425 4673 pro-

1859 4683 2011 4743 tege.
2047 4671 2293 4738 defende,
2322 4678 2533 4732 custodi
2555 4693 2835 4749 sperantes
2864 4687 2916 4739 in
2952 4696 3023 4741 te.

1954 4766 2010 4820 ln
2044 4764 2178 4835 lege,
2225 4770 2413 4823 umbra
2461 4779 2519 4825 et
2567 4772 2744 4828 littera
2783 4784 2967 4847 typum
2996 4780 3178 4837 fideles
3203 4787 3420 4856 conspi-

187 4832 235 4883 oi
262 4835 467 4890 πιστοί.
517 4837 634 4892 Πᾶν
664 4840 828 4912 ἄρσεν
857 4841 915 4895 τὸ
942 4843 1039 4915 τὴν
1074 4848 1287 4919 μήτραν
1309 4854 1576 4927 διανοῖγον
1602 4832 1756 4929 ἅγιον

2098 4832 2117 4835 -
2806 4832 2854 4847 ..
3020 4832 3047 4833 η
3076 4832 3176 4837 νη-
3207 4832 3388 4856 --π-,ν-

1895 4861 2031 4912 imus
2061 4876 2075 4910 :
2108 4856 2281 4914 Omne
2306 4862 2666 4918 masculinum
2698 4867 3016 4937 adaperiens
3044 4875 3258 4929 vulvam
3288 4893 3417 4932 san-

188 4922 321 4995 Θεῷ.
353 4925 447 4979 Διὸ
489 4931 831 4998 πρωτότοκον
866 4934 1056 5004 Λόγον.
1102 4938 1313 5011 Πατρὸς
1337 4922 1573 5020 ἀνάρέου
1605 4922 1751 5021 Υίὺν,

192 5016 532 5084 πρωτοτοκού
541 5036 701 5089 μενον
742 5026 934 5098 μητέρι
958 5028 1332 5104 ἀπειράνδρως
1361 5016 1749 5114 μεγαλύνομεν.

264 5191 786 5269 Ἐξαποστειλαριον.
844 5212 889 5256 υ
910 5206 1134 5276 ουρανὸν
1159 5211 1271 5274 τοῖς
1295 5211 1531 5284 ἄστροις.

245 5360 328 5459 Ta
339 5361 434 5416 τοῦ
661 5370 857 5441 δοχεῖα,
898 5374 996 5439 τὰς
1045 5381 1402 5448 φεγγοϐόλους
1443 5386 1742 5459 ἀστραπὰς,

1854 4959 1998 5004 ctum
2042 4948 2151 5005 Deo
2174 4962 2276 5004 est.
2311 4952 2519 5007 idcirco
2560 4958 2979 5029 primogenitum
3015 4963 3266 5035 Verbum,
3319 4970 3419 5024 pa-

1854 5040 1949 5093 tris
1974 5043 2159 5095 aeterni
2195 5041 2410 5107 Filium,
2436 5044 2851 5115 primogenitum
2878 5067 2907 5103 a
2940 5064 3113 5110 matre
3135 5059 3251 5113 sine
3276 5063 3414 5127 viro,

1850 5132 2273 5195 rnaguiﬁcamus.

1916 5240 2390 5313 Exapostilarium,
2423 5247 2584 5317 sicut,
2633 5248 2690 5304 '0
2718 5255 2945 5324 cupavov
2964 5259 3075 5319 τοῖς
3096 5259 3335 5331 ἄστροις.

1914 5352 2042 5408 201.
2110 5354 2352 5411 Luminis
2390 5362 3004 5433 receptacula,fulgura
3064 5367 3236 5425 lucem
3294 5375 3409 5427 evi-

186 5449 458 5555 Βασίλειον
488 5457 583 5512 νῦν
609 5461 699 5515 τὸν
728 5464 933 5533 Μέγαν,
962 5443 1253 5542 Γρηγύριον
1287 5443 1563 5549 Θεολύτον,

1889 5448 2103 5509 rantia,
2159 5445 2415 5503 Basilium
2474 5450 2747 5520 Magnum,
2794 5444 3118 5527 Gregorium
3180 5463 3410 5519 τιιυυιο-

187 5543 440 5620 σόστομσν
490 5547 737 5625 Ἰωάννην
762 5556 1232 5633 ἀνευφημήσωμεν
1260 5543 1479 5633 πάντες.

740 5732 961 5804 Ἕτερον
989 5737 1190 5806 ὅμοιον.

260 5811 326 5868 Ἦ
359 5816 533 5875 ἑνιαία
561 5820 779 5893 Θεότης,
796 5827 945 5896 ﬂavi;
952 5845 1001 5897 ρ,
1019 5830 1263 5900 Υίδς,καὶ
1278 5831 1335 5887 τὸ
1349 5834 1569 5906 Πνεῦμα
1584 5835 1736 5907 ἄγιον

1843 5544 1967 5599 gmn
1998 5570 2014 5596 ,
2049 5531 2503 5605 Chrysostomum
2553 5537 2815 5598 Joannem
2848 5584 2864 5611 ,
2902 5561 3091 5606 omnes
3138 5552 3412 5613 collaude-

1844 5636 1982 5679 mus.

2424 5741 2579 5797 Aliud
2609 5743 2805 5801 simile.

1916 5844 2031 5906 Una
2092 5849 2323 5921 Deitas,
2377 5851 2553 5925 Pater,
2610 5856 2745 5927 Fili,
2789 5869 2843 5918 et
2898 5860 3132 5931 Spiritus
3163 5875 3393 5936 sancte,
