4098 6326
1289 357 1687 412 ACOLCTHIA
1728 357 2060 415 TRll’LlClS
2102 359 2317 417 FESTI.

3178 383 3420 431 οοειινιι

280 461 463 524 Ποίοις
533 463 823 535 ἐγκωμίων
893 469 1129 539 ῥήμασιν
1213 470 1586 541 ἐπαινέσωμεν
1642 472 1752 533 τοὺς

1937 472 2143 541 Quibus
2192 474 2581 543 praeconiorum
2628 477 2806 535 verbis
2848 479 3184 539 laudabimus
3243 502 3423 542 sacro-

192 552 486 624 ἰεράρχας,
510 556 635 619 τοὺς
666 558 1042 622 ἰσαποστόλους
1059 563 1115 614 ὲν
1130 560 1325 631 χάριτι,
1355 564 1449 615 καὶ
1476 563 1765 633 ὁμοτίμους

195 644 525 714 χαρίσμασι,
556 649 679 709 τοὺς
718 648 814 717 τῆς
840 650 1091 713 ἀσεὸείας
1134 652 1460 717 καταλυτάς,
1521 655 1767 724 σωτῆρας

196 734 296 786 καὶ
338 736 566 807 ὁδηγοὺς
594 738 733 807 λόγῳ
764 743 856 793 καὶ
888 743 1190 812 πράγματι,
1239 746 1519 813 ποιμένας,
1555 763 1768 817 χριστο-

203 829 481 897 μιμήτους
526 828 611 881 διὰ
675 832 930 897 πίστεως,
983 834 1107 896 τοὺς
1157 836 1428 903 ἐπιγείους
1484 838 1764 905 ἀγγέλους,

201 916 431 987 βροτοὺς
460 921 759 991 οὐρανίους,
794 922 887 987 οὓς
928 924 1180 995 ἐτίμησεν
1212 928 1241 978 6
1270 930 1519 999 Χριστὸς,
1560 930 1658 999 τῆς
1684 930 1767 983 δό-

201 1007 300 1077 ξης
330 1010 358 1060 6
378 1009 596 1079 Κύριος,
624 1012 652 1062 6
684 1011 821 1082 ἔχων
846 1013 905 1064 τὸ
930 1012 1068 1082 μέγα
1090 1013 1264 1081 ἐλεος;

274 1101 459 1164 Ποίοις
522 1104 809 1173 εὐφημιῶν
884 1104 1157 1175 στέμμασι
1209 1108 1635 1179 καταστέψωμεν
1674 1111 1766 1163 τὸν

201 1191 550 1260 χρυσολόγον,
596 1196 707 1265 ἃμα
735 1196 995 1266 Βασιλεὶῳ
1023 1198 1339 1269 Γρηγόριον,
1383 1201 1452 1254 τά
1486 1202 1657 1255 σεπτά
1684 1204 1767 1255 δο-

202 1284 326 1348 χεῖα
385 1284 477 1338 τοῦ
518 1287 844 1357 Πνεύματος,
882 1292 1007 1353 τοὺς
1065 1294 1322 1363 στερροὺς
1377 1292 1477 1363 τῆς
1532 1297 1765 1361 πίστεως

201 1375 541 1446 προμάχους,
597 1381 723 1443 τοὺς
779 1381 1000 1446 στύλους
1044 1385 1146 1454 τῆς
1184 1386 1525 1457 Ἑκκλησίας,
1561 1387 1765 1441 πιστῶν

204 1468 485 1539 στήριγμα
514 1470 783 1536 ἀπάντων,
808 1474 1225 1546 ἁμαρτανόντων
1269 1478 1629 1547 παραμύθιον,
1663 1497 1767 1550 πη-

201 1554 309 1622 γὰς
341 1556 636 1624 βλυζούσας
660 1564 717 1612 τὸ
740 1563 909 1632 νᾶμα,
957 1564 1015 1630 ἐξ
1046 1561 1106 1619 οὗ
1129 1566 1419 1637 ἀρυόμενοι
1462 1569 1764 1639 ἠδυνάμεθα

200 1649 322 1710 ταῖς
360 1648 575 1718 ψυχαῖς,
620 1652 895 1718 αἰτοῦντες
923 1656 1265 1727 συγχώρησιν
1294 1658 1619 1727 σφαλμάτων
1669 1660 1763 1711 καὶ

203 1739 349 1809 μέγα
367 1740 543 1809 ἐλεος;
1602 1751 1759 1814 Δόξα.

1872 584 1990 622 rum
2017 569 2310 638 principes,
2344 569 2515 639 gratia
2541 580 2595 624 et
2624 571 2827 625 honore
2865 576 3094 643 aequales
3127 579 3381 645 apostolis
3408 622 3424 645 ,

1869 676 2150 717 eversores
2181 662 2493 730 impietatis,
2519 674 2821 719 servatores
2851 675 2903 719 et
2931 667 3029 720 viae
3068 668 3231 722 duces
3260 672 3425 724 verbo

1869 768 1931 806 ac
1965 752 2109 807 facto
2133 794 2147 819 ,
2183 762 2460 823 pastores,
2494 754 2690 809 Christi
2745 771 2839 821 per
2895 757 3051 811 tidem
3104 759 3421 823 imitatores,

1870 851 2154 897 terrestres
2194 843 2436 910 angelos,
2468 845 2711 899 homines
2741 846 3008 913 cmlestes,
3037 864 3171 917 quos
3195 850 3397 903 honora

1866 936 1943 989 vit
1971 935 2235 999 Christus,
2268 936 2450 1006 gloriae
2485 936 2764 1003 Dominus,
2802 940 3005 994 habens
3036 956 3288 1011 magnam
3319 943 3423 994 mi-

1865 1028 2214 1082 sericordiam
2240 1028 2262 1080 ’ἰ

1935 1118 2143 1185 Quibus
2208 1118 2575 1174 laudationum
2622 1123 2837 1176 coronis
2892 1124 3209 1191 cingemus,
3262 1122 3421 1178 verba

1867 1225 2030 1265 aurea
2064 1210 2470 1281 proloquentem
2501 1253 2516 1276 ,
2547 1221 2602 1265 et
2644 1228 2765 1266 cum
2809 1212 3009 1268 Basilio
3056 1215 3374 1282 Gregorium
3406 1256 3419 1275 .

1865 1312 2093 1370 augusta
2121 1302 2456 1372 receptacula
2493 1302 2728 1370 Spiritus
2754 1342 2769 1368 ,
2809 1305 3032 1359 stabiles
3074 1305 3194 1358 ﬁdei
3226 1318 3423 1374 propn-

1863 1402 2137 1460 gnatores,
2175 1392 2454 1447 columnas
2476 1391 2750 1459 Ecclesiae,
2783 1395 3018 1448 lidelium
3046 1396 3285 1449 omnium
3316 1395 3421 1448 ful-

1863 1486 2177 1551 cimentum,
2206 1488 2546 1555 peccantium
2585 1488 3062 1554 solatium,fondes
3088 1490 3422 1545 eﬂ'undentes

1863 1574 2079 1630 laticem
2113 1617 2129 1641 ,
2166 1593 2324 1645 quem
2360 1579 2449 1647 qui
2510 1579 2790 1633 haurimus
2813 1619 2830 1645 ,
2868 1578 3131 1633 alﬁcimur
3190 1582 3377 1635 laetitia
3404 1624 3421 1647 ,

1860 1676 2109 1736 petentes
2151 1681 2455 1726 erratorum
2484 1673 2694 1726 veniam
2732 1684 2784 1728 et
2833 1688 3084 1743 magnam
3117 1675 3424 1728 misericor—

1862 1760 2038 1815 diam?
3212 1765 3420 1819 Gloria.

264 1826 437 1903 ’Πχος
484 1838 512 1888 6
564 1838 756 1902 αὐτὸς,
816 1841 951 1910 πρὸς
997 1840 1077 1904 τὸ,
1140 1841 1385 1914 Σήμερον
1432 1846 1459 1897 6
1504 1845 1752 1915 Χριστός.

1932 1852 2115 1907 Tonus
2142 1852 2284 1907 idem
2314 1853 2453 1908 sicut
2477 1854 2722 1924 Σήμερον
2758 1854 2787 1906 ὁ
2815 1855 3068 1924 Χριστός.

269 1948 513 2021 Σήμερον
566 1953 621 2003 αί
680 1954 844 2022 ψυχαὶ
886 1953 990 2005 τῶν
1054 1956 1298 2025 γηγενῶν
1357 1957 1635 2026 ὑψοῦνται,
1696 1961 1761 2012 ἐκ

199 2043 402 2111 γηΐνων
442 2048 677 2115 σήμερον
715 2045 952 2116 οὐράνιοι
991 2047 1230 2115 γίνονται
1258 2050 1365 2104 τῶν
1388 2052 1554 2119 ἁγίων
1584 2054 1640 2105 ὲν
1693 2056 1759 2123 τῇ

202 2137 410 2208 μνήμῃ·
440 2138 493 2188 at
536 2137 642 2205 γὰρ
678 2136 842 2190 πύλαι
888 2140 995 2192 τῶν
1025 2141 1266 2211 οὐρανῶν
1301 2143 1635 2214 ἐπαίρονται,
1668 2146 1761 2198 καὶ

198 2227 332 2296 ἡμῖν
356 2227 425 2279 τά
455 2227 549 2280 τοῦ
576 2230 844 2283 Δεσπότου
871 2232 1243 2302 γνωρίζονται·
1286 2236 1333 2287 οἱ
1351 2235 1496 2303 λόγοι
1517 2238 1639 2299 τοὺς
1672 2236 1759 2289 λό-

198 2333 328 2383 γους
354 2319 699 2390 κηρύττουσι,
733 2324 823 2376 καὶ
878 2327 932 2377 at
972 2326 1211 2393 γλῶσσαι
1241 2327 1309 2380 τά
1349 2328 1600 2399 θαύματα
1630 2329 1759 2401 μέλ-

198 2426 413 2463 πουσιν.
448 2410 636 2482 Ἡμεῖς
654 2414 708 2467 δὲ
736 2416 869 2487 πρὸς
896 2418 983 2469 τὸν
1006 2418 1232 2489 Σωτῆρα
1254 2419 1479 2490 βοῶμεν·
1507 2418 1643 2486 Δόξα
1678 2440 1759 2475 σοι

197 2501 418 2573 Χριστῷ
440 2504 518 2574 τῷ
539 2504 676 2576 Θεῷ·
708 2510 819 2570 τοῖς
850 2508 958 2579 γὰρ
988 2513 1194 2574 πιστοῖς
1228 2512 1415 2584 εἰρήνη
1452 2513 1537 2565 διά
1558 2514 1759 2566 τούτων

195 2591 461 2659 ἐγεγόνει.

335 2712 446 2767 Καὶ
465 2711 579 2766 νῦν.
1112 2712 1386 2765 Θεοτόκιον
1414 2714 1611 2783 ὅμοιον.

264 2804 512 2876 Σήμερον
554 2807 582 2857 6
628 2803 859 2875 Χριστὸς
904 2804 960 2854 ὲν
994 2801 1071 2871 τῷ
1117 2804 1229 2872 ναῷ
1262 2806 1627 2876 προσφέρεται
1681 2806 1757 2871 ῶς

198 2895 412 2967 βρέφος·
448 2899 682 2968 σήμερον
728 2896 829 2947 ὑπὸ
860 2894 1019 2963 νόμον
1045 2894 1249 2961 γίνεται
1274 2896 1301 2947 6
1329 2898 1554 2950 Μωῦσεῖ
1581 2899 1756 2963 διδοὺς

194 2987 282 3041 τὸν
312 2988 495 3057 νόμον·
516 2986 620 3039 τῶν
649 2986 892 3053 ἀγγέλων
922 2986 976 3038 al
1010 2989 1257 3058 στρατιαὶ
1284 2989 1669 3060 τεθάμϐηνται,
1698 2992 1755 3044 ὲν

194 3079 461 3146 ἀγκάλαις
485 3080 735 3147 γηραιαῖς
760 3079 1116 3149 κατεχόμενον
1140 3080 1229 3133 τὸν
1259 3080 1545 3151 συνέχοντα
1580 3081 1755 3134 πάντα

1929 1964 2052 2019 206.
2092 1964 2258 2018 Hodie
2315 1965 2506 2018 anima:
2560 1966 2946 2035 terrigenarum
2994 1966 3321 2037 exaltantur,
3357 1986 3421 2023 ex

1863 2056 2207 2112 terrestribus
2233 2056 2390 2110 hodie
2417 2058 2666 2113 caelestes
2700 2057 2851 2119 ﬁunt,
2890 2068 3198 2114 sanctorum
3226 2060 3279 2113 in
3305 2077 3420 2114 mc-

1868 2147 2060 2199 moria.
2084 2145 2219 2201 Nam
2250 2133 2414 2213 portae
2430 2146 2692 2200 caelorum
2731 2147 3066 2210 attolluntur,
3089 2158 3143 2203 et
3172 2164 3288 2217 qum
3319 2150 3424 2204 Do-

1862 2238 1993 2291 mini
2026 2246 2171 2301 sunt,
2210 2253 2271 2291 ea
2304 2237 2457 2291 nobis
2494 2238 2868 2302 innotescunt;
2907 2253 3184 2293 sermones
3218 2256 3425 2297 sermo-

1863 2330 2020 2385 nibus
2055 2330 2440 2399 prwdicantur,
2492 2339 2546 2384 et
2600 2330 2859 2384 miracula
2909 2331 3264 2386 decantantur
3313 2333 3421 2385 lin-

1861 2421 1996 2490 guis.
2033 2419 2140 2474 Nos
2191 2435 2317 2475 vero
2370 2422 2434 2474 ad
2466 2420 2808 2476 Servatorem
2862 2422 3161 2477 clamamus
3192 2444 3203 2477 :
3232 2421 3417 2478 Gloria

1860 2512 1981 2575 tibi,
2013 2512 2229 2566 Christo
2258 2512 2368 2567 Deo
2397 2527 2411 2566 :
2442 2528 2545 2583 pax
2573 2514 2716 2568 enim
2750 2513 2993 2569 fidelibus
3023 2528 3118 2584 per
3154 2530 3247 2570 eos
3269 2527 3422 2584 parta

1857 2611 1959 2656 est.

1996 2712 2062 2766 Et
2088 2730 2244 2770 nunc.
2846 2716 3063 2771 Mariale
3086 2718 3279 2774 simile.

1928 2802 2097 2857 Hodie
2140 2805 2387 2860 Christus
2447 2805 2502 2860 in
2556 2805 2752 2877 templo
2810 2817 3053 2875 portatur
3100 2816 3157 2860 ut
3211 2807 3421 2872 infans;

1860 2893 2019 2948 hodie
2053 2893 2114 2947 ﬁt
2146 2895 2243 2948 sub
2278 2894 2394 2965 lege
2420 2896 2509 2964 qui
2544 2895 2711 2966 Moysi
2768 2895 2937 2967 legem
2985 2898 3149 2951 dedit.
3187 2898 3419 2963 Angelo-

1859 2999 1978 3037 rum
2013 2986 2284 3039 exercitus
2306 2989 2721 3055 obstupuerunt,
2744 2989 2957 3056 quando
2995 2989 3141 3043 illum
3174 2990 3261 3057 qui
3295 3006 3421 3045 con-

1862 3075 1992 3130 tinet
2043 3077 2264 3142 omnia,
2298 3080 2549 3133 viderunt
2604 3080 2746 3135 inter
2797 3082 2985 3135 senilia
3030 3082 3269 3137 brachia.
3325 3081 3414 3137 Si-

193 3169 480 3239 θεώμεναι.
528 3169 770 3239 Συμεὼν,
812 3170 1096 3234 εὐλαϐείας
1152 3170 1409 3241 πλησθεὶς
1438 3172 1533 3224 xa‘t
1559 3174 1751 3242 χαρᾶς,

1862 3183 2016 3223 meon
2048 3209 2063 3233 ,
2095 3171 2295 3238 pietate
2331 3172 2517 3241 plenus
2564 3182 2617 3226 et
2666 3173 2885 3242 gaudio,
2917 3172 3187 3227 clamabat
3218 3192 3230 3228 :
3263 3172 3417 3229 Nune

190 3259 337 3313 ἐϐόα·
396 3259 512 3313 Νῦν
571 3260 820 3324 ἀπολύεις
862 3278 952 3331 με,
1006 3262 1206 3330 Σῶτερ,
1254 3262 1317 3314 ὲκ
1356 3262 1452 3331 τῆς
1489 3263 1751 3332 ὲπικήρου

190 3351 334 3423 ζωῆς
366 3353 505 3424 πρὸς
541 3354 639 3425 τὴν
670 3355 860 3424 ἀγήρω
892 3354 1063 3421 λῆξιν·
1089 3350 1223 3405 εἶδον
1258 3354 1363 3421 γάρ
1408 3370 1487 3416 σε,
1518 3356 1611 3407 καὶ
1659 3357 1750 3407 εύ-

189 3443 454 3516 φράνθην.

251 3536 542 3603 Δοξολογία
595 3537 803 3606 μεγάλη
861 3538 954 3590 καὶ
993 3535 1272 3600 ἀπόλυσις.
1308 3537 1517 3593 Δίδοται
1560 3539 1620 3592 δὲ
1660 3542 1751 3594 καὶ

188 3629 339 3697 ἅγιον
359 3628 539 3681 ἔλαιον
555 3630 665 3691 τοῖς
677 3629 941 3698 ἀδελφοῖς.

1859 3261 2086 3314 dimittis
2116 3277 2221 3328 me,
2258 3261 2536 3331 Servatur,
2564 3279 2632 3319 ex
2670 3265 2768 3319 hac
2798 3265 2974 3335 fragili
3005 3266 3133 3326 vita,
3158 3266 3224 3319 ad
3260 3269 3417 3335 quie—

1862 3363 1968 3407 tem
2026 3354 2115 3407 ubi
2146 3356 2289 3410 nulla
2330 3359 2563 3411 sentitur
2611 3368 2903 3423 senectus;
2938 3359 3043 3412 vidi
3088 3360 3230 3413 enim
3259 3370 3331 3423 te,
3365 3372 3418 3412 et

1854 3444 2135 3501 exsultavi.

1928 3536 2054 3591 207.
2109 3537 2365 3607 Sequitur
2415 3535 2738 3606 gloriﬁcatio
2803 3536 2975 3607 major
3043 3548 3098 3593 et
3147 3539 3408 3595 dimissio.

1862 3630 2029 3687 Datur
2064 3639 2241 3685 autem
2276 3642 2330 3685 et
2355 3640 2596 3684 sanctum
2626 3630 2800 3684 oleum
2830 3628 3088 3684 fratribus

254 3771 438 3854 Ceam.
470 3770 714 3854 Diximus
744 3774 1141 3854 quit-lembum.
1173 3776 1261 3832 31.
1313 3775 1631 3854 Δοξολογίαν
1682 3794 1752 3854 με

1857 3794 1955 3854 ην,
1992 3775 2109 3828 sive
2151 3774 2410 3854 majprem
2458 3773 2895 3854 gloriﬁcationem
2921 3814 2935 3836 ,
2960 3788 3099 3854 -ess_e
3149 3773 3405 3854 hymnum

186 3844 528 3912 angelicum;
565 3842 655 3896 sed
686 3841 806 3914 quia
846 3844 918 3897 illi
971 3847 1191 3914 hymno,
1225 3856 1382 3913 prout
1414 3841 1561 3900 hic'a
1593 3841 1795 3901 Gréacis
1848 3841 2129 3907 recitatur,
2175 3844 2448 3898 adduntur
2480 3841 2656 3910 aliqua
2705 3859 2825 3911 quae
2874 3844 2922 3897 in
2958 3844 3151 3898 Latino
3187 3841 3407 3897 minime

186 3915 557 3985 reperiugtur,
587 3928 687 3965 non
722 3913 989 3985 ingratum
1012 3913 1205 3985 lectori
1238 3915 1478 3969 futurum
1511 3918 1785 3980 existimo,
1810 3915 1854 3970 si
1881 3913 2028 3968 illum
2062 3922 2229 3967 totum
2262 3916 2361 3969 sub
2391 3922 2662 3982 aspectum
2697 3928 2818 3967 cum
2858 3929 2955 3968 sua
2996 3915 3287 3985 appendice
3312 3931 3405 3983 po-

184 3980 365 4037 suero.
402 3980 546 4036 Talis
584 3993 761 4036 autem
790 3980 948 4038 nobis
975 3985 1029 4038 in
1064 3984 1393 4056 Hirmologio
1422 3988 1729 4047 exhibetur,
1759 3987 1935 4055 qualis
1968 3985 2233 4056 sequitur.

250 4115 391 4180 Δόξα
448 4118 505 4168 ὲν
537 4115 781 4186 ὑψίστοις
814 4118 951 4190 Θεῷ,
1006 4122 1100 4173 καὶ
1172 4122 1263 4173 ἐπὶ
1288 4121 1391 4191 γῆς
1427 4124 1641 4192 εἰρήνη,
1690 4123 1748 4173 ὲν

1920 4119 2102 4175 Gloria
2158 4119 2210 4173 in
2276 4118 2503 4173 excelsis
2537 4116 2668 4181 Deo,
2728 4126 2783 4172 et
2814 4118 2867 4170 in
2905 4126 3042 4171 terra
3072 4130 3195 4185 pax,
3224 4117 3276 4168 in
3314 4116 3411 4170 ho-

184 4209 495 4279 ἀνθρώποις
548 4210 779 4263 εὐδοκία.
834 4210 1135 4281 ’Υμνοῦμέν
1170 4230 1249 4278 σε,
1301 4213 1622 4283 εὐλογοῦμεν
1667 4231 1748 4278 σε,

184 4298 593 4368 προσκυνοῦμεν
655 4317 732 4363 σε,
765 4300 1145 4370 δοξολογοῦμεν
1191 4320 1271 4367 σε,
1326 4304 1748 4377 εὐχαριστοῦμέν

184 4403 285 4451 σοι,
309 4386 409 4437 διὰ
434 4388 531 4454 τὴν
568 4390 805 4460 μεγάλην
834 4407 924 4442 σου
948 4390 1121 4454 δόξαν.
1161 4392 1331 4464 Κύριε
1355 4394 1571 4465 βασιλεῦ
1588 4397 1748 4449 ἐπου-

184 4478 354 4551 ράνιε,
392 4477 494 4528 Θεὲ
524 4480 701 4550 Πάτερ
732 4483 1124 4552 παντόκρατορ·
1146 4485 1318 4557 Κύριε
1350 4486 1445 4538 Υἱὲ
1464 4488 1748 4556 μονογενὲς

192 4567 365 4639 Ἰησοῦ
392 4567 613 4638 Χριστὲ,
654 4570 746 4620 καὶ
793 4572 944 4638 ἅγιον
975 4572 1216 4641 Πνεῦμα·
1260 4574 1429 4643 Κύριε
1459 4578 1487 4627 6
1520 4575 1669 4640 Θεὸς,
1717 4578 1746 4630 6

191 4661 389 4729 ’Δμνὸς
422 4659 512 4712 τοῦ
556 4660 710 4723 Θεοῦ,
739 4664 765 4713 6
798 4662 924 4727 Υἱὸς
962 4663 1054 4717 τοῦ
1089 4664 1318 4733 Πατρός,
1373 4668 1399 4719 ό
1433 4666 1600 4737 αίρων
1649 4668 1744 4738 τὴν

180 4753 455 4822 ἁμαρτίαν
484 4753 577 4806 τοῦ
620 4752 842 4821 κόσμου,
879 4755 1275 4826 πρόσδεξαιτὴν
1304 4757 1487 4827 δέησιν
1514 4760 1687 4829 ἡμῶν·
1718 4762 1746 4812 6

179 4843 484 4911 καθήμενος
508 4848 569 4896 ὲκ
597 4844 781 4909 δεξιῶν
801 4844 893 4897 τοῦ
935 4848 1165 4918 Πατρὸς,
1206 4848 1423 4919 ἐλέησον
1448 4854 1611 4923 ἡμᾶς·
1662 4854 1743 4905 ὅτι

180 4937 241 4987 σὺ
266 4930 317 4985 εἷ
339 4932 498 5002 μόνος
524 4936 694 5003 ἅγιος,
722 4936 782 4987 σὺ
806 4930 856 4986 εἷ
888 4937 1045 5004 μόνος
1062 4941 1263 5012 Κύριος
1284 4941 1496 5011 ’Ἰησοῦς
1512 4943 1743 5013 Χριστὸς

177 5028 253 5087 εἰς
288 5026 443 5092 δόξαν
468 5025 600 5077 Θεοῦ
626 5028 852 5099 Πατρός.
887 5028 1076 5100 Ἀμήν.
1109 5032 1244 5085 Καθ’
1273 5031 1505 5100 ἑκάστην
1532 5034 1741 5107 ἡμέραν

175 5119 454 5188 εὐλογήσω
490 5135 568 5180 σε,
600 5121 690 5172 καὶ
716 5122 914 5174 αἰνέσω
943 5121 1002 5172 τὸ
1031 5121 1200 5193 ὄνομά
1238 5140 1330 5177 σου
1354 5124 1431 5185 είς
1460 5121 1548 5175 τὸν
1571 5125 1756 5177 αἰῶνα·

176 5211 267 5261 καί
288 5212 368 5271 είς
392 5212 481 5264 τὸν
516 5211 681 5264 αἰῶνα
696 5212 787 5265 τοῦ
812 5214 1023 5276 αἰῶνος.
1046 5215 1391 5280 Καταξίωσον
1411 5257 1424 5281 ,
1464 5216 1655 5286 Κύριε,
1684 5220 1739 5271 ἐν

176 5303 237 5370 τῇ
284 5302 467 5374 ἡμέρᾳ
514 5304 682 5375 ταύτῃ
732 5304 1141 5376 ἀναμαρτήτους
1194 5308 1545 5379 φυλαχθῆναι»
1570 5310 1735 5377 ἡμᾶς.

174 5394 481 5464 Εὐλογητὸς
509 5392 576 5459 εί,
622 5396 812 5466 Κύριε,
845 5402 873 5451 ὁ
900 5400 1028 5463 Θεὸς
1050 5400 1301 5469 πατέρων
1329 5402 1504 5472 ήμῶν,
1530 5401 1622 5452 καὶ
1652 5404 1738 5454 αἰ-

174 5484 327 5539 νετὸν
358 5488 450 5537 καὶ
473 5488 849 5559 δεδοξασμένον
870 5490 930 5543 τὸ
953 5490 1122 5561 ὄνομά
1146 5506 1237 5543 σου
1269 5493 1348 5554 εἰς
1375 5493 1497 5554 τοὺς
1512 5490 1733 5556 αἰῶνας.

186 5579 379 5647 Ἀμήν.
402 5579 634 5643 Γένοιτο,
670 5581 860 5652 Κύριε,
887 5582 946 5635 τὸ
994 5584 1140 5647 ἔλεός
1175 5599 1266 5636 σου
1293 5586 1377 5653 ἐφ’
1409 5586 1573 5655 ἡμᾶς,
1606 5584 1737 5636 καθ-

174 5670 313 5738 άπερ
334 5669 639 5740 ἠλπίσαμεν
660 5672 751 5724 ἐπὶ
770 5672 869 5725 σοί.
896 5673 1194 5746 Εὐλογητὸς
1210 5668 1279 5740 ε’ί,
1308 5674 1499 5747 Κύριε,
1526 5671 1732 5736 δίδαξόν

178 5778 237 5831 με
266 5762 332 5814 τὰ
368 5761 706 5836 δικαιώματά
727 5782 834 5818 σου.
1410 5765 1501 5818 Ἐκ
1524 5764 1726 5835 τρίτου.

1859 4212 2095 4266 minibus
2122 4211 2259 4265 bona
2294 4210 2558 4264 voluntas.
2596 4206 2900 4260 Laudamus
2932 4214 3003 4269 te,
3038 4204 3405 4259 benedicimus

1858 4311 1931 4367 te,
1963 4302 2252 4354 adoramus
2280 4305 2330 4351 te
2351 4337 2365 4362 ,
2404 4297 2765 4367 glorificamus
2816 4305 2865 4349 te
2889 4335 2904 4360 ,
2937 4296 3137 4365 gratias
3194 4296 3405 4366 agimus

1856 4394 1951 4447 tibi
1984 4401 2199 4461 prOpter
2242 4405 2490 4459 magnam
2524 4390 2748 4459 gloriam
2802 4397 2987 4455 tuam;
3020 4388 3245 4441 Domine
3298 4385 3413 4440 Rex

1852 4484 2111 4545 caelestis,
2151 4481 2290 4535 Deus
2317 4493 2471 4551 pater
2502 4481 2876 4548 omnipotens;
2912 4478 3133 4531 Domine
3157 4476 3259 4531 Fili
3294 4478 3413 4530 uni-

1852 4575 2031 4643 genite
2083 4572 2210 4627 Jesu
2261 4573 2515 4634 Christe,
2554 4583 2608 4625 et
2643 4582 2829 4626 sancte
2877 4571 3134 4640 Spiritus.
3189 4569 3413 4622 Domine

1851 4667 2015 4730 Deus,
2045 4666 2228 4736 Agnus
2263 4668 2374 4727 Dei,
2407 4665 2572 4719 Filius
2602 4664 2801 4727 Patris,
2830 4663 2920 4731 qui
2954 4661 3097 4716 tollis
3124 4671 3403 4731 peccatum

1850 4758 2059 4823 mundi,
2101 4759 2313 4827 suscipe
2345 4758 2779 4820 deprecationem
2818 4763 3059 4809 nostram
3088 4772 3103 4808 :
3137 4754 3225 4821 qui
3258 4754 3412 4807 sedes

1848 4850 1914 4904 ad
1967 4850 2245 4905 dexteram
2288 4847 2465 4903 Patris
2492 4889 2507 4913 ,
2544 4850 2801 4902 miserere
2838 4848 3033 4901 nobis:
3068 4846 3319 4913 quoniam
3356 4856 3410 4898 tu

1851 4940 1997 4995 solus
2030 4950 2249 4995 sanctus
2273 4979 2286 5005 ,
2320 4948 2375 4993 tu
2408 4940 2556 4995 solus
2584 4938 2841 4993 Dominus
2872 4936 3029 4990 Jesus
3078 4935 3327 4990 Christus
3354 4936 3407 4989 in

1847 5035 2014 5105 gloria
2048 5036 2139 5089 Dei
2172 5035 2366 5088 Patris.
2399 5035 2591 5088 Amen.
2623 5033 2777 5087 Omni
2824 5030 2910 5083 die
2952 5030 3266 5084 benedicam
3312 5038 3363 5082 te
3390 5068 3406 5091 ,

1846 5114 2155 5180 et’laudabo
2184 5141 2381 5181 nomen
2422 5135 2569 5178 tuum
2600 5124 2652 5174 in
2696 5119 2952 5173 smculum
2985 5130 3039 5173 et
3068 5119 3118 5171 in
3148 5116 3399 5170 sarculum

1846 5217 2048 5272 saeculi.
2084 5215 2330 5285 Dignare,
2382 5213 2603 5267 Domine
2629 5250 2643 5275 ,
2672 5212 2757 5265 die
2790 5214 2891 5264 isto
2922 5210 3038 5263 sine
3062 5215 3281 5275 peccato
3313 5222 3407 5259 nos

1846 5308 2140 5365 custodire.
2195 5309 2517 5383 Benedictus
2557 5323 2614 5361 es
2644 5347 2657 5371 ,
2694 5306 2921 5362 Domine
2979 5302 3121 5355 Deus
3187 5312 3402 5371 patrum

1845 5411 2176 5465 nostrorum,
2208 5410 2261 5454 et
2291 5400 2559 5455 laudabile
2600 5410 2651 5453 et
2685 5398 2977 5468 gloriosum
3024 5408 3218 5449 nomen
3253 5402 3402 5445 tuum

1843 5490 1895 5543 in
1937 5493 2154 5547 stecula.
2180 5494 2373 5546 Amen.
2407 5485 2549 5554 Fiat,
2588 5492 2834 5552 Domine,
2882 5484 3257 5543 misericordia
3314 5494 3402 5539 tua

1842 5597 2002 5654 super
2040 5600 2157 5650 nos,
2200 5586 2650 5654 quemadmodum
2681 5582 3021 5651 speravimus
3048 5579 3099 5633 in
3127 5587 3197 5631 te.
3224 5576 3398 5630 Bene-

1841 5674 2013 5733 dictus
2036 5692 2116 5745 es,
2149 5678 2391 5745 Domine,
2420 5680 2550 5738 doce
2598 5692 2682 5733 me
2730 5674 3141 5747 jnstilicationes
3182 5679 3317 5722 tuas.

3132 5759 3392 5817 Tertium.
