4060 6316
662 368 925 409 CCCLXVIII

2006 356 2537 414 PROLEGUMENA.

735 473 860 529 208.
910 474 1153 541 Domine,
1200 475 1462 546 refugium
1512 476 1683 533 factus
1730 494 1790 533 es
1834 480 1989 536 nobis
2034 482 2090 535 in
2132 494 2223 551 ge-

2400 480 2590 551 Κύριε,
2642 479 2927 551 καταφυγὴ
2984 479 3243 552 ἐγενήθης
3296 482 3425 551 ἡμῖν
3480 481 3539 533 ὲν
3598 481 3764 550 γενεᾷ
3807 481 3895 534 καὶ

662 568 945 620 notatione
977 574 1031 621 et
1059 569 1426 635 generatione.
1456 569 1563 638 Ego
1619 571 1750 636 dixi,
1781 570 2025 637 Domine,
2055 574 2223 627 mise-

666 670 785 710 rere
823 656 967 724 mei,
1017 670 1149 712 sana
1199 660 1437 713 animam
1479 675 1673 723 meam,
1704 664 1829 729 quia
1863 664 2077 732 peccavi
2107 665 2224 721 tibi.

660 746 907 815 Domine,
934 750 1003 805 ad
1046 760 1097 805 te
1127 752 1345 821 confugi
1371 792 1386 818 ,
1414 753 1546 808 doce
1575 769 1660 807 me
1686 754 1870 808 facere
1901 753 2227 811 voluntatem

2340 570 2514 639 γενεᾷ.
2576 568 2716 638 Ἐγὼ
2766 565 2915 622 εἷπα’
2955 569 3147 640 Κύριε,
3212 568 3431 640 ἐλέησόν
3476 587 3568 641 με,
3616 570 3767 623 ἴασαι
3805 571 3897 643 τὴν

2328 662 2507 732 ψυχήν
2530 679 2651 731 μου,
2682 662 3024 732 ᾱιῆμαρτόν
3056 679 3156 714 σοι.
3188 662 3379 734 Κύριε,
3414 662 3547 733 πρὸς
3575 663 3636 715 σὲ
3666 663 3901 733 κατέφυ-

2332 770 2448 823 γον,
2486 752 2689 817 δίδαξόν
2720 770 2785 823 με
2810 753 2867 805 τὸ
2895 755 3068 806 ποιεῖν
3095 752 3153 805 τὸ
3184 753 3396 823 θέλημά
3418 770 3529 806 σου’
3570 755 3652 806 ὅτι
3681 755 3745 806 σὺ
3786 752 3836 806 εἷ
3873 758 3898 809 6

662 850 832 909 tuam,
861 844 988 913 quia
1030 851 1087 897 tu
1128 860 1188 898 es
1214 845 1349 899 Deus
1374 860 1553 912 meus;
1582 847 1707 916 quia
1741 847 1881 915 apud
1916 856 1968 901 te
2000 858 2082 902 est
2111 847 2229 904 fons

2336 845 2465 909 Θεός
2510 862 2633 915 μου,
2663 844 2744 897 ὅτι
2767 845 2916 915 παρὰ
2948 843 3029 896 σοὶ
3065 843 3217 915 πηγὴ
3250 844 3415 913 ζωῆς,
3434 846 3492 899 ὲν
3514 844 3593 916 τῷ
3622 845 3760 915 φωτί
3808 863 3895 899 σου

662 932 791 987 vita
823 972 840 999 ,
879 935 931 987 in
996 933 1197 988 lumine
1244 944 1336 989 tuo
1383 936 1687 991 videbimus
1743 935 1944 992 lumen.
1990 936 2231 993 Extende

664 1021 1095 1079 misericordiam
1147 1027 1599 1098 cognoscentibus
1651 1035 1723 1082 te.
1771 1027 2003 1083 Sanctus
2057 1030 2225 1096 Deus,

664 1128 884 1171 sanctus
942 1118 1098 1174 fortis
1125 1159 1140 1185 ,
1164 1130 1385 1175 sanctus
1440 1120 1758 1174 immortalis
1781 1159 1797 1184 ,
1836 1121 2097 1175 miserere
2129 1136 2225 1174 no-

661 1205 767 1262 bis.
1958 1209 2226 1265 Tertium.

810 1298 990 1354 Gloria
1832 1302 1900 1357 Et
1920 1318 2083 1359 nunc.

733 1384 965 1440 Sanctus
1000 1386 1316 1441 immortalis
1345 1388 1599 1447 miserere
1639 1392 1813 1448 nobis.

729 1476 935 1532 Deinde
962 1477 1176 1531 clariori
1216 1494 1344 1533 voce

729 1568 962 1623 Sanctus
1021 1571 1182 1632 Deus.
1241 1583 1458 1628 sanctus
1507 1574 1682 1645 fortis,
1738 1584 1959 1632 sanctus
2008 1574 2230 1629 immor-

658 1659 803 1724 talis,
837 1662 1094 1715 miserere
1120 1661 1293 1717 nobis.

2332 934 2578 1007 ὀψόμεθα
2631 934 2764 1004 φῶς.
2798 935 3130 1005 Παράτεινον
3179 931 3242 988 τὸ
3285 934 3433 999 ἔλεός
3478 951 3570 989 σου
3603 938 3717 999 τοῖς
3740 938 3896 1004 γινὼ-

2334 1024 2524 1079 σκουσί
2560 1041 2639 1077 σε.
2674 1024 2859 1092 Ἀγιος
2891 1026 2920 1076 6
2948 1022 3100 1088 Θεὸς,
3132 1022 3282 1093 ἅγιος
3326 1025 3557 1096 ἰσχυρὸς,
3589 1024 3743 1094 ἅγιος
3768 1026 3893 1079 ἀθά-

2332 1134 2511 1181 νατος,
2541 1115 2761 1187 ἐλέησον
2794 1115 2957 1186 ἡμᾶς.
3724 1118 3889 1185 Ἐκγκ

2470 1292 2629 1357 Δόξα.
3490 1290 3603 1346 Καὶ
3640 1290 3757 1346 νῦν.

2397 1386 2583 1454 Ἀγιος
2613 1384 2900 1449 ἀθάνατος,
2943 1385 3161 1458 ἐλέησον
3185 1385 3352 1457 ἡμᾶς·

2397 1473 2530 1531 Εἶτα
2566 1478 2909 1549 γεγωνοτέρᾳ
2937 1481 3107 1550 φωνῇ.

2402 1569 2592 1637 Ἀγιος
2641 1572 2670 1624 6
2722 1571 2877 1636 Θεὸς,
2918 1568 3071 1639 ἅγιος
3119 1568 3357 1643 ἰσχυρὸς.
3409 1566 3563 1639 ἅγιος
3611 1566 3885 1631 ἀθάνατος.

2334 1663 2555 1734 ἐλέησον
2586 1664 2750 1733 ἡμᾶς.

729 1791 909 1835 Louis.
962 1780 1092 1833 Illud
1140 1790 1314 1833 autem
1359 1776 1804 1850 qttodﬂadditur:
1843 1799 1860 1831 ι
1901 1779 2071 1835 Datur
2130 1789 2378 1835 sanctum
2432 1779 2610 1832 oleum
2658 1776 2962 1850 fratribus:
3006 1793 3025 1827 ι
3059 1775 3227 1850 fu_sius
3286 1773 3597 1850 explicatur
3660 1774 3715 1827 in
3756 1772 3889 1850 ejus-

664 1852 786 1920 dem
828 1852 1013 1920 Typici
1071 1853 1247 1919 capite
1287 1843 1467 1906 12ἰά
1495 1849 1567 1905 9.6
1606 1852 1963 1919 Septembris,
1988 1867 2111 1907 cum
2163 1850 2336 1906 Graeci
2388 1849 2575 1904 colunt
2625 1849 3029 1902 translationem
3088 1845 3149 1902 S.
3177 1843 3407 1915 apostoli
3458 1854 3513 1898 et
3556 1844 3888 1913 evangelista

660 1918 906 1975 Joannis.

728 2012 851 2067 $09.
898 2011 1161 2067 Sacerdos
1198 2016 1449 2082 lampade
1496 2014 1819 2083 praelucente
1861 2015 1994 2082 abit,
2040 2014 2225 2068 incen-
2260 2023 2302 2077 Β

657 2112 846 2173 satque
876 2106 1157 2173 imaginem
1196 2106 1391 2158 sancti.
1434 2104 1635 2159 Deinde
1673 2121 1737 2160 ex
1772 2106 2011 2173 ejusdem
2056 2105 2228 2160 sancti

658 2195 908 2263 lampade
948 2197 1038 2245 dnt
1068 2194 1242 2247 oleum
1287 2206 1596 2250 sanctorum
1646 2195 1924 2251 fratribus.
1954 2196 2011 2250 Si
2048 2205 2229 2248 autem

658 2300 856 2353 praeses
884 2286 1183 2339 sacerdotio
1217 2286 1453 2341 initiatus
1496 2288 1587 2349 sit,
1631 2288 1745 2354 ipse
1791 2285 1986 2339 fratres
2019 2287 2230 2352 inungit

659 2387 974 2431 consecrato
1010 2376 1097 2429 illo
1125 2377 1264 2443 oleo,
1306 2378 1575 2447 intingens
1623 2379 1759 2433 duos
1788 2378 2003 2447 digitos,
2042 2387 2096 2432 et
2124 2392 2227 2431 non

660 2483 824 2522 unum
860 2469 1139 2522 duntaxat.

2407 2012 2466 2064 Ὀ
2523 2011 2721 2083 ἱερεὺς,
2800 2024 3281 2081 προπορευομενης
3348 2005 3512 2061 αὐτοῦ
3595 2004 3888 2074 λαμπάδος,

2330 2104 2629 2174 ἀπέρχεται
2663 2100 2758 2155 καὶ
2780 2101 2949 2170 θυμιᾷ
2984 2099 3082 2170 τὴν
3109 2099 3292 2154 εἰκόνα
3322 2098 3417 2152 τοῦ
3459 2094 3640 2164 ἁγίου.
3667 2088 3781 2149 Εἶθ’
3809 2091 3892 2146 ού-

2331 2213 2438 2258 τως
2482 2195 2785 2247 ἐπιδίδωσιν
2832 2192 2985 2261 ἆγιον
3030 2192 3210 2246 ἔλαιον
3256 2193 3321 2245 ὲκ
3357 2191 3457 2261 τῆς
3498 2187 3773 2257 κανδήλας
3804 2183 3888 2237 τοῦ

2330 2286 2487 2354 ἁγίου
2520 2290 2636 2349 τοῖς
2675 2282 3026 2354 ἀδελφοῖς.Εί
3054 2281 3405 2353 δὲπροεστὼς
3437 2280 3663 2349 ἠξίωται
3696 2277 3795 2345 τῆς
3829 2277 3893 2327 is-

2338 2378 2603 2449 ρωσύνης,
2647 2378 2807 2441 αὐτὸς
2864 2366 3137 2447 ἐπιχρίσει
3172 2375 3297 2437 τοὺς
3348 2370 3607 2439 ἀδελφοὺς
3646 2369 3756 2424 ἀπὸ
3804 2367 3891 2437 τῆς

2336 2469 2584 2538 τοιαύτης
2609 2469 2879 2539 εὐλογίας,
2920 2467 3213 2539 ἐμϐάπτων
3243 2466 3366 2530 τοὺς
3391 2463 3580 2518 ἑαυτοῦ
3606 2461 3893 2523 δακτύλους

2336 2558 2461 2620 τοὺς
2486 2558 2598 2622 δύο,
2632 2560 2724 2611 καὶ
2745 2558 2865 2627 οὐχὶ
2883 2558 2974 2609 τὸν
2994 2556 3110 2612 ἕνα.

732 2663 807 2715 Ac
835 2677 903 2717 ne
937 2663 1059 2732 quis
1088 2672 1235 2733 putet
1262 2666 1364 2721 hoc
1395 2676 1603 2722 tantum
1636 2669 1751 2725 fieri
1783 2672 1941 2728 istius
1962 2672 2357 2729 Transiationis
2388 2672 2549 2737 festo,
2570 2688 2693 2727 mox
2720 2673 3063 2743 subjungitur
3094 2690 3110 2726 :

727 2752 809 2808 Ex
837 2756 936 2808 hac
972 2758 1135 2827 igitur
1161 2769 1285 2813 nota
1341 2758 1601 2830 intellige,
1642 2763 1767 2831 quid
1821 2763 1935 2817 fieri
1985 2773 2233 2833 oporteat

658 2844 822 2897 etiam
853 2846 974 2900 aliis
1024 2857 1335 2901 sanctorum
1386 2848 1580 2916 festis,
1620 2850 1816 2919 quibus
1858 2854 2016 2906 datur
2050 2856 2228 2909 oleum

660 2945 929 2991 sanctum.
970 2937 1061 2991 Sic
1090 2949 1273 2993 autem
1313 2940 1649 2997 celebramus
1694 2943 1831 2999 festa
1866 2947 2071 3013 omnia,
2096 2963 2231 3016 quo.

660 3043 781 3082 rum
822 3030 1099 3102 pervigilia
1128 3041 1381 3103 aguntur.

2413 2763 2508 2815 Ἐκ
2560 2762 2758 2817 τούτου
2813 2757 2907 2814 οὗν
2954 2762 3181 2832 σημείου
3234 2764 3534 2833 σημείωσαι
3573 2760 3666 2813 καὶ
3696 2760 3753 2810 ὲν
3783 2759 3895 2820 dat;

2332 2857 2519 2921 ἄλλαις
2571 2858 2782 2928 ἑορταῖς
2810 2854 2919 2909 τῶν
2952 2854 3145 2923 ἁγίων,
3179 2854 3239 2907 ὲν
3281 2849 3369 2917 αἶς
3420 2854 3619 2906 δίδοται
3648 2851 3710 2902 τὸ
3751 2850 3894 2917 ᾶγιον

2338 2949 2534 3003 ἔλαιονο
2585 2950 2679 3003 καὶ
2726 2948 2898 3013 οὕτως
2948 2946 3278 3020 ἑορτάζομεν
3325 2947 3504 3009 πάσας
3560 2942 3752 3015 ἑορτὰς
3795 2941 3896 2994 τῶν

2334 3042 2524 3104 ἁγίων,
2556 3043 2613 3093 ὲν
2652 3036 2739 3103 αῖς
2769 3041 3009 3110 γίνονται
3047 3038 3364 3114 ἀγρυπνίαι,

732 3146 1053 3205 Pliilotheus
1092 3152 1364 3206 unctionis
1387 3152 1532 3207 illius
1557 3152 1722 3206 ritum
1754 3151 1828 3204 ita
1865 3153 2125 3207 oescribit
2148 3154 2200 3207 in
2226 3158 2417 3213 ordine
2448 3159 2589 3213 sacri
2633 3159 2947 3222 ministerii,
2974 3160 3085 3228 jam
3118 3174 3264 3228 saepe
3297 3158 3542 3227 allegato.

728 3244 854 3297 2w.
907 3246 1059 3311 Quod
1105 3247 1150 3299 si
1192 3246 1395 3300 Christi
1444 3246 1657 3301 Domini
1696 3246 1889 3301 festum
1929 3247 2014 3303 vel
2052 3252 2230 3320 magni

2406 3255 2469 3307 Ei
2518 3254 2616 3325 μέν
2666 3254 2782 3306 ἐστι
2810 3253 3112 3323 Δεσπατικὴ
3168 3255 3349 3325 ἑορτὴ,
3393 3254 3425 3323 ἢ
3465 3251 3704 3322 μεγάλου
3748 3246 3899 3317 ἁγίου

660 3331 884 3403 alicujus
924 3334 1095 3389 sancti
1150 3336 1407 3390 memoria
1442 3336 1643 3405 agitur,
1679 3338 1839 3391 datur
1887 3348 1943 3392 et
1973 3350 2220 3394 sanctum

660 3424 834 3479 oleum
869 3427 967 3481 hoc
1018 3440 1195 3495 pacto.
1228 3427 1493 3484 Omnibus
1552 3428 1620 3483 ad
1674 3430 1847 3483 sancti
1899 3429 2232 3501 imaginem,

667 3531 790 3584 quae
834 3516 1149 3571 honoranda
1187 3521 1529 3587 proponitur,
1568 3518 1968 3578 conﬂuentibus
2015 3534 2070 3579 et
2099 3539 2231 3578 can-

668 3606 930 3670 tantibus,
948 3605 1207 3660 diacenus
1238 3608 1361 3661 thus
1387 3608 1564 3662 adolet
1593 3610 1646 3663 in
1671 3609 1925 3675 circuitu,
1951 3625 1981 3663 a
2004 3612 2234 3681 praeside

663 3696 964 3766 incipiens,
993 3713 1057 3751 eo
1088 3698 1291 3753 honore
1335 3700 1486 3770 prius
1536 3701 1712 3755 sancti
1766 3702 1986 3771 imagini
2028 3703 2233 3757 habito.

668 3792 935 3846 Sacerdos
985 3805 1163 3847 autem
1194 3836 1209 3860 ,
1259 3806 1409 3850 stans
1460 3796 1525 3849 ad
1574 3795 1715 3851 latus
1767 3796 2058 3865 imaginis,
2091 3806 2238 3850 tenet

666 3884 954 3937 vasculum
987 3922 1002 3949 ,
1059 3892 1115 3937 et
1166 3889 1488 3939 accedentes
1528 3886 1739 3954 inungit
1790 3887 1844 3939 in
1898 3885 2117 3950 fronte,
2173 3902 2238 3940 ac

668 3974 963 4030 benedicit.
1001 3973 1134 4030 Cum
1181 3986 1361 4030 autem
1414 3990 1611 4032 omnes
1645 3976 1851 4031 inuncti
1881 3984 2026 4043 sunt,
2059 3976 2237 4033 excla-

668 4076 819 4121 mut:

747 4161 950 4215 Exaudi
1005 4176 1126 4225 nos,
1164 4163 1328 4226 Deus,
1359 4169 1608 4215 servator
1624 4168 1830 4226 noster,
1856 4177 1979 4231 spes
1998 4162 2236 4218 omnium

669 4255 861 4311 ﬁnium
894 4269 1074 4324 terrae,
1109 4264 1165 4309 et
1200 4272 1385 4311 eorum
1416 4258 1509 4327 qui
1542 4265 1673 4312 sunt
1713 4256 1766 4310 in
1801 4256 1936 4309 mari
1965 4257 2153 4327 longe;
2185 4268 2239 4315 et

669 4349 961 4420 propitius,
990 4349 1258 4420 propitius
1292 4359 1410 4404 esto
1434 4351 1672 4421 peccatis
1703 4348 1931 4415 nostris,
1965 4350 2239 4420 nostrique

672 4442 951 4497 miserere.

747 4538 918 4603 Atque
951 4534 1146 4586 iterum
1181 4530 1478 4583 exclamat:

749 4624 1062 4677 Misericors
1124 4630 1285 4689 atque
1365 4620 1639 4674 hominum
1711 4637 1897 4676 amans
1944 4623 2086 4679 Deus
2133 4637 2192 4676 es
2223 4662 2239 4687 υ
2273 4606 2321 4664 υ

670 4728 726 4773 et
780 4716 875 4770 tibi
912 4714 1185 4771 reddimus
1219 4710 1447 4783 gloriam
1481 4749 1498 4776 ,
1529 4711 1704 4778 Patri,
1734 4724 1789 4768 et
1821 4715 1977 4785 Filio,
2001 4727 2058 4772 et
2116 4715 2241 4787 Spi-

674 4808 799 4863 ritui
831 4816 1041 4871 sancto,
1073 4822 1215 4860 nunc
1244 4814 1298 4861 et
1329 4818 1543 4874 semper
1585 4816 1640 4860 et
1674 4807 1725 4859 in
1760 4808 1956 4863 saecula
2010 4808 2240 4865 saculo-

676 4915 816 4956 rum.

746 4993 868 5047 2H.
910 4994 1043 5047 Dato
1066 4994 1178 5062 jam
1214 5002 1399 5047 sancto
1438 4990 1576 5056 oleo,
1632 4990 1691 5045 fit
1753 4991 1987 5059 perfecta
2048 4991 2237 5049 dimis-

677 5100 780 5141 810.

2338 3346 2549 3417 μνήμη,
2602 3342 2804 3398 δίδοται
2852 3343 2947 3397 καὶ
2970 3341 3030 3396 τὸ
3063 3342 3214 3411 ἅγιον
3257 3344 3430 3396 ἔλαιον
3456 3342 3647 3405 οὕτως’
3680 3341 3900 3394 Πάντων

2337 3436 2718 3507 συναγομένων
2750 3435 2979 3509 πλησίον
3026 3434 3125 3506 τῆς
3147 3434 3352 3494 εἰκόνος
3384 3432 3478 3485 τοῦ
3519 3435 3903 3503 προσκυνήμι-

2333 3548 2444 3595 τος,
2472 3532 2567 3584 καὶ
2592 3529 2924 3600 ψαλλόντων,
2947 3531 2975 3583 6
3005 3529 3101 3601 μὲν
3115 3528 3357 3590 διάκονος
3391 3526 3556 3595 θυμιᾷ
3576 3524 3782 3595 κύκλῳ,
3803 3525 3902 3577 ἀπὸ

2335 3622 2428 3675 τοῦ
2475 3622 2815 3695 προεστῶτος
2866 3622 3190 3695 ἀρξάμενος,
3245 3619 3458 3692 πρῶτον
3496 3616 3770 3688 Θυμιάσας
3811 3616 3902 3685 τὴν

2336 3718 2517 3771 εἰκόνα
2554 3717 2648 3772 τοῦ
2686 3719 2858 3786 ἁγίου·
2878 3720 2905 3771 6
2925 3718 2981 3771 δὲ
3008 3720 3202 3789 ἱερεὺς,
3226 3717 3510 3787 ἱστάμενος
3538 3714 3785 3781 πλαγίως
3813 3711 3903 3780 τῆς

2338 3809 2563 3872 εἰκόνος,
2600 3809 2845 3880 κατέχων
2871 3810 3158 3880 ἄλειπτρον
3174 3808 3317 3879 χρίει
3338 3808 3460 3871 τοὺς
3493 3804 3819 3879 προσιόντας
3850 3805 3902 3855 ἐν

2340 3898 2417 3969 τῷ
2449 3900 2703 3971 μετώπῳ,
2733 3902 2826 3955 καὶ
2850 3900 3082 3971 εύλογεῖ.
3108 3901 3278 3955 Ὀταν
3310 3900 3366 3953 δὲ
3398 3897 3660 3971 χρισθῶσι
3687 3898 3901 3959 πάντες,

2338 3990 2591 4059 ὲκφωνεῖ·

2417 4165 2750 4220 Ἐπάκουσον
2786 4164 2962 4236 ἡμῶν,
3002 4167 3030 4217 6
3074 4164 3225 4225 Θεὸς,
3246 4162 3475 4230 ὀΣωτὴρ
3500 4158 3677 4230 ἡμῶν,
3707 4159 3904 4229 ὴὲλπὶς

2340 4260 2569 4322 πάντων,
2607 4260 2714 4313 τῶν
2741 4257 2991 4331 περάτων
3015 4256 3113 4327 τῆς
3144 4255 3267 4325 γῆς,
3314 4252 3407 4305 καὶ
3436 4250 3540 4303 τῶν
3575 4252 3630 4303 ὲν
3663 4248 3905 4320 θαλάσσῃ

2343 4353 2577 4426 μακράν*
2614 4354 2709 4407 καὶ
2739 4349 2893 4415 ἵλεως
2926 4348 3081 4419 γενοῦ
3117 4347 3207 4401 ἐπὶ
3240 4347 3359 4408 ταῖς
3391 4343 3684 4414 ἁμαρτίαις
3724 4341 3897 4415 ἡμῶν,

2345 4444 2565 4514 ἐλέησον
2594 4445 2758 4516 ἡμᾶς.

2411 4537 2520 4589 Καὶ
2543 4538 2792 4604 ὲκφωνεϊ·

2426 4628 2702 4696 Ἐλεήμων
2742 4626 2849 4699 γὰρ
2892 4624 2987 4679 καὶ
3052 4612 3424 4695 ιβιλάνθρωπος
3462 4620 3593 4682 Θεὸς
3620 4620 3903 4691 ὑπάρχεις,

2347 4718 2439 4770 καὶ
2473 4719 2554 4771 σοὶ
2583 4719 2681 4787 τὴν
2723 4717 2879 4783 δόξαν
2912 4714 3322 4785 ἀναπέμπομεν,
3354 4714 3431 4785 τῷ
3459 4713 3651 4782 Πατρὶ,
3688 4714 3786 4766 καὶ
3834 4712 3903 4781 τῷ

2347 4807 2487 4878 me,
2525 4810 2618 4863 καὶ
2641 4810 2717 4880 τῷ
2750 4809 2889 4878 ἁγίῳ
2917 4805 3211 4878 Πνεύματι,
3245 4806 3341 4861 νῦν
3393 4805 3487 4858 καὶ
3527 4804 3633 4872 ἀεὶ,
3678 4807 3775 4858 καὶ
3831 4806 3903 4863 είς

2346 4900 2470 4961 τοὺς
2496 4898 2694 4965 αἰῶνας
2720 4900 2830 4953 τῶν
2863 4895 3089 4954 αἰώνων.

2415 4992 2566 5045 Μετὰ
2614 4994 2677 5045 τὸ
2719 4991 2900 5045 δοῦναι
2947 4991 3007 5044 τὸ
3047 4992 3199 5061 ἅγιον
3226 4989 3421 5056 ἔλαιον,
3464 4988 3671 5059 γίνεται
3730 4984 3905 5038 τελεία

2352 5083 2629 5147 ἀπόλυσις.

755 5202 938 5256 (Ξοιηι.
970 5200 1095 5255 llaec
1120 5210 1245 5272 sunt
1270 5200 1429 5272 verba
1469 5200 1653 5272 Typici
1692 5199 1857 5272 atl26
1884 5199 2219 5266 Septembris
2243 5216 2358 5268 cap.
2397 5200 2485 5263 12,
2518 5215 2677 5270 supra
2708 5198 3152 5269 allegato.Quare
3178 5208 3355 5253 autem
3388 5200 3474 5254 hic
3490 5198 3701 5272 dicatur
3730 5198 3901 5250 τελειι

682 5272 942 5345 ἀπόλυσις
980 5289 998 5321 ι
1040 5270 1279 5345 perfecta
1306 5266 1570 5345 ditnissio,
1617 5288 1637 5322 ι
1669 5270 1848 5345 colligi
1877 5278 2054 5345 potest
2094 5286 2157 5324 ex
2191 5266 3188 5345 dissertationenostrajonomastica,
3220 5272 3306 5323 ubi
3328 5285 3494 5345 _nnm.
3518 5266 3765 5345 56_il_lius
3792 5283 3898 5345 illi:

681 5338 1203 5399 menelatnrm’ratio
1263 5356 1379 5411 non
1416 5343 1646 5411 obscure
1691 5341 1913 5394 cuilibet
1938 5340 2274 5411 inmitescel.
2311 5340 2474 5411 Igitur
2504 5341 2685 5393 τελεία
2715 5341 2974 5404 ἀπόλυσις
3005 5343 3089 5395 hic
3117 5354 3223 5411 non
3263 5340 3437 5395 solum
3463 5347 3546 5411 est
3581 5338 3704 5411 linis
3747 5338 3898 5391 officii

685 5410 1073 5481 ecclesiastici,
1097 5426 1280 5464 verum
1306 5410 1476 5481 etiam
1510 5410 1755 5465 dimissio
1789 5410 1990 5481 populi.
2029 5408 2089 5481 Et
2119 5408 2667 5478 quoniam".sacerdos
2696 5412 2887 5464 solitus
2912 5410 3341 5481 estidimittendo
3370 5409 3567 5478 populo
3588 5410 3741 5481 bene
3778 5421 3896 5478 pre-

686 5484 823 5542 cari.
853 5482 964 5550 ipsa
1008 5479 1095 5532 illa
1126 5480 1351 5531 formqu
1387 5482 1640 5548 precandi
1683 5479 1801 5534 non
1822 5496 1942 5533 raro
1970 5480 2233 5543 ἀπόλυσις
2257 5488 2471 5550 quoque
2504 5482 2959 5549 nitncupatur.0e
2995 5480 3220 5533 formula
3257 5482 3347 5534 illa
3376 5495 3542 5549 pauca
3570 5479 3897 5534 disseremus

686 5552 937 5614 inferius,
970 5550 1055 5603 hic
1090 5566 1215 5601 vero
1244 5550 1309 5602 de
1338 5550 1424 5611 iis,
1456 5565 1573 5616 qua:
1604 5550 1746 5603 illam
1776 5550 1950 5604 solent
1983 5551 2225 5617 proxime
2260 5555 2579 5619 praecedere.

758 5620 885 5676 212.
917 5618 1171 5675 Absoluta
1197 5622 1479 5692 superiore
1500 5620 1922 5684 exclamatione,
1960 5620 2143 5674 statim
2176 5618 2373 5689 (utest
2401 5622 2539 5687 apud
2561 5618 2920 5691 Philotbeum)
2947 5623 3023 5676 ait
3055 5623 3337 5677 sacerdos:

758 5714 871 5770 Pax
917 5715 1183 5768 omnibus.
1262 5712 1526 5769 Diaconus
1578 5728 1704 5769 vero
1752 5735 1766 5769 :
1823 5715 2010 5785 Capita
2056 5726 2241 5771 nostra

692 5806 923 5863 Domino
992 5804 1331 5862 inclinemus.
1409 5807 1473 5862 Et
1521 5808 1771 5864 sacerdos
1838 5818 2049 5866 secreto
2126 5810 2246 5863 sub-

2442 5720 2483 5768 0
2551 5717 2748 5787 ἱερεύς·
2826 5719 3031 5788 Εἰρήνη
3100 5721 3251 5771 πᾶσι.
3332 5716 3391 5769 Ὀ
3472 5709 3748 5780 διακόνος·
3803 5712 3901 5773 Τὰς

2349 5808 2588 5875 κεφαλὰς
2617 5810 2772 5879 ἡμῶν
2805 5810 2883 5879 τῷ
2909 5809 3094 5881 Κυρίῳ
3134 5810 3419 5879 κλίνωμεν.
3478 5810 3587 5862 Καὶ
3635 5811 3690 5860 6.
3736 5803 3902 5877 ἱερεὺς
