  <div class='ocr_page' id='page_1' title='image "/cluster/home/n/w/nwhite01/storage/ocr_20150623/29/pst.000005712274/376.png"; bbox 0 0 4098 6326; ppageno 0'>
   <div class='ocr_carea' id='block_1_1' title="bbox 1251 364 2259 419">
    <p class='ocr_par' dir='ltr' id='par_1_1' title="bbox 1251 364 2259 419">
     <span class='ocr_line' id='line_1_1' title="bbox 1251 364 2259 419; baseline 0.004 -4"><span class='ocrx_word' id='word_1_1' title='bbox 1251 364 1649 417; x_wconf 64' lang='grc' dir='ltr'>Αυυιυίιιιιι</span> <span class='ocrx_word' id='word_1_2' title='bbox 1691 366 1719 413; x_wconf 86' lang='grc' dir='ltr'>Ἰ</span> <span class='ocrx_word' id='word_1_3' title='bbox 1740 365 2026 416; x_wconf 73' lang='lat' dir='ltr'><strong>llll’l.!ClS</strong></span> <span class='ocrx_word' id='word_1_4' title='bbox 2063 365 2259 419; x_wconf 79' lang='lat' dir='ltr'><strong>FESTI</strong></span> 
     </span>
    </p>
   </div>
   <div class='ocr_carea' id='block_1_2' title="bbox 3179 382 3401 423">
    <p class='ocr_par' dir='ltr' id='par_1_2' title="bbox 3179 382 3401 423">
     <span class='ocr_line' id='line_1_2' title="bbox 3179 382 3401 423; baseline 0 0"><span class='ocrx_word' id='word_1_5' title='bbox 3179 382 3401 423; x_wconf 71' lang='grc' dir='ltr'>εςειιιι</span> 
     </span>
    </p>
   </div>
   <div class='ocr_carea' id='block_1_3' title="bbox 167 472 1741 547">
    <p class='ocr_par' dir='ltr' id='par_1_3' title="bbox 167 472 1741 547">
     <span class='ocr_line' id='line_1_3' title="bbox 167 472 1741 547; baseline 0 -21"><span class='ocrx_word' id='word_1_6' title='bbox 167 474 321 543; x_wconf 84' lang='grc' dir='ltr'>λέγει</span> <span class='ocrx_word' id='word_1_7' title='bbox 370 474 466 547; x_wconf 85' lang='grc' dir='ltr'>τὴν</span> <span class='ocrx_word' id='word_1_8' title='bbox 517 474 680 546; x_wconf 74' lang='grc' dir='ltr'>εὐχὴν</span> <span class='ocrx_word' id='word_1_9' title='bbox 737 489 1028 543; x_wconf 57' lang='lat' dir='ltr'><strong>passum:</strong></span> <span class='ocrx_word' id='word_1_10' title='bbox 1080 472 1247 546; x_wconf 67' lang='grc' dir='ltr'>λύριε</span> <span class='ocrx_word' id='word_1_11' title='bbox 1290 474 1431 541; x_wconf 82' lang='grc' dir='ltr'>ἆγιε,</span> <span class='ocrx_word' id='word_1_12' title='bbox 1466 475 1494 526; x_wconf 87' lang='grc' dir='ltr'><strong>ό</strong></span> <span class='ocrx_word' id='word_1_13' title='bbox 1528 474 1585 525; x_wconf 83' lang='grc' dir='ltr'>ὲν</span> <span class='ocrx_word' id='word_1_14' title='bbox 1611 474 1741 545; x_wconf 62' lang='grc' dir='ltr'><strong>ὑψη-</strong></span> 
     </span>
    </p>
   </div>
   <div class='ocr_carea' id='block_1_4' title="bbox 1844 472 3406 547">
    <p class='ocr_par' dir='ltr' id='par_1_4' title="bbox 1844 474 3406 545">
     <span class='ocr_line' id='line_1_4' title="bbox 1844 474 3406 545; baseline 0.004 -20"><span class='ocrx_word' id='word_1_15' title='bbox 1844 474 2020 544; x_wconf 90' lang='lat' dir='ltr'><strong>jungit</strong></span> <span class='ocrx_word' id='word_1_16' title='bbox 2072 474 2371 531; x_wconf 88' lang='lat' dir='ltr'><strong>orationem</strong></span> <span class='ocrx_word' id='word_1_17' title='bbox 2435 496 2448 530; x_wconf 92' lang='lat'><strong>:</strong></span> <span class='ocrx_word' id='word_1_18' title='bbox 2493 474 2717 533; x_wconf 89' lang='lat' dir='ltr'><strong>Domine</strong></span> <span class='ocrx_word' id='word_1_19' title='bbox 2754 483 2976 539; x_wconf 82' lang='lat' dir='ltr'><strong>sancte,</strong></span> <span class='ocrx_word' id='word_1_20' title='bbox 3033 475 3121 545; x_wconf 86' lang='lat' dir='ltr'><strong>qui</strong></span> <span class='ocrx_word' id='word_1_21' title='bbox 3178 495 3230 531; x_wconf 95' lang='grc' dir='ltr'>ιιι</span> <span class='ocrx_word' id='word_1_22' title='bbox 3283 479 3406 531; x_wconf 73' lang='grc' dir='ltr'><strong>ιιΙιὶ⁸</strong></span> 
     </span>
    </p>
   </div>
   <div class='ocr_carea' id='block_1_5' title="bbox 169 564 1739 637">
    <p class='ocr_par' dir='ltr' id='par_1_5' title="bbox 169 564 1739 637">
     <span class='ocr_line' id='line_1_5' title="bbox 169 564 1739 637; baseline -0.001 -18"><span class='ocrx_word' id='word_1_23' title='bbox 169 568 287 630; x_wconf 77' lang='grc' dir='ltr'>λοῖς</span> <span class='ocrx_word' id='word_1_24' title='bbox 312 569 600 633; x_wconf 78' lang='grc' dir='ltr'><strong>κατοικῶν,</strong></span> <span class='ocrx_word' id='word_1_25' title='bbox 631 564 724 621; x_wconf 64' lang='grc' dir='ltr'>καὶ</span> <span class='ocrx_word' id='word_1_26' title='bbox 744 565 810 618; x_wconf 76' lang='grc' dir='ltr'>τὰ</span> <span class='ocrx_word' id='word_1_27' title='bbox 832 566 1061 620; x_wconf 81' lang='grc' dir='ltr'>ταπεινά</span> <span class='ocrx_word' id='word_1_28' title='bbox 1086 566 1317 637; x_wconf 71' lang='grc' dir='ltr'>ἐφορῶν,</span> <span class='ocrx_word' id='word_1_29' title='bbox 1350 568 1443 619; x_wconf 73' lang='grc' dir='ltr'>καὶ</span> <span class='ocrx_word' id='word_1_30' title='bbox 1468 564 1543 636; x_wconf 82' lang='grc' dir='ltr'><strong>τῷ</strong></span> <span class='ocrx_word' id='word_1_31' title='bbox 1575 583 1739 625; x_wconf 80' lang='grc' dir='ltr'>παντ-</span> 
     </span>
    </p>
   </div>
   <div class='ocr_carea' id='block_1_6' title="bbox 170 657 1738 730">
    <p class='ocr_par' dir='ltr' id='par_1_6' title="bbox 170 657 1738 730">
     <span class='ocr_line' id='line_1_6' title="bbox 170 657 1738 730; baseline -0.002 -18"><span class='ocrx_word' id='word_1_32' title='bbox 170 660 360 730; x_wconf 57' lang='grc' dir='ltr'>εθττόρῳ</span> <span class='ocrx_word' id='word_1_33' title='bbox 402 679 493 715; x_wconf 89' lang='grc' dir='ltr'><strong>σου</strong></span> <span class='ocrx_word' id='word_1_34' title='bbox 530 660 732 730; x_wconf 72' lang='grc' dir='ltr'>ὄμματι</span> <span class='ocrx_word' id='word_1_35' title='bbox 775 659 1076 712; x_wconf 72' lang='grc' dir='ltr'>ὲπιῆλέπων</span> <span class='ocrx_word' id='word_1_36' title='bbox 1098 658 1187 709; x_wconf 67' lang='grc' dir='ltr'><strong>ἐπὶ</strong></span> <span class='ocrx_word' id='word_1_37' title='bbox 1217 658 1393 711; x_wconf 80' lang='grc' dir='ltr'>πᾶσαν</span> <span class='ocrx_word' id='word_1_38' title='bbox 1424 658 1523 727; x_wconf 77' lang='grc' dir='ltr'>τὴν</span> <span class='ocrx_word' id='word_1_39' title='bbox 1548 657 1738 709; x_wconf 76' lang='grc' dir='ltr'>κτίσινο</span> 
     </span>
    </p>
   </div>
   <div class='ocr_carea' id='block_1_7' title="bbox 174 747 1741 822">
    <p class='ocr_par' dir='ltr' id='par_1_7' title="bbox 174 747 1741 822">
     <span class='ocr_line' id='line_1_7' title="bbox 174 747 1741 822; baseline 0 -19"><span class='ocrx_word' id='word_1_40' title='bbox 174 751 262 803; x_wconf 68' lang='grc' dir='ltr'><strong>σοὶ</strong></span> <span class='ocrx_word' id='word_1_41' title='bbox 286 751 577 822; x_wconf 81' lang='grc' dir='ltr'>ὲκλίναμεν</span> <span class='ocrx_word' id='word_1_42' title='bbox 609 748 698 800; x_wconf 86' lang='grc' dir='ltr'><strong>τὸν</strong></span> <span class='ocrx_word' id='word_1_43' title='bbox 731 749 925 820; x_wconf 76' lang='grc' dir='ltr'>αὐχένα</span> <span class='ocrx_word' id='word_1_44' title='bbox 957 750 1054 817; x_wconf 83' lang='grc' dir='ltr'>τῆς</span> <span class='ocrx_word' id='word_1_45' title='bbox 1096 748 1273 818; x_wconf 78' lang='grc' dir='ltr'>ψυχῆς</span> <span class='ocrx_word' id='word_1_46' title='bbox 1316 750 1407 802; x_wconf 75' lang='grc' dir='ltr'>καὶ</span> <span class='ocrx_word' id='word_1_47' title='bbox 1434 748 1527 801; x_wconf 78' lang='grc' dir='ltr'>τοῦ</span> <span class='ocrx_word' id='word_1_48' title='bbox 1559 747 1741 819; x_wconf 82' lang='grc' dir='ltr'>σώμα-</span> 
     </span>
    </p>
   </div>
   <div class='ocr_carea' id='block_1_8' title="bbox 172 839 1743 912">
    <p class='ocr_par' dir='ltr' id='par_1_8' title="bbox 172 839 1743 912">
     <span class='ocr_line' id='line_1_8' title="bbox 172 839 1743 912; baseline -0.001 -18"><span class='ocrx_word' id='word_1_49' title='bbox 172 860 289 909; x_wconf 84' lang='grc' dir='ltr'>τος,</span> <span class='ocrx_word' id='word_1_50' title='bbox 345 846 440 899; x_wconf 68' lang='grc' dir='ltr'>καὶ</span> <span class='ocrx_word' id='word_1_51' title='bbox 476 839 708 908; x_wconf 86' lang='grc' dir='ltr'>δεόμεθὰ</span> <span class='ocrx_word' id='word_1_52' title='bbox 742 858 854 903; x_wconf 87' lang='grc' dir='ltr'>σου,</span> <span class='ocrx_word' id='word_1_53' title='bbox 908 839 1146 893; x_wconf 75' lang='grc' dir='ltr'>ἔκτεινον</span> <span class='ocrx_word' id='word_1_54' title='bbox 1193 839 1289 912; x_wconf 75' lang='grc' dir='ltr'>τὴν</span> <span class='ocrx_word' id='word_1_55' title='bbox 1334 840 1493 911; x_wconf 81' lang='grc' dir='ltr'>χεῖρά</span> <span class='ocrx_word' id='word_1_56' title='bbox 1530 857 1623 893; x_wconf 88' lang='grc' dir='ltr'><strong>σου</strong></span> <span class='ocrx_word' id='word_1_57' title='bbox 1646 842 1743 911; x_wconf 76' lang='grc' dir='ltr'>τὴν</span> 
     </span>
    </p>
   </div>
   <div class='ocr_carea' id='block_1_9' title="bbox 173 932 1745 1007">
    <p class='ocr_par' dir='ltr' id='par_1_9' title="bbox 173 932 1745 1007">
     <span class='ocr_line' id='line_1_9' title="bbox 173 932 1745 1007; baseline -0.002 -18"><span class='ocrx_word' id='word_1_58' title='bbox 173 936 409 1007; x_wconf 81' lang='grc' dir='ltr'>ἀόρατον</span> <span class='ocrx_word' id='word_1_59' title='bbox 448 932 503 997; x_wconf 76' lang='grc' dir='ltr'><strong>ἐξ</strong></span> <span class='ocrx_word' id='word_1_60' title='bbox 526 932 678 999; x_wconf 87' lang='grc' dir='ltr'>ἁγίου</span> <span class='ocrx_word' id='word_1_61' title='bbox 708 932 1152 1003; x_wconf 75' lang='grc' dir='ltr'>κατοικητηρίου,</span> <span class='ocrx_word' id='word_1_62' title='bbox 1176 934 1268 987; x_wconf 79' lang='grc' dir='ltr'>καὶ</span> <span class='ocrx_word' id='word_1_63' title='bbox 1298 933 1589 1001; x_wconf 81' lang='grc' dir='ltr'>εὐλόγησον</span> <span class='ocrx_word' id='word_1_64' title='bbox 1619 932 1745 986; x_wconf 86' lang='grc' dir='ltr'>πάν-</span> 
     </span>
    </p>
   </div>
   <div class='ocr_carea' id='block_1_10' title="bbox 171 1023 1742 1097">
    <p class='ocr_par' dir='ltr' id='par_1_10' title="bbox 171 1023 1742 1097">
     <span class='ocr_line' id='line_1_10' title="bbox 171 1023 1742 1097; baseline -0.004 -16"><span class='ocrx_word' id='word_1_65' title='bbox 171 1046 277 1091; x_wconf 85' lang='grc' dir='ltr'><strong>τας</strong></span> <span class='ocrx_word' id='word_1_66' title='bbox 307 1026 473 1097; x_wconf 80' lang='grc' dir='ltr'><strong>ἡμᾶς·</strong></span> <span class='ocrx_word' id='word_1_67' title='bbox 499 1023 591 1077; x_wconf 76' lang='grc' dir='ltr'>καὶ</span> <span class='ocrx_word' id='word_1_68' title='bbox 610 1024 663 1078; x_wconf 82' lang='grc' dir='ltr'><strong>εί</strong></span> <span class='ocrx_word' id='word_1_69' title='bbox 686 1044 739 1079; x_wconf 89' lang='grc' dir='ltr'><strong>τι</strong></span> <span class='ocrx_word' id='word_1_70' title='bbox 769 1024 1087 1095; x_wconf 83' lang='grc' dir='ltr'><strong>ἡμάρτομεν</strong></span> <span class='ocrx_word' id='word_1_71' title='bbox 1111 1024 1371 1086; x_wconf 78' lang='grc' dir='ltr'><strong>ἑκουσίως</strong></span> <span class='ocrx_word' id='word_1_72' title='bbox 1397 1024 1429 1093; x_wconf 74' lang='grc' dir='ltr'>ἢ</span> <span class='ocrx_word' id='word_1_73' title='bbox 1458 1024 1742 1091; x_wconf 80' lang='grc' dir='ltr'><strong>ἀκουσίως,</strong></span> 
     </span>
    </p>
   </div>
   <div class='ocr_carea' id='block_1_11' title="bbox 170 1116 1741 1189">
    <p class='ocr_par' dir='ltr' id='par_1_11' title="bbox 170 1116 1741 1189">
     <span class='ocr_line' id='line_1_11' title="bbox 170 1116 1741 1189; baseline -0.002 -17"><span class='ocrx_word' id='word_1_74' title='bbox 170 1121 251 1183; x_wconf 77' lang='grc' dir='ltr'>ὡς</span> <span class='ocrx_word' id='word_1_75' title='bbox 274 1117 477 1186; x_wconf 81' lang='grc' dir='ltr'>ἀγαθὸς</span> <span class='ocrx_word' id='word_1_76' title='bbox 520 1120 612 1173; x_wconf 74' lang='grc' dir='ltr'>καὶ</span> <span class='ocrx_word' id='word_1_77' title='bbox 663 1117 1036 1189; x_wconf 74' lang='grc' dir='ltr'>φιλάνθρωπος</span> <span class='ocrx_word' id='word_1_78' title='bbox 1069 1118 1198 1180; x_wconf 82' lang='grc' dir='ltr'><strong>Θεὸς</strong></span> <span class='ocrx_word' id='word_1_79' title='bbox 1236 1116 1607 1189; x_wconf 83' lang='grc' dir='ltr'>συγχώρησον,</span> <span class='ocrx_word' id='word_1_80' title='bbox 1639 1117 1741 1170; x_wconf 89' lang='grc' dir='ltr'>δω-</span> 
     </span>
    </p>
   </div>
   <div class='ocr_carea' id='block_1_12' title="bbox 178 1208 1742 1282">
    <p class='ocr_par' dir='ltr' id='par_1_12' title="bbox 178 1208 1742 1282">
     <span class='ocr_line' id='line_1_12' title="bbox 178 1208 1742 1282; baseline -0.001 -21"><span class='ocrx_word' id='word_1_81' title='bbox 178 1212 274 1282; x_wconf 77' lang='grc' dir='ltr'>ρού</span> <span class='ocrx_word' id='word_1_82' title='bbox 284 1227 443 1279; x_wconf 84' lang='grc' dir='ltr'>μενος</span> <span class='ocrx_word' id='word_1_83' title='bbox 468 1211 595 1280; x_wconf 81' lang='grc' dir='ltr'>ἡμῖν</span> <span class='ocrx_word' id='word_1_84' title='bbox 620 1212 710 1265; x_wconf 82' lang='grc' dir='ltr'>καὶ</span> <span class='ocrx_word' id='word_1_85' title='bbox 723 1208 789 1262; x_wconf 87' lang='grc' dir='ltr'><strong>τὰ</strong></span> <span class='ocrx_word' id='word_1_86' title='bbox 816 1209 1085 1280; x_wconf 80' lang='grc' dir='ltr'>ὲγκόσμια</span> <span class='ocrx_word' id='word_1_87' title='bbox 1108 1210 1198 1262; x_wconf 70' lang='grc' dir='ltr'>καὶ</span> <span class='ocrx_word' id='word_1_88' title='bbox 1225 1210 1570 1281; x_wconf 81' lang='grc' dir='ltr'>ὑπερκόσμια</span> <span class='ocrx_word' id='word_1_89' title='bbox 1603 1209 1742 1276; x_wconf 88' lang='grc' dir='ltr'>ἀγα-</span> 
     </span>
    </p>
   </div>
   <div class='ocr_carea' id='block_1_13' title="bbox 174 1302 1745 1374">
    <p class='ocr_par' dir='ltr' id='par_1_13' title="bbox 174 1302 1745 1374">
     <span class='ocr_line' id='line_1_13' title="bbox 174 1302 1745 1374; baseline -0.001 -19"><span class='ocrx_word' id='word_1_90' title='bbox 174 1304 248 1356; x_wconf 85' lang='grc' dir='ltr'>Θά</span> <span class='ocrx_word' id='word_1_91' title='bbox 325 1318 440 1354; x_wconf 89' lang='grc' dir='ltr'>σου.</span> <span class='ocrx_word' id='word_1_92' title='bbox 505 1302 808 1372; x_wconf 75' lang='grc' dir='ltr'>Ἕκφώνωςο</span> <span class='ocrx_word' id='word_1_93' title='bbox 861 1302 959 1356; x_wconf 82' lang='grc' dir='ltr'>Σὸν</span> <span class='ocrx_word' id='word_1_94' title='bbox 1018 1304 1125 1374; x_wconf 87' lang='grc' dir='ltr'><strong>γάρ</strong></span> <span class='ocrx_word' id='word_1_95' title='bbox 1173 1303 1286 1356; x_wconf 70' lang='grc' dir='ltr'>ἔστι</span> <span class='ocrx_word' id='word_1_96' title='bbox 1326 1303 1386 1357; x_wconf 89' lang='grc' dir='ltr'><strong>τὸ</strong></span> <span class='ocrx_word' id='word_1_97' title='bbox 1434 1303 1601 1356; x_wconf 77' lang='grc' dir='ltr'>ἐλεεῖν</span> <span class='ocrx_word' id='word_1_98' title='bbox 1652 1302 1745 1354; x_wconf 71' lang='grc' dir='ltr'>καὶ</span> 
     </span>
    </p>
   </div>
   <div class='ocr_carea' id='block_1_14' title="bbox 172 1392 1020 1464">
    <p class='ocr_par' dir='ltr' id='par_1_14' title="bbox 172 1392 1020 1464">
     <span class='ocr_line' id='line_1_14' title="bbox 172 1392 1020 1464; baseline 0.005 -22"><span class='ocrx_word' id='word_1_99' title='bbox 172 1392 372 1457; x_wconf 75' lang='grc' dir='ltr'>σώζειν</span> <span class='ocrx_word' id='word_1_100' title='bbox 397 1395 559 1464; x_wconf 79' lang='grc' dir='ltr'>ἡμᾶς,</span> <span class='ocrx_word' id='word_1_101' title='bbox 591 1394 787 1464; x_wconf 75' lang='grc' dir='ltr'>Χριστὲ</span> <span class='ocrx_word' id='word_1_102' title='bbox 814 1394 842 1446; x_wconf 84' lang='grc' dir='ltr'><strong>ό</strong></span> <span class='ocrx_word' id='word_1_103' title='bbox 867 1392 1020 1457; x_wconf 78' lang='grc' dir='ltr'>Θεός.</span> 
     </span>
    </p>
   </div>
   <div class='ocr_carea' id='block_1_15' title="bbox 261 1482 826 1552">
    <p class='ocr_par' dir='ltr' id='par_1_15' title="bbox 261 1482 826 1552">
     <span class='ocr_line' id='line_1_15' title="bbox 261 1482 826 1552; baseline 0.002 -17"><span class='ocrx_word' id='word_1_104' title='bbox 261 1482 322 1535; x_wconf 87' lang='lat'><strong>&#39;0</strong></span> <span class='ocrx_word' id='word_1_105' title='bbox 349 1482 607 1545; x_wconf 85' lang='grc' dir='ltr'>διάκονος·</span> <span class='ocrx_word' id='word_1_106' title='bbox 638 1483 826 1552; x_wconf 81' lang='grc' dir='ltr'>Σοφία.</span> 
     </span>
    </p>
   </div>
   <div class='ocr_carea' id='block_1_16' title="bbox 265 1571 1744 1645">
    <p class='ocr_par' dir='ltr' id='par_1_16' title="bbox 265 1571 1744 1645">
     <span class='ocr_line' id='line_1_16' title="bbox 265 1571 1744 1645; baseline -0.001 -21"><span class='ocrx_word' id='word_1_107' title='bbox 265 1573 325 1625; x_wconf 89' lang='lat'><strong>&#39;0</strong></span> <span class='ocrx_word' id='word_1_108' title='bbox 386 1573 580 1643; x_wconf 79' lang='grc' dir='ltr'>ἱερεύς·</span> <span class='ocrx_word' id='word_1_109' title='bbox 643 1573 703 1629; x_wconf 85' lang='lat'><strong>&#39;0</strong></span> <span class='ocrx_word' id='word_1_110' title='bbox 758 1574 833 1630; x_wconf 83' lang='grc' dir='ltr'>ὢν</span> <span class='ocrx_word' id='word_1_111' title='bbox 888 1574 1177 1645; x_wconf 79' lang='grc' dir='ltr'><strong>εὐλογητὸς</strong></span> <span class='ocrx_word' id='word_1_112' title='bbox 1240 1572 1469 1644; x_wconf 83' lang='grc' dir='ltr'>Χριστὸς</span> <span class='ocrx_word' id='word_1_113' title='bbox 1521 1574 1550 1625; x_wconf 84' lang='grc' dir='ltr'><strong>ὁ</strong></span> <span class='ocrx_word' id='word_1_114' title='bbox 1613 1571 1744 1635; x_wconf 88' lang='grc' dir='ltr'>Θεὸς</span> 
     </span>
    </p>
   </div>
   <div class='ocr_carea' id='block_1_17' title="bbox 178 1664 1744 1735">
    <p class='ocr_par' dir='ltr' id='par_1_17' title="bbox 178 1664 1744 1735">
     <span class='ocr_line' id='line_1_17' title="bbox 178 1664 1744 1735; baseline 0.001 -19"><span class='ocrx_word' id='word_1_115' title='bbox 178 1664 362 1735; x_wconf 69' lang='grc' dir='ltr'>ἡμῶν,</span> <span class='ocrx_word' id='word_1_116' title='bbox 388 1664 633 1731; x_wconf 76' lang='grc' dir='ltr'>πάντοτε,</span> <span class='ocrx_word' id='word_1_117' title='bbox 660 1666 755 1721; x_wconf 79' lang='grc' dir='ltr'>νῦν</span> <span class='ocrx_word' id='word_1_118' title='bbox 779 1669 871 1720; x_wconf 76' lang='grc' dir='ltr'>καὶ</span> <span class='ocrx_word' id='word_1_119' title='bbox 886 1667 991 1725; x_wconf 81' lang='grc' dir='ltr'>ἀεὶ,</span> <span class='ocrx_word' id='word_1_120' title='bbox 1022 1666 1115 1718; x_wconf 57' lang='grc' dir='ltr'><strong>καὶ⁵</strong></span> <span class='ocrx_word' id='word_1_121' title='bbox 1148 1666 1226 1729; x_wconf 88' lang='grc' dir='ltr'><strong>είς</strong></span> <span class='ocrx_word' id='word_1_122' title='bbox 1249 1667 1374 1730; x_wconf 85' lang='grc' dir='ltr'>τοὺς</span> <span class='ocrx_word' id='word_1_123' title='bbox 1418 1664 1617 1729; x_wconf 80' lang='grc' dir='ltr'>αἰῶνας</span> <span class='ocrx_word' id='word_1_124' title='bbox 1639 1664 1744 1718; x_wconf 82' lang='grc' dir='ltr'>τῶν</span> 
     </span>
    </p>
   </div>
   <div class='ocr_carea' id='block_1_18' title="bbox 176 1754 415 1811">
    <p class='ocr_par' dir='ltr' id='par_1_18' title="bbox 176 1754 415 1811">
     <span class='ocr_line' id='line_1_18' title="bbox 176 1754 415 1811; baseline 0.004 -1"><span class='ocrx_word' id='word_1_125' title='bbox 176 1754 415 1811; x_wconf 81' lang='grc' dir='ltr'>αιώνων.</span> 
     </span>
    </p>
   </div>
   <div class='ocr_carea' id='block_1_19' title="bbox 1845 565 3402 637">
    <p class='ocr_par' dir='ltr' id='par_1_19' title="bbox 1845 565 3402 637">
     <span class='ocr_line' id='line_1_19' title="bbox 1845 565 3402 637; baseline 0.001 -17"><span class='ocrx_word' id='word_1_126' title='bbox 1845 566 2079 629; x_wconf 87' lang='lat' dir='ltr'><strong>habitas,</strong></span> <span class='ocrx_word' id='word_1_127' title='bbox 2108 578 2161 623; x_wconf 91' lang='lat' dir='ltr'><strong>et</strong></span> <span class='ocrx_word' id='word_1_128' title='bbox 2190 566 2413 623; x_wconf 82' lang='lat' dir='ltr'><strong>humilia</strong></span> <span class='ocrx_word' id='word_1_129' title='bbox 2464 566 2706 637; x_wconf 81' lang='lat' dir='ltr'><strong>respicis,</strong></span> <span class='ocrx_word' id='word_1_130' title='bbox 2743 573 2796 620; x_wconf 87' lang='lat' dir='ltr'><strong>et</strong></span> <span class='ocrx_word' id='word_1_131' title='bbox 2850 565 3005 620; x_wconf 91' lang='lat' dir='ltr'><strong>oculo</strong></span> <span class='ocrx_word' id='word_1_132' title='bbox 3044 567 3402 636; x_wconf 86' lang='lat' dir='ltr'><strong>pcrspicacis-</strong></span> 
     </span>
    </p>
   </div>
   <div class='ocr_carea' id='block_1_20' title="bbox 1848 659 3397 727">
    <p class='ocr_par' dir='ltr' id='par_1_20' title="bbox 1848 659 3397 727">
     <span class='ocr_line' id='line_1_20' title="bbox 1848 659 3397 727; baseline 0 -14"><span class='ocrx_word' id='word_1_133' title='bbox 1848 659 1987 714; x_wconf 88' lang='lat' dir='ltr'><strong>simo</strong></span> <span class='ocrx_word' id='word_1_134' title='bbox 2014 660 2387 727; x_wconf 82' lang='lat' dir='ltr'><strong>circumspicis</strong></span> <span class='ocrx_word' id='word_1_135' title='bbox 2433 675 2643 716; x_wconf 88' lang='lat' dir='ltr'><strong>omnem</strong></span> <span class='ocrx_word' id='word_1_136' title='bbox 2675 667 3001 724; x_wconf 84' lang='lat' dir='ltr'><strong>creaturam,</strong></span> <span class='ocrx_word' id='word_1_137' title='bbox 3033 662 3125 716; x_wconf 89' lang='lat' dir='ltr'><strong>tibi</strong></span> <span class='ocrx_word' id='word_1_138' title='bbox 3153 662 3397 716; x_wconf 83' lang='lat' dir='ltr'><strong>cervices</strong></span> 
     </span>
    </p>
   </div>
   <div class='ocr_carea' id='block_1_21' title="bbox 1844 749 3399 819">
    <p class='ocr_par' dir='ltr' id='par_1_21' title="bbox 1844 749 3399 819">
     <span class='ocr_line' id='line_1_21' title="bbox 1844 749 3399 819; baseline -0.001 -15"><span class='ocrx_word' id='word_1_139' title='bbox 1844 750 2009 809; x_wconf 87' lang='lat' dir='ltr'><strong>animi</strong></span> <span class='ocrx_word' id='word_1_140' title='bbox 2041 766 2190 819; x_wconf 62' lang='lat' dir='ltr'><strong>atque</strong></span> <span class='ocrx_word' id='word_1_141' title='bbox 2223 764 2285 804; x_wconf 87' lang='lat' dir='ltr'><strong>ac</strong></span> <span class='ocrx_word' id='word_1_142' title='bbox 2315 749 2555 818; x_wconf 90' lang='lat' dir='ltr'><strong>corporis</strong></span> <span class='ocrx_word' id='word_1_143' title='bbox 2600 751 2969 812; x_wconf 82' lang='lat' dir='ltr'><strong>incurvamus,</strong></span> <span class='ocrx_word' id='word_1_144' title='bbox 3001 760 3053 801; x_wconf 92' lang='lat' dir='ltr'><strong>et</strong></span> <span class='ocrx_word' id='word_1_145' title='bbox 3074 766 3295 805; x_wconf 89' lang='lat' dir='ltr'><strong>oramus</strong></span> <span class='ocrx_word' id='word_1_146' title='bbox 3326 760 3399 809; x_wconf 86' lang='lat' dir='ltr'><strong>te,</strong></span> 
     </span>
    </p>
   </div>
   <div class='ocr_carea' id='block_1_22' title="bbox 1845 840 3405 899">
    <p class='ocr_par' dir='ltr' id='par_1_22' title="bbox 1845 840 3405 899">
     <span class='ocr_line' id='line_1_22' title="bbox 1845 840 3405 899; baseline -0.003 0"><span class='ocrx_word' id='word_1_147' title='bbox 1845 858 2062 899; x_wconf 88' lang='lat' dir='ltr'><strong>manum</strong></span> <span class='ocrx_word' id='word_1_148' title='bbox 2094 852 2236 898; x_wconf 88' lang='lat' dir='ltr'><strong>tuam</strong></span> <span class='ocrx_word' id='word_1_149' title='bbox 2279 840 2604 897; x_wconf 88' lang='lat' dir='ltr'><strong>invisibilem</strong></span> <span class='ocrx_word' id='word_1_150' title='bbox 2646 842 2710 895; x_wconf 88' lang='lat' dir='ltr'><strong>de</strong></span> <span class='ocrx_word' id='word_1_151' title='bbox 2738 855 2927 898; x_wconf 86' lang='lat' dir='ltr'><strong>sancto</strong></span> <span class='ocrx_word' id='word_1_152' title='bbox 2958 841 3261 899; x_wconf 82' lang='lat' dir='ltr'><strong>ltahitacnlo</strong></span> <span class='ocrx_word' id='word_1_153' title='bbox 3314 853 3405 897; x_wconf 86' lang='lat' dir='ltr'><strong>tuo</strong></span> 
     </span>
    </p>
   </div>
   <div class='ocr_carea' id='block_1_23' title="bbox 1842 930 3405 1003">
    <p class='ocr_par' dir='ltr' id='par_1_23' title="bbox 1842 930 3405 1003">
     <span class='ocr_line' id='line_1_23' title="bbox 1842 930 3405 1003; baseline -0.003 -14"><span class='ocrx_word' id='word_1_154' title='bbox 1842 933 2094 997; x_wconf 87' lang='lat' dir='ltr'><strong>extende,</strong></span> <span class='ocrx_word' id='word_1_155' title='bbox 2129 941 2182 986; x_wconf 89' lang='lat' dir='ltr'><strong>et</strong></span> <span class='ocrx_word' id='word_1_156' title='bbox 2229 930 2459 987; x_wconf 89' lang='lat' dir='ltr'><strong>henedic</strong></span> <span class='ocrx_word' id='word_1_157' title='bbox 2503 944 2599 983; x_wconf 89' lang='lat' dir='ltr'><strong>nos</strong></span> <span class='ocrx_word' id='word_1_158' title='bbox 2638 942 2934 986; x_wconf 79' lang='lat' dir='ltr'><strong>omneszet</strong></span> <span class='ocrx_word' id='word_1_159' title='bbox 2964 933 3008 987; x_wconf 91' lang='lat' dir='ltr'><strong>si</strong></span> <span class='ocrx_word' id='word_1_160' title='bbox 3040 934 3168 1003; x_wconf 88' lang='lat' dir='ltr'><strong>quid</strong></span> <span class='ocrx_word' id='word_1_161' title='bbox 3215 943 3405 1000; x_wconf 79' lang='lat' dir='ltr'><strong>sponte</strong></span> 
     </span>
    </p>
   </div>
   <div class='ocr_carea' id='block_1_24' title="bbox 1844 1021 3405 1096">
    <p class='ocr_par' dir='ltr' id='par_1_24' title="bbox 1844 1021 3405 1096">
     <span class='ocr_line' id='line_1_24' title="bbox 1844 1021 3405 1096; baseline -0.002 -18"><span class='ocrx_word' id='word_1_162' title='bbox 1844 1025 1925 1079; x_wconf 88' lang='lat' dir='ltr'><strong>vel</strong></span> <span class='ocrx_word' id='word_1_163' title='bbox 1960 1032 2148 1079; x_wconf 90' lang='lat' dir='ltr'><strong>coacte</strong></span> <span class='ocrx_word' id='word_1_164' title='bbox 2172 1024 2520 1093; x_wconf 86' lang='lat' dir='ltr'><strong>deliquimus,</strong></span> <span class='ocrx_word' id='word_1_165' title='bbox 2555 1030 2615 1075; x_wconf 92' lang='lat' dir='ltr'><strong>ut</strong></span> <span class='ocrx_word' id='word_1_166' title='bbox 2651 1021 2825 1076; x_wconf 90' lang='lat' dir='ltr'><strong>bonus</strong></span> <span class='ocrx_word' id='word_1_167' title='bbox 2868 1038 2930 1077; x_wconf 84' lang='lat' dir='ltr'><strong>ac</strong></span> <span class='ocrx_word' id='word_1_168' title='bbox 2959 1026 3222 1096; x_wconf 80' lang='lat' dir='ltr'><strong>benignus</strong></span> <span class='ocrx_word' id='word_1_169' title='bbox 3264 1022 3405 1077; x_wconf 87' lang='lat' dir='ltr'><strong>Deus</strong></span> 
     </span>
    </p>
   </div>
   <div class='ocr_carea' id='block_1_25' title="bbox 1844 1113 3399 1187">
    <p class='ocr_par' dir='ltr' id='par_1_25' title="bbox 1844 1113 3399 1187">
     <span class='ocr_line' id='line_1_25' title="bbox 1844 1113 3399 1187; baseline -0.005 -16"><span class='ocrx_word' id='word_1_170' title='bbox 1844 1119 2084 1187; x_wconf 80' lang='lat' dir='ltr'><strong>ignosce,</strong></span> <span class='ocrx_word' id='word_1_171' title='bbox 2116 1126 2170 1170; x_wconf 91' lang='lat' dir='ltr'><strong>et</strong></span> <span class='ocrx_word' id='word_1_172' title='bbox 2205 1116 2342 1171; x_wconf 90' lang='lat' dir='ltr'><strong>bona</strong></span> <span class='ocrx_word' id='word_1_173' title='bbox 2370 1128 2458 1170; x_wconf 91' lang='lat' dir='ltr'><strong>tua</strong></span> <span class='ocrx_word' id='word_1_174' title='bbox 2479 1113 2790 1184; x_wconf 92' lang='lat' dir='ltr'><strong>temporalia</strong></span> <span class='ocrx_word' id='word_1_175' title='bbox 2824 1114 2982 1168; x_wconf 84' lang='lat' dir='ltr'><strong>simul</strong></span> <span class='ocrx_word' id='word_1_176' title='bbox 3006 1128 3165 1186; x_wconf 79' lang='lat' dir='ltr'><strong>atque</strong></span> <span class='ocrx_word' id='word_1_177' title='bbox 3197 1124 3399 1173; x_wconf 68' lang='lat' dir='ltr'><strong>aeterna</strong></span> 
     </span>
    </p>
   </div>
   <div class='ocr_carea' id='block_1_26' title="bbox 1845 1206 3403 1279">
    <p class='ocr_par' dir='ltr' id='par_1_26' title="bbox 1845 1206 3403 1279">
     <span class='ocr_line' id='line_1_26' title="bbox 1845 1206 3403 1279; baseline -0.002 -16"><span class='ocrx_word' id='word_1_178' title='bbox 1845 1210 2044 1279; x_wconf 85' lang='lat' dir='ltr'><strong>largire</strong></span> <span class='ocrx_word' id='word_1_179' title='bbox 2094 1226 2107 1261; x_wconf 92' lang='lat'><strong>:</strong></span> <span class='ocrx_word' id='word_1_180' title='bbox 2150 1206 2508 1262; x_wconf 79' lang='lat' dir='ltr'><strong>Exclamando</strong></span> <span class='ocrx_word' id='word_1_181' title='bbox 2560 1206 2784 1261; x_wconf 84' lang='lat' dir='ltr'><strong>:Tuutn</strong></span> <span class='ocrx_word' id='word_1_182' title='bbox 2834 1215 2917 1260; x_wconf 83' lang='lat' dir='ltr'><strong>est</strong></span> <span class='ocrx_word' id='word_1_183' title='bbox 2964 1207 3105 1260; x_wconf 87' lang='lat' dir='ltr'><strong>enim</strong></span> <span class='ocrx_word' id='word_1_184' title='bbox 3163 1207 3403 1265; x_wconf 86' lang='lat' dir='ltr'><strong>misereri</strong></span> 
     </span>
    </p>
   </div>
   <div class='ocr_carea' id='block_1_27' title="bbox 1843 1297 2693 1363">
    <p class='ocr_par' dir='ltr' id='par_1_27' title="bbox 1843 1297 2693 1363">
     <span class='ocr_line' id='line_1_27' title="bbox 1843 1297 2693 1363; baseline -0.005 -6"><span class='ocrx_word' id='word_1_185' title='bbox 1843 1312 1897 1357; x_wconf 88' lang='lat' dir='ltr'><strong>et</strong></span> <span class='ocrx_word' id='word_1_186' title='bbox 1922 1301 2131 1355; x_wconf 79' lang='lat' dir='ltr'><strong>Salvere</strong></span> <span class='ocrx_word' id='word_1_187' title='bbox 2156 1313 2275 1363; x_wconf 90' lang='lat' dir='ltr'><strong>nos,</strong></span> <span class='ocrx_word' id='word_1_188' title='bbox 2294 1297 2505 1353; x_wconf 88' lang='lat' dir='ltr'><strong>Christe</strong></span> <span class='ocrx_word' id='word_1_189' title='bbox 2536 1299 2693 1353; x_wconf 87' lang='lat' dir='ltr'><strong>Deus.</strong></span> 
     </span>
    </p>
   </div>
   <div class='ocr_carea' id='block_1_28' title="bbox 1915 1475 2551 1544">
    <p class='ocr_par' dir='ltr' id='par_1_28' title="bbox 1915 1475 2551 1544">
     <span class='ocr_line' id='line_1_28' title="bbox 1915 1475 2551 1544; baseline -0.006 -10"><span class='ocrx_word' id='word_1_190' title='bbox 1915 1480 2181 1534; x_wconf 89' lang='lat' dir='ltr'><strong>Diaconus</strong></span> <span class='ocrx_word' id='word_1_191' title='bbox 2214 1495 2228 1532; x_wconf 88' lang='lat'><strong>:</strong></span> <span class='ocrx_word' id='word_1_192' title='bbox 2257 1475 2551 1544; x_wconf 90' lang='lat' dir='ltr'><strong>Sapientia.</strong></span> 
     </span>
    </p>
   </div>
   <div class='ocr_carea' id='block_1_29' title="bbox 1918 1558 3410 1635">
    <p class='ocr_par' dir='ltr' id='par_1_29' title="bbox 1918 1558 3410 1635">
     <span class='ocr_line' id='line_1_29' title="bbox 1918 1558 3410 1635; baseline -0.008 -11"><span class='ocrx_word' id='word_1_193' title='bbox 1918 1569 2205 1624; x_wconf 80' lang='lat' dir='ltr'><strong>Sacerdos.</strong></span> <span class='ocrx_word' id='word_1_194' title='bbox 2285 1568 2383 1635; x_wconf 88' lang='lat' dir='ltr'><strong>Qui</strong></span> <span class='ocrx_word' id='word_1_195' title='bbox 2446 1575 2529 1620; x_wconf 90' lang='lat' dir='ltr'><strong>est</strong></span> <span class='ocrx_word' id='word_1_196' title='bbox 2598 1563 2908 1620; x_wconf 83' lang='lat' dir='ltr'><strong>benedictus</strong></span> <span class='ocrx_word' id='word_1_197' title='bbox 2969 1562 3215 1616; x_wconf 89' lang='lat' dir='ltr'><strong>Christus</strong></span> <span class='ocrx_word' id='word_1_198' title='bbox 3272 1558 3410 1615; x_wconf 87' lang='lat' dir='ltr'><strong>Deus</strong></span> 
     </span>
    </p>
   </div>
   <div class='ocr_carea' id='block_1_30' title="bbox 1846 1653 3409 1733">
    <p class='ocr_par' dir='ltr' id='par_1_30' title="bbox 1846 1653 3409 1733">
     <span class='ocr_line' id='line_1_30' title="bbox 1846 1653 3409 1733; baseline -0.011 -13"><span class='ocrx_word' id='word_1_199' title='bbox 1846 1673 2049 1729; x_wconf 88' lang='lat' dir='ltr'><strong>noster,</strong></span> <span class='ocrx_word' id='word_1_200' title='bbox 2075 1662 2291 1733; x_wconf 87' lang='lat' dir='ltr'><strong>ubique.</strong></span> <span class='ocrx_word' id='word_1_201' title='bbox 2321 1674 2485 1725; x_wconf 88' lang='lat' dir='ltr'><strong>nunc,</strong></span> <span class='ocrx_word' id='word_1_202' title='bbox 2513 1665 2565 1714; x_wconf 89' lang='lat' dir='ltr'><strong>et</strong></span> <span class='ocrx_word' id='word_1_203' title='bbox 2590 1670 2826 1728; x_wconf 77' lang='lat' dir='ltr'><strong>semper,</strong></span> <span class='ocrx_word' id='word_1_204' title='bbox 2850 1663 2905 1709; x_wconf 91' lang='lat' dir='ltr'><strong>et</strong></span> <span class='ocrx_word' id='word_1_205' title='bbox 2932 1654 2983 1707; x_wconf 92' lang='lat' dir='ltr'><strong>in</strong></span> <span class='ocrx_word' id='word_1_206' title='bbox 3024 1653 3215 1708; x_wconf 69' lang='lat' dir='ltr'><strong>saecula</strong></span> <span class='ocrx_word' id='word_1_207' title='bbox 3237 1668 3409 1708; x_wconf 64' lang='lat' dir='ltr'><strong>saecu-</strong></span> 
     </span>
    </p>
   </div>
   <div class='ocr_carea' id='block_1_31' title="bbox 1844 1756 2036 1811">
    <p class='ocr_par' dir='ltr' id='par_1_31' title="bbox 1844 1756 2036 1811">
     <span class='ocr_line' id='line_1_31' title="bbox 1844 1756 2036 1811; baseline -0.005 -1"><span class='ocrx_word' id='word_1_208' title='bbox 1844 1756 2036 1811; x_wconf 91' lang='lat' dir='ltr'><strong>lorum.</strong></span> 
     </span>
    </p>
   </div>
   <div class='ocr_carea' id='block_1_32' title="bbox 250 1829 1741 1921">
    <p class='ocr_par' dir='ltr' id='par_1_32' title="bbox 250 1845 1738 1921">
     <span class='ocr_line' id='line_1_32' title="bbox 250 1845 1738 1921; baseline -0.003 -19"><span class='ocrx_word' id='word_1_209' title='bbox 250 1850 361 1902; x_wconf 72' lang='grc' dir='ltr'>Καὶ</span> <span class='ocrx_word' id='word_1_210' title='bbox 396 1848 651 1918; x_wconf 80' lang='grc' dir='ltr'>ψάλλεται</span> <span class='ocrx_word' id='word_1_211' title='bbox 683 1846 764 1910; x_wconf 87' lang='grc' dir='ltr'><strong>τὸ,</strong></span> <span class='ocrx_word' id='word_1_212' title='bbox 812 1846 1134 1921; x_wconf 81' lang='grc' dir='ltr'>Στερὲωσαι,</span> <span class='ocrx_word' id='word_1_213' title='bbox 1185 1847 1215 1901; x_wconf 84' lang='grc' dir='ltr'><strong>ό</strong></span> <span class='ocrx_word' id='word_1_214' title='bbox 1246 1848 1399 1912; x_wconf 83' lang='grc' dir='ltr'>Θεὸς,</span> <span class='ocrx_word' id='word_1_215' title='bbox 1434 1848 1559 1910; x_wconf 69' lang='grc' dir='ltr'>τοὺς</span> <span class='ocrx_word' id='word_1_216' title='bbox 1588 1845 1738 1916; x_wconf 89' lang='grc' dir='ltr'>βασι-</span> 
     </span>
    </p>
   </div>
   <div class='ocr_carea' id='block_1_33' title="bbox 1844 1829 3408 1921">
    <p class='ocr_par' dir='ltr' id='par_1_33' title="bbox 1908 1832 3408 1903">
     <span class='ocr_line' id='line_1_33' title="bbox 1908 1832 3408 1903; baseline -0.011 -2"><span class='ocrx_word' id='word_1_217' title='bbox 1908 1847 2037 1900; x_wconf 70' lang='lat'><strong>215.</strong></span> <span class='ocrx_word' id='word_1_218' title='bbox 2102 1844 2167 1897; x_wconf 88' lang='lat' dir='ltr'><strong>Et</strong></span> <span class='ocrx_word' id='word_1_219' title='bbox 2216 1842 2469 1896; x_wconf 88' lang='lat' dir='ltr'><strong>canitur:</strong></span> <span class='ocrx_word' id='word_1_220' title='bbox 2527 1840 2829 1903; x_wconf 89' lang='lat' dir='ltr'><strong>Confirma,</strong></span> <span class='ocrx_word' id='word_1_221' title='bbox 2890 1835 3067 1893; x_wconf 87' lang='lat' dir='ltr'><strong>Deus.</strong></span> <span class='ocrx_word' id='word_1_222' title='bbox 3119 1832 3408 1902; x_wconf 86' lang='lat' dir='ltr'><strong>imperato-</strong></span> 
     </span>
    </p>
   </div>
   <div class='ocr_carea' id='block_1_34' title="bbox 175 1937 310 2001">
    <p class='ocr_par' dir='ltr' id='par_1_34' title="bbox 175 1937 310 2001">
     <span class='ocr_line' id='line_1_34' title="bbox 175 1937 310 2001; baseline -0.015 -11"><span class='ocrx_word' id='word_1_223' title='bbox 175 1937 310 2001; x_wconf 75' lang='grc' dir='ltr'>λεῖς.</span> 
     </span>
    </p>
   </div>
   <div class='ocr_carea' id='block_1_35' title="bbox 1844 1950 1950 1987">
    <p class='ocr_par' dir='ltr' id='par_1_35' title="bbox 1844 1950 1950 1987">
     <span class='ocr_line' id='line_1_35' title="bbox 1844 1950 1950 1987; baseline -0.019 0"><span class='ocrx_word' id='word_1_224' title='bbox 1844 1950 1950 1987; x_wconf 86' lang='lat' dir='ltr'><strong>res.</strong></span> 
     </span>
    </p>
   </div>
   <div class='ocr_carea' id='block_1_36' title="bbox 248 2014 3407 2098">
    <p class='ocr_par' dir='ltr' id='par_1_36' title="bbox 248 2014 3407 2098">
     <span class='ocr_line' id='line_1_36' title="bbox 248 2014 3407 2098; baseline -0.004 -19"><span class='ocrx_word' id='word_1_225' title='bbox 248 2026 427 2080; x_wconf 76' lang='lat' dir='ltr'><strong>Coms.</strong></span> <span class='ocrx_word' id='word_1_226' title='bbox 458 2026 607 2081; x_wconf 84' lang='lat' dir='ltr'><strong>lianc</strong></span> <span class='ocrx_word' id='word_1_227' title='bbox 641 2026 938 2082; x_wconf 88' lang='lat' dir='ltr'><strong>orationem</strong></span> <span class='ocrx_word' id='word_1_228' title='bbox 966 2040 1071 2084; x_wconf 92' lang='lat' dir='ltr'><strong>non</strong></span> <span class='ocrx_word' id='word_1_229' title='bbox 1107 2026 1285 2083; x_wconf 81' lang='lat' dir='ltr'><strong>inveni</strong></span> <span class='ocrx_word' id='word_1_230' title='bbox 1312 2040 1483 2098; x_wconf 89' lang='lat' dir='ltr'><strong>usque</strong></span> <span class='ocrx_word' id='word_1_231' title='bbox 1504 2026 1702 2091; x_wconf 88' lang='lat' dir='ltr'><strong>adhuc,</strong></span> <span class='ocrx_word' id='word_1_232' title='bbox 1737 2024 1839 2082; x_wconf 94' lang='lat' dir='ltr'><strong>nisi</strong></span> <span class='ocrx_word' id='word_1_233' title='bbox 1876 2023 2018 2079; x_wconf 89' lang='lat' dir='ltr'><strong>forte</strong></span> <span class='ocrx_word' id='word_1_234' title='bbox 2038 2030 2195 2090; x_wconf 80' lang='lat' dir='ltr'><strong>putes</strong></span> <span class='ocrx_word' id='word_1_235' title='bbox 2223 2034 2343 2075; x_wconf 85' lang='lat' dir='ltr'><strong>esse</strong></span> <span class='ocrx_word' id='word_1_236' title='bbox 2375 2018 2519 2073; x_wconf 89' lang='lat' dir='ltr'><strong>illam</strong></span> <span class='ocrx_word' id='word_1_237' title='bbox 2599 2031 2719 2073; x_wconf 66' lang='lat' dir='ltr'><strong>auat</strong></span> <span class='ocrx_word' id='word_1_238' title='bbox 2745 2024 2925 2070; x_wconf 78' lang='lat' dir='ltr'><strong>exstat</strong></span> <span class='ocrx_word' id='word_1_239' title='bbox 2975 2020 3030 2070; x_wconf 88' lang='lat' dir='ltr'><strong>in</strong></span> <span class='ocrx_word' id='word_1_240' title='bbox 3074 2014 3407 2083; x_wconf 76' lang='lat' dir='ltr'><strong>iiinnologio</strong></span> 
     </span>
    </p>
   </div>
   <div class='ocr_carea' id='block_1_37' title="bbox 174 2098 514 2155">
    <p class='ocr_par' dir='ltr' id='par_1_37' title="bbox 174 2098 514 2155">
     <span class='ocr_line' id='line_1_37' title="bbox 174 2098 514 2155; baseline -0.015 0"><span class='ocrx_word' id='word_1_241' title='bbox 174 2107 233 2155; x_wconf 86' lang='lat' dir='ltr'><strong>et</strong></span> <span class='ocrx_word' id='word_1_242' title='bbox 253 2098 336 2151; x_wconf 89' lang='lat' dir='ltr'><strong>sic</strong></span> <span class='ocrx_word' id='word_1_243' title='bbox 360 2107 514 2152; x_wconf 82' lang='lat' dir='ltr'><strong>sonat</strong></span> 
     </span>
    </p>
   </div>
   <div class='ocr_carea' id='block_1_38' title="bbox 258 2190 1742 2262">
    <p class='ocr_par' dir='ltr' id='par_1_38' title="bbox 258 2190 1742 2262">
     <span class='ocr_line' id='line_1_38' title="bbox 258 2190 1742 2262; baseline 0 -17"><span class='ocrx_word' id='word_1_244' title='bbox 258 2191 576 2261; x_wconf 82' lang='grc' dir='ltr'>Ἐπουράνιε</span> <span class='ocrx_word' id='word_1_245' title='bbox 606 2190 843 2262; x_wconf 80' lang='grc' dir='ltr'>βασιλεῦ,</span> <span class='ocrx_word' id='word_1_246' title='bbox 891 2192 1017 2255; x_wconf 78' lang='grc' dir='ltr'>τοὺς</span> <span class='ocrx_word' id='word_1_247' title='bbox 1067 2206 1289 2253; x_wconf 86' lang='grc' dir='ltr'>πιστους</span> <span class='ocrx_word' id='word_1_248' title='bbox 1340 2190 1742 2261; x_wconf 75' lang='grc' dir='ltr'>ρασιλεῖςήμων</span> 
     </span>
    </p>
   </div>
   <div class='ocr_carea' id='block_1_39' title="bbox 177 2280 1737 2355">
    <p class='ocr_par' dir='ltr' id='par_1_39' title="bbox 177 2280 1737 2355">
     <span class='ocr_line' id='line_1_39' title="bbox 177 2280 1737 2355; baseline -0.003 -19"><span class='ocrx_word' id='word_1_249' title='bbox 177 2284 499 2355; x_wconf 75' lang='grc' dir='ltr'>στερέωσον,</span> <span class='ocrx_word' id='word_1_250' title='bbox 530 2283 626 2352; x_wconf 83' lang='grc' dir='ltr'>τὴν</span> <span class='ocrx_word' id='word_1_251' title='bbox 670 2283 853 2335; x_wconf 91' lang='grc' dir='ltr'>πίστιν</span> <span class='ocrx_word' id='word_1_252' title='bbox 880 2281 1150 2354; x_wconf 81' lang='grc' dir='ltr'>στήριξον,</span> <span class='ocrx_word' id='word_1_253' title='bbox 1181 2280 1251 2334; x_wconf 89' lang='grc' dir='ltr'><strong>τὰ</strong></span> <span class='ocrx_word' id='word_1_254' title='bbox 1295 2281 1422 2353; x_wconf 66' lang='grc' dir='ltr'>ἔθνη</span> <span class='ocrx_word' id='word_1_255' title='bbox 1475 2282 1737 2353; x_wconf 83' lang='grc' dir='ltr'>πράῡνον,</span> 
     </span>
    </p>
   </div>
   <div class='ocr_carea' id='block_1_40' title="bbox 173 2366 1743 2445">
    <p class='ocr_par' dir='ltr' id='par_1_40' title="bbox 173 2366 1743 2445">
     <span class='ocr_line' id='line_1_40' title="bbox 173 2366 1743 2445; baseline -0.004 -16"><span class='ocrx_word' id='word_1_256' title='bbox 173 2376 266 2428; x_wconf 82' lang='grc' dir='ltr'><strong>τὸν</strong></span> <span class='ocrx_word' id='word_1_257' title='bbox 291 2374 492 2444; x_wconf 80' lang='grc' dir='ltr'><strong>κόσμον</strong></span> <span class='ocrx_word' id='word_1_258' title='bbox 511 2376 836 2443; x_wconf 84' lang='grc' dir='ltr'>είρήνευσον,</span> <span class='ocrx_word' id='word_1_259' title='bbox 860 2374 955 2443; x_wconf 75' lang='grc' dir='ltr'>τὴν</span> <span class='ocrx_word' id='word_1_260' title='bbox 978 2374 1135 2441; x_wconf 82' lang='grc' dir='ltr'>ἁγίαν</span> <span class='ocrx_word' id='word_1_261' title='bbox 1159 2374 1324 2445; x_wconf 85' lang='grc' dir='ltr'>μονὴν</span> <span class='ocrx_word' id='word_1_262' title='bbox 1350 2374 1552 2443; x_wconf 80' lang='grc' dir='ltr'>ταύτην</span> <span class='ocrx_word' id='word_1_263' title='bbox 1566 2366 1743 2433; x_wconf 80' lang='grc' dir='ltr'>καλῶς</span> 
     </span>
    </p>
   </div>
   <div class='ocr_carea' id='block_1_41' title="bbox 174 2461 1745 2537">
    <p class='ocr_par' dir='ltr' id='par_1_41' title="bbox 174 2461 1745 2537">
     <span class='ocr_line' id='line_1_41' title="bbox 174 2461 1745 2537; baseline -0.002 -20"><span class='ocrx_word' id='word_1_264' title='bbox 174 2465 521 2535; x_wconf 77' lang='grc' dir='ltr'>διαφύλαξον,</span> <span class='ocrx_word' id='word_1_265' title='bbox 563 2466 691 2527; x_wconf 84' lang='grc' dir='ltr'>τοὺς</span> <span class='ocrx_word' id='word_1_266' title='bbox 729 2466 1165 2536; x_wconf 80' lang='grc' dir='ltr'>προαπελθόντας</span> <span class='ocrx_word' id='word_1_267' title='bbox 1205 2466 1445 2537; x_wconf 80' lang='grc' dir='ltr'>πατέρας</span> <span class='ocrx_word' id='word_1_268' title='bbox 1470 2464 1565 2517; x_wconf 72' lang='grc' dir='ltr'>καὶ</span> <span class='ocrx_word' id='word_1_269' title='bbox 1594 2461 1745 2516; x_wconf 85' lang='grc' dir='ltr'>ἁδελ-</span> 
     </span>
    </p>
   </div>
   <div class='ocr_carea' id='block_1_42' title="bbox 176 2554 1745 2628">
    <p class='ocr_par' dir='ltr' id='par_1_42' title="bbox 176 2554 1745 2628">
     <span class='ocr_line' id='line_1_42' title="bbox 176 2554 1745 2628; baseline -0.004 -15"><span class='ocrx_word' id='word_1_270' title='bbox 176 2560 314 2626; x_wconf 74' lang='grc' dir='ltr'>φοὺς</span> <span class='ocrx_word' id='word_1_271' title='bbox 340 2557 496 2628; x_wconf 75' lang='grc' dir='ltr'>ἡμῶν</span> <span class='ocrx_word' id='word_1_272' title='bbox 538 2558 596 2611; x_wconf 75' lang='grc' dir='ltr'>ὲν</span> <span class='ocrx_word' id='word_1_273' title='bbox 643 2558 866 2628; x_wconf 78' lang='grc' dir='ltr'>σκηναῖς</span> <span class='ocrx_word' id='word_1_274' title='bbox 909 2556 1131 2610; x_wconf 85' lang='grc' dir='ltr'>δικαίων</span> <span class='ocrx_word' id='word_1_275' title='bbox 1159 2556 1339 2622; x_wconf 77' lang='grc' dir='ltr'>τάξον,</span> <span class='ocrx_word' id='word_1_276' title='bbox 1373 2556 1466 2610; x_wconf 78' lang='grc' dir='ltr'>καὶ</span> <span class='ocrx_word' id='word_1_277' title='bbox 1512 2555 1658 2626; x_wconf 74' lang='grc' dir='ltr'>ἡμᾶς</span> <span class='ocrx_word' id='word_1_278' title='bbox 1686 2554 1745 2607; x_wconf 70' lang='lat' dir='ltr'><strong>tv</strong></span> 
     </span>
    </p>
   </div>
   <div class='ocr_carea' id='block_1_43' title="bbox 178 2645 1745 2722">
    <p class='ocr_par' dir='ltr' id='par_1_43' title="bbox 178 2645 1745 2722">
     <span class='ocr_line' id='line_1_43' title="bbox 178 2645 1745 2722; baseline -0.002 -19"><span class='ocrx_word' id='word_1_279' title='bbox 178 2651 440 2721; x_wconf 71' lang='grc' dir='ltr'>μετανοίᾳ</span> <span class='ocrx_word' id='word_1_280' title='bbox 490 2651 584 2704; x_wconf 76' lang='grc' dir='ltr'>καὶ</span> <span class='ocrx_word' id='word_1_281' title='bbox 619 2649 1000 2722; x_wconf 69' lang='grc' dir='ltr'><strong>ἐξομολογήσει</strong></span> <span class='ocrx_word' id='word_1_282' title='bbox 1049 2648 1353 2721; x_wconf 71' lang='grc' dir='ltr'>παράλαϐε,</span> <span class='ocrx_word' id='word_1_283' title='bbox 1412 2648 1489 2711; x_wconf 86' lang='grc' dir='ltr'>ὠς</span> <span class='ocrx_word' id='word_1_284' title='bbox 1542 2645 1745 2716; x_wconf 80' lang='grc' dir='ltr'>ἀγαθὸς</span> 
     </span>
    </p>
   </div>
   <div class='ocr_carea' id='block_1_44' title="bbox 176 2742 699 2813">
    <p class='ocr_par' dir='ltr' id='par_1_44' title="bbox 176 2742 699 2813">
     <span class='ocr_line' id='line_1_44' title="bbox 176 2742 699 2813; baseline 0.008 -20"><span class='ocrx_word' id='word_1_285' title='bbox 176 2743 273 2794; x_wconf 75' lang='grc' dir='ltr'>καὶ</span> <span class='ocrx_word' id='word_1_286' title='bbox 300 2742 489 2810; x_wconf 78' lang='grc' dir='ltr'>φιλὰνο</span> <span class='ocrx_word' id='word_1_287' title='bbox 501 2760 699 2813; x_wconf 87' lang='grc' dir='ltr'>ρωπος.</span> 
     </span>
    </p>
   </div>
   <div class='ocr_carea' id='block_1_45' title="bbox 268 2831 1741 2906">
    <p class='ocr_par' dir='ltr' id='par_1_45' title="bbox 268 2831 1741 2906">
     <span class='ocr_line' id='line_1_45' title="bbox 268 2831 1741 2906; baseline 0 -21"><span class='ocrx_word' id='word_1_288' title='bbox 268 2832 328 2885; x_wconf 87' lang='lat'><strong>&#39;0</strong></span> <span class='ocrx_word' id='word_1_289' title='bbox 382 2831 580 2903; x_wconf 78' lang='grc' dir='ltr'>ίερεὺςο</span> <span class='ocrx_word' id='word_1_290' title='bbox 643 2833 944 2906; x_wconf 77' lang='grc' dir='ltr'>’Υπιραγία</span> <span class='ocrx_word' id='word_1_291' title='bbox 1004 2834 1268 2897; x_wconf 82' lang='grc' dir='ltr'>Θεοτόκε,</span> <span class='ocrx_word' id='word_1_292' title='bbox 1336 2834 1507 2886; x_wconf 84' lang='grc' dir='ltr'>σῶσον</span> <span class='ocrx_word' id='word_1_293' title='bbox 1573 2832 1741 2903; x_wconf 76' lang='grc' dir='ltr'>ἡμᾶς.</span> 
     </span>
    </p>
   </div>
   <div class='ocr_carea' id='block_1_46' title="bbox 175 2922 1746 2997">
    <p class='ocr_par' dir='ltr' id='par_1_46' title="bbox 175 2922 1746 2997">
     <span class='ocr_line' id='line_1_46' title="bbox 175 2922 1746 2997; baseline -0.001 -20"><span class='ocrx_word' id='word_1_294' title='bbox 175 2924 286 2977; x_wconf 77' lang='grc' dir='ltr'><strong>Καὶ</strong></span> <span class='ocrx_word' id='word_1_295' title='bbox 337 2922 615 2992; x_wconf 55' lang='lat' dir='ltr'><strong>essum:-</strong></span> <span class='ocrx_word' id='word_1_296' title='bbox 667 2924 776 2994; x_wconf 85' lang='grc' dir='ltr'><strong>Τὴν</strong></span> <span class='ocrx_word' id='word_1_297' title='bbox 832 2926 1159 2997; x_wconf 68' lang='grc' dir='ltr'>τιμιωτέραν</span> <span class='ocrx_word' id='word_1_298' title='bbox 1202 2924 1309 2978; x_wconf 86' lang='grc' dir='ltr'><strong>τῶν</strong></span> <span class='ocrx_word' id='word_1_299' title='bbox 1338 2922 1617 2994; x_wconf 73' lang='grc' dir='ltr'>χερουσὶμ,</span> <span class='ocrx_word' id='word_1_300' title='bbox 1652 2923 1746 2975; x_wconf 74' lang='grc' dir='ltr'>καὶ</span> 
     </span>
    </p>
   </div>
   <div class='ocr_carea' id='block_1_47' title="bbox 173 3009 1747 3087">
    <p class='ocr_par' dir='ltr' id='par_1_47' title="bbox 173 3009 1747 3087">
     <span class='ocr_line' id='line_1_47' title="bbox 173 3009 1747 3087; baseline -0.001 -21"><span class='ocrx_word' id='word_1_301' title='bbox 173 3013 522 3085; x_wconf 78' lang='grc' dir='ltr'>ἐνδοξοτέραν</span> <span class='ocrx_word' id='word_1_302' title='bbox 549 3014 891 3087; x_wconf 83' lang='grc' dir='ltr'>ἁσυγκρίτως</span> <span class='ocrx_word' id='word_1_303' title='bbox 930 3014 1037 3067; x_wconf 84' lang='grc' dir='ltr'><strong>τῶν</strong></span> <span class='ocrx_word' id='word_1_304' title='bbox 1073 3014 1333 3087; x_wconf 79' lang='grc' dir='ltr'>σεραφὶμ,</span> <span class='ocrx_word' id='word_1_305' title='bbox 1373 3012 1470 3084; x_wconf 83' lang='grc' dir='ltr'>τὴν</span> <span class='ocrx_word' id='word_1_306' title='bbox 1494 3009 1747 3079; x_wconf 85' lang='grc' dir='ltr'>ἀδιαφθό-</span> 
     </span>
    </p>
   </div>
   <div class='ocr_carea' id='block_1_48' title="bbox 178 3102 1743 3179">
    <p class='ocr_par' dir='ltr' id='par_1_48' title="bbox 178 3102 1743 3179">
     <span class='ocr_line' id='line_1_48' title="bbox 178 3102 1743 3179; baseline -0.003 -19"><span class='ocrx_word' id='word_1_307' title='bbox 178 3125 287 3178; x_wconf 85' lang='grc' dir='ltr'><strong>ρως</strong></span> <span class='ocrx_word' id='word_1_308' title='bbox 315 3108 405 3160; x_wconf 89' lang='grc' dir='ltr'><strong>τὸν</strong></span> <span class='ocrx_word' id='word_1_309' title='bbox 456 3107 625 3176; x_wconf 80' lang='grc' dir='ltr'>Λόγον</span> <span class='ocrx_word' id='word_1_310' title='bbox 651 3106 783 3161; x_wconf 86' lang='grc' dir='ltr'>Θεὸν</span> <span class='ocrx_word' id='word_1_311' title='bbox 814 3107 1097 3173; x_wconf 80' lang='grc' dir='ltr'>τεκοῦσαν,</span> <span class='ocrx_word' id='word_1_312' title='bbox 1148 3106 1243 3179; x_wconf 78' lang='grc' dir='ltr'>τὴν</span> <span class='ocrx_word' id='word_1_313' title='bbox 1265 3104 1431 3168; x_wconf 78' lang='grc' dir='ltr'>ὅντως</span> <span class='ocrx_word' id='word_1_314' title='bbox 1462 3102 1743 3167; x_wconf 85' lang='grc' dir='ltr'>Θεοτόκον,</span> 
     </span>
    </p>
   </div>
   <div class='ocr_carea' id='block_1_49' title="bbox 176 3191 1743 3282">
    <p class='ocr_par' dir='ltr' id='par_1_49' title="bbox 176 3191 1743 3282">
     <span class='ocr_line' id='line_1_49' title="bbox 176 3191 1743 3282; baseline -0.001 -35"><span class='ocrx_word' id='word_1_315' title='bbox 176 3197 252 3282; x_wconf 48' lang='grc' dir='ltr'><strong>σὲ.</strong></span> <span class='ocrx_word' id='word_1_316' title='bbox 306 3194 695 3282; x_wconf 54' lang='grc' dir='ltr'>μεγαλύνομεν.</span> <span class='ocrx_word' id='word_1_317' title='bbox 756 3191 889 3251; x_wconf 74' lang='grc' dir='ltr'>Εἶτα</span> <span class='ocrx_word' id='word_1_318' title='bbox 961 3196 1120 3252; x_wconf 89' lang='grc' dir='ltr'>πάλιν</span> <span class='ocrx_word' id='word_1_319' title='bbox 1176 3195 1339 3264; x_wconf 80' lang='grc' dir='ltr'><strong>λέγει·</strong></span> <span class='ocrx_word' id='word_1_320' title='bbox 1411 3192 1547 3257; x_wconf 82' lang='grc' dir='ltr'>Δόξα</span> <span class='ocrx_word' id='word_1_321' title='bbox 1623 3209 1743 3259; x_wconf 91' lang='grc' dir='ltr'>σοι,</span> 
     </span>
    </p>
   </div>
   <div class='ocr_carea' id='block_1_50' title="bbox 173 3272 1741 3361">
    <p class='ocr_par' dir='ltr' id='par_1_50' title="bbox 173 3272 1741 3361">
     <span class='ocr_line' id='line_1_50' title="bbox 173 3272 1741 3361; baseline -0.001 -22"><span class='ocrx_word' id='word_1_322' title='bbox 173 3272 379 3357; x_wconf 68' lang='grc' dir='ltr'>χβισξι</span> <span class='ocrx_word' id='word_1_323' title='bbox 415 3290 443 3341; x_wconf 86' lang='grc' dir='ltr'>ὁ</span> <span class='ocrx_word' id='word_1_324' title='bbox 489 3287 639 3352; x_wconf 85' lang='grc' dir='ltr'>Θεὸς,</span> <span class='ocrx_word' id='word_1_325' title='bbox 670 3290 703 3341; x_wconf 78' lang='grc' dir='ltr'><strong>’ίι</strong></span> <span class='ocrx_word' id='word_1_326' title='bbox 736 3288 888 3353; x_wconf 76' lang='grc' dir='ltr'>ιλπις</span> <span class='ocrx_word' id='word_1_327' title='bbox 936 3289 1110 3361; x_wconf 69' lang='grc' dir='ltr'>ἡμῶν·</span> <span class='ocrx_word' id='word_1_328' title='bbox 1143 3286 1267 3353; x_wconf 77' lang='grc' dir='ltr'>δόξα</span> <span class='ocrx_word' id='word_1_329' title='bbox 1313 3302 1414 3339; x_wconf 88' lang='grc' dir='ltr'>σοι.</span> <span class='ocrx_word' id='word_1_330' title='bbox 1484 3283 1741 3354; x_wconf 76' lang='grc' dir='ltr'><strong>Ἀδελφοί·</strong></span> 
     </span>
    </p>
   </div>
   <div class='ocr_carea' id='block_1_51' title="bbox 173 3379 681 3452">
    <p class='ocr_par' dir='ltr' id='par_1_51' title="bbox 173 3379 681 3452">
     <span class='ocr_line' id='line_1_51' title="bbox 173 3379 681 3452; baseline 0 -19"><span class='ocrx_word' id='word_1_331' title='bbox 173 3379 372 3449; x_wconf 77' lang='grc' dir='ltr'>Κύριε,</span> <span class='ocrx_word' id='word_1_332' title='bbox 394 3380 681 3452; x_wconf 77' lang='grc' dir='ltr'>εὑλόγησον</span> 
     </span>
    </p>
   </div>
   <div class='ocr_carea' id='block_1_52' title="bbox 249 3545 1740 3624">
    <p class='ocr_par' dir='ltr' id='par_1_52' title="bbox 249 3545 1740 3624">
     <span class='ocr_line' id='line_1_52' title="bbox 249 3545 1740 3624; baseline -0.005 -15"><span class='ocrx_word' id='word_1_333' title='bbox 249 3554 362 3609; x_wconf 76' lang='grc' dir='ltr'><strong>Καὶ</strong></span> <span class='ocrx_word' id='word_1_334' title='bbox 382 3551 590 3624; x_wconf 69' lang='grc' dir='ltr'>γίνεται</span> <span class='ocrx_word' id='word_1_335' title='bbox 639 3552 917 3616; x_wconf 85' lang='grc' dir='ltr'>ἀπόλυσις·</span> <span class='ocrx_word' id='word_1_336' title='bbox 966 3550 1002 3624; x_wconf 70' lang='grc' dir='ltr'>ἢ</span> <span class='ocrx_word' id='word_1_337' title='bbox 1032 3551 1129 3623; x_wconf 76' lang='grc' dir='ltr'>μὲν</span> <span class='ocrx_word' id='word_1_338' title='bbox 1162 3549 1276 3605; x_wconf 69' lang='grc' dir='ltr'>ἔστι</span> <span class='ocrx_word' id='word_1_339' title='bbox 1321 3548 1577 3622; x_wconf 79' lang='grc' dir='ltr'><strong>κυριακὴ⁸</strong></span> <span class='ocrx_word' id='word_1_340' title='bbox 1613 3565 1633 3600; x_wconf 84' lang='grc' dir='ltr'><strong>ι</strong></span> <span class='ocrx_word' id='word_1_341' title='bbox 1682 3545 1740 3601; x_wconf 88' lang='lat'><strong>&#39;0</strong></span> 
     </span>
    </p>
   </div>
   <div class='ocr_carea' id='block_1_53' title="bbox 175 3636 1737 3718">
    <p class='ocr_par' dir='ltr' id='par_1_53' title="bbox 175 3636 1737 3718">
     <span class='ocr_line' id='line_1_53' title="bbox 175 3636 1737 3718; baseline -0.008 -15"><span class='ocrx_word' id='word_1_342' title='bbox 175 3646 418 3711; x_wconf 76' lang='grc' dir='ltr'>ἀναστὰς</span> <span class='ocrx_word' id='word_1_343' title='bbox 444 3648 509 3701; x_wconf 66' lang='grc' dir='ltr'>ἐκ</span> <span class='ocrx_word' id='word_1_344' title='bbox 546 3646 753 3717; x_wconf 84' lang='grc' dir='ltr'>νεκρῶν</span> <span class='ocrx_word' id='word_1_345' title='bbox 777 3642 1029 3718; x_wconf 82' lang='grc' dir='ltr'>Χριστὸς,</span> <span class='ocrx_word' id='word_1_346' title='bbox 1072 3643 1101 3695; x_wconf 82' lang='grc' dir='ltr'><strong>ὁ</strong></span> <span class='ocrx_word' id='word_1_347' title='bbox 1128 3641 1378 3713; x_wconf 81' lang='grc' dir='ltr'>ἀληθινὸς</span> <span class='ocrx_word' id='word_1_348' title='bbox 1401 3639 1532 3703; x_wconf 83' lang='grc' dir='ltr'>Θεὸς</span> <span class='ocrx_word' id='word_1_349' title='bbox 1560 3636 1737 3709; x_wconf 79' lang='grc' dir='ltr'>ἡμῶν,</span> 
     </span>
    </p>
   </div>
   <div class='ocr_carea' id='block_1_54' title="bbox 172 3728 1740 3811">
    <p class='ocr_par' dir='ltr' id='par_1_54' title="bbox 172 3728 1740 3811">
     <span class='ocr_line' id='line_1_54' title="bbox 172 3728 1740 3811; baseline -0.006 -18"><span class='ocrx_word' id='word_1_350' title='bbox 172 3742 293 3804; x_wconf 77' lang='grc' dir='ltr'>ταῖς</span> <span class='ocrx_word' id='word_1_351' title='bbox 315 3738 632 3811; x_wconf 70' lang='grc' dir='ltr'>πρεσϐείαις</span> <span class='ocrx_word' id='word_1_352' title='bbox 650 3738 747 3809; x_wconf 85' lang='grc' dir='ltr'>τῆς</span> <span class='ocrx_word' id='word_1_353' title='bbox 758 3734 1133 3808; x_wconf 84' lang='grc' dir='ltr'>παναχρὰντου</span> <span class='ocrx_word' id='word_1_354' title='bbox 1166 3732 1328 3787; x_wconf 83' lang='grc' dir='ltr'>αὑτοῦ</span> <span class='ocrx_word' id='word_1_355' title='bbox 1366 3732 1605 3803; x_wconf 83' lang='grc' dir='ltr'>Μητρὸς,</span> <span class='ocrx_word' id='word_1_356' title='bbox 1631 3728 1740 3783; x_wconf 84' lang='grc' dir='ltr'>τῶν</span> 
     </span>
    </p>
   </div>
   <div class='ocr_carea' id='block_1_55' title="bbox 176 3822 1741 3903">
    <p class='ocr_par' dir='ltr' id='par_1_55' title="bbox 176 3822 1741 3903">
     <span class='ocr_line' id='line_1_55' title="bbox 176 3822 1741 3903; baseline -0.008 -15"><span class='ocrx_word' id='word_1_357' title='bbox 176 3835 347 3903; x_wconf 80' lang='grc' dir='ltr'>ἁγίων</span> <span class='ocrx_word' id='word_1_358' title='bbox 368 3834 592 3898; x_wconf 71' lang='grc' dir='ltr'>ἐνδόξων</span> <span class='ocrx_word' id='word_1_359' title='bbox 614 3833 703 3887; x_wconf 75' lang='grc' dir='ltr'>καὶ</span> <span class='ocrx_word' id='word_1_360' title='bbox 728 3830 1093 3901; x_wconf 84' lang='grc' dir='ltr'>πανευφήμων</span> <span class='ocrx_word' id='word_1_361' title='bbox 1130 3826 1458 3889; x_wconf 86' lang='grc' dir='ltr'>ἀποστόλων,</span> <span class='ocrx_word' id='word_1_362' title='bbox 1491 3823 1583 3878; x_wconf 73' lang='grc' dir='ltr'>καὶ</span> <span class='ocrx_word' id='word_1_363' title='bbox 1606 3822 1741 3876; x_wconf 89' lang='grc' dir='ltr'>πάν-</span> 
     </span>
    </p>
   </div>
   <div class='ocr_carea' id='block_1_56' title="bbox 176 3914 1741 3997">
    <p class='ocr_par' dir='ltr' id='par_1_56' title="bbox 176 3914 1741 3997">
     <span class='ocr_line' id='line_1_56' title="bbox 176 3914 1741 3997; baseline -0.007 -18"><span class='ocrx_word' id='word_1_364' title='bbox 176 3942 284 3979; x_wconf 83' lang='grc' dir='ltr'><strong>των</strong></span> <span class='ocrx_word' id='word_1_365' title='bbox 317 3925 427 3978; x_wconf 82' lang='grc' dir='ltr'><strong>τῶν</strong></span> <span class='ocrx_word' id='word_1_366' title='bbox 460 3926 650 3994; x_wconf 88' lang='grc' dir='ltr'>ἁγίων,</span> <span class='ocrx_word' id='word_1_367' title='bbox 680 3924 873 3997; x_wconf 54' lang='lat' dir='ltr'><strong>“dum</strong></span> <span class='ocrx_word' id='word_1_368' title='bbox 924 3922 1016 3977; x_wconf 71' lang='grc' dir='ltr'>καὶ</span> <span class='ocrx_word' id='word_1_369' title='bbox 1057 3919 1207 3992; x_wconf 83' lang='grc' dir='ltr'>σώσῃ</span> <span class='ocrx_word' id='word_1_370' title='bbox 1247 3918 1413 3988; x_wconf 76' lang='grc' dir='ltr'>ἡμᾶς,</span> <span class='ocrx_word' id='word_1_371' title='bbox 1441 3916 1516 3981; x_wconf 83' lang='grc' dir='ltr'>ὡς</span> <span class='ocrx_word' id='word_1_372' title='bbox 1540 3914 1741 3984; x_wconf 82' lang='grc' dir='ltr'>ἀγαθὸς</span> 
     </span>
    </p>
   </div>
   <div class='ocr_carea' id='block_1_57' title="bbox 175 4014 688 4087">
    <p class='ocr_par' dir='ltr' id='par_1_57' title="bbox 175 4014 688 4087">
     <span class='ocr_line' id='line_1_57' title="bbox 175 4014 688 4087; baseline 0.006 -17"><span class='ocrx_word' id='word_1_373' title='bbox 175 4017 269 4070; x_wconf 74' lang='grc' dir='ltr'>καὶ</span> <span class='ocrx_word' id='word_1_374' title='bbox 288 4014 688 4087; x_wconf 75' lang='grc' dir='ltr'>φιλάνθρωπος.</span> 
     </span>
    </p>
   </div>
   <div class='ocr_carea' id='block_1_58' title="bbox 1911 2177 3410 2251">
    <p class='ocr_par' dir='ltr' id='par_1_58' title="bbox 1911 2177 3410 2251">
     <span class='ocr_line' id='line_1_58' title="bbox 1911 2177 3410 2251; baseline -0.008 -11"><span class='ocrx_word' id='word_1_375' title='bbox 1911 2184 2030 2240; x_wconf 84' lang='lat' dir='ltr'><strong>Rex</strong></span> <span class='ocrx_word' id='word_1_376' title='bbox 2067 2184 2325 2251; x_wconf 73' lang='lat' dir='ltr'><strong>cretestis,</strong></span> <span class='ocrx_word' id='word_1_377' title='bbox 2375 2180 2632 2236; x_wconf 79' lang='lat' dir='ltr'><strong>conﬁrma</strong></span> <span class='ocrx_word' id='word_1_378' title='bbox 2682 2177 2865 2234; x_wconf 82' lang='lat' dir='ltr'><strong>fideles</strong></span> <span class='ocrx_word' id='word_1_379' title='bbox 2914 2179 3264 2246; x_wconf 83' lang='lat' dir='ltr'><strong>imperatores</strong></span> <span class='ocrx_word' id='word_1_380' title='bbox 3313 2192 3410 2229; x_wconf 88' lang='lat' dir='ltr'><strong>no-</strong></span> 
     </span>
    </p>
   </div>
   <div class='ocr_carea' id='block_1_59' title="bbox 1841 2271 3382 2346">
    <p class='ocr_par' dir='ltr' id='par_1_59' title="bbox 1841 2271 3382 2346">
     <span class='ocr_line' id='line_1_59' title="bbox 1841 2271 3382 2346; baseline -0.007 -11"><span class='ocrx_word' id='word_1_381' title='bbox 1841 2289 2017 2345; x_wconf 87' lang='lat' dir='ltr'><strong>stros;</strong></span> <span class='ocrx_word' id='word_1_382' title='bbox 2068 2278 2222 2332; x_wconf 86' lang='lat' dir='ltr'><strong>fidem</strong></span> <span class='ocrx_word' id='word_1_383' title='bbox 2259 2275 2482 2341; x_wconf 81' lang='lat' dir='ltr'><strong>stabili;</strong></span> <span class='ocrx_word' id='word_1_384' title='bbox 2536 2283 2727 2346; x_wconf 90' lang='lat' dir='ltr'><strong>gentes</strong></span> <span class='ocrx_word' id='word_1_385' title='bbox 2780 2272 2999 2343; x_wconf 84' lang='lat' dir='ltr'><strong>mitiga;</strong></span> <span class='ocrx_word' id='word_1_386' title='bbox 3051 2271 3279 2340; x_wconf 83' lang='lat' dir='ltr'><strong>pacifica</strong></span> <span class='ocrx_word' id='word_1_387' title='bbox 3320 2286 3382 2324; x_wconf 87' lang='lat' dir='ltr'><strong>or</strong></span> 
     </span>
    </p>
   </div>
   <div class='ocr_carea' id='block_1_60' title="bbox 1840 2364 3407 2433">
    <p class='ocr_par' dir='ltr' id='par_1_60' title="bbox 1840 2364 3407 2433">
     <span class='ocr_line' id='line_1_60' title="bbox 1840 2364 3407 2433; baseline -0.006 -9"><span class='ocrx_word' id='word_1_388' title='bbox 1840 2370 1997 2433; x_wconf 88' lang='lat' dir='ltr'><strong>bem;</strong></span> <span class='ocrx_word' id='word_1_389' title='bbox 2053 2368 2440 2422; x_wconf 88' lang='lat' dir='ltr'><strong>habitationem</strong></span> <span class='ocrx_word' id='word_1_390' title='bbox 2488 2367 2627 2419; x_wconf 86' lang='lat' dir='ltr'><strong>hanc</strong></span> <span class='ocrx_word' id='word_1_391' title='bbox 2664 2376 2907 2420; x_wconf 84' lang='lat' dir='ltr'><strong>sanctam</strong></span> <span class='ocrx_word' id='word_1_392' title='bbox 2962 2364 3099 2419; x_wconf 84' lang='lat' dir='ltr'><strong>bene</strong></span> <span class='ocrx_word' id='word_1_393' title='bbox 3150 2364 3407 2429; x_wconf 76' lang='lat' dir='ltr'><strong>custodi;</strong></span> 
     </span>
    </p>
   </div>
   <div class='ocr_carea' id='block_1_61' title="bbox 1842 2453 3409 2527">
    <p class='ocr_par' dir='ltr' id='par_1_61' title="bbox 1842 2453 3409 2527">
     <span class='ocr_line' id='line_1_61' title="bbox 1842 2453 3409 2527; baseline -0.001 -18"><span class='ocrx_word' id='word_1_394' title='bbox 1842 2464 2025 2527; x_wconf 81' lang='lat' dir='ltr'><strong>patres</strong></span> <span class='ocrx_word' id='word_1_395' title='bbox 2078 2465 2134 2509; x_wconf 93' lang='lat' dir='ltr'><strong>et</strong></span> <span class='ocrx_word' id='word_1_396' title='bbox 2173 2454 2372 2510; x_wconf 80' lang='lat' dir='ltr'><strong>fratres</strong></span> <span class='ocrx_word' id='word_1_397' title='bbox 2404 2461 2620 2508; x_wconf 87' lang='lat' dir='ltr'><strong>nostros</strong></span> <span class='ocrx_word' id='word_1_398' title='bbox 2652 2453 2936 2508; x_wconf 86' lang='lat' dir='ltr'><strong>defunctos</strong></span> <span class='ocrx_word' id='word_1_399' title='bbox 2981 2454 3185 2509; x_wconf 87' lang='lat' dir='ltr'><strong>colloca</strong></span> <span class='ocrx_word' id='word_1_400' title='bbox 3218 2456 3269 2507; x_wconf 89' lang='lat' dir='ltr'><strong>in</strong></span> <span class='ocrx_word' id='word_1_401' title='bbox 3316 2454 3409 2523; x_wconf 85' lang='lat' dir='ltr'><strong>ju-</strong></span> 
     </span>
    </p>
   </div>
   <div class='ocr_carea' id='block_1_62' title="bbox 1841 2543 3409 2615">
    <p class='ocr_par' dir='ltr' id='par_1_62' title="bbox 1841 2543 3409 2615">
     <span class='ocr_line' id='line_1_62' title="bbox 1841 2543 3409 2615; baseline -0.001 -14"><span class='ocrx_word' id='word_1_402' title='bbox 1841 2556 2048 2601; x_wconf 91' lang='lat' dir='ltr'><strong>storum</strong></span> <span class='ocrx_word' id='word_1_403' title='bbox 2080 2544 2481 2614; x_wconf 86' lang='lat' dir='ltr'><strong>tabernaculis;</strong></span> <span class='ocrx_word' id='word_1_404' title='bbox 2527 2553 2584 2600; x_wconf 90' lang='lat' dir='ltr'><strong>et</strong></span> <span class='ocrx_word' id='word_1_405' title='bbox 2627 2558 2727 2600; x_wconf 90' lang='lat' dir='ltr'><strong>nos</strong></span> <span class='ocrx_word' id='word_1_406' title='bbox 2757 2543 2810 2599; x_wconf 92' lang='lat' dir='ltr'><strong>in</strong></span> <span class='ocrx_word' id='word_1_407' title='bbox 2840 2545 3160 2615; x_wconf 69' lang='lat' dir='ltr'><strong>paenitentia</strong></span> <span class='ocrx_word' id='word_1_408' title='bbox 3189 2562 3253 2599; x_wconf 89' lang='lat' dir='ltr'><strong>ac</strong></span> <span class='ocrx_word' id='word_1_409' title='bbox 3276 2562 3409 2599; x_wconf 87' lang='lat' dir='ltr'><strong>con-</strong></span> 
     </span>
    </p>
   </div>
   <div class='ocr_carea' id='block_1_63' title="bbox 1842 2635 3412 2708">
    <p class='ocr_par' dir='ltr' id='par_1_63' title="bbox 1842 2635 3412 2708">
     <span class='ocr_line' id='line_1_63' title="bbox 1842 2635 3412 2708; baseline 0 -17"><span class='ocrx_word' id='word_1_410' title='bbox 1842 2635 2076 2692; x_wconf 87' lang='lat' dir='ltr'><strong>fessione</strong></span> <span class='ocrx_word' id='word_1_411' title='bbox 2097 2637 2332 2708; x_wconf 86' lang='lat' dir='ltr'><strong>suscipe,</strong></span> <span class='ocrx_word' id='word_1_412' title='bbox 2356 2645 2415 2693; x_wconf 93' lang='lat' dir='ltr'><strong>ut</strong></span> <span class='ocrx_word' id='word_1_413' title='bbox 2439 2641 2530 2707; x_wconf 85' lang='lat' dir='ltr'><strong>qui</strong></span> <span class='ocrx_word' id='word_1_414' title='bbox 2579 2650 2707 2694; x_wconf 89' lang='lat' dir='ltr'><strong>vere</strong></span> <span class='ocrx_word' id='word_1_415' title='bbox 2746 2637 2917 2692; x_wconf 85' lang='lat' dir='ltr'><strong>bonus</strong></span> <span class='ocrx_word' id='word_1_416' title='bbox 2952 2650 3013 2691; x_wconf 88' lang='lat' dir='ltr'><strong>es</strong></span> <span class='ocrx_word' id='word_1_417' title='bbox 3049 2646 3105 2691; x_wconf 90' lang='lat' dir='ltr'><strong>et</strong></span> <span class='ocrx_word' id='word_1_418' title='bbox 3134 2636 3412 2691; x_wconf 90' lang='lat' dir='ltr'><strong>hominum</strong></span> 
     </span>
    </p>
   </div>
   <div class='ocr_carea' id='block_1_64' title="bbox 1917 2817 3411 2878">
    <p class='ocr_par' dir='ltr' id='par_1_64' title="bbox 1917 2817 3411 2878">
     <span class='ocr_line' id='line_1_64' title="bbox 1917 2817 3411 2878; baseline -0.001 -1"><span class='ocrx_word' id='word_1_419' title='bbox 1917 2821 2184 2878; x_wconf 87' lang='lat' dir='ltr'><strong>Sacerdos</strong></span> <span class='ocrx_word' id='word_1_420' title='bbox 2222 2818 2605 2875; x_wconf 89' lang='lat' dir='ltr'><strong>:Sanctissima</strong></span> <span class='ocrx_word' id='word_1_421' title='bbox 2638 2817 2732 2876; x_wconf 90' lang='lat' dir='ltr'><strong>Del</strong></span> <span class='ocrx_word' id='word_1_422' title='bbox 2783 2817 3022 2877; x_wconf 87' lang='lat' dir='ltr'><strong>Gcnitrix</strong></span> <span class='ocrx_word' id='word_1_423' title='bbox 3080 2835 3236 2877; x_wconf 89' lang='lat' dir='ltr'><strong>serva</strong></span> <span class='ocrx_word' id='word_1_424' title='bbox 3290 2837 3411 2876; x_wconf 80' lang='lat' dir='ltr'><strong>nos.</strong></span> 
     </span>
    </p>
   </div>
   <div class='ocr_carea' id='block_1_65' title="bbox 1843 2909 3412 2979">
    <p class='ocr_par' dir='ltr' id='par_1_65' title="bbox 1843 2909 3412 2979">
     <span class='ocr_line' id='line_1_65' title="bbox 1843 2909 3412 2979; baseline -0.001 -12"><span class='ocrx_word' id='word_1_425' title='bbox 1843 2914 1908 2967; x_wconf 87' lang='lat' dir='ltr'><strong>Et</strong></span> <span class='ocrx_word' id='word_1_426' title='bbox 1965 2912 2176 2967; x_wconf 90' lang='lat' dir='ltr'><strong>canitur</strong></span> <span class='ocrx_word' id='word_1_427' title='bbox 2211 2925 2227 2963; x_wconf 93' lang='lat'><strong>:</strong></span> <span class='ocrx_word' id='word_1_428' title='bbox 2282 2909 2687 2979; x_wconf 76' lang='lat' dir='ltr'><strong>Magnificamus</strong></span> <span class='ocrx_word' id='word_1_429' title='bbox 2724 2920 2774 2965; x_wconf 90' lang='lat' dir='ltr'><strong>te</strong></span> <span class='ocrx_word' id='word_1_430' title='bbox 2809 2913 3249 2966; x_wconf 87' lang='lat' dir='ltr'><strong>excellentiorem</strong></span> <span class='ocrx_word' id='word_1_431' title='bbox 3278 2913 3412 2965; x_wconf 79' lang='lat' dir='ltr'><strong>che-</strong></span> 
     </span>
    </p>
   </div>
   <div class='ocr_carea' id='block_1_66' title="bbox 1843 2999 3415 3073">
    <p class='ocr_par' dir='ltr' id='par_1_66' title="bbox 1843 2999 3415 3073">
     <span class='ocr_line' id='line_1_66' title="bbox 1843 2999 3415 3073; baseline -0.001 -17"><span class='ocrx_word' id='word_1_432' title='bbox 1843 3002 2019 3057; x_wconf 88' lang='lat' dir='ltr'><strong>rublm</strong></span> <span class='ocrx_word' id='word_1_433' title='bbox 2053 3039 2070 3065; x_wconf 95' lang='lat'><strong>,</strong></span> <span class='ocrx_word' id='word_1_434' title='bbox 2122 3009 2178 3053; x_wconf 91' lang='lat' dir='ltr'><strong>et</strong></span> <span class='ocrx_word' id='word_1_435' title='bbox 2228 2999 2345 3053; x_wconf 86' lang='lat' dir='ltr'><strong>sine</strong></span> <span class='ocrx_word' id='word_1_436' title='bbox 2379 3000 2779 3067; x_wconf 85' lang='lat' dir='ltr'><strong>comparatione</strong></span> <span class='ocrx_word' id='word_1_437' title='bbox 2822 3001 3088 3071; x_wconf 73' lang='lat' dir='ltr'><strong>seraphin</strong></span> <span class='ocrx_word' id='word_1_438' title='bbox 3119 3001 3415 3073; x_wconf 70' lang='lat' dir='ltr'><strong>gloriosiu-</strong></span> 
     </span>
    </p>
   </div>
   <div class='ocr_carea' id='block_1_67' title="bbox 1845 3091 3408 3165">
    <p class='ocr_par' dir='ltr' id='par_1_67' title="bbox 1845 3091 3408 3165">
     <span class='ocr_line' id='line_1_67' title="bbox 1845 3091 3408 3165; baseline 0.001 -17"><span class='ocrx_word' id='word_1_439' title='bbox 1845 3108 1958 3148; x_wconf 88' lang='lat' dir='ltr'><strong>rem</strong></span> <span class='ocrx_word' id='word_1_440' title='bbox 2018 3113 2032 3147; x_wconf 83' lang='lat'><strong>;</strong></span> <span class='ocrx_word' id='word_1_441' title='bbox 2092 3100 2279 3161; x_wconf 89' lang='lat' dir='ltr'><strong>utpote</strong></span> <span class='ocrx_word' id='word_1_442' title='bbox 2343 3104 2462 3159; x_wconf 70' lang='lat' dir='ltr'><strong>quae</strong></span> <span class='ocrx_word' id='word_1_443' title='bbox 2509 3091 2822 3163; x_wconf 69' lang='lat' dir='ltr'><strong>incsrrupta</strong></span> <span class='ocrx_word' id='word_1_444' title='bbox 2880 3093 3117 3165; x_wconf 89' lang='lat' dir='ltr'><strong>genuisti</strong></span> <span class='ocrx_word' id='word_1_445' title='bbox 3178 3094 3408 3151; x_wconf 76' lang='lat' dir='ltr'><strong>Verbum</strong></span> 
     </span>
    </p>
   </div>
   <div class='ocr_carea' id='block_1_68' title="bbox 1844 3180 3410 3252">
    <p class='ocr_par' dir='ltr' id='par_1_68' title="bbox 1844 3180 3410 3252">
     <span class='ocr_line' id='line_1_68' title="bbox 1844 3180 3410 3252; baseline 0.001 -13"><span class='ocrx_word' id='word_1_446' title='bbox 1844 3184 2034 3248; x_wconf 88' lang='lat' dir='ltr'><strong>Deum,</strong></span> <span class='ocrx_word' id='word_1_447' title='bbox 2075 3183 2299 3251; x_wconf 83' lang='lat' dir='ltr'><strong>ideoque</strong></span> <span class='ocrx_word' id='word_1_448' title='bbox 2343 3194 2469 3236; x_wconf 90' lang='lat' dir='ltr'><strong>vere</strong></span> <span class='ocrx_word' id='word_1_449' title='bbox 2516 3180 2612 3236; x_wconf 88' lang='lat' dir='ltr'><strong>Dei</strong></span> <span class='ocrx_word' id='word_1_450' title='bbox 2652 3183 2878 3252; x_wconf 87' lang='lat' dir='ltr'><strong>genitrix</strong></span> <span class='ocrx_word' id='word_1_451' title='bbox 2903 3198 2982 3239; x_wconf 88' lang='lat' dir='ltr'><strong>es.</strong></span> <span class='ocrx_word' id='word_1_452' title='bbox 3040 3182 3176 3239; x_wconf 86' lang='lat' dir='ltr'><strong>Tum</strong></span> <span class='ocrx_word' id='word_1_453' title='bbox 3217 3185 3410 3241; x_wconf 86' lang='lat' dir='ltr'><strong>iterum</strong></span> 
     </span>
    </p>
   </div>
   <div class='ocr_carea' id='block_1_69' title="bbox 1845 3274 3405 3344">
    <p class='ocr_par' dir='ltr' id='par_1_69' title="bbox 1845 3274 3405 3344">
     <span class='ocr_line' id='line_1_69' title="bbox 1845 3274 3405 3344; baseline -0.002 -12"><span class='ocrx_word' id='word_1_454' title='bbox 1845 3278 1975 3333; x_wconf 87' lang='lat' dir='ltr'><strong>dicit</strong></span> <span class='ocrx_word' id='word_1_455' title='bbox 2040 3294 2055 3331; x_wconf 90' lang='lat'><strong>:</strong></span> <span class='ocrx_word' id='word_1_456' title='bbox 2105 3274 2285 3331; x_wconf 85' lang='lat' dir='ltr'><strong>Gloria</strong></span> <span class='ocrx_word' id='word_1_457' title='bbox 2328 3274 2445 3341; x_wconf 87' lang='lat' dir='ltr'><strong>tibi,</strong></span> <span class='ocrx_word' id='word_1_458' title='bbox 2476 3274 2692 3331; x_wconf 86' lang='lat' dir='ltr'><strong>Christe</strong></span> <span class='ocrx_word' id='word_1_459' title='bbox 2758 3274 2901 3330; x_wconf 88' lang='lat' dir='ltr'><strong>Deus</strong></span> <span class='ocrx_word' id='word_1_460' title='bbox 2932 3314 2948 3341; x_wconf 95' lang='lat'><strong>,</strong></span> <span class='ocrx_word' id='word_1_461' title='bbox 2996 3290 3117 3344; x_wconf 85' lang='lat' dir='ltr'><strong>spes</strong></span> <span class='ocrx_word' id='word_1_462' title='bbox 3176 3286 3358 3331; x_wconf 87' lang='lat' dir='ltr'><strong>nostra</strong></span> <span class='ocrx_word' id='word_1_463' title='bbox 3388 3315 3405 3341; x_wconf 91' lang='lat'><strong>,</strong></span> 
     </span>
    </p>
   </div>
   <div class='ocr_carea' id='block_1_70' title="bbox 1844 3365 3409 3441">
    <p class='ocr_par' dir='ltr' id='par_1_70' title="bbox 1844 3365 3409 3441">
     <span class='ocr_line' id='line_1_70' title="bbox 1844 3365 3409 3441; baseline 0 -18"><span class='ocrx_word' id='word_1_464' title='bbox 1844 3370 2012 3441; x_wconf 88' lang='lat' dir='ltr'><strong>gloria</strong></span> <span class='ocrx_word' id='word_1_465' title='bbox 2054 3368 2168 3423; x_wconf 89' lang='lat' dir='ltr'><strong>tibi.</strong></span> <span class='ocrx_word' id='word_1_466' title='bbox 2229 3367 2448 3423; x_wconf 84' lang='lat' dir='ltr'><strong>Fratres</strong></span> <span class='ocrx_word' id='word_1_467' title='bbox 2508 3366 2836 3440; x_wconf 88' lang='lat' dir='ltr'><strong>respondent</strong></span> <span class='ocrx_word' id='word_1_468' title='bbox 2913 3383 2929 3421; x_wconf 91' lang='lat'><strong>:</strong></span> <span class='ocrx_word' id='word_1_469' title='bbox 2994 3365 3256 3433; x_wconf 84' lang='lat' dir='ltr'><strong>Domine,</strong></span> <span class='ocrx_word' id='word_1_470' title='bbox 3314 3366 3409 3423; x_wconf 85' lang='lat' dir='ltr'><strong>be-</strong></span> 
     </span>
    </p>
   </div>
   <div class='ocr_carea' id='block_1_71' title="bbox 1764 3455 2021 3516">
    <p class='ocr_par' dir='ltr' id='par_1_71' title="bbox 1764 3455 2021 3516">
     <span class='ocr_line' id='line_1_71' title="bbox 1764 3455 2021 3516; baseline -0.016 0"><span class='ocrx_word' id='word_1_471' title='bbox 1764 3455 1809 3516; x_wconf 83' lang='lat' dir='ltr'><strong><em>C</em></strong></span> <span class='ocrx_word' id='word_1_472' title='bbox 1841 3460 2021 3516; x_wconf 89' lang='lat' dir='ltr'><strong>nedic.</strong></span> 
     </span>
    </p>
   </div>
   <div class='ocr_carea' id='block_1_72' title="bbox 1916 3546 3411 3621">
    <p class='ocr_par' dir='ltr' id='par_1_72' title="bbox 1916 3546 3411 3621">
     <span class='ocr_line' id='line_1_72' title="bbox 1916 3546 3411 3621; baseline 0 -15"><span class='ocrx_word' id='word_1_473' title='bbox 1916 3550 1982 3607; x_wconf 85' lang='lat' dir='ltr'><strong>Et</strong></span> <span class='ocrx_word' id='word_1_474' title='bbox 2003 3548 2315 3621; x_wconf 84' lang='lat' dir='ltr'><strong>pronuntiat</strong></span> <span class='ocrx_word' id='word_1_475' title='bbox 2347 3546 2679 3603; x_wconf 90' lang='lat' dir='ltr'><strong>dimissionis</strong></span> <span class='ocrx_word' id='word_1_476' title='bbox 2709 3547 3017 3614; x_wconf 77' lang='lat' dir='ltr'><strong>formulam,</strong></span> <span class='ocrx_word' id='word_1_477' title='bbox 3071 3566 3192 3620; x_wconf 69' lang='lat' dir='ltr'><strong>quas</strong></span> <span class='ocrx_word' id='word_1_478' title='bbox 3220 3552 3411 3606; x_wconf 86' lang='lat' dir='ltr'><strong>diebus</strong></span> 
     </span>
    </p>
   </div>
   <div class='ocr_carea' id='block_1_73' title="bbox 1845 3637 3411 3706">
    <p class='ocr_par' dir='ltr' id='par_1_73' title="bbox 1845 3637 3411 3706">
     <span class='ocr_line' id='line_1_73' title="bbox 1845 3637 3411 3706; baseline -0.004 -7"><span class='ocrx_word' id='word_1_479' title='bbox 1845 3641 2129 3699; x_wconf 90' lang='lat' dir='ltr'><strong>dominicis</strong></span> <span class='ocrx_word' id='word_1_480' title='bbox 2163 3644 2276 3695; x_wconf 66' lang='lat' dir='ltr'><strong>haec</strong></span> <span class='ocrx_word' id='word_1_481' title='bbox 2323 3647 2451 3694; x_wconf 88' lang='lat' dir='ltr'><strong>est:</strong></span> <span class='ocrx_word' id='word_1_482' title='bbox 2508 3637 2609 3706; x_wconf 87' lang='lat' dir='ltr'><strong>Qui</strong></span> <span class='ocrx_word' id='word_1_483' title='bbox 2664 3640 2897 3696; x_wconf 83' lang='lat' dir='ltr'><strong>surrexit</strong></span> <span class='ocrx_word' id='word_1_484' title='bbox 2941 3655 2972 3696; x_wconf 89' lang='lat' dir='ltr'><strong>a</strong></span> <span class='ocrx_word' id='word_1_485' title='bbox 3001 3642 3224 3698; x_wconf 88' lang='lat' dir='ltr'><strong>mortuis</strong></span> <span class='ocrx_word' id='word_1_486' title='bbox 3252 3641 3411 3698; x_wconf 82' lang='lat' dir='ltr'><strong>Chri-</strong></span> 
     </span>
    </p>
   </div>
   <div class='ocr_carea' id='block_1_74' title="bbox 1844 3728 3413 3800">
    <p class='ocr_par' dir='ltr' id='par_1_74' title="bbox 1844 3728 3413 3800">
     <span class='ocr_line' id='line_1_74' title="bbox 1844 3728 3413 3800; baseline 0.001 -11"><span class='ocrx_word' id='word_1_487' title='bbox 1844 3742 1963 3789; x_wconf 90' lang='lat' dir='ltr'><strong>stus</strong></span> <span class='ocrx_word' id='word_1_488' title='bbox 1995 3746 2153 3787; x_wconf 86' lang='lat' dir='ltr'><strong>verus</strong></span> <span class='ocrx_word' id='word_1_489' title='bbox 2181 3728 2325 3785; x_wconf 84' lang='lat' dir='ltr'><strong>Deus</strong></span> <span class='ocrx_word' id='word_1_490' title='bbox 2352 3739 2554 3796; x_wconf 87' lang='lat' dir='ltr'><strong>noster,</strong></span> <span class='ocrx_word' id='word_1_491' title='bbox 2593 3732 2841 3800; x_wconf 88' lang='lat' dir='ltr'><strong>precibus</strong></span> <span class='ocrx_word' id='word_1_492' title='bbox 2872 3733 3200 3790; x_wconf 68' lang='lat' dir='ltr'><strong>intemeratas</strong></span> <span class='ocrx_word' id='word_1_493' title='bbox 3225 3734 3413 3791; x_wconf 68' lang='lat' dir='ltr'><strong>Matris</strong></span> 
     </span>
    </p>
   </div>
   <div class='ocr_carea' id='block_1_75' title="bbox 1845 3823 3410 3897">
    <p class='ocr_par' dir='ltr' id='par_1_75' title="bbox 1845 3823 3410 3897">
     <span class='ocr_line' id='line_1_75' title="bbox 1845 3823 3410 3897; baseline -0.001 -15"><span class='ocrx_word' id='word_1_494' title='bbox 1845 3841 1976 3891; x_wconf 76' lang='lat' dir='ltr'><strong>sum,</strong></span> <span class='ocrx_word' id='word_1_495' title='bbox 2007 3832 2318 3881; x_wconf 85' lang='lat' dir='ltr'><strong>sanctorum</strong></span> <span class='ocrx_word' id='word_1_496' title='bbox 2344 3862 2359 3889; x_wconf 97' lang='lat'><strong>,</strong></span> <span class='ocrx_word' id='word_1_497' title='bbox 2385 3823 2740 3893; x_wconf 88' lang='lat' dir='ltr'><strong>gloriosorum</strong></span> <span class='ocrx_word' id='word_1_498' title='bbox 2773 3833 2829 3880; x_wconf 91' lang='lat' dir='ltr'><strong>et</strong></span> <span class='ocrx_word' id='word_1_499' title='bbox 2854 3826 3244 3897; x_wconf 80' lang='lat' dir='ltr'><strong>percelebrium</strong></span> <span class='ocrx_word' id='word_1_500' title='bbox 3276 3842 3410 3897; x_wconf 86' lang='lat' dir='ltr'><strong>apo-</strong></span> 
     </span>
    </p>
   </div>
   <div class='ocr_carea' id='block_1_76' title="bbox 1848 3915 3415 3986">
    <p class='ocr_par' dir='ltr' id='par_1_76' title="bbox 1848 3915 3415 3986">
     <span class='ocr_line' id='line_1_76' title="bbox 1848 3915 3415 3986; baseline 0 -14"><span class='ocrx_word' id='word_1_501' title='bbox 1848 3918 2130 3984; x_wconf 89' lang='lat' dir='ltr'><strong>stolorum,</strong></span> <span class='ocrx_word' id='word_1_502' title='bbox 2151 3915 2500 3986; x_wconf 89' lang='lat' dir='ltr'><strong>omniumque</strong></span> <span class='ocrx_word' id='word_1_503' title='bbox 2523 3926 2863 3983; x_wconf 87' lang='lat' dir='ltr'><strong>sanctorum,</strong></span> <span class='ocrx_word' id='word_1_504' title='bbox 2887 3919 3209 3973; x_wconf 87' lang='lat' dir='ltr'><strong>misereatur</strong></span> <span class='ocrx_word' id='word_1_505' title='bbox 3225 3926 3283 3972; x_wconf 90' lang='lat' dir='ltr'><strong>et</strong></span> <span class='ocrx_word' id='word_1_506' title='bbox 3305 3934 3415 3973; x_wconf 86' lang='lat' dir='ltr'><strong>ser-</strong></span> 
     </span>
    </p>
   </div>
   <div class='ocr_carea' id='block_1_77' title="bbox 1847 4006 2773 4077">
    <p class='ocr_par' dir='ltr' id='par_1_77' title="bbox 1847 4006 2773 4077">
     <span class='ocr_line' id='line_1_77' title="bbox 1847 4006 2773 4077; baseline 0 -15"><span class='ocrx_word' id='word_1_507' title='bbox 1847 4016 1937 4064; x_wconf 88' lang='lat' dir='ltr'><strong>vet</strong></span> <span class='ocrx_word' id='word_1_508' title='bbox 1969 4024 2091 4073; x_wconf 90' lang='lat' dir='ltr'><strong>nos,</strong></span> <span class='ocrx_word' id='word_1_509' title='bbox 2114 4018 2173 4063; x_wconf 93' lang='lat' dir='ltr'><strong>ut</strong></span> <span class='ocrx_word' id='word_1_510' title='bbox 2198 4008 2371 4063; x_wconf 88' lang='lat' dir='ltr'><strong>bonus</strong></span> <span class='ocrx_word' id='word_1_511' title='bbox 2398 4022 2462 4063; x_wconf 87' lang='lat' dir='ltr'><strong>ac</strong></span> <span class='ocrx_word' id='word_1_512' title='bbox 2486 4006 2773 4077; x_wconf 86' lang='lat' dir='ltr'><strong>benignus.</strong></span> 
     </span>
    </p>
   </div>
   <div class='ocr_carea' id='block_1_78' title="bbox 246 4122 3414 4206">
    <p class='ocr_par' dir='ltr' id='par_1_78' title="bbox 246 4122 3414 4206">
     <span class='ocr_line' id='line_1_78' title="bbox 246 4122 3414 4206; baseline 0 -20"><span class='ocrx_word' id='word_1_513' title='bbox 246 4132 373 4186; x_wconf 71' lang='grc' dir='ltr'><strong>ΞΗ.</strong></span> <span class='ocrx_word' id='word_1_514' title='bbox 408 4129 583 4206; x_wconf 69' lang='lat' dir='ltr'><strong>Cotti.</strong></span> <span class='ocrx_word' id='word_1_515' title='bbox 642 4130 981 4206; x_wconf 69' lang='lat' dir='ltr'><strong>Diinissionis</strong></span> <span class='ocrx_word' id='word_1_516' title='bbox 1028 4127 1255 4206; x_wconf 60' lang='lat' dir='ltr'><strong>formula</strong></span> <span class='ocrx_word' id='word_1_517' title='bbox 1276 4197 1287 4206; x_wconf 31' lang='grc' dir='ltr'>ι</span> <span class='ocrx_word' id='word_1_518' title='bbox 1308 4134 1554 4206; x_wconf 65' lang='lat' dir='ltr'><strong>mutatur</strong></span> <span class='ocrx_word' id='word_1_519' title='bbox 1604 4138 1699 4206; x_wconf 84' lang='lat' dir='ltr'><strong>pro</strong></span> <span class='ocrx_word' id='word_1_520' title='bbox 1725 4124 1939 4206; x_wconf 60' lang='lat' dir='ltr'><strong>ratione</strong></span> <span class='ocrx_word' id='word_1_521' title='bbox 1969 4123 2088 4179; x_wconf 90' lang='lat' dir='ltr'><strong>festi</strong></span> <span class='ocrx_word' id='word_1_522' title='bbox 2104 4122 2206 4206; x_wconf 50' lang='lat' dir='ltr'><strong>“vel</strong></span> <span class='ocrx_word' id='word_1_523' title='bbox 2255 4122 2512 4206; x_wconf 43' lang='lat' dir='ltr'><strong>mzsterii‘</strong></span> <span class='ocrx_word' id='word_1_524' title='bbox 2543 4124 2685 4206; x_wconf 72' lang='lat' dir='ltr'><strong>quod</strong></span> <span class='ocrx_word' id='word_1_525' title='bbox 2710 4124 3047 4206; x_wconf 69' lang='lat' dir='ltr'><strong>celebratur,</strong></span> <span class='ocrx_word' id='word_1_526' title='bbox 3074 4126 3239 4206; x_wconf 73' lang='lat' dir='ltr'><strong>idque</strong></span> <span class='ocrx_word' id='word_1_527' title='bbox 3272 4130 3414 4206; x_wconf 82' lang='lat' dir='ltr'><strong>satis</strong></span> 
     </span>
    </p>
   </div>
   <div class='ocr_carea' id='block_1_79' title="bbox 176 4194 2050 4272">
    <p class='ocr_par' dir='ltr' id='par_1_79' title="bbox 176 4194 2050 4272">
     <span class='ocr_line' id='line_1_79' title="bbox 176 4194 2050 4272; baseline -0.006 -15"><span class='ocrx_word' id='word_1_528' title='bbox 176 4212 326 4272; x_wconf 89' lang='lat' dir='ltr'><strong>patet</strong></span> <span class='ocrx_word' id='word_1_529' title='bbox 354 4202 620 4272; x_wconf 72' lang='lat' dir='ltr'><strong>exaliato</strong></span> <span class='ocrx_word' id='word_1_530' title='bbox 645 4200 914 4272; x_wconf 72' lang='lat' dir='ltr'><strong>Philothei</strong></span> <span class='ocrx_word' id='word_1_531' title='bbox 947 4209 1117 4254; x_wconf 83' lang='lat' dir='ltr'><strong>textu.</strong></span> <span class='ocrx_word' id='word_1_532' title='bbox 1152 4197 1245 4272; x_wconf 80' lang='lat' dir='ltr'><strong>Sic</strong></span> <span class='ocrx_word' id='word_1_533' title='bbox 1276 4197 1329 4249; x_wconf 89' lang='lat' dir='ltr'><strong>in</strong></span> <span class='ocrx_word' id='word_1_534' title='bbox 1353 4196 1569 4272; x_wconf 69' lang='lat' dir='ltr'><strong>Christi</strong></span> <span class='ocrx_word' id='word_1_535' title='bbox 1592 4194 1996 4272; x_wconf 80' lang='lat' dir='ltr'><strong>natali_dicitur</strong></span> <span class='ocrx_word' id='word_1_536' title='bbox 2036 4210 2050 4246; x_wconf 89' lang='lat'><strong>:</strong></span> 
     </span>
    </p>
   </div>
   <div class='ocr_carea' id='block_1_80' title="bbox 2104 4192 3408 4273">
    <p class='ocr_par' dir='ltr' id='par_1_80' title="bbox 2104 4192 3408 4273">
     <span class='ocr_line' id='line_1_80' title="bbox 2104 4192 3408 4273; baseline 0.003 -26"><span class='ocrx_word' id='word_1_537' title='bbox 2104 4194 2165 4247; x_wconf 79' lang='grc' dir='ltr'>ὐ</span> <span class='ocrx_word' id='word_1_538' title='bbox 2189 4192 2353 4273; x_wconf 58' lang='grc' dir='ltr'>ἀντῷ</span> <span class='ocrx_word' id='word_1_539' title='bbox 2380 4192 2630 4273; x_wconf 78' lang='grc' dir='ltr'>σπηλαίῳ</span> <span class='ocrx_word' id='word_1_540' title='bbox 2677 4195 2976 4273; x_wconf 55' lang='grc' dir='ltr'>γεννηθείς,</span> <span class='ocrx_word' id='word_1_541' title='bbox 3022 4198 3117 4253; x_wconf 79' lang='grc' dir='ltr'>καὶ</span> <span class='ocrx_word' id='word_1_542' title='bbox 3145 4192 3203 4253; x_wconf 75' lang='grc' dir='ltr'>ἐν</span> <span class='ocrx_word' id='word_1_543' title='bbox 3231 4200 3408 4273; x_wconf 80' lang='grc' dir='ltr'>φάτνῃ</span> 
     </span>
    </p>
   </div>
   <div class='ocr_carea' id='block_1_81' title="bbox 176 4264 1741 4340">
    <p class='ocr_par' dir='ltr' id='par_1_81' title="bbox 176 4264 1741 4340">
     <span class='ocr_line' id='line_1_81' title="bbox 176 4264 1741 4340; baseline -0.006 -14"><span class='ocrx_word' id='word_1_544' title='bbox 176 4264 489 4334; x_wconf 76' lang='grc' dir='ltr'>ἀνακλιθεὶς</span> <span class='ocrx_word' id='word_1_545' title='bbox 538 4269 627 4323; x_wconf 81' lang='grc' dir='ltr'><strong>διὰ</strong></span> <span class='ocrx_word' id='word_1_546' title='bbox 668 4270 766 4340; x_wconf 82' lang='grc' dir='ltr'>τὴν</span> <span class='ocrx_word' id='word_1_547' title='bbox 800 4268 956 4340; x_wconf 57' lang='grc' dir='ltr'>ήμέῦν</span> <span class='ocrx_word' id='word_1_548' title='bbox 988 4266 1300 4340; x_wconf 76' lang='grc' dir='ltr'>σωτηρίαν.</span> <span class='ocrx_word' id='word_1_549' title='bbox 1337 4284 1356 4340; x_wconf 72' lang='grc' dir='ltr'>ι</span> <span class='ocrx_word' id='word_1_550' title='bbox 1389 4265 1503 4340; x_wconf 76' lang='lat' dir='ltr'><strong>Qui</strong></span> <span class='ocrx_word' id='word_1_551' title='bbox 1559 4266 1741 4340; x_wconf 43' lang='lat' dir='ltr'><strong>inuspi</strong></span> 
     </span>
    </p>
   </div>
   <div class='ocr_carea' id='block_1_82' title="bbox 1844 4264 3410 4340">
    <p class='ocr_par' dir='ltr' id='par_1_82' title="bbox 1844 4264 3410 4340">
     <span class='ocr_line' id='line_1_82' title="bbox 1844 4264 3410 4340; baseline 0.004 -22"><span class='ocrx_word' id='word_1_552' title='bbox 1844 4280 1923 4340; x_wconf 76' lang='lat' dir='ltr'><strong>lca</strong></span> <span class='ocrx_word' id='word_1_553' title='bbox 1976 4274 2136 4340; x_wconf 72' lang='lat' dir='ltr'><strong>natus</strong></span> <span class='ocrx_word' id='word_1_554' title='bbox 2188 4271 2287 4340; x_wconf 60' lang='lat' dir='ltr'><strong>est</strong></span> <span class='ocrx_word' id='word_1_555' title='bbox 2323 4264 2379 4319; x_wconf 84' lang='lat' dir='ltr'><strong>et</strong></span> <span class='ocrx_word' id='word_1_556' title='bbox 2436 4264 2488 4318; x_wconf 88' lang='lat' dir='ltr'><strong>in</strong></span> <span class='ocrx_word' id='word_1_557' title='bbox 2530 4264 2768 4340; x_wconf 74' lang='lat' dir='ltr'><strong>praesepe</strong></span> <span class='ocrx_word' id='word_1_558' title='bbox 2813 4264 3151 4340; x_wconf 70' lang='lat' dir='ltr'><strong>reclinatus.</strong></span> <span class='ocrx_word' id='word_1_559' title='bbox 3188 4264 3410 4340; x_wconf 61' lang='lat' dir='ltr'><strong>propter</strong></span> 
     </span>
    </p>
   </div>
   <div class='ocr_carea' id='block_1_83' title="bbox 176 4332 1741 4415">
    <p class='ocr_par' dir='ltr' id='par_1_83' title="bbox 176 4332 1741 4415">
     <span class='ocr_line' id='line_1_83' title="bbox 176 4332 1741 4415; baseline -0.007 -19"><span class='ocrx_word' id='word_1_560' title='bbox 176 4354 419 4397; x_wconf 81' lang='lat' dir='ltr'><strong>nustram</strong></span> <span class='ocrx_word' id='word_1_561' title='bbox 458 4332 735 4415; x_wconf 47' lang='lat' dir='ltr'><strong>salutem:</strong></span> <span class='ocrx_word' id='word_1_562' title='bbox 785 4332 958 4415; x_wconf 55' lang='lat' dir='ltr'><strong>s&#39;:_Et_</strong></span> <span class='ocrx_word' id='word_1_563' title='bbox 986 4338 1041 4392; x_wconf 89' lang='lat' dir='ltr'><strong>in</strong></span> <span class='ocrx_word' id='word_1_564' title='bbox 1081 4332 1552 4415; x_wconf 55' lang='lat' dir='ltr'><strong>Circumcisiune“:</strong></span> 
     </span>
    </p>
   </div>
   <div class='ocr_carea' id='block_1_84' title="bbox 1844 4332 3411 4415">
    <p class='ocr_par' dir='ltr' id='par_1_84' title="bbox 1844 4332 3411 4415">
     <span class='ocr_line' id='line_1_84' title="bbox 1844 4332 3411 4415; baseline 0.003 -29"><span class='ocrx_word' id='word_1_565' title='bbox 1844 4336 1899 4405; x_wconf 80' lang='grc' dir='ltr'>τῇ</span> <span class='ocrx_word' id='word_1_566' title='bbox 1971 4334 2131 4415; x_wconf 72' lang='grc' dir='ltr'>όγδόῃ</span> <span class='ocrx_word' id='word_1_567' title='bbox 2182 4332 2364 4415; x_wconf 66' lang='grc' dir='ltr'><strong>ᾑμέρὲ</strong></span> <span class='ocrx_word' id='word_1_568' title='bbox 2429 4332 2590 4415; x_wconf 66' lang='grc' dir='ltr'>σαρκὶ</span> <span class='ocrx_word' id='word_1_569' title='bbox 2631 4332 3051 4415; x_wconf 44' lang='grc' dir='ltr'>’περιτμηθῆναι</span> <span class='ocrx_word' id='word_1_570' title='bbox 3103 4332 3411 4415; x_wconf 42' lang='grc' dir='ltr'>,καταξεεᾲ-</span> 
     </span>
    </p>
   </div>
   <div class='ocr_carea' id='block_1_85' title="bbox 180 4403 3414 4481">
    <p class='ocr_par' dir='ltr' id='par_1_85' title="bbox 180 4403 3414 4481">
     <span class='ocr_line' id='line_1_85' title="bbox 180 4403 3414 4481; baseline -0 -17"><span class='ocrx_word' id='word_1_571' title='bbox 180 4428 362 4481; x_wconf 80' lang='grc' dir='ltr'>μενος,</span> <span class='ocrx_word' id='word_1_572' title='bbox 400 4429 419 4462; x_wconf 82' lang='grc' dir='ltr'>ι</span> <span class='ocrx_word' id='word_1_573' title='bbox 449 4411 548 4476; x_wconf 85' lang='lat' dir='ltr'><strong>Qui</strong></span> <span class='ocrx_word' id='word_1_574' title='bbox 586 4408 997 4481; x_wconf 8' lang='lat' dir='ltr'><strong>octavo_diegin</strong></span> <span class='ocrx_word' id='word_1_575' title='bbox 1031 4421 1202 4481; x_wconf 79' lang='lat' dir='ltr'><strong>carne</strong></span> <span class='ocrx_word' id='word_1_576' title='bbox 1230 4404 1540 4481; x_wconf 84' lang='lat' dir='ltr'><strong>circumcidi</strong></span> <span class='ocrx_word' id='word_1_577' title='bbox 1575 4404 1809 4481; x_wconf 77' lang='lat' dir='ltr'><strong>voluisti,</strong></span> <span class='ocrx_word' id='word_1_578' title='bbox 1842 4403 1947 4481; x_wconf 67' lang='lat' dir='ltr'><strong>etc.</strong></span> <span class='ocrx_word' id='word_1_579' title='bbox 1978 4403 2840 4481; x_wconf 39' lang='lat' dir='ltr'><strong>lf‘oniiulas.a_lias,_aliis_l)oniin&#39;i</strong></span> <span class='ocrx_word' id='word_1_580' title='bbox 2877 4403 3063 4481; x_wconf 76' lang='lat' dir='ltr'><strong>nostro</strong></span> <span class='ocrx_word' id='word_1_581' title='bbox 3096 4406 3231 4481; x_wconf 67' lang='lat' dir='ltr'><strong>Jesu</strong></span> <span class='ocrx_word' id='word_1_582' title='bbox 3253 4403 3414 4481; x_wconf 80' lang='lat' dir='ltr'><strong>Chri-</strong></span> 
     </span>
    </p>
   </div>
   <div class='ocr_carea' id='block_1_86' title="bbox 178 4473 3413 4549">
    <p class='ocr_par' dir='ltr' id='par_1_86' title="bbox 178 4473 3413 4549">
     <span class='ocr_line' id='line_1_86' title="bbox 178 4473 3413 4549; baseline -0.001 -15"><span class='ocrx_word' id='word_1_583' title='bbox 178 4473 244 4535; x_wconf 72' lang='grc' dir='ltr'><strong>ὲιι</strong></span> <span class='ocrx_word' id='word_1_584' title='bbox 278 4473 431 4535; x_wconf 76' lang='lat' dir='ltr'><strong>fesiis</strong></span> <span class='ocrx_word' id='word_1_585' title='bbox 463 4473 517 4535; x_wconf 80' lang='lat' dir='ltr'><strong>et</strong></span> <span class='ocrx_word' id='word_1_586' title='bbox 551 4480 754 4549; x_wconf 79' lang='lat' dir='ltr'><strong>aliquot</strong></span> <span class='ocrx_word' id='word_1_587' title='bbox 784 4477 1073 4549; x_wconf 82' lang='lat' dir='ltr'><strong>Dominicis</strong></span> <span class='ocrx_word' id='word_1_588' title='bbox 1101 4476 1568 4549; x_wconf 74' lang='lat' dir='ltr'><strong>accommodatas,</strong></span> <span class='ocrx_word' id='word_1_589' title='bbox 1599 4474 1899 4549; x_wconf 62' lang='lat' dir='ltr'><strong>valerequi</strong></span> <span class='ocrx_word' id='word_1_590' title='bbox 1926 4474 2180 4549; x_wconf 56' lang='lat' dir='ltr'><strong>soluerit,</strong></span> <span class='ocrx_word' id='word_1_591' title='bbox 2217 4492 2235 4525; x_wconf 83' lang='grc' dir='ltr'>ι</span> <span class='ocrx_word' id='word_1_592' title='bbox 2276 4474 2365 4528; x_wconf 91' lang='lat' dir='ltr'><strong>ille</strong></span> <span class='ocrx_word' id='word_1_593' title='bbox 2396 4475 2560 4549; x_wconf 71' lang='lat' dir='ltr'><strong>adeat</strong></span> <span class='ocrx_word' id='word_1_594' title='bbox 2589 4473 2823 4549; x_wconf 68' lang='lat' dir='ltr'><strong>Gnarum</strong></span> <span class='ocrx_word' id='word_1_595' title='bbox 2864 4478 2931 4549; x_wconf 74' lang='lat' dir='ltr'><strong>ad</strong></span> <span class='ocrx_word' id='word_1_596' title='bbox 2956 4476 3160 4549; x_wconf 81' lang='lat' dir='ltr'><strong>calcem</strong></span> <span class='ocrx_word' id='word_1_597' title='bbox 3193 4478 3413 4533; x_wconf 81' lang='lat' dir='ltr'><strong>Euclio-</strong></span> 
     </span>
    </p>
   </div>
   <div class='ocr_carea' id='block_1_87' title="bbox 180 4544 3412 4621">
    <p class='ocr_par' dir='ltr' id='par_1_87' title="bbox 180 4544 3412 4621">
     <span class='ocr_line' id='line_1_87' title="bbox 180 4544 3412 4621; baseline -0.001 -18"><span class='ocrx_word' id='word_1_598' title='bbox 180 4551 328 4621; x_wconf 80' lang='lat' dir='ltr'><strong>logii.</strong></span> <span class='ocrx_word' id='word_1_599' title='bbox 368 4549 498 4621; x_wconf 78' lang='lat' dir='ltr'><strong>Mihi</strong></span> <span class='ocrx_word' id='word_1_600' title='bbox 523 4544 699 4603; x_wconf 76' lang='lat' dir='ltr'><strong>autem</strong></span> <span class='ocrx_word' id='word_1_601' title='bbox 738 4549 874 4621; x_wconf 76' lang='lat' dir='ltr'><strong>satis</strong></span> <span class='ocrx_word' id='word_1_602' title='bbox 908 4548 1067 4601; x_wconf 85' lang='lat' dir='ltr'><strong>fuerit</strong></span> <span class='ocrx_word' id='word_1_603' title='bbox 1101 4546 1187 4599; x_wconf 92' lang='lat' dir='ltr'><strong>hic</strong></span> <span class='ocrx_word' id='word_1_604' title='bbox 1213 4548 1398 4621; x_wconf 82' lang='lat' dir='ltr'><strong>paucis</strong></span> <span class='ocrx_word' id='word_1_605' title='bbox 1419 4560 1495 4621; x_wconf 82' lang='lat' dir='ltr'><strong>_ex</strong></span> <span class='ocrx_word' id='word_1_606' title='bbox 1530 4544 1723 4621; x_wconf 32' lang='lat' dir='ltr'><strong>eodem.</strong></span> <span class='ocrx_word' id='word_1_607' title='bbox 1746 4544 2027 4621; x_wconf 81' lang='lat' dir='ltr'><strong>Philotheo</strong></span> <span class='ocrx_word' id='word_1_608' title='bbox 2074 4558 2181 4621; x_wconf 79' lang='lat' dir='ltr'><strong>ann</strong></span> <span class='ocrx_word' id='word_1_609' title='bbox 2203 4545 2474 4621; x_wconf 86' lang='lat' dir='ltr'><strong>otare,_in</strong></span> <span class='ocrx_word' id='word_1_610' title='bbox 2499 4544 2843 4621; x_wconf 75' lang='lat' dir='ltr'><strong>dimissionis</strong></span> <span class='ocrx_word' id='word_1_611' title='bbox 2877 4545 3124 4621; x_wconf 67' lang='lat' dir='ltr'><strong>formula</strong></span> <span class='ocrx_word' id='word_1_612' title='bbox 3155 4562 3185 4601; x_wconf 90' lang='lat' dir='ltr'><strong>a</strong></span> <span class='ocrx_word' id='word_1_613' title='bbox 3220 4563 3412 4621; x_wconf 79' lang='lat' dir='ltr'><strong>sacer-</strong></span> 
     </span>
    </p>
   </div>
   <div class='ocr_carea' id='block_1_88' title="bbox 181 4612 3415 4686">
    <p class='ocr_par' dir='ltr' id='par_1_88' title="bbox 181 4612 3415 4686">
     <span class='ocr_line' id='line_1_88' title="bbox 181 4612 3415 4686; baseline 0.001 -17"><span class='ocrx_word' id='word_1_614' title='bbox 181 4612 306 4673; x_wconf 57' lang='lat' dir='ltr'><strong>diue</strong></span> <span class='ocrx_word' id='word_1_615' title='bbox 338 4620 513 4673; x_wconf 77' lang='lat' dir='ltr'><strong>solere</strong></span> <span class='ocrx_word' id='word_1_616' title='bbox 544 4617 877 4686; x_wconf 81' lang='lat' dir='ltr'><strong>pronuntiari</strong></span> <span class='ocrx_word' id='word_1_617' title='bbox 904 4632 1096 4671; x_wconf 90' lang='lat' dir='ltr'><strong>nomen</strong></span> <span class='ocrx_word' id='word_1_618' title='bbox 1128 4620 1321 4686; x_wconf 72' lang='lat' dir='ltr'><strong>sancti,</strong></span> <span class='ocrx_word' id='word_1_619' title='bbox 1351 4612 1677 4686; x_wconf 69' lang='lat' dir='ltr'><strong>cujussacra</strong></span> <span class='ocrx_word' id='word_1_620' title='bbox 1714 4614 1802 4667; x_wconf 80' lang='lat' dir='ltr'><strong>lux</strong></span> <span class='ocrx_word' id='word_1_621' title='bbox 1846 4616 2047 4686; x_wconf 89' lang='lat' dir='ltr'><strong>agitu_r,</strong></span> <span class='ocrx_word' id='word_1_622' title='bbox 2082 4614 2127 4666; x_wconf 84' lang='lat' dir='ltr'><strong>si</strong></span> <span class='ocrx_word' id='word_1_623' title='bbox 2166 4624 2344 4686; x_wconf 53' lang='lat' dir='ltr'><strong>tanien</strong></span> <span class='ocrx_word' id='word_1_624' title='bbox 2375 4612 2537 4668; x_wconf 87' lang='lat' dir='ltr'><strong>fuerit</strong></span> <span class='ocrx_word' id='word_1_625' title='bbox 2574 4629 2605 4669; x_wconf 87' lang='lat' dir='ltr'><strong>e</strong></span> <span class='ocrx_word' id='word_1_626' title='bbox 2648 4616 2853 4670; x_wconf 88' lang='lat' dir='ltr'><strong>sanctis</strong></span> <span class='ocrx_word' id='word_1_627' title='bbox 2876 4616 3178 4685; x_wconf 69' lang='lat' dir='ltr'><strong>praecipuis.</strong></span> <span class='ocrx_word' id='word_1_628' title='bbox 3213 4618 3415 4684; x_wconf 84' lang='lat' dir='ltr'><strong>Quam-</strong></span> 
     </span>
    </p>
   </div>
   <div class='ocr_carea' id='block_1_89' title="bbox 181 4680 3409 4807">
    <p class='ocr_par' dir='ltr' id='par_1_89' title="bbox 181 4680 3409 4807">
     <span class='ocr_line' id='line_1_89' title="bbox 181 4680 3409 4807; baseline 0 -66"><span class='ocrx_word' id='word_1_629' title='bbox 181 4692 393 4753; x_wconf 78' lang='lat' dir='ltr'><strong>obrem,</strong></span> <span class='ocrx_word' id='word_1_630' title='bbox 429 4680 556 4741; x_wconf 79' lang='lat' dir='ltr'><strong>cum</strong></span> <span class='ocrx_word' id='word_1_631' title='bbox 613 4688 842 4742; x_wconf 76' lang='lat' dir='ltr'><strong>Basilius</strong></span> <span class='ocrx_word' id='word_1_632' title='bbox 878 4687 1118 4755; x_wconf 83' lang='lat' dir='ltr'><strong>Magnus,</strong></span> <span class='ocrx_word' id='word_1_633' title='bbox 1144 4684 1437 4752; x_wconf 74' lang='lat' dir='ltr'><strong>Gregorius</strong></span> <span class='ocrx_word' id='word_1_634' title='bbox 1468 4681 1837 4737; x_wconf 78' lang='lat' dir='ltr'><strong>Nazianzenus</strong></span> <span class='ocrx_word' id='word_1_635' title='bbox 1884 4680 1939 4736; x_wconf 88' lang='lat' dir='ltr'><strong>et</strong></span> <span class='ocrx_word' id='word_1_636' title='bbox 1979 4680 2215 4737; x_wconf 82' lang='lat' dir='ltr'><strong>Joannes</strong></span> <span class='ocrx_word' id='word_1_637' title='bbox 2246 4681 2666 4807; x_wconf 50' lang='lat' dir='ltr'><strong>Chrgsostomus</strong></span> <span class='ocrx_word' id='word_1_638' title='bbox 2692 4686 2832 4739; x_wconf 92' lang='lat' dir='ltr'><strong>inter</strong></span> <span class='ocrx_word' id='word_1_639' title='bbox 2859 4680 3157 4754; x_wconf 72' lang='lat' dir='ltr'><strong>praecipuos</strong></span> <span class='ocrx_word' id='word_1_640' title='bbox 3187 4680 3409 4743; x_wconf 67' lang='lat' dir='ltr'><strong>sanctus</strong></span> 
     </span>
     <span class='ocr_line' id='line_1_90' title="bbox 181 4752 3409 4807; baseline 0 0"><span class='ocrx_word' id='word_1_641' title='bbox 181 4777 208 4807; x_wconf 80' lang='lat' dir='ltr'><strong>a</strong></span> <span class='ocrx_word' id='word_1_642' title='bbox 234 4760 439 4807; x_wconf 65' lang='lat' dir='ltr'><strong>Graecis</strong></span> <span class='ocrx_word' id='word_1_643' title='bbox 475 4773 687 4807; x_wconf 81' lang='lat' dir='ltr'><strong>setnuer</strong></span> <span class='ocrx_word' id='word_1_644' title='bbox 716 4759 882 4807; x_wconf 79' lang='lat' dir='ltr'><strong>habiti</strong></span> <span class='ocrx_word' id='word_1_645' title='bbox 913 4758 1130 4807; x_wconf 90' lang='lat' dir='ltr'><strong>fuerint.</strong></span> <span class='ocrx_word' id='word_1_646' title='bbox 1168 4755 1520 4807; x_wconf 82' lang='lat' dir='ltr'><strong>dubitandum</strong></span> <span class='ocrx_word' id='word_1_647' title='bbox 1553 4770 1657 4806; x_wconf 87' lang='lat' dir='ltr'><strong>non</strong></span> <span class='ocrx_word' id='word_1_648' title='bbox 1694 4762 1800 4807; x_wconf 81' lang='lat' dir='ltr'><strong>est.</strong></span> <span class='ocrx_word' id='word_1_649' title='bbox 1832 4754 1962 4807; x_wconf 88' lang='lat' dir='ltr'><strong>uuiu</strong></span> <span class='ocrx_word' id='word_1_650' title='bbox 2010 4753 2061 4806; x_wconf 90' lang='lat' dir='ltr'><strong>in</strong></span> <span class='ocrx_word' id='word_1_651' title='bbox 2091 4752 2319 4807; x_wconf 84' lang='lat' dir='ltr'><strong>huiusce</strong></span> <span class='ocrx_word' id='word_1_652' title='bbox 2380 4752 2447 4807; x_wconf 89' lang='lat' dir='ltr'><strong>iei</strong></span> <span class='ocrx_word' id='word_1_653' title='bbox 2486 4754 2803 4807; x_wconf 83' lang='lat' dir='ltr'><strong>dimissione</strong></span> <span class='ocrx_word' id='word_1_654' title='bbox 2825 4754 3057 4807; x_wconf 80' lang='lat' dir='ltr'><strong>debeant</strong></span> <span class='ocrx_word' id='word_1_655' title='bbox 3083 4769 3273 4807; x_wconf 86' lang='lat' dir='ltr'><strong>eorum</strong></span> <span class='ocrx_word' id='word_1_656' title='bbox 3307 4773 3409 4807; x_wconf 88' lang='lat' dir='ltr'><strong>no-</strong></span> 
     </span>
    </p>
   </div>
   <div class='ocr_carea' id='block_1_90' title="bbox 180 4752 2319 4824">
    <p class='ocr_par' dir='ltr' id='par_1_90' title="bbox 180 4752 2319 4824">
     <span class='ocr_line' id='line_1_91' title="bbox 180 4752 2319 4824; baseline -0.002 -13"><span class='ocrx_word' id='word_1_657' title='bbox 180 4777 208 4811; x_wconf 88' lang='lat' dir='ltr'><strong>a</strong></span> <span class='ocrx_word' id='word_1_658' title='bbox 234 4752 439 4814; x_wconf 52' lang='lat' dir='ltr'><strong>Grauis</strong></span> <span class='ocrx_word' id='word_1_659' title='bbox 475 4773 687 4824; x_wconf 85' lang='lat' dir='ltr'><strong>semper</strong></span> <span class='ocrx_word' id='word_1_660' title='bbox 716 4759 882 4811; x_wconf 88' lang='lat' dir='ltr'><strong>habiti</strong></span> <span class='ocrx_word' id='word_1_661' title='bbox 913 4752 1130 4816; x_wconf 82' lang='lat' dir='ltr'><strong>fuerint,</strong></span> <span class='ocrx_word' id='word_1_662' title='bbox 1168 4755 1520 4808; x_wconf 82' lang='lat' dir='ltr'><strong>dubitandum</strong></span> <span class='ocrx_word' id='word_1_663' title='bbox 1553 4770 1657 4806; x_wconf 87' lang='lat' dir='ltr'><strong>non</strong></span> <span class='ocrx_word' id='word_1_664' title='bbox 1694 4762 1800 4815; x_wconf 81' lang='lat' dir='ltr'><strong>est,</strong></span> <span class='ocrx_word' id='word_1_665' title='bbox 1832 4754 1962 4821; x_wconf 85' lang='lat' dir='ltr'><strong>quin</strong></span> <span class='ocrx_word' id='word_1_666' title='bbox 2010 4753 2061 4806; x_wconf 90' lang='lat' dir='ltr'><strong>in</strong></span> <span class='ocrx_word' id='word_1_667' title='bbox 2091 4752 2319 4817; x_wconf 77' lang='lat' dir='ltr'><strong>huiusce</strong></span> 
     </span>
    </p>
   </div>
   <div class='ocr_carea' id='block_1_91' title="bbox 183 4824 1377 4896">
    <p class='ocr_par' dir='ltr' id='par_1_91' title="bbox 183 4824 1377 4896">
     <span class='ocr_line' id='line_1_92' title="bbox 183 4824 1377 4896; baseline -0.005 -14"><span class='ocrx_word' id='word_1_668' title='bbox 183 4832 328 4883; x_wconf 86' lang='lat' dir='ltr'><strong>mina</strong></span> <span class='ocrx_word' id='word_1_669' title='bbox 359 4827 693 4896; x_wconf 82' lang='lat' dir='ltr'><strong>pronuntiari</strong></span> <span class='ocrx_word' id='word_1_670' title='bbox 728 4826 830 4880; x_wconf 85' lang='lat' dir='ltr'><strong>hoc</strong></span> <span class='ocrx_word' id='word_1_671' title='bbox 856 4839 949 4879; x_wconf 87' lang='lat' dir='ltr'><strong>aut</strong></span> <span class='ocrx_word' id='word_1_672' title='bbox 979 4824 1137 4879; x_wconf 86' lang='lat' dir='ltr'><strong>simili</strong></span> <span class='ocrx_word' id='word_1_673' title='bbox 1170 4825 1329 4877; x_wconf 90' lang='lat' dir='ltr'><strong>modo</strong></span> <span class='ocrx_word' id='word_1_674' title='bbox 1364 4840 1377 4875; x_wconf 92' lang='lat'><strong>:</strong></span> 
     </span>
    </p>
   </div>
   <div class='ocr_carea' id='block_1_92' title="bbox 2399 4752 3409 4813">
    <p class='ocr_par' dir='ltr' id='par_1_92' title="bbox 2399 4752 3409 4813">
     <span class='ocr_line' id='line_1_93' title="bbox 2399 4752 3409 4813; baseline 0.004 -5"><span class='ocrx_word' id='word_1_675' title='bbox 2399 4752 2447 4808; x_wconf 89' lang='lat' dir='ltr'><strong>ei</strong></span> <span class='ocrx_word' id='word_1_676' title='bbox 2486 4754 2803 4809; x_wconf 88' lang='lat' dir='ltr'><strong>dimissione</strong></span> <span class='ocrx_word' id='word_1_677' title='bbox 2825 4752 3057 4811; x_wconf 79' lang='lat' dir='ltr'><strong>debeant</strong></span> <span class='ocrx_word' id='word_1_678' title='bbox 3083 4769 3273 4813; x_wconf 88' lang='lat' dir='ltr'><strong>eorum</strong></span> <span class='ocrx_word' id='word_1_679' title='bbox 3307 4773 3409 4812; x_wconf 92' lang='grc' dir='ltr'>ιιο-</span> 
     </span>
    </p>
   </div>
   <div class='ocr_carea' id='block_1_93' title="bbox 258 4910 1741 4987">
    <p class='ocr_par' dir='ltr' id='par_1_93' title="bbox 258 4910 1741 4987">
     <span class='ocr_line' id='line_1_94' title="bbox 258 4910 1741 4987; baseline -0.005 -15"><span class='ocrx_word' id='word_1_680' title='bbox 258 4921 319 4972; x_wconf 88' lang='grc' dir='ltr'>Ὀ</span> <span class='ocrx_word' id='word_1_681' title='bbox 338 4919 463 4981; x_wconf 72' lang='grc' dir='ltr'>τοὺς</span> <span class='ocrx_word' id='word_1_682' title='bbox 489 4917 837 4979; x_wconf 79' lang='grc' dir='ltr'>διδασκάλους</span> <span class='ocrx_word' id='word_1_683' title='bbox 878 4916 1122 4984; x_wconf 79' lang='grc' dir='ltr'>φωτίζων</span> <span class='ocrx_word' id='word_1_684' title='bbox 1176 4913 1428 4987; x_wconf 82' lang='grc' dir='ltr'>Χριστὸς,</span> <span class='ocrx_word' id='word_1_685' title='bbox 1453 4916 1481 4967; x_wconf 86' lang='grc' dir='ltr'>ὁ</span> <span class='ocrx_word' id='word_1_686' title='bbox 1502 4910 1741 4984; x_wconf 85' lang='grc' dir='ltr'>ἀληθινὸς</span> 
     </span>
    </p>
   </div>
   <div class='ocr_carea' id='block_1_94' title="bbox 1844 4910 3413 4987">
    <p class='ocr_par' dir='ltr' id='par_1_94' title="bbox 1936 4911 3413 4981">
     <span class='ocr_line' id='line_1_95' title="bbox 1936 4911 3413 4981; baseline 0.005 -20"><span class='ocrx_word' id='word_1_687' title='bbox 1936 4928 1954 4961; x_wconf 81' lang='grc' dir='ltr'><strong>ι</strong></span> <span class='ocrx_word' id='word_1_688' title='bbox 1990 4911 2089 4978; x_wconf 87' lang='lat' dir='ltr'><strong>Qui</strong></span> <span class='ocrx_word' id='word_1_689' title='bbox 2150 4912 2400 4968; x_wconf 88' lang='lat' dir='ltr'><strong>doctores</strong></span> <span class='ocrx_word' id='word_1_690' title='bbox 2448 4912 2736 4980; x_wconf 89' lang='lat' dir='ltr'><strong>illuminat,</strong></span> <span class='ocrx_word' id='word_1_691' title='bbox 2769 4913 3039 4981; x_wconf 88' lang='lat' dir='ltr'><strong>Christus,</strong></span> <span class='ocrx_word' id='word_1_692' title='bbox 3070 4930 3230 4972; x_wconf 85' lang='lat' dir='ltr'><strong>verus</strong></span> <span class='ocrx_word' id='word_1_693' title='bbox 3270 4917 3413 4971; x_wconf 86' lang='lat' dir='ltr'><strong>Dens</strong></span> 
     </span>
    </p>
   </div>
   <div class='ocr_carea' id='block_1_95' title="bbox 180 5000 1741 5079">
    <p class='ocr_par' dir='ltr' id='par_1_95' title="bbox 180 5000 1741 5079">
     <span class='ocr_line' id='line_1_96' title="bbox 180 5000 1741 5079; baseline -0.006 -17"><span class='ocrx_word' id='word_1_694' title='bbox 180 5008 309 5071; x_wconf 79' lang='grc' dir='ltr'>θεὸς</span> <span class='ocrx_word' id='word_1_695' title='bbox 335 5006 511 5079; x_wconf 77' lang='grc' dir='ltr'>ἡμῶν,</span> <span class='ocrx_word' id='word_1_696' title='bbox 538 5008 655 5069; x_wconf 75' lang='grc' dir='ltr'>ταῖς</span> <span class='ocrx_word' id='word_1_697' title='bbox 696 5003 1008 5077; x_wconf 77' lang='grc' dir='ltr'>πρεσσείαις</span> <span class='ocrx_word' id='word_1_698' title='bbox 1037 5004 1135 5072; x_wconf 84' lang='grc' dir='ltr'>τῆς</span> <span class='ocrx_word' id='word_1_699' title='bbox 1168 5004 1544 5074; x_wconf 83' lang='grc' dir='ltr'>παναχράντου</span> <span class='ocrx_word' id='word_1_700' title='bbox 1577 5000 1741 5055; x_wconf 81' lang='grc' dir='ltr'>αὑτοῦ</span> 
     </span>
    </p>
   </div>
   <div class='ocr_carea' id='block_1_96' title="bbox 179 5093 1742 5170">
    <p class='ocr_par' dir='ltr' id='par_1_96' title="bbox 179 5093 1742 5170">
     <span class='ocr_line' id='line_1_97' title="bbox 179 5093 1742 5170; baseline -0.005 -17"><span class='ocrx_word' id='word_1_701' title='bbox 179 5098 423 5170; x_wconf 74' lang='grc' dir='ltr'>Μητρὸς,</span> <span class='ocrx_word' id='word_1_702' title='bbox 444 5097 550 5150; x_wconf 83' lang='grc' dir='ltr'>τῶν</span> <span class='ocrx_word' id='word_1_703' title='bbox 578 5097 744 5164; x_wconf 84' lang='grc' dir='ltr'>ἁγίων</span> <span class='ocrx_word' id='word_1_704' title='bbox 771 5094 990 5159; x_wconf 78' lang='grc' dir='ltr'>ἐνδόξων</span> <span class='ocrx_word' id='word_1_705' title='bbox 1020 5096 1111 5147; x_wconf 72' lang='grc' dir='ltr'>καὶ</span> <span class='ocrx_word' id='word_1_706' title='bbox 1136 5096 1502 5165; x_wconf 72' lang='grc' dir='ltr'>πανευφήμων</span> <span class='ocrx_word' id='word_1_707' title='bbox 1515 5093 1742 5148; x_wconf 85' lang='grc' dir='ltr'>ἀποστό-</span> 
     </span>
    </p>
   </div>
   <div class='ocr_carea' id='block_1_97' title="bbox 181 5181 1743 5253">
    <p class='ocr_par' dir='ltr' id='par_1_97' title="bbox 181 5181 1743 5253">
     <span class='ocr_line' id='line_1_98' title="bbox 181 5181 1743 5253; baseline -0.001 -16"><span class='ocrx_word' id='word_1_708' title='bbox 181 5188 309 5249; x_wconf 68' lang='grc' dir='ltr'>λων,</span> <span class='ocrx_word' id='word_1_709' title='bbox 332 5184 441 5237; x_wconf 83' lang='grc' dir='ltr'><strong>τῶν</strong></span> <span class='ocrx_word' id='word_1_710' title='bbox 466 5184 522 5235; x_wconf 75' lang='grc' dir='ltr'>ὲν</span> <span class='ocrx_word' id='word_1_711' title='bbox 544 5184 714 5251; x_wconf 79' lang='grc' dir='ltr'>ἁγίοις</span> <span class='ocrx_word' id='word_1_712' title='bbox 743 5183 999 5253; x_wconf 81' lang='grc' dir='ltr'>Πατέρων</span> <span class='ocrx_word' id='word_1_713' title='bbox 1045 5181 1199 5252; x_wconf 80' lang='grc' dir='ltr'>ἡμῶν</span> <span class='ocrx_word' id='word_1_714' title='bbox 1229 5181 1505 5235; x_wconf 75' lang='grc' dir='ltr'>Βασιλείου</span> <span class='ocrx_word' id='word_1_715' title='bbox 1530 5181 1621 5234; x_wconf 81' lang='grc' dir='ltr'>τοῦ</span> <span class='ocrx_word' id='word_1_716' title='bbox 1654 5199 1743 5252; x_wconf 83' lang='grc' dir='ltr'>με·</span> 
     </span>
    </p>
   </div>
   <div class='ocr_carea' id='block_1_98' title="bbox 181 5274 1739 5347">
    <p class='ocr_par' dir='ltr' id='par_1_98' title="bbox 181 5274 1739 5347">
     <span class='ocr_line' id='line_1_99' title="bbox 181 5274 1739 5347; baseline -0.001 -18"><span class='ocrx_word' id='word_1_717' title='bbox 181 5278 370 5344; x_wconf 73' lang='grc' dir='ltr'>γαλου,</span> <span class='ocrx_word' id='word_1_718' title='bbox 420 5274 718 5347; x_wconf 78' lang='grc' dir='ltr'>Γρηγορίου</span> <span class='ocrx_word' id='word_1_719' title='bbox 745 5274 838 5328; x_wconf 78' lang='grc' dir='ltr'>τοῦ</span> <span class='ocrx_word' id='word_1_720' title='bbox 865 5274 1135 5345; x_wconf 83' lang='grc' dir='ltr'>θεολόγου,</span> <span class='ocrx_word' id='word_1_721' title='bbox 1182 5274 1427 5329; x_wconf 85' lang='grc' dir='ltr'>Ἰωάννου</span> <span class='ocrx_word' id='word_1_722' title='bbox 1462 5275 1555 5327; x_wconf 78' lang='grc' dir='ltr'>τοῦ</span> <span class='ocrx_word' id='word_1_723' title='bbox 1596 5278 1739 5347; x_wconf 86' lang='grc' dir='ltr'>Χρυ-</span> 
     </span>
    </p>
   </div>
   <div class='ocr_carea' id='block_1_99' title="bbox 181 5364 1737 5437">
    <p class='ocr_par' dir='ltr' id='par_1_99' title="bbox 181 5364 1737 5437">
     <span class='ocr_line' id='line_1_100' title="bbox 181 5364 1737 5437; baseline -0.001 -18"><span class='ocrx_word' id='word_1_724' title='bbox 181 5367 466 5437; x_wconf 86' lang='grc' dir='ltr'>σοστόμου,</span> <span class='ocrx_word' id='word_1_725' title='bbox 515 5366 603 5417; x_wconf 76' lang='grc' dir='ltr'>καὶ</span> <span class='ocrx_word' id='word_1_726' title='bbox 653 5365 864 5419; x_wconf 86' lang='grc' dir='ltr'>πάντων</span> <span class='ocrx_word' id='word_1_727' title='bbox 915 5365 1023 5418; x_wconf 86' lang='grc' dir='ltr'><strong>τῶν</strong></span> <span class='ocrx_word' id='word_1_728' title='bbox 1066 5366 1255 5429; x_wconf 87' lang='grc' dir='ltr'>ἁγίων,</span> <span class='ocrx_word' id='word_1_729' title='bbox 1323 5366 1415 5417; x_wconf 72' lang='grc' dir='ltr'>καὶ</span> <span class='ocrx_word' id='word_1_730' title='bbox 1450 5364 1519 5417; x_wconf 88' lang='grc' dir='ltr'><strong>τὰ</strong></span> <span class='ocrx_word' id='word_1_731' title='bbox 1558 5364 1737 5417; x_wconf 85' lang='grc' dir='ltr'>λοιπά.</span> 
     </span>
    </p>
   </div>
   <div class='ocr_carea' id='block_1_100' title="bbox 1852 5002 3411 5072">
    <p class='ocr_par' dir='ltr' id='par_1_100' title="bbox 1852 5002 3411 5072">
     <span class='ocr_line' id='line_1_101' title="bbox 1852 5002 3411 5072; baseline 0.003 -16"><span class='ocrx_word' id='word_1_732' title='bbox 1852 5012 2055 5067; x_wconf 85' lang='lat' dir='ltr'><strong>noster,</strong></span> <span class='ocrx_word' id='word_1_733' title='bbox 2078 5004 2330 5072; x_wconf 89' lang='lat' dir='ltr'><strong>precibus</strong></span> <span class='ocrx_word' id='word_1_734' title='bbox 2359 5004 2691 5057; x_wconf 78' lang='lat' dir='ltr'><strong>intemerata:</strong></span> <span class='ocrx_word' id='word_1_735' title='bbox 2715 5002 2898 5060; x_wconf 73' lang='lat' dir='ltr'><strong>Matris</strong></span> <span class='ocrx_word' id='word_1_736' title='bbox 2914 5020 3044 5069; x_wconf 63' lang='lat' dir='ltr'><strong>suae.</strong></span> <span class='ocrx_word' id='word_1_737' title='bbox 3073 5014 3411 5072; x_wconf 76' lang='lat' dir='ltr'><strong>sanctorum,</strong></span> 
     </span>
    </p>
   </div>
   <div class='ocr_carea' id='block_1_101' title="bbox 1847 5092 3406 5166">
    <p class='ocr_par' dir='ltr' id='par_1_101' title="bbox 1847 5092 3406 5166">
     <span class='ocr_line' id='line_1_102' title="bbox 1847 5092 3406 5166; baseline 0.005 -22"><span class='ocrx_word' id='word_1_738' title='bbox 1847 5092 2201 5163; x_wconf 84' lang='lat' dir='ltr'><strong>gloriosorum</strong></span> <span class='ocrx_word' id='word_1_739' title='bbox 2228 5103 2283 5147; x_wconf 91' lang='lat' dir='ltr'><strong>et</strong></span> <span class='ocrx_word' id='word_1_740' title='bbox 2315 5094 2703 5163; x_wconf 89' lang='lat' dir='ltr'><strong>percelebrium</strong></span> <span class='ocrx_word' id='word_1_741' title='bbox 2742 5097 3131 5166; x_wconf 87' lang='lat' dir='ltr'><strong>apostolorum,</strong></span> <span class='ocrx_word' id='word_1_742' title='bbox 3165 5112 3266 5151; x_wconf 88' lang='lat' dir='ltr'><strong>nec</strong></span> <span class='ocrx_word' id='word_1_743' title='bbox 3300 5114 3406 5152; x_wconf 89' lang='lat' dir='ltr'><strong>non</strong></span> 
     </span>
    </p>
   </div>
   <div class='ocr_carea' id='block_1_102' title="bbox 1847 5185 3411 5260">
    <p class='ocr_par' dir='ltr' id='par_1_102' title="bbox 1847 5185 3411 5260">
     <span class='ocr_line' id='line_1_103' title="bbox 1847 5185 3411 5260; baseline 0.001 -23"><span class='ocrx_word' id='word_1_744' title='bbox 1847 5194 2158 5237; x_wconf 78' lang='lat' dir='ltr'><strong>sanctorum</strong></span> <span class='ocrx_word' id='word_1_745' title='bbox 2185 5186 2403 5238; x_wconf 88' lang='lat' dir='ltr'><strong>Patrum</strong></span> <span class='ocrx_word' id='word_1_746' title='bbox 2437 5196 2741 5241; x_wconf 85' lang='lat' dir='ltr'><strong>nostrorum</strong></span> <span class='ocrx_word' id='word_1_747' title='bbox 2768 5185 2953 5241; x_wconf 86' lang='lat' dir='ltr'><strong>Basilii</strong></span> <span class='ocrx_word' id='word_1_748' title='bbox 2974 5188 3178 5257; x_wconf 77' lang='lat' dir='ltr'><strong>Magni,</strong></span> <span class='ocrx_word' id='word_1_749' title='bbox 3202 5187 3411 5260; x_wconf 81' lang='lat' dir='ltr'><strong>Grego-</strong></span> 
     </span>
    </p>
   </div>
   <div class='ocr_carea' id='block_1_103' title="bbox 1848 5275 3410 5351">
    <p class='ocr_par' dir='ltr' id='par_1_103' title="bbox 1848 5275 3410 5351">
     <span class='ocr_line' id='line_1_104' title="bbox 1848 5275 3410 5351; baseline 0.003 -22"><span class='ocrx_word' id='word_1_750' title='bbox 1848 5278 1915 5330; x_wconf 92' lang='lat' dir='ltr'><strong>rii</strong></span> <span class='ocrx_word' id='word_1_751' title='bbox 1949 5275 2228 5342; x_wconf 72' lang='lat' dir='ltr'><strong>Theol0gl.</strong></span> <span class='ocrx_word' id='word_1_752' title='bbox 2251 5276 2473 5331; x_wconf 84' lang='lat' dir='ltr'><strong>Joannis</strong></span> <span class='ocrx_word' id='word_1_753' title='bbox 2496 5275 2867 5347; x_wconf 83' lang='lat' dir='ltr'><strong>Cbrysostomi</strong></span> <span class='ocrx_word' id='word_1_754' title='bbox 2921 5279 3267 5351; x_wconf 85' lang='lat' dir='ltr'><strong>omniumque</strong></span> <span class='ocrx_word' id='word_1_755' title='bbox 3288 5295 3410 5336; x_wconf 88' lang='lat' dir='ltr'><strong>san-</strong></span> 
     </span>
    </p>
   </div>
   <div class='ocr_carea' id='block_1_104' title="bbox 1846 5368 2704 5437">
    <p class='ocr_par' dir='ltr' id='par_1_104' title="bbox 1846 5368 2704 5437">
     <span class='ocr_line' id='line_1_105' title="bbox 1846 5368 2704 5437; baseline 0.002 -16"><span class='ocrx_word' id='word_1_756' title='bbox 1846 5378 2078 5429; x_wconf 88' lang='lat' dir='ltr'><strong>ctorum,</strong></span> <span class='ocrx_word' id='word_1_757' title='bbox 2099 5376 2153 5420; x_wconf 89' lang='lat' dir='ltr'><strong>et</strong></span> <span class='ocrx_word' id='word_1_758' title='bbox 2186 5368 2408 5437; x_wconf 81' lang='lat' dir='ltr'><strong>reliqua.</strong></span> <span class='ocrx_word' id='word_1_759' title='bbox 2442 5378 2498 5423; x_wconf 91' lang='lat' dir='ltr'><strong>ut</strong></span> <span class='ocrx_word' id='word_1_760' title='bbox 2520 5384 2704 5436; x_wconf 86' lang='lat' dir='ltr'><strong>supra.</strong></span> 
     </span>
    </p>
   </div>
   <div class='ocr_carea' id='block_1_105' title="bbox 250 5478 3410 5553">
    <p class='ocr_par' dir='ltr' id='par_1_105' title="bbox 250 5478 3410 5553">
     <span class='ocr_line' id='line_1_106' title="bbox 250 5478 3410 5553; baseline 0 -18"><span class='ocrx_word' id='word_1_761' title='bbox 250 5480 377 5535; x_wconf 74' lang='lat' dir='ltr'><strong>2l5.</strong></span> <span class='ocrx_word' id='word_1_762' title='bbox 403 5480 581 5537; x_wconf 77' lang='lat' dir='ltr'><strong>Con.</strong></span> <span class='ocrx_word' id='word_1_763' title='bbox 612 5480 715 5534; x_wconf 89' lang='lat' dir='ltr'><strong>Sed</strong></span> <span class='ocrx_word' id='word_1_764' title='bbox 737 5490 790 5535; x_wconf 91' lang='lat' dir='ltr'><strong>et</strong></span> <span class='ocrx_word' id='word_1_765' title='bbox 817 5478 1023 5553; x_wconf 70' lang='lat' dir='ltr'><strong>Latinis</strong></span> <span class='ocrx_word' id='word_1_766' title='bbox 1058 5482 1182 5533; x_wconf 86' lang='lat' dir='ltr'><strong>olim</strong></span> <span class='ocrx_word' id='word_1_767' title='bbox 1220 5482 1461 5553; x_wconf 85' lang='lat' dir='ltr'><strong>solemne</strong></span> <span class='ocrx_word' id='word_1_768' title='bbox 1489 5489 1629 5542; x_wconf 85' lang='lat' dir='ltr'><strong>erat,</strong></span> <span class='ocrx_word' id='word_1_769' title='bbox 1659 5489 1715 5534; x_wconf 90' lang='lat' dir='ltr'><strong>ut</strong></span> <span class='ocrx_word' id='word_1_770' title='bbox 1741 5481 1860 5553; x_wconf 81' lang='lat' dir='ltr'><strong>aliis</strong></span> <span class='ocrx_word' id='word_1_771' title='bbox 1899 5491 1953 5535; x_wconf 85' lang='lat' dir='ltr'><strong>et</strong></span> <span class='ocrx_word' id='word_1_772' title='bbox 1982 5482 2106 5537; x_wconf 85' lang='lat' dir='ltr'><strong>aliis</strong></span> <span class='ocrx_word' id='word_1_773' title='bbox 2134 5482 2321 5553; x_wconf 86' lang='lat' dir='ltr'><strong>diebus</strong></span> <span class='ocrx_word' id='word_1_774' title='bbox 2352 5482 2676 5539; x_wconf 83' lang='lat' dir='ltr'><strong>adhiberent</strong></span> <span class='ocrx_word' id='word_1_775' title='bbox 2734 5484 2898 5538; x_wconf 84' lang='lat' dir='ltr'><strong>etiam</strong></span> <span class='ocrx_word' id='word_1_776' title='bbox 2928 5482 3064 5538; x_wconf 80' lang='lat' dir='ltr'><strong>alias</strong></span> <span class='ocrx_word' id='word_1_777' title='bbox 3088 5491 3248 5553; x_wconf 86' lang='lat' dir='ltr'><strong>atque</strong></span> <span class='ocrx_word' id='word_1_778' title='bbox 3264 5482 3410 5553; x_wconf 80' lang='lat' dir='ltr'><strong>alias</strong></span> 
     </span>
    </p>
   </div>
   <div class='ocr_carea' id='block_1_106' title="bbox 180 5551 3416 5633">
    <p class='ocr_par' dir='ltr' id='par_1_106' title="bbox 180 5551 3416 5633">
     <span class='ocr_line' id='line_1_107' title="bbox 180 5551 3416 5633; baseline 0 -27"><span class='ocrx_word' id='word_1_779' title='bbox 180 5556 445 5606; x_wconf 78' lang='lat' dir='ltr'><strong>formulas</strong></span> <span class='ocrx_word' id='word_1_780' title='bbox 502 5552 870 5633; x_wconf 69' lang='lat' dir='ltr'><strong>benedicendi,</strong></span> <span class='ocrx_word' id='word_1_781' title='bbox 903 5561 1207 5633; x_wconf 68' lang='lat' dir='ltr'><strong>constantes</strong></span> <span class='ocrx_word' id='word_1_782' title='bbox 1242 5552 1531 5633; x_wconf 63' lang='lat' dir='ltr'><strong>interdum</strong></span> <span class='ocrx_word' id='word_1_783' title='bbox 1567 5565 1631 5603; x_wconf 79' lang='lat' dir='ltr'><strong>ex</strong></span> <span class='ocrx_word' id='word_1_784' title='bbox 1668 5551 2147 5633; x_wconf 46' lang='lat' dir='ltr'><strong>ltiti-llisl&#39;chillus:</strong></span> <span class='ocrx_word' id='word_1_785' title='bbox 2188 5552 2510 5633; x_wconf 37' lang='lat' dir='ltr'><strong>Untide&#39;apud</strong></span> <span class='ocrx_word' id='word_1_786' title='bbox 2541 5553 2865 5633; x_wconf 59' lang='lat' dir='ltr'><strong>Gregorium</strong></span> <span class='ocrx_word' id='word_1_787' title='bbox 2918 5569 3108 5633; x_wconf 75' lang='lat' dir='ltr'><strong>papam</strong></span> <span class='ocrx_word' id='word_1_788' title='bbox 3161 5551 3214 5633; x_wconf 77' lang='lat' dir='ltr'><strong>in</strong></span> <span class='ocrx_word' id='word_1_789' title='bbox 3251 5552 3416 5607; x_wconf 76' lang='lat' dir='ltr'><strong>Libro</strong></span> 
     </span>
    </p>
   </div>
   <div class='ocr_carea' id='block_1_107' title="bbox 181 5620 3411 5694">
    <p class='ocr_par' dir='ltr' id='par_1_107' title="bbox 181 5620 3411 5694">
     <span class='ocr_line' id='line_1_108' title="bbox 181 5620 3411 5694; baseline 0.002 -22"><span class='ocrx_word' id='word_1_790' title='bbox 181 5633 631 5679; x_wconf 70' lang='lat' dir='ltr'><strong>sacramentorum</strong></span> <span class='ocrx_word' id='word_1_791' title='bbox 679 5622 854 5694; x_wconf 83' lang='lat' dir='ltr'><strong>adhuc</strong></span> <span class='ocrx_word' id='word_1_792' title='bbox 890 5631 1064 5673; x_wconf 81' lang='lat' dir='ltr'><strong>exstat</strong></span> <span class='ocrx_word' id='word_1_793' title='bbox 1120 5624 1207 5694; x_wconf 79' lang='lat' dir='ltr'><strong>illa</strong></span> <span class='ocrx_word' id='word_1_794' title='bbox 1241 5621 1547 5694; x_wconf 80' lang='lat' dir='ltr'><strong>benedictio</strong></span> <span class='ocrx_word' id='word_1_795' title='bbox 1602 5636 1699 5688; x_wconf 92' lang='lat' dir='ltr'><strong>pro</strong></span> <span class='ocrx_word' id='word_1_796' title='bbox 1734 5620 1823 5694; x_wconf 83' lang='lat' dir='ltr'><strong>die</strong></span> <span class='ocrx_word' id='word_1_797' title='bbox 1863 5620 2173 5677; x_wconf 80' lang='lat' dir='ltr'><strong>Nativitatis</strong></span> <span class='ocrx_word' id='word_1_798' title='bbox 2208 5620 2456 5677; x_wconf 87' lang='lat' dir='ltr'><strong>Domini:</strong></span> <span class='ocrx_word' id='word_1_799' title='bbox 2490 5641 2534 5694; x_wconf 15' lang='lat' dir='ltr'><strong>si</strong></span> <span class='ocrx_word' id='word_1_800' title='bbox 2558 5620 2846 5679; x_wconf 72' lang='lat' dir='ltr'><strong>Benedicat</strong></span> <span class='ocrx_word' id='word_1_801' title='bbox 2874 5620 3030 5694; x_wconf 72' lang='lat' dir='ltr'><strong>vobis</strong></span> <span class='ocrx_word' id='word_1_802' title='bbox 3062 5623 3411 5694; x_wconf 76' lang='lat' dir='ltr'><strong>omnipatens</strong></span> 
     </span>
    </p>
   </div>
   <div class='ocr_carea' id='block_1_108' title="bbox 184 5690 3402 5760">
    <p class='ocr_par' dir='ltr' id='par_1_108' title="bbox 184 5690 3402 5760">
     <span class='ocr_line' id='line_1_109' title="bbox 184 5690 3402 5760; baseline -0 -14"><span class='ocrx_word' id='word_1_803' title='bbox 184 5695 343 5757; x_wconf 83' lang='lat' dir='ltr'><strong>Deus,</strong></span> <span class='ocrx_word' id='word_1_804' title='bbox 387 5704 725 5758; x_wconf 79' lang='lat' dir='ltr'><strong>veStramque</strong></span> <span class='ocrx_word' id='word_1_805' title='bbox 756 5692 823 5743; x_wconf 88' lang='lat' dir='ltr'><strong>ad</strong></span> <span class='ocrx_word' id='word_1_806' title='bbox 845 5703 1071 5757; x_wconf 85' lang='lat' dir='ltr'><strong>superna</strong></span> <span class='ocrx_word' id='word_1_807' title='bbox 1096 5693 1291 5744; x_wconf 87' lang='lat' dir='ltr'><strong>excitet</strong></span> <span class='ocrx_word' id='word_1_808' title='bbox 1322 5690 1706 5754; x_wconf 81' lang='lat' dir='ltr'><strong>intentionem,</strong></span> <span class='ocrx_word' id='word_1_809' title='bbox 1738 5691 1827 5760; x_wconf 88' lang='lat' dir='ltr'><strong>qui</strong></span> <span class='ocrx_word' id='word_1_810' title='bbox 1880 5694 2019 5745; x_wconf 92' lang='lat' dir='ltr'><strong>hanc</strong></span> <span class='ocrx_word' id='word_1_811' title='bbox 2049 5694 2469 5747; x_wconf 75' lang='lat' dir='ltr'><strong>sacratissimum</strong></span> <span class='ocrx_word' id='word_1_812' title='bbox 2507 5693 2650 5749; x_wconf 90' lang='lat' dir='ltr'><strong>diem</strong></span> <span class='ocrx_word' id='word_1_813' title='bbox 2685 5694 2967 5747; x_wconf 84' lang='lat' dir='ltr'><strong>nativitate</strong></span> <span class='ocrx_word' id='word_1_814' title='bbox 2992 5692 3114 5748; x_wconf 86' lang='lat' dir='ltr'><strong>Filii</strong></span> <span class='ocrx_word' id='word_1_815' title='bbox 3144 5690 3230 5747; x_wconf 83' lang='lat' dir='ltr'><strong>sui</strong></span> <span class='ocrx_word' id='word_1_816' title='bbox 3268 5694 3402 5747; x_wconf 68' lang='lat' dir='ltr'><strong>fecit</strong></span> 
     </span>
    </p>
   </div>
   <div class='ocr_carea' id='block_1_109' title="bbox 181 5760 3407 5834">
    <p class='ocr_par' dir='ltr' id='par_1_109' title="bbox 181 5760 3407 5834">
     <span class='ocr_line' id='line_1_110' title="bbox 181 5760 3407 5834; baseline 0.001 -19"><span class='ocrx_word' id='word_1_817' title='bbox 181 5777 301 5816; x_wconf 82' lang='lat' dir='ltr'><strong>esse</strong></span> <span class='ocrx_word' id='word_1_818' title='bbox 335 5760 656 5817; x_wconf 81' lang='lat' dir='ltr'><strong>solemnem.</strong></span> <span class='ocrx_word' id='word_1_819' title='bbox 680 5761 873 5815; x_wconf 80' lang='lat' dir='ltr'><strong>Amen.</strong></span> <span class='ocrx_word' id='word_1_820' title='bbox 908 5760 974 5814; x_wconf 79' lang='lat' dir='ltr'><strong>Et</strong></span> <span class='ocrx_word' id='word_1_821' title='bbox 1002 5760 1091 5830; x_wconf 89' lang='lat' dir='ltr'><strong>qui</strong></span> <span class='ocrx_word' id='word_1_822' title='bbox 1120 5776 1239 5817; x_wconf 82' lang='lat' dir='ltr'><strong>cum</strong></span> <span class='ocrx_word' id='word_1_823' title='bbox 1265 5762 1355 5827; x_wconf 90' lang='lat' dir='ltr'><strong>qui</strong></span> <span class='ocrx_word' id='word_1_824' title='bbox 1393 5761 1549 5829; x_wconf 87' lang='lat' dir='ltr'><strong>panis</strong></span> <span class='ocrx_word' id='word_1_825' title='bbox 1579 5770 1659 5817; x_wconf 89' lang='lat' dir='ltr'><strong>est</strong></span> <span class='ocrx_word' id='word_1_826' title='bbox 1685 5760 1995 5829; x_wconf 85' lang='lat' dir='ltr'><strong>angelorum</strong></span> <span class='ocrx_word' id='word_1_827' title='bbox 2021 5801 2035 5829; x_wconf 84' lang='lat'><strong>,</strong></span> <span class='ocrx_word' id='word_1_828' title='bbox 2072 5763 2125 5817; x_wconf 88' lang='lat' dir='ltr'><strong>in</strong></span> <span class='ocrx_word' id='word_1_829' title='bbox 2174 5777 2410 5834; x_wconf 68' lang='lat' dir='ltr'><strong>praesepe</strong></span> <span class='ocrx_word' id='word_1_830' title='bbox 2448 5762 2702 5820; x_wconf 75' lang='lat' dir='ltr'><strong>Ecclesia:</strong></span> <span class='ocrx_word' id='word_1_831' title='bbox 2737 5765 2917 5821; x_wconf 82' lang='lat' dir='ltr'><strong>cibum</strong></span> <span class='ocrx_word' id='word_1_832' title='bbox 2948 5762 3079 5819; x_wconf 90' lang='lat' dir='ltr'><strong>fecit</strong></span> <span class='ocrx_word' id='word_1_833' title='bbox 3109 5777 3229 5820; x_wconf 88' lang='lat' dir='ltr'><strong>esse</strong></span> <span class='ocrx_word' id='word_1_834' title='bbox 3265 5763 3407 5819; x_wconf 81' lang='lat' dir='ltr'><strong>fide-</strong></span> 
     </span>
    </p>
   </div>
  </div>
