4060 6316
1206 370 1600 428 ACOLUTHIA
1639 370 1975 424 TlllPLlClS
2015 370 2234 427 FESTl.

3148 392 3341 434 αειιι
3350 394 3372 435 1

163 486 416 541 tremitati
470 484 631 540 medii
678 484 1002 539 accumbens
1034 522 1049 547 ,
1102 492 1157 538 et
1216 500 1339 538 cum
1396 499 1460 538 eo
1498 498 1713 539 crucem
1746 496 1792 551 Α
1830 482 2026 535 nerint.
2063 486 2237 554 Atque
2269 496 2331 538 ea
2362 484 2416 537 in
2451 496 2508 537 re
2553 482 2918 539 doctissimum
2974 485 3236 543 Morinum
3270 492 3368 545 ha-

162 578 491 630 decussatam
520 576 864 641 referendum
888 575 965 641 X;
1002 576 1209 630 medius
1233 576 1445 629 tandem
1476 585 1531 629 et
1554 575 1713 627 index

159 665 216 719 so
260 667 301 719 Ν
381 666 565 734 majori
633 683 695 720 ex
773 674 924 736 parte
999 676 1399 735 repraesentant.
1480 664 1596 731 Quo
1652 680 1713 716 ex

161 757 299 809 fonte
327 757 541 813 Goarus
592 758 706 811 haac
751 757 1036 820 hauserit,
1080 757 1319 810 invenire
1354 757 1584 809 nondum
1622 772 1713 823 po-

161 845 253 897 tui.

223 935 349 989 219.
386 936 491 990 Sed
540 937 643 991 hoc
670 937 787 992 loco
819 937 1249 1005 praetereundum
1287 952 1391 990 non
1414 945 1515 999 est,
1572 950 1708 1002 pra:-

162 1025 355 1079 tlictam
417 1027 678 1081 rationem
730 1026 1087 1095 complicandi
1154 1028 1484 1095 digitorum,
1540 1027 1715 1078 solere

161 1117 359 1167 servari
393 1119 554 1170 etiam
606 1132 633 1169 a
674 1116 1043 1184 pontiﬁcibus,
1076 1116 1201 1170 dum
1235 1132 1355 1170 cum
1406 1116 1633 1186 δικηρίῳ
1664 1124 1717 1169 et

158 1207 424 1276 τρικηρίῳ
471 1207 812 1261 benedicunt.
854 1206 950 1260 Est
1005 1216 1183 1260 autem
1232 1206 1471 1276 δικήριον
1527 1221 1715 1261 cereus

161 1299 416 1361 bisulcus,
445 1299 596 1365 cujus
631 1312 769 1351 unus
824 1309 907 1351 est
954 1312 1171 1361 ramus,
1207 1298 1318 1350 sive
1345 1296 1565 1365 capulus
1624 1306 1714 1348 ant

163 1392 518 1451 manubrium,
549 1392 653 1441 duo
678 1404 803 1443 vero
831 1406 861 1444 e
898 1405 1046 1442 ramo
1084 1391 1133 1442 in
1168 1389 1363 1442 lineam
1398 1399 1597 1441 rectam
1636 1404 1715 1439 ra-

162 1483 381 1535 musculi
404 1480 665 1549 pullulant
685 1498 698 1542 ;
716 1496 821 1549 qua
854 1496 916 1533 ex
938 1479 1157 1533 notione
1181 1482 1341 1533 etiam
1370 1479 1495 1546 quid
1515 1479 1583 1532 sit
1604 1496 1713 1547 τρι-

162 1574 341 1642 κὴριον
374 1573 531 1625 facile
579 1573 842 1643 intelligas
874 1591 885 1626 :
912 1572 1163 1625 videlicet
1190 1572 1444 1625 trisulcus
1475 1586 1666 1624 cereus
1695 1610 1710 1633 ,

161 1683 188 1717 e
220 1666 367 1731 cujus
411 1679 518 1718 uno
557 1666 739 1718 itidem
794 1680 941 1717 ramo
970 1704 983 1728 ,
1018 1676 1128 1717 trcs
1174 1665 1261 1717 alii
1308 1663 1597 1715 ramuscnli
1649 1663 1712 1715 ad

161 1757 394 1810 eumdem
436 1757 648 1811 modum
708 1755 1077 1811 eﬁ‘unduntur.
1117 1755 1225 1810 Nec
1287 1770 1384 1809 suo
1435 1754 1522 1808 illa
1551 1754 1715 1824 desti-

1820 573 1919 626 beo
1953 573 2237 628 fautorem.

1884 661 2009 716 221.
2048 662 2290 719 Tertium
2347 664 2602 735 denique,
2642 668 2858 723 bicereo
2890 667 2971 722 vel
3018 669 3248 724 tricereo
3296 671 3375 724 si-

1814 751 1980 821 gnare
2009 755 2263 822 pupulum
2293 771 2397 809 non
2428 770 2594 825 usque
2621 758 2756 811 adeo
2794 758 3069 826 proprium
3105 768 3188 811 est
3242 759 3373 811 solis

1814 844 2141 910 patriarchis
2200 848 2521 915 ceterisque
2578 847 2957 916 pontificibus,
3005 857 3063 903 ut
3106 862 3223 903 eam
3268 849 3373 903 sibi

1816 936 2228 1004 praerogativam
2258 951 2363 991 non
2396 937 2668 993 vindicent
2692 939 2853 993 etiam
2886 938 3261 1008 imperatores,
3293 939 3374 993 id-

1816 1042 1919 1096 que
1956 1028 2190 1083 maxime
2220 1040 2438 1099 propter
2485 1034 2796 1087 unctionem
2823 1031 3151 1087 chrismatis.
3174 1034 3374 1102 Duplex

1822 1130 1906 1173 est
1953 1118 2286 1176 Balsamonis
2315 1122 2487 1187 locus,
2519 1124 2610 1177 ubi
2647 1124 2788 1178 istud
2816 1132 3197 1181 asseveratur.~
3228 1125 3377 1179 Alter

1818 1214 1883 1265 ad
1927 1226 2047 1265 can.
2096 1211 2161 1265 67
2203 1212 2388 1281 synodi
2418 1210 2688 1267 Trullana:
2722 1232 2734 1266 :
2784 1214 2847 1266 Oi
2875 1212 2984 1284 γὰρ
3034 1213 3379 1284 πατριάρχας

1817 1302 2245 1373 προϐαλλόμενοι
2276 1303 2543 1375 ὀρθόδοξοι
2576 1304 2811 1374 βασιλεῖς
2832 1304 2893 1358 δι’
2921 1306 3253 1377 ἐπικλήσεως
3280 1303 3377 1374 τῆς

1816 1394 1975 1461 ἁγίας
1999 1394 2247 1465 Τριάδος,
2283 1396 2377 1448 καὶ
2396 1397 2619 1467 Χριστοὶ
2638 1397 2787 1458 ὅντες
2812 1398 3039 1468 Κυρίου,
3065 1397 3375 1463 ἀκωλύτως,

1815 1487 1903 1537 ὅτε
1943 1485 2035 1537 καὶ
2066 1484 2366 1553 βούλονται,
2405 1488 2485 1549 εἰς
2509 1488 2570 1539 τὸ
2600 1486 2752 1552 ἅγιον
2788 1486 3168 1557 Θυσιαστήριον
3198 1486 3376 1557 εἰσέρ-

1815 1591 2021 1643 χονται,
2050 1576 2141 1626 καὶ
2194 1573 2452 1643 θυμιῶσι,
2482 1576 2576 1626 καὶ
2610 1574 2964 1646 σφραγίζουσι
2997 1576 3134 1645 μετὰ
3181 1592 3376 1647 τρικη·

1821 1665 1932 1735 ρίου
1956 1705 1969 1727 ,
1998 1664 2179 1727 καθὼς
2211 1666 2261 1716 οἱ
2290 1666 2587 1735 ἀρχιερεῖς.
2620 1684 2637 1714 ι
2673 1667 3024 1733 Imperatores
3046 1667 3330 1721 orthodoxi
3360 1707 3376 1729 ,

1818 1758 1909 1823 qui
1958 1758 2059 1810 sub
2119 1756 2459 1809 invocatione
2491 1765 2694 1809 sanctm
2741 1753 3029 1811 Trinitatis
3078 1769 3379 1826 proponunt

165 1859 376 1902 tuuntur
412 1849 709 1917 mysterio:
740 1849 938 1917 quippe
967 1848 1262 1918 Τρικήριον
1298 1847 1349 1899 in
1392 1863 1493 1899 una
1530 1846 1708 1898 divina
1746 1852 1790 1909 Β
1820 1846 2157 1915 patriarchas
2185 1886 2201 1910 ,
2227 1857 2280 1900 et
2317 1855 2440 1900 sunt
2488 1845 2687 1900 Christi
2725 1844 2960 1907 Domini.
2988 1848 3107 1902 sine
3138 1847 3248 1901 ullo
3274 1850 3380 1902 im-

163 1948 343 1993 natura
401 1950 511 1994 tres
558 1940 839 1995 distinctas
891 1939 1191 2003 Personas,
1237 1938 1489 2007 Δικήριον
1539 1946 1712 1989 autem

163 2034 288 2088 duas
322 2034 377 2086 in
403 2048 510 2087 una
545 2032 744 2088 Christi
771 2046 998 2099 persona
1026 2032 1311 2085 distinctas
1334 2042 1558 2085 naturas
1587 2046 1711 2085 esse

169 2135 574 2189 commonstrat,
604 2124 1053 2194 quemadmodum
1087 2133 1170 2178 est
1198 2124 1335 2191 apud
1391 2122 1713 2193 Symeonem

173 2218 695 2271 Thessalonicensem
745 2217 810 2269 de
858 2216 1054 2284 templo
1080 2258 1097 2283 ,
1128 2217 1216 2271 ubi
1267 2218 1332 2270 de
1377 2217 1585 2285 lychnis
1627 2230 1716 2270 ec-

164 2311 351 2366 clesiae.
391 2308 455 2363 Hi
488 2311 673 2379 itaque
718 2311 860 2365 cerei
901 2312 1299 2376 accenduntur;
1333 2319 1389 2365 et
1431 2311 1717 2380 episcopus

167 2404 310 2457 statis
342 2403 679 2471 temporibus
708 2405 866 2459 modo
892 2403 1121 2467 bisulco,
1146 2403 1303 2457 modo
1333 2403 1571 2468 trisulco,
1592 2418 1718 2457 non-

167 2507 426 2561 nunquam
472 2495 635 2549 etiam
675 2505 905 2563 utroque
955 2494 1156 2557 simul,
1195 2493 1259 2546 ad
1296 2494 1715 2548 benedicendum

162 2584 357 2648 utitur;
387 2586 469 2640 sic
505 2593 563 2640 ut
588 2595 715 2639 tunc
758 2584 920 2638 etiam
974 2598 1201 2653 expassa
1233 2583 1453 2639 brachia
1505 2585 1715 2657 signum

165 2677 326 2732 crucis
377 2684 790 2746 reprmsentent.

224 2766 341 2822 220.
373 2766 492 2822 Νοη
524 2783 650 2822 vero
693 2769 914 2822 videbor
958 2768 1090 2821 ferri
1130 2776 1280 2821 extra
1326 2766 1491 2831 oleas,
1529 2769 1574 2821 si
1618 2768 1721 2822 hac

163 2859 432 2914 occasione
459 2860 563 2914 tria
587 2868 843 2929 praeterea
870 2858 935 2911 ad
957 2857 1100 2911 hunc
1114 2855 1531 2912 benedicendum
1560 2858 1719 2911 ritum

166 2951 443 3016 spectantia
463 2952 647 3020 paucis
674 2948 1061 3017 perstrinxere.
1078 2947 1338 3015 Primum,
1360 2949 1485 3005 dum
1502 2949 1720 3004 ϐιαίους

166 3043 454 3108 patriarcha
491 3040 577 3093 vel
621 3041 904 3109 episcopus
937 3056 1059 3095 cum
1108 3040 1343 3112 δικηρίῳ
1390 3040 1474 3093 vel
1534 3056 1723 3112 τρικη-

1818 1938 2124 2006 pedimento
2152 1938 2223 2008 ad
2258 1952 2474 1991 sacrum
2514 1937 2684 1991 altare
2714 1940 3000 2005 accedunt,
3028 1940 3241 2008 quando
3285 1955 3378 2019 vo-

1816 2026 2039 2095 luerint,
2088 2038 2143 2084 et
2180 2031 2304 2085 thus
2354 2030 2609 2098 adolent,
2642 2041 2696 2087 et
2743 2032 2963 2102 signant
2990 2046 3109 2085 cum
3143 2031 3379 2100 tricipite

1814 2133 1974 2172 cereo
2021 2123 2475 2189 quemadmodum
2526 2123 2826 2191 pontiﬁces.
2896 2141 2917 2175 ι
2976 2121 3126 2177 Alter
3182 2131 3266 2177 est
3318 2125 3370 2177 in

1814 2210 2005 2265 Melete
2034 2252 2050 2277 ,
2102 2212 2190 2266 ubi
2250 2226 2538 2268 recensens
2600 2228 2763 2284 opera
2792 2254 2808 2280 ,
2855 2228 2973 2282 qua:
3020 2213 3380 2281 imperatores

1816 2317 1939 2356 cum
1972 2303 2293 2371 patriarchis
2339 2305 2538 2359 habent
2594 2305 2902 2359 communia
2923 2344 2939 2367 ,
2972 2304 3050 2358 sic
3089 2303 3322 2373 loquitur
3352 2321 3368 2359 :

1829 2394 2107 2450 Ἐντεῦθεν
2155 2398 2207 2449 οἱ
2241 2397 2419 2451 πιστοὶ
2461 2396 2713 2451 δεσπόται
2735 2397 2828 2451 καὶ
2860 2397 3256 2468 αὐτοκράτορες
3283 2413 3382 2450 κα-

1816 2486 2126 2555 τηχητικῶς
2150 2486 2395 2557 ὁμιλοῦσι
2416 2486 2493 2558 τῷ
2518 2487 2891 2560 Χριστωνύμῳ
2909 2486 3043 2557 λαῷ.
3063 2487 3156 2541 καὶ
3179 2485 3381 2556 θυμιῶ-

1819 2592 1902 2628 σιν
1926 2576 2000 2640 ὼς
2018 2577 2200 2650 ἱερεῖς,
2220 2578 2315 2631 καὶ
2343 2577 2482 2649 μετὰ
2503 2578 2749 2650 δικηριου
2782 2576 3159 2649 σφραγιζουσι.
3186 2596 3206 2629 s
3244 2578 3381 2631 Hinc

1819 2666 2061 2739 (prapter
2086 2670 2398 2726 unctionem
2422 2668 2766 2738 Chrismatis)
2793 2668 2979 2724 ﬁdeles
3024 2668 3239 2724 Domini
3272 2669 3380 2723 im-

1817 2768 2095 2826 peratores
2116 2760 2369 2814 erudiunt
2414 2759 2783 2814 Christianum
2826 2758 3107 2829 populum,
3130 2768 3185 2816 et
3214 2758 3382 2816 odore

1819 2848 1994 2903 thuris
2023 2847 2393 2921 suffumigant,
2418 2858 2473 2905 et
2501 2851 2721 2906 bicereo
2754 2849 3104 2906 benedicunt.
3146 2869 3166 2903 ο

1888 2938 2015 2992 222.
2036 2939 2113 2993 Ex
2149 2942 2233 2995 his
2264 2957 2427 3010 porro
2459 2942 2677 3011 planum
2705 2942 2787 3008 ﬁt,
2807 2943 2935 3011 quid
2969 2942 3039 2998 sit
3062 2943 3202 3014 apud
3231 2942 3380 2999 Gra-

1820 3041 1913 3083 cos
1936 3028 2165 3102 δικηρεῳ
2190 3030 2285 3084 καὶ
2321 3030 2589 3102 τρικηρίω
2622 3032 2978 3102 σφραγίζεινο
3003 3048 3070 3089 ex
3124 3034 3273 3101 cujus
3322 3048 3380 3086 re

167 3131 257 3201 ρεῳ
306 3131 596 3195 benedicit,
633 3144 825 3185 cruces
853 3129 1103 3184 eﬁ‘ormat
1142 3140 1287 3195 tres;
1339 3130 1722 3185 convenienter
1824 3120 2167 3189 ignoratione
2232 3138 2352 3193 qua:
2400 3122 2907 3192 interpretationum
2966 3133 3207 3179 monstra
3269 3122 3379 3177 ali-

164 3239 283 3278 sane
327 3224 678 3292 pontiﬁcibus
707 3224 911 3279 nostris
938 3263 953 3287 ,
982 3224 1144 3278 etiam
1173 3232 1281 3279 tres
1327 3238 1515 3279 cruces
1539 3264 1557 3289 ,
1588 3225 1711 3277 dum

1818 3212 2034 3280 quando
2094 3214 2233 3267 edita
2284 3216 2451 3270 sunt!
2486 3217 2752 3287 lnterpres
2794 3216 2978 3270 nescio
3033 3216 3196 3285 quis,
3242 3215 3381 3285 apud

169 3314 479 3368 benedicunt
514 3351 531 3379 ,
582 3311 821 3368 formare
877 3312 1073 3369 solitis.
1130 3311 1358 3369 Probari
1420 3312 1474 3368 id
1540 3321 1713 3383 potest

1818 3298 2133 3358 Gretserum
2189 3315 2433 3359 nostrum
2470 3305 2637 3359 Horlo
2681 3304 2743 3361 S.
2781 3308 2950 3361 crucis
2978 3316 3120 3376 part.
3174 3322 3227 3369 ν,
3257 3321 3379 3376 cap.

166 3420 223 3458 ex
267 3404 539 3462 Demetrio
576 3405 817 3461 Gemisto
868 3422 967 3461 ms.
1021 3407 1097 3460 De
1148 3403 1578 3460 ordinationibus
1625 3404 1717 3474 qui

166 3496 288 3565 apud
316 3496 576 3567 Cangium
624 3499 699 3550 ait
725 3515 739 3551 :
772 3494 837 3551 ’Ὁ
869 3498 1229 3569 πατριάρχης,
1267 3495 1444 3548 λαϐὼν
1490 3496 1550 3549 τὸ
1578 3498 1719 3567 ιτρι-

168 3588 356 3658 κήριον,
375 3591 523 3640 ποιεῖ
546 3583 701 3650 αὖθις
728 3588 992 3659 σταυροὺς
1011 3590 1159 3659 τρεῖς
1188 3586 1394 3641 ἄνωθεν
1418 3586 1514 3639 τοῦ
1542 3588 1718 3655 Εὐαγ-

166 3678 355 3743 γιλιουε
385 3696 403 3727 ι
430 3676 770 3742 Patriarcha,
802 3678 1255 3748 acceptotrisulco
1274 3692 1450 3745 cereo,
1474 3676 1708 3731 facitite.

170 3783 270 3819 rum
298 3783 490 3824 cruces
513 3778 623 3824 tres
641 3783 801 3840 super
828 3769 1235 3841 Evangelium»
1256 3769 1323 3825 Et
1350 3783 1498 3833 mox,
1524 3766 1583 3821 '0
1612 3783 1715 3821 πα-

166 3861 435 3933 τριάρχης,
472 3860 683 3931 βλέπων
724 3864 860 3935 πρὸς
909 3863 1008 3927 τὰς
1059 3862 1289 3933 δυσμὰς,
1324 3860 1535 3929 εὐλογεϊ
1580 3859 1716 3932 μετὰ

168 3955 432 4025 τρικηρίου
475 3954 571 4007 τὸν
606 3953 734 4008 λαὸν
765 3956 888 4027 τρίς
916 3974 931 4011 :
969 3975 987 4008 ι
1014 3954 1325 4011 Patriarcha
1360 3955 1427 4008 ad
1465 3955 1715 4008 occiden-

168 4052 264 4098 tem
284 4061 597 4112 conversus,
628 4046 1121 4117 benedicitpOpulo
1176 4057 1259 4103 ter
1308 4062 1431 4102 cum
1490 4045 1712 4101 trisulco

168 4146 326 4187 careo.
372 4154 390 4187 ι
423 4133 633 4191 Deinde
654 4134 853 4190 bicerei
886 4145 938 4188 et
970 4136 1180 4189 tricerei
1204 4149 1333 4188 usus
1357 4151 1464 4190 non
1496 4134 1713 4188 videtur

170 4222 433 4279 admodum
471 4227 750 4295 antiquus.
782 4225 895 4281 Hoc
922 4242 1027 4281 non
1058 4242 1121 4281 ex
1148 4242 1214 4281 eo
1240 4226 1455 4294 quidem
1489 4224 1709 4295 colligo,

169 4315 291 4378 quod
333 4315 390 4369 S.
433 4317 591 4371 Saba:
617 4317 877 4388 Typicum
908 4318 1235 4370 mentionem
1268 4315 1435 4384 ipsius
1466 4329 1569 4368 non
1617 4313 1701 4367 fa-

168 4404 261 4456 ciat
290 4402 409 4475 (hoc
439 4409 586 4461 enim
616 4406 875 4477 Typicum
900 4421 998 4475 pro
1023 4407 1347 4474 patriarchis
1395 4416 1449 4459 et
1491 4406 1708 4474 episcoo

169 4494 234 4547 uis
268 4498 476 4563 proprie
515 4498 773 4565 scriptum
832 4513 936 4550 non
964 4497 1090 4565 est),
1120 4512 1304 4551 verum
1355 4512 1419 4551 ex
1463 4510 1527 4551 eo
1561 4496 1703 4564 quod

169 4593 252 4632 nec
279 4580 331 4633 S.
361 4580 649 4647 Maximus,
683 4597 779 4635 nec
806 4582 864 4636 S.
889 4584 1191 4639 Germanus
1251 4585 1490 4655 ejusdem
1517 4585 1707 4638 memi-

1815 3394 1910 3464 2l,
1970 3396 2147 3452 locum
2206 3397 2357 3451 illum
2386 3396 2723 3454 Balsamonis
2749 3438 2765 3465 ,
2807 3398 2902 3453 καὶ
2955 3398 3097 3470 μετὰ
3126 3398 3381 3470 δικηρῑοιι

1818 3485 2197 3556 σφραγιζουσι,
2234 3489 2305 3541 ita
2340 3488 2503 3543 vertit
2536 3506 2550 3543 :
2580 3505 2602 3542 ο
2638 3486 2775 3545 Cum
2826 3503 2949 3544 cera
2999 3488 3199 3559 duplici
3228 3490 3379 3544 obsi-

1815 3584 1999 3646 gnant.
2040 3594 2059 3628 ι
2102 3576 2463 3643 Quamobrem
2490 3580 2593 3635 iste
2645 3578 2937 3650 interpres,
2969 3594 3078 3635 non
3110 3579 3380 3636 immerito

1814 3680 1845 3720 a
1875 3666 2132 3723 Gretsero
2158 3671 2594 3739 reprehenditur.
2622 3669 2727 3726 Sed
2751 3685 2821 3724 an
2859 3685 2965 3725 non
2997 3671 3162 3724 etiam
3188 3684 3377 3739 repre-

1815 3755 2129 3814 hendendus
2157 3758 2228 3814 sit
2260 3759 2550 3814 Gretserus
2580 3760 2715 3829 ipse,
2740 3760 2883 3830 quod
2920 3760 3109 3816 eodem
3137 3758 3229 3815 illo
3257 3759 3378 3814 Bal-

1813 3848 2054 3905 samonis
2098 3848 2236 3917 loco,
2264 3864 2363 3918 pro
2397 3848 2643 3923 δικηριου
2687 3850 2968 3922 legendum
2994 3859 3214 3905 censeat
3254 3867 3376 3922 τρι-

1814 3940 2009 4013 κηρίου
2036 3980 2052 4007 ,
2078 3940 2340 4011 judicium
2378 3942 2452 3999 sit
2497 3943 2751 3997 aliorum.
2782 3942 2994 3998 Etenim
3045 3941 3130 3998 vir
3179 3951 3375 3999 ctetera

1815 4033 2059 4089 eruditus
2098 4034 2313 4090 videtur
2342 4035 2602 4099 nescisse,
2633 4032 2876 4106 δικήριον
2905 4048 3118 4105 quoque
3163 4047 3258 4090 seu
3286 4033 3376 4089 biv

1813 4125 2021 4180 sulcum
2057 4124 2206 4181 illum
2247 4141 2462 4181 cereum
2495 4125 2872 4193 impartiendis
2902 4127 2955 4181 in
3000 4139 3162 4182 sacro
3200 4123 3377 4180 oﬂlcio

1812 4216 2273 4272 benedictionibus
2304 4215 2471 4272 fuisse
2500 4231 2530 4271 a
2564 4215 2765 4273 Graecis
2794 4216 3117 4273 adhibitum.
3149 4214 3249 4271 Hic
3276 4232 3375 4271 nov

1812 4320 1927 4365 stro
1953 4311 2021 4365 de
2045 4308 2317 4365 Laudibus
2363 4310 2754 4366 commentario
2801 4307 2964 4363 ﬁnem
2996 4308 3320 4380 imponimus
3349 4331 3365 4364 :

1815 4415 1939 4453 nam
1968 4397 2167 4453 fratres
2194 4414 2225 4455 e
2264 4400 2461 4469 templo
2485 4401 2741 4453 abeuntes
2771 4407 2965 4455 vocant
2996 4413 3115 4462 nos,
3135 4399 3199 4453 ad
3218 4413 3372 4455 suam

1813 4491 2041 4560 quisque
2081 4490 2351 4555 cellulam,
2386 4502 2444 4543 ut
2472 4504 2605 4559 quas
2638 4490 2711 4547 ibi
2750 4491 2988 4546 minores
3040 4490 3202 4546 horas
3232 4492 3372 4545 reei-

1819 4592 1952 4648 tent,
1983 4583 2249 4653 dispicere
2277 4582 2566 4650 possimus.

1456 4779 1681 4835 CAPUT
1723 4772 2057 4847 QUINTUM.

522 4935 600 4992 De
625 4936 765 4991 horis
790 4934 1098 5001 minoribus,
1124 4936 1307 4991 mediis
1331 4935 1473 4989 horis
1496 4956 1511 4999 ,-
1534 4948 1587 4990 ct
1607 4935 1887 5007 apodipno,
1920 4937 2058 5008 quod
2088 4938 2358 5009 respondet
2390 4948 2569 4991 nostro
2592 4937 2958 5010 Completorio.

223 5088 337 5171 ἓξ.
362 5091 540 5171 _Gr:eci
580 5093 812 5171 diurnas
852 5096 1014 5171 horas
1071 5094 1269 5171 habent
1319 5097 1584 5171 totidem,
1616 5111 1713 5171 qut

1816 5098 1976 5152 Latini
2001 5137 2018 5171 _,
2067 5110 2258 5165 nempe
2300 5098 2557 5171 πρώτην,
2608 5101 2820 5171 τρίτην,
2855 5099 3040 5171 ἕκτην,
3071 5098 3165 5151 καὶ
3213 5098 3371 5152 ἐννά-

165 5171 267 5225 “av.
296 5162 547 5239 Primam,
580 5161 1086 5239 Tert_iam,_Sex_tam
1115 5177 1169 5221 et
1212 5165 1440 5239 Nattam.
1478 5168 1591 5239 Sed
1614 5161 1666 5219 in
1698 5184 1761 5222 eo
1791 5169 2137 5231 dissentiunt,
2172 5161 2313 5237 quod
2356 5161 2765 5239 post_'singnlas'
2794 5161 2955 5225 horas
2975 5161 3368 5239 'jachommo-

170 5241 379 5309 inoratas
413 5236 647 5288 recitent
676 5233 887 5301 singula
920 5235 1189 5310 Μεσῴρια
1216 5238 1328 5310 sive
1345 5239 1547 5310 medias
1580 5236 1713 5310 hora

1828 5252 2052 5310 quarum
2083 5253 2144 5292 ea
2171 5233 2288 5307 quae
2312 5233 2431 5309 post
2462 5233 2698 5310 Priln'am
2738 5240 2955 5302 dicitur,
2983 5233 3248 5310 ξιεσώριον
3270 5239 3367 5309 τῆς

168 5306 362 5376 πρφτης
385 5312 908 5378 ιριιεμμθιυζλιιυεε
936 5315 1069 5378 post
1085 5306 1343 5371 Tertiam,
1375 5306 1642 5378 μεσώριον
1672 5307 1713 5358 τί

1816 5306 1983 5377 τρίτης
2010 5346 2027 5371 ,
2055 5318 2108 5365 et
2136 5306 2214 5364 sic
2237 5306 2510 5377 deinceps.
2549 5308 2623 5365 De
2658 5312 2908 5365 mesoriis
2935 5306 3113 5362 autem
3138 5306 3253 5364 hac
3281 5306 3367 5361 in-

166 5371 301 5421 venio
326 5386 377 5424 tu
403 5368 611 5439 Typico
636 5372 738 5428 sub
763 5368 1149 5444 ﬁnem'capitis
1179 5378 1211 5430 5
1237 5396 1250 5431 :

223 5552 293 5605 Τὰ
319 5554 370 5609 δὲ
394 5557 655 5629 Μεσὼρια
671 5560 769 5630 τῆς
795 5568 842 5628 γ’
858 5560 1006 5631 ὧρας
1030 5562 1122 5614 καὶ
1175 5570 1227 5626 ς’
1264 5565 1490 5618 πάντοτε
1506 5564 1580 5633 ίὲν
1631 5568 1697 5637 τῇ

1874 5566 1999 5621 224.
2034 5585 2052 5619 ι
2082 5566 2312 5623 Mesoria
2346 5567 2543 5624 Tertia:
2569 5580 2622 5625 et
2648 5570 2828 5625 Sexta:
2848 5584 3060 5640 semper
3079 5569 3131 5623 in
3156 5567 3345 5624 Eccle-

178 5643 441 5723 Ἐκκλησία
471 5650 762 5721 ψάλλονται
792 5653 918 5705 ἄνευ
954 5654 1061 5706 τῶν
1099 5655 1414 5725 ἀγρυπνιῶν
1469 5657 1564 5709 καὶ
1591 5658 1697 5709 τῶν

1816 5660 1882 5714 tia
1942 5661 2319 5729 concinuntur,
2362 5672 2719 5733 praeterquam
2746 5663 2800 5716 in
2829 5662 3026 5732 vigiliis
3073 5670 3126 5721 et
3177 5660 3354 5725 festis,

169 5733 339 5803 ἑορτῶν
381 5743 438 5798 ὲν
482 5740 571 5808 αἷς
598 5744 836 5813 γίνονται
879 5745 1191 5816 δοξολογίαι.
1218 5748 1291 5803 Τὸ
1332 5749 1388 5801 δὲ
1430 5747 1696 5821 μεσὼριον

1816 5752 2017 5821 quando
2051 5751 2320 5811 habentur
2346 5754 2784 5825 gloriﬁcationes.
2814 5754 3007 5812 Primae
3041 5764 3223 5812 autem
3259 5755 3357 5809 ho-
