4060 6316
671 397 928 443 εοεικκνι

673 597 718 651 ri
743 594 887 649 ‘facis
937 607 1100 661 super
1144 592 1321 660 jusms
1372 601 1427 646 et
1481 590 1746 658 injustas,
1776 606 1941 661 super
1968 596 2136 648 bonos
2190 605 2244 650 et

672 684 845 740 malos
873 682 970 753 (a),
1003 680 1094 749 qui
1129 680 1413 735 fabricaris
1437 694 1709 744 auroram,
1748 690 2029 750 totumque
2059 684 2243 737 orbem

670 776 969 839 illuminas,
1006 772 1254 827 illumina
1307 780 1364 826 et
1417 773 1583 826 corda
1612 781 1821 827 nostra.
1857 772 2242 830 Universorum

670 869 918 933 Domine,
957 876 1016 919 ut
1043 866 1135 920 tibi
1166 865 1270 919 ltoc
1300 864 1387 919 die
1420 864 1726 933 placeamus
1746 905 1761 931 ,
1806 866 1958 921 nobis
1988 869 2243 933 concede,

671 959 984 1014 custodiens
1018 973 1115 1012 nos
1172 958 1239 1011 ab
1268 956 1417 1011 omni
1474 966 1712 1023 peccato,
1760 967 1814 1010 et
1864 959 2006 1012 omni
2060 959 2243 1029 iniqua

672 1052 911 1115 actione,
939 1049 1174 1105 liberans
1228 1063 1328 1103 nos
1357 1048 1425 1102 ab
1455 1047 1600 1101 omni
1657 1048 1859 1119 sagitta
1888 1048 2107 1105 volante
2150 1065 2246 1121 per

673 1143 839 1208 diem,
868 1152 923 1197 et
945 1143 1093 1197 omni
1116 1140 1429 1197 adversaria
1454 1149 1742 1211 potestate.
1771 1140 2032 1197 Precibus
2061 1143 2247 1197 incon-

672 1234 949 1288 taminata:
974 1233 1212 1288 Domina:
1241 1242 1441 1287 nostra:
1464 1231 1725 1301 Deiparaz,
1765 1241 1980 1286 tuorum
2008 1248 2072 1287 ex
2102 1234 2243 1287 nulla

671 1329 1037 1385 constantiam
1094 1325 1324 1380 materia
1358 1324 1731 1380 ministrorum
1768 1362 1782 1386 ,
1827 1323 2246 1396 Cteleslittmque

673 1423 961 1486 virtutum,
992 1433 1054 1473 ac
1080 1416 1319 1472 omnium
1354 1424 1695 1477 sanctorum,
1729 1415 1819 1484 qui
1856 1414 1952 1469 tibi
1984 1431 2011 1469 a
2047 1419 2246 1471 sarculo

672 1508 947 1586 placuere.
976 1512 1146 1565 Tuum
1178 1521 1259 1566 est
1279 1511 1454 1573 enim,
1491 1508 1633 1562 Deus
1671 1517 1874 1571 noster,
1909 1509 2152 1562 misereri
2184 1525 2247 1563 ac

672 1620 889 1661 servare
922 1619 1020 1658 nos
1050 1620 1064 1655 :
1094 1611 1147 1657 et
1178 1601 1273 1655 tibi
1303 1601 1530 1671 gloriam
1564 1598 1772 1664 danms,
1807 1599 1977 1661 Patri,
2003 1609 2058 1653 et
2087 1598 2243 1660 Filio,

672 1708 725 1751 et
756 1696 982 1765 Spiritui
1037 1702 1230 1750 sancto
1256 1735 1270 1759 ,
1304 1706 1447 1748 nunc
1476 1699 1529 1746 et
1576 1705 1814 1760 semper,
1844 1702 1900 1747 et
1942 1692 1995 1744 itt
2052 1692 2246 1747 sarcula

673 1790 1013 1847 saeculorum.
1044 1788 1234 1842 Amen.

739 1971 945 2038 Gloria,
995 1969 1061 2026 Et
1116 1985 1276 2026 nunc.
1311 1969 1693 2027 Excelsiorem.
1737 1971 1802 2026 Et
1833 1969 1955 2025 linis
2020 1969 2245 2035 imponi-

673 2075 779 2119 tur.

2025 385 2561 445 PRULEGOMENA.

738 500 868 557 240.
898 498 996 567 Qui
1028 497 1229 553 emittis
1278 496 1478 564 lucem,
1528 505 1583 552 et
1612 498 1796 563 vadit;
1832 499 1921 568 qui
1954 501 2117 555 solem
2142 504 2246 557 ori-
2277 524 2321 578 Α

2434 508 2490 560 'O
2512 508 2913 573 ὲξιποστέλλων
2936 512 2997 565 τὸ
3026 514 3138 581 φῶς
3161 514 3252 567 καὶ
3301 514 3613 586 πορεύεται,
3637 518 3667 570 ὁ
3699 519 3913 573 ἀνατέλ·

2350 599 2453 649 λων
2481 599 2569 651 τὸν
2594 600 2744 670 ἥλιον
2773 602 2863 654 ἐπὶ
2892 601 3134 665 δικαίους
3161 605 3254 656 καὶ
3286 604 3521 668 ἀδίκους,
3549 605 3824 676 πονηρούς
3864 624 3917 659 τε

2348 692 2440 745 καὶ
2478 692 2737 759 ἀγαθοὺς,
2786 695 2816 746 ό
2868 694 3035 747 ποιῶν
3070 693 3264 765 ὄρθρον
3302 696 3397 749 καὶ
3445 696 3703 764 φωτίζων
3747 700 3919 751 πᾶσαν

2346 786 2444 856 τὴν
2470 788 2811 859 οἰκουμένην,
2851 787 3083 856 φώτισον
3113 788 3207 839 καὶ
3253 788 3409 858 ἡμῶν
3432 787 3531 851 τάς
3554 788 3808 860 καρδίας.
3840 789 3922 842 Δέ-

2350 894 2522 932 σποτα
2546 879 2654 931 τῶν
2696 882 2969 947 ἁπάντων,
3018 881 3241 952 χάρισαι
3282 882 3411 950 ἡμῖν
3467 883 3613 952 ὲντῇ
3673 883 3917 953 παρούσῃ

2346 970 2528 1042 ἡμέρᾳ
2574 972 2932 1043 εὐαρεστῆσαί
2964 990 3066 1037 σοι,
3093 972 3469 1042 διαφυλάττων
3500 977 3651 1046 ἡμᾶς
3690 976 3802 1029 ἀπὸ
3828 978 3921 1030 πά-

2350 1077 2447 1130 σης
2496 1060 2767 1131 ἁμαρτίας
2806 1062 2899 1115 καὶ
2929 1064 3108 1133 πάσης
3138 1065 3380 1135 πονηρᾶς
3410 1064 3685 1135 πράξεως,
3726 1067 3917 1137 ῥυόμε-

2348 1170 2435 1215 νος
2462 1154 2610 1224 ἡμᾶς
2640 1153 2747 1206 ἀπὸ
2769 1155 2967 1217 παντὸς
3000 1154 3185 1223 βέλους
3224 1156 3522 1227 πετομένου
3553 1157 3793 1228 ἡμέρας,
3833 1175 3920 1210 κα.

2347 1246 2527 1316 πάσης
2554 1246 2936 1317 ἀντικειμένης
2963 1246 3260 1318 δυνάμεως·
3296 1248 3610 1319 πρεσϐείαις
3636 1249 3739 1319 τῆς
3792 1267 3920 1303 παν-

2348 1338 2616 1407 αχράντου
2649 1338 2947 1408 Δεσποίνης
2974 1338 3132 1409 ἡμῶν
3158 1340 3441 1401 Θεοτόκου,
3465 1338 3573 1393 τῶν
3601 1338 3786 1392 ἀΰλων
3832 1356 3916 1393 σου

2348 1429 2678 1502 λειτουργῶν
2725 1431 2819 1484 καὶ
2848 1430 3182 1502 ἐπουρανίων
3206 1433 3507 1504 δυνάμεων,
3562 1432 3674 1485 καὶ·
3703 1431 3916 1484 πάντων

2348 1521 2455 1574 τῶν
2487 1522 2654 1589 ἁγίων
2675 1523 2782 1577 τῶν
2807 1525 2900 1577 ἀπ’
2932 1522 3128 1586 αἰῶνός
3166 1540 3246 1576 σοι
3285 1525 3793 1595 εὐαρεστησάντων.
3823 1523 3916 1575 Σὺν

2349 1611 2457 1681 γάρ
2477 1614 2592 1663 ἐστι
2616 1613 2674 1666 τὸ
2703 1614 2893 1676 ἐλεεῖν,
2934 1614 3026 1667 καὶ
3067 1610 3258 1676 σώζειν
3284 1615 3450 1683 ἡμᾶς,
3484 1617 3512 1668 ὁ
3550 1614 3686 1677 Θεὸς
3742 1613 3913 1684 ἡμῶν,

2350 1704 2444 1756 καὶ
2475 1704 2559 1756 σοὶ
2591 1704 2687 1775 τὴν
2714 1705 2869 1773 δόξαν
2908 1704 3327 1775 ἀναπέμπομεν,
3379 1705 3457 1775 τῷ
3495 1706 3674 1777 Πατρὶ
3712 1707 3809 1759 καὶ
3843 1704 3915 1774 τῷ

2350 1796 2487 1867 Υἱῷ.
2516 1800 2608 1853 καὶ
2636 1798 2712 1868 τῷ
2732 1800 2867 1869 ἁγίῳ
2882 1798 3180 1870 Πνεύματι,
3207 1796 3301 1851 νῦν
3335 1799 3427 1852 καὶ
3449 1799 3556 1863 ἀεὶ,
3585 1800 3680 1852 καὶ
3705 1802 3785 1862 εἰς
3799 1800 3919 1863 τοὺς

2354 1890 2557 1955 αἰῶνας
2578 1891 2684 1946 τῶν
2712 1891 2941 1947 αἰώνων.
2986 1893 3177 1963 Ἀμήν.

2424 1977 2579 2043 Δόξα.
2603 1977 2713 2032 Καὶ
2741 1977 2853 2032 νῦν.
2892 1980 3002 2050 Τὴν
3039 1978 3380 2051 τιμιωτέραν.
3414 1981 3523 2034 Kal.
3548 1980 3765 2048 γίνεται
3792 1984 3915 2037 από·

2352 2070 2528 2135 λυσις.

742 2159 868 2213 2M.
903 2158 1083 2212 COII.
1109 2154 1229 2211 Jam
1266 2170 1409 2210 nunc
1448 2165 1618 2211 marte
1643 2158 1863 2227 proprio
1898 2161 2537 2221 observaveriteruditus
2570 2166 2764 2229 lector,
2797 2167 2910 2224 have
2991 2185 3073 2225 ua:
3096 2170 3186 2226 ltic
3216 2179 3374 2225 naoet
3404 2168 3783 2237 Horologium,
3815 2184 3913 2224 non

742 2230 806 2284 tis
853 2241 1153 2292 congruere
1189 2225 1314 2291 illis,
1350 2241 1467 2292 qua:
1500 2245 1648 2282 num.
1671 2228 1802 2291 225,
1837 2242 1935 2292 pro
1968 2230 2160 2289 Prima
2191 2237 2426 2291 mesorio
2456 2239 2618 2292 habet
2660 2237 2718 2292 S.
2756 2238 2913 2292 Saba:
2941 2184 3226 2292 'Pvnicum.
3255 2244 3462 2292 Onione
3509 2240 3612 2292 hoc
3644 2239 3903 2292 Tvoicum

672 2230 806 2285 satis
853 2241 1153 2297 congruere
1189 2225 1314 2291 illis,
1350 2241 1467 2296 qua:
1500 2225 1802 2291 num.223,
1837 2242 1935 2295 pro
1968 2230 2160 2289 Prima:
2191 2237 2426 2291 mesorio
2456 2239 2618 2292 habet
2660 2237 2718 2293 S.
2752 2225 2913 2293 Saba:

2987 2242 3226 2309 ypicum.
3255 2244 3462 2310 Quippe
3509 2240 3612 2294 hoc
3644 2239 3903 2310 Typicum

672 2298 1128 2379 praeteyityulta,
1163 2312 1282 2378 qua:
1304 2298 1405 2379 _l_tic
1440 2298 1719 2379 recitanda
1754 2300 1805 2379 in
1844 2299 2130 2379 Horologio
2157 2318 2557 2379 proponuntur.
2602 2307 2795 2363 Utrum
2828 2321 2949 2364 utro
2987 2298 3210 2375 melius,
3246 2298 3374 2378 «fuis'
3397 2298 3656 2379 decidat?
3693 2298 3911 2365 interim

670 2367 796 2452 cum
827 2370 895 2425 de
926 2368 1084 2423 Horis
1120 2368 1424 2452 minoribus
1454 2367 1597 2452 aliis,
1630 2378 1791 2437 prout
1820 2372 2025 2440 passim
2043 2367 2378 2439 'reci'tau'tur.
2411 2392 2581 2447 pauca
2614 2380 2794 2435 tradat
2825 2379 3089 2451 Typicum
3112 2422 3127 2446 ,
3157 2367 3223 2435 ei
3255 2367 3443 2437 eodem
3475 2378 3794 2452 Horologio,
3828 2394 3914 2435 ur-

673 2443 854 2497 dinem
885 2453 1070 2495 earum
1106 2453 1171 2493 ac
1201 2440 1400 2493 seriem
1447 2438 1764 2505 pandemus.

1204 2528 1392 2585 HORA
1436 2526 1712 2583 TERTIA.

741 2629 865 2684 2η.
899 2626 1015 2679 Rex
1065 2622 1325 2686 cmlestis,
1360 2620 1662 2693 Trisagium
1692 2639 1706 2687 ;
1762 2625 2077 2679 reverentiae
2116 2634 2244 2693 tres,

678 2718 1033 2775 Sanctissima
1065 2714 1325 2781 Trinitas,
1351 2711 1516 2767 Pater
1552 2722 1754 2779 noster,
1804 2713 1937 2782 Quia
1966 2724 2111 2771 tuum
2141 2728 2243 2773 est.

672 2812 901 2869 Domine
925 2848 940 2875 ,
999 2808 1279 2872 miserere,
1313 2804 1617 2862 duodecies.
1650 2803 1844 2861 Venite
1866 2846 1881 2872 ,
1938 2807 2244 2878 adoremus,

675 2906 855 2962 tertio.
882 2901 1087 2958 Deinde
1114 2896 1329 2971 psalmi.

2904 2542 3060 2595 ὭΡΛ
3090 2541 3320 2601 ΤΡΙΤΗ.

2417 2628 2645 2683 Βασιλεῦ
2678 2632 2918 2700 οὐράνιε,
2978 2635 3289 2703 Τρισάγιον,
3347 2634 3621 2703 μετάνοιαι
3654 2644 3728 2703 γ’,
3786 2638 3915 2691 Παν-

2349 2720 2479 2788 αγία
2509 2721 2699 2793 Τριάς.
2728 2723 2910 2794 Πάτερ
2933 2724 3109 2795 ἡμῶν,
3137 2725 3258 2776 ὀτι
3288 2741 3379 2777 σου
3426 2725 3519 2786 Τὸ,
3549 2724 3745 2797 Κύριε,
3768 2728 3914 2801 ἐλέη-

2353 2829 2464 2876 σον,
2498 2812 2583 2883 ιβ’.
2616 2813 2801 2877 Δεῦτε,
2839 2817 3321 2885 προσκυνήσωμεν,
3367 2816 3430 2866 ὲκ
3450 2812 3652 2868 τοίτου.
3695 2813 3833 2872 Εἶτα
3869 2823 3917 2874 οἱ

2350 2902 2574 2975 ψαλμοί.

740 2995 918 3050 Call.
954 2990 1017 3045 lli
1049 2986 1239 3062 psalmi
1271 2993 1415 3051 sunt,
1463 3000 1599 3062 x_vt__:
1660 2985 1888 3049 Exaudi,
1920 2987 2167 3062 Domine,
2213 2989 2481 3060 justitiam
2515 3010 2709 3049 meam.
2739 3011 2904 3050 utv:
2940 2995 3021 3051 Ad
3071 3004 3145 3062 te,
3191 2994 3438 3062 Domine,
3467 2994 3637 3051 levavi
3686 2999 3919 3055 animam

672 3080 871 3121 meam.
912 3063 978 3117 Et
1000 3077 1031 3115 ι.
1052 3055 1079 3113 ἐ
1113 3055 1370 3111 Miserere
1398 3055 1523 3119 tnei,
1549 3055 1713 3118 Deus,
1744 3059 2063 3112 secundum.

744 3156 871 3213 245.
899 3152 1104 3210 Gloria.
1129 3149 1196 3205 Et
1230 3163 1390 3205 nunc.
1416 3144 1667 3211 Alleluia,
1698 3147 1877 3202 tertio.
1910 3149 1995 3209 Et.
2028 3151 2073 3203 si
2104 3148 2245 3205 Deus

2418 3155 2572 3220 Δόξα.
2603 3157 2710 3209 Καὶ
2730 3156 2843 3209 νῦν.
2878 3159 3209 3230 ’Δ).ληλούῖα,
3245 3162 3308 3215 ἐκ
3356 3161 3556 3231 τρίτου.
3587 3161 3696 3214 Καὶ
3722 3164 3769 3214 εἰ
3800 3162 3918 3231 μὲν,

678 3253 934 3307 Dominus
998 3246 1229 3311 dicitur,
1306 3242 1391 3298 dic
1439 3241 1543 3297 diei
1602 3240 1919 3312 troparium,
1961 3240 2027 3296 Et
2088 3257 2251 3309 nunc,

676 3340 897 3398 Mariale
935 3341 1110 3393 ltoc-z
1181 3334 1448 3403 Deipara,
1523 3341 1577 3385 tu
1647 3346 1707 3387 es
1774 3332 1901 3387 vitis
1944 3348 2091 3391 vera.
2157 3334 2251 3388 Sin

675 3444 857 3491 autem
902 3429 1154 3493 Alleluia,
1202 3426 1289 3482 dic
1341 3439 1575 3496 sequens
1633 3424 1929 3492 troparium
1963 3433 2089 3478 tono
2118 3423 2252 3479 obli-

677 3525 909 3599 quoi:

748 3619 991 3681 Christe,
1043 3613 1134 3682 qui
1207 3612 1338 3665 liora
1408 3609 1569 3664 tertia
1638 3607 2044 3663 sanctissimum
2102 3616 2251 3660 tttunt

679 3713 937 3786 Spiritum
969 3705 1225 3778 apostolis
1256 3702 1473 3763 misisti,
1508 3702 1677 3765 hunc,
1708 3716 1741 3753 ο
1774 3702 2027 3772 benigne,
2054 3715 2123 3755 ne
2149 3716 2249 3755 au—

676 3808 825 3863 feras
852 3819 882 3857 a
914 3800 1073 3857 nobis
1117 3817 1129 3852 :
1163 3795 1257 3852 sed
1286 3808 1410 3850 eum
1445 3792 1498 3846 in
1548 3791 1707 3847 nobis
1734 3799 1783 3843 te
1832 3790 2249 3861 deprecantibus

679 3901 898 3955 innova.

1184 3978 1623 4038 VERSICULUS
1658 3980 1712 4033 l.

748 4081 855 4138 Cor
894 4075 1149 4133 mundum
1181 4085 1303 4128 crea
1334 4073 1385 4126 in
1422 4087 1529 4134 me,
1565 4071 1706 4125 Deus
1740 4070 1836 4141 (b).

1197 4161 1624 4219 VERSICULUS
1662 4161 1719 4215 2.

748 4265 828 4322 Ne
860 4260 1111 4335 projicias
1147 4273 1235 4313 me
1262 4271 1293 4310 a
1322 4255 1459 4311 facie
1489 4263 1577 4309 tua
1618 4254 1712 4323 (c).

833 4356 1039 4414 Gloria.
1056 4351 1121 4407 Et
1146 4365 1309 4405 nunc.
1828 4342 2071 4398 Mariale.

750 4450 845 4508 Dei
902 4445 1175 4507 Genitrix,
1243 4452 1296 4495 tu
1335 4454 1393 4495 es
1446 4438 1571 4493 vitis
1608 4450 1758 4499 vera,
1822 4449 1941 4503 qua
1980 4436 2103 4489 vita:
2135 4433 2249 4488 fru-

2352 3244 2483 3309 Θεὸς
2505 3245 2710 3316 Κύριος
2733 3285 2749 3308 ,
2778 3246 3013 3315 λέγεται,
3072 3248 3287 3316 λέγεται
3327 3251 3427 3317 τῆς
3469 3252 3679 3323 ἡμέρας
3715 3252 3921 3334 τροὶπά-

2353 3352 2491 3408 ριον,
2527 3337 2637 3390 Καὶ
2658 3335 2771 3396 νῦν.
2817 3336 3099 3392 Θεοτόκιον
3130 3340 3191 3393 τό
3219 3356 3234 3371 ο
3258 3340 3505 3407 Θεοτόκε,
3572 3344 3638 3397 σύ
3706 3340 3760 3398 εἰ
3816 3344 3923 3414 ἄμμ

2351 3428 2510 3493 πελος
2548 3428 2856 3501 ήάληθινή.
2910 3429 2973 3482 El
3024 3428 3080 3482 δὲ
3125 3428 3457 3501 Ἀλληλοῶι
3487 3433 3611 3503 λέγε
3635 3435 3699 3487 τὸ
3748 3434 3921 3505 παρὸν

2349 3522 2645 3592 τροπάριον
2669 3523 2806 3594 πρὸς
2826 3518 2959 3594 ἦχον
2978 3521 3070 3577 πλ.
3095 3522 3157 3594 β’.

2420 3611 2613 3682 Κύριε,
2652 3616 2681 3667 ό
2710 3616 2766 3667 τὸ
2815 3616 3079 3684 πανάγιόν
3140 3632 3234 3669 σου
3273 3616 3496 3685 Πνεῦμα
3561 3619 3619 3670 ὲν
3650 3620 3717 3689 τῇ
3762 3621 3917 3691 τρίτῃ

2350 3702 2470 3774 ὥρᾳ
2492 3706 2603 3767 τοῖς
2633 3705 2953 3769 ἀποστόλοις
2985 3724 3077 3761 σου
3107 3708 3492 3779 καταπέμψας,
3518 3708 3698 3774 τοῦτο,
3726 3709 3919 3778 ἀγαθὲ,

2353 3794 2427 3865 μὴ
2443 3794 2638 3869 ἀνέλῃς
2675 3796 2767 3866 ἀφ’
2794 3796 2970 3868 ἡμῶν·
3002 3797 3116 3852 ἀλλ’
3148 3800 3455 3867 ὲγκαίνισον
3488 3803 3620 3873 ἡμῖν
3649 3800 3919 3872 δεομένοις

2351 3903 2465 3943 σου.

2966 3985 3212 4039 ΣΤΙΧΟΣ
3234 4002 3268 4038 α
3289 4024 3305 4040 .

2418 4072 2659 4127 Καρδίαν
2697 4074 2942 4146 καθαρὰν
2970 4076 3153 4130 κτίσον
3183 4081 3240 4131 ὲν
3264 4077 3407 4148 ἐμοὶ,
3432 4080 3459 4132 ό
3485 4076 3636 4143 Θεός.

2965 4168 3211 4220 Στιχοε
3232 4167 3299 4237 βο.

2418 4256 2509 4328 Μὴ
2542 4258 2820 4331 ἀπρῤίψῃς
2856 4275 2922 4329 με
2965 4258 3073 4312 ἀπὸ
3101 4258 3196 4312 τοῦ
3226 4259 3517 4331 προσώπου
3553 4279 3647 4317 σου

2489 4348 2646 4415 Δόξα.
2670 4353 2778 4405 Καὶ
2792 4351 2905 4405 νῦν.
3507 4353 3816 4413 Θεοτόκιον.

2421 4437 2672 4500 Θεοτόκε.
2715 4441 2779 4493 σὺ
2828 4437 2881 4496 εἴ
2915 4444 2949 4513 ἡ
2994 4441 3299 4512 ἀμπελοςὴ
3333 4439 3580 4513 ἀληθινὴ,
3619 4444 3653 4513 ἠ
3688 4443 3916 4517 βλαστή-

678 4556 825 4600 ctum
884 4536 1167 4612 peperisti.
1220 4533 1344 4595 Te,
1401 4530 1666 4593 Domina,
1709 4527 2086 4597 deprecamur,
2140 4540 2246 4579 una

2354 4543 2495 4583 σασα
2522 4530 2611 4582 τὸν
2642 4531 2852 4602 καρπὸν
2887 4532 2986 4603 τῆς
3012 4528 3175 4602 ζωῆς·
3204 4532 3263 4585 σὲ
3278 4530 3611 4602 ἱκετεύομεν,
3628 4534 3912 4605 πρέσϐευι,

679 4651 803 4693 cum
856 4632 1112 4703 apostolis
1168 4636 1293 4699 pete
1354 4621 1638 4679 animabus
1692 4618 1894 4674 nostris
1937 4614 2249 4675 misericor-

681 4730 845 4784 diam.

750 4819 1014 4877 Dominus
1040 4815 1180 4870 Deus
1226 4808 1566 4873 benedictus,
1617 4802 1937 4860 benedictus
1988 4801 2248 4857 Dominus

675 4918 742 4971 de
779 4912 869 4970 die
906 4912 959 4966 in
988 4909 1154 4965 diem.
1187 4906 1452 4976 Prospera
1488 4916 1608 4964 nos,
1638 4899 1787 4952 Deus.
1808 4894 2127 4951 salutarium
2152 4911 2247 4951 no-

673 5019 937 5069 strorum,
974 5002 1117 5057 Deus
1144 5006 1347 5061 noster,
1372 4995 1512 5050 Deus
1547 4991 1759 5048 salutis.

755 5095 861 5152 245
886 5094 989 5149 bis.
1022 5089 1353 5161 Trisagium,
1403 5082 1759 5140 Sanctissima
1796 5078 2054 5142 Trinitas,
2090 5078 2250 5135 Pater

678 5200 883 5253 noster,
909 5186 1046 5254 Quia
1073 5191 1221 5239 tuum
1250 5189 1357 5246 est,
1389 5188 1442 5234 et
1463 5178 1577 5232 haec
1600 5173 1871 5245 troparia:

750 5278 1077 5333 Benedictus
1113 5288 1205 5336 es,
1256 5267 1472 5325 ChriSte
1515 5267 1655 5321 Deus
1690 5275 1891 5331 noster,
1969 5264 2062 5335 qui
2106 5266 2252 5321 insti-

683 5368 833 5424 tuisti
859 5363 1293 5435 sapientissimos
1316 5360 1637 5429 piscatores,
1675 5354 1743 5409 ad
1778 5367 1978 5423 eosque
2002 5366 2248 5409 sanctum

682 5461 944 5531 Spiritum
982 5456 1197 5520 misisti,
1229 5464 1282 5509 et
1306 5466 1401 5521 per
1428 5465 1523 5507 eos
1557 5447 1804 5505 irretiisti
1832 5446 2017 5505 orbem
2043 5464 2058 5515 ;
2093 5463 2125 5505 o
2153 5448 2250 5504 bo-

684 5557 887 5609 miuum
916 5564 1127 5615 amans,
1158 5548 1231 5603 sit
1259 5546 1355 5602 tibi
1400 5543 1592 5617 gloria.

823 5643 1005 5701 Gloria

756 5782 834 5852 (a)
867 5779 1052 5834 Matth.
1084 5776 1247 5852 v,_ts.

761 5848 835 5923 (ὁ)
866 5854 1003 5907 l’sal.
1040 5865 1087 5917 t.,
1115 5848 1196 5901 l2.

2355 4621 2638 4686 Δέσποινα,
2674 4622 2812 4692 μετά
2838 4622 2947 4678 τῶν
2971 4622 3282 4677 ἀποστόλων
3318 4621 3600 4695 ἐλεηθῆναι
3617 4623 3716 4686 τὰς
3744 4621 3915 4697 ψυχὰς

2353 4713 2385 4782 ἡ
2396 4711 2530 4782 μῶν.

2420 4807 2622 4880 Κύριος
2665 4809 2694 4861 ὁ
2730 4809 2860 4873 Θεὸς
2882 4808 3189 4880 εὐλογητὸς,
3234 4809 3520 4880 εὐλογητὸς
3545 4808 3750 4881 Κύριος
3781 4810 3914 4883 ἡμέ-

2357 4917 2456 4970 ραν
2508 4898 2629 4955 καθ’
2660 4900 2893 4973 ἡμέραν.
2932 4900 3314 4955 Κατευόδωσαι
3337 4901 3489 4971 ἡμῖν,
3516 4900 3545 4953 ό
3579 4898 3713 4965 Θεὸς
3746 4917 3915 4973 σωτη-

2356 4990 2485 5061 ρίων
2512 4992 2545 5061 ἡ
2556 4990 2690 5061 μῶν,
2726 4993 2754 5045 ό
2780 4992 2913 5056 Θεὸς
2935 4994 2968 5063 ή
2978 4991 3115 5062 μῶν,
3135 4994 3165 5045 ό
3191 4990 3325 5054 Θεὸς
3354 4990 3447 5045 τοῦ
3473 4991 3687 5057 σώζειν.

2424 5084 2737 5155 Τρισάγιον,
2762 5083 3008 5151 Παναγία
3034 5082 3223 5153 Τριάς,
3242 5082 3424 5154 Πάτερ
3454 5082 3629 5154 ἡμῶν,
3652 5081 3777 5135 Ὀτι
3806 5099 3913 5151 σου,

2356 5174 2450 5227 καὶ
2477 5174 2545 5227 τά
2572 5174 2843 5245 τροπάρια
2872 5172 3047 5227 ταῦτα
3065 5189 3077 5201 '

2428 5266 2727 5337 Εὐλογητὸς
2760 5262 2830 5331 εἴ,
2868 5265 3069 5337 Χριστὲ
3103 5266 3131 5319 ὁ
3174 5264 3306 5330 Θεὸς
3345 5264 3524 5336 ἡμῶν,
3552 5265 3582 5319 ό
3610 5269 3914 5335 πανσόφους

2354 5360 2479 5422 τοὺς
2506 5360 2673 5422 ἁλιεῖς
2703 5358 3004 5424 ἀναδείξας,
3046 5355 3410 5427 καταπέμψας
3442 5356 3624 5421 αὐτοῖς
3661 5358 3724 5412 τὸ
3752 5357 3914 5413 Πνεῦ-

2337 5459 2434 5519 ’μα
2459 5448 2519 5501 τὸ
2554 5450 2727 5517 ἅγιον,
2763 5450 2857 5503 καὶ
2884 5448 2949 5503 δι’
2981 5448 3157 5503 αὐτῶν
3176 5448 3279 5521 τὴν
3304 5449 3628 5521 οἰκουμένην
3653 5448 3911 5524 σαγηνεύ-

2357 5558 2474 5606 σας,
2501 5541 2865 5613 φιλάνθρωπε,
2890 5540 3016 5610 δόξα
3042 5554 3145 5598 cor:

2490 5632 2641 5698 Δόξα.

2422 5774 2492 5844 (ε)
2526 5772 2654 5828 ibid.
2698 5772 2781 5826 ιδ.
