4098 6326
1269 348 1489 404 ACOLU
1502 349 1659 403 THIA
1701 348 2032 405 TliIPLIClS
2070 354 2285 411 FESTI.

3155 370 3441 415 CCCLXXVII

242 466 481 538 Ταχεῖαν
539 467 641 523 ’καὶ
704 463 978 538 σταθηρὰν
1024 466 1167 519 δίδου
1234 467 1587 539 παραμυθίαν
1632 473 1745 533 τοῖς

1908 470 2157 525 Velocem
2204 482 2259 527 et
2302 473 2779 530 lirmam'i’amulis
2812 475 2915 527 luis
2959 476 3406 544 consolationem,

146 557 379 625 δούλοις
414 577 530 617 σου,
578 559 773 627 Ἰησο»,
824 560 881 612 ὲν
902 560 980 630 τῷ
1015 558 1309 629 άκηδιάσαι
1343 561 1412 614 τά
1458 561 1743 634 πνεύματα

148 655 349 724 ἡμῶν
387 653 459 722 μὴ
499 650 731 720 χωρίσου
774 653 881 707 τῶν
918 650 1281 723 ψυχῶνήμῶν
1305 658 1362 707 ὲν
1397 653 1628 722 θλίψεσι·
1666 656 1741 728 μὴ

152 746 453 815 μακρύνου
468 741 576 795 τῶν
597 744 806 816 φρενῶν
826 745 984 817 ήμῶν
1008 746 1065 798 ὲν
1094 762 1158 797 πε
1167 747 1498 819 ριστάσεσινο
1520 746 1633 801 ἀλλ’
1655 749 1741 802 ἀεὶ

146 838 319 908 ἡμᾶς
370 834 700 907 πρόφθασον·
746 838 963 906 ἐγγισον
1002 838 1157 908 ἡμῖν,
1194 839 1433 909 ἐγγισον,
1475 839 1503 889 ὁ
1534 856 1739 894 παντα-

146 928 282 998 χοῦ·
331 926 519 1000 ὦσπερ
545 932 637 983 καὶ
668 934 784 994 τοῖς
822 930 1141 996 ἀποστόλοις
1175 950 1267 986 σου
1292 933 1523 985 πάντοτε
1557 939 1738 1007 συνῆς,

143 1019 312 1071 οὕτω
336 1021 428 1072 καὶ
450 1024 561 1085 τοῖς
592 1040 649 1076 σε
675 1021 927 1075 ποθοῦσιν
943 1022 1143 1078 ’ἐνωσον
1168 1026 1411 1089 σεαυτὸν,
1438 1027 1737 1100 οἰκτίρμον,

147 1113 250 1165 ἵνα
286 1117 621 1186 συνημμένοι
680 1131 739 1166 σε
769 1114 1046 1189 ὑμνῶμεν,
1079 1118 1449 1188 δοξολογῶμεν
1495 1119 1555 1173 τὸ
1601 1137 1740 1177 παν-

149 1205 323 1273 ἀγιόν
352 1224 442 1259 σου
474 1205 714 1275 Πνεῦμα.

312 1300 421 1351 Καὶ
450 1299 564 1350 νῦν.
1295 1301 1597 1363 Θεοτόκιον.

250 1390 319 1441 Ἦ
389 1389 568 1454 ἐλπὶς,
616 1393 707 1446 καὶ
748 1394 1072 1465 προστασία,
1132 1392 1225 1445 καὶ
1282 1398 1564 1465 καταφυγὴ
1631 1396 1739 1449 τῶν

154 1482 529 1551 Χριστιανῶν,
569 1486 629 1539 τὸ
664 1486 1089 1557 άκαταμάχητον
1116 1487 1293 1556 τεῖχος
1346 1488 1454 1542 τῶν
1499 1507 1739 1545 καταπο-

153 1574 467 1644 νουμένων,
501 1578 530 1629 ό
576 1578 736 1649 λιμὴν
790 1580 818 1631 ὀ
874 1577 1222 1647 άχείμαστος,
1276 1581 1337 1634 σύ
1384 1578 1454 1642 εἴ,
1509 1582 1737 1634 Θεοτόκε

153 1664 426 1736 ἄχραντε·
460 1667 573 1721 ἀλλ’
610 1668 685 1730 ὡς
721 1668 813 1720 τὸν
851 1668 1054 1737 κόσμον
1091 1668 1333 1732 σώζουσα
1359 1675 1424 1741 τῇ
1474 1672 1737 1739 ἀπαύστῳ

154 1756 436 1828 πρεσϐείᾳ
474 1774 587 1821 σου,
643 1755 910 1828 μνήσθητι
967 1760 1059 1812 καὶ
1090 1760 1267 1831 ἡμῶν,
1312 1761 1555 1833 Παρθένε
1603 1777 1737 1814 παν-

156 1849 190 1902 ὑ
202 1866 398 1920 μνητε.

235 1942 336 2006 Τὸ,
368 1942 562 2013 Κύριε,
600 1941 843 2013 ἐλέησον,
889 1953 961 2016 μ’.
1013 1947 1071 1997 '0
1136 1946 1194 1995 ὲν
1258 1943 1419 1995 παντὶ
1448 1944 1621 2014 καιρῷ
1646 1945 1741 1998 καὶ

156 2035 322 2108 πάσῃ
354 2034 495 2107 ὥρα·
535 2037 652 2105 μεθ’
683 2038 780 2107 ἣν,
817 2037 1020 2106 Κύριε,
1064 2035 1301 2102 ἐλέησον,
1344 2040 1413 2101 γ’.
1445 2032 1602 2096 Δόξα.
1630 2035 1741 2086 Καὶ

155 2127 279 2183 νῦν.
328 2128 441 2201 Τὴν
460 2129 790 2201 τιμιωτέραν
823 2128 931 2181 τῶν
972 2126 1255 2199 χερουϐίμ.
1299 2127 1387 2179 Ἐν
1418 2125 1495 2196 τῷ
1517 2125 1740 2195 ὀνόματι

156 2219 375 2291 Κυρίου
394 2219 705 2291 εὐλόγησαν,
720 2219 921 2290 Πάτερ.
941 2217 1069 2284 Καὶ,
1090 2220 1136 2271 εί
1162 2217 1277 2270 ἐστι
1296 2215 1737 2287 Τεσσαρακοστὴ,

159 2312 430 2383 ποιοῦμεν
467 2312 562 2375 τὰς
605 2312 905 2383 μετανοίας,
958 2311 1034 2374 ὡς
1080 2309 1426 2381 προεγράφη.
1482 2308 1636 2363 Μετὰ
1681 2308 1735 2361 δὲ

156 2401 262 2471 τὴν
304 2403 617 2454 τελευταίαν
673 2403 958 2471 μετάνοιαν
1002 2402 1231 2470 λέγομεν
1279 2402 1379 2469 τὴν
1418 2401 1582 2471 εὐχὴν
1641 2398 1734 2452 τοῦ

158 2492 324 2559 ἁγίου
370 2492 706 2565 Μαρδαρίου,
758 2494 1003 2545 Δέσποτα
1042 2491 1165 2555 Θεὲ,
1200 2491 1386 2560 Πάτερ
1440 2490 1736 2559 παντοκράο

158 2601 284 2655 top.

1851 561 1997 626 Jesu,
2031 562 2228 617 adhibe
2285 565 2336 618 in
2381 572 2689 620 nostrorum
2722 566 3011 637 spirituum
3042 582 3300 635 ttimrore;
3340 585 3409 626 ne

1851 657 2039 712 desere
2065 657 2273 710 animas
2302 666 2520 713 nostras
2549 656 2599 710 in
2629 657 3092 724 tribulationibus;
3117 674 3182 713 ne
3207 677 3235 714 a
3262 678 3410 716 men-

1854 746 1993 801 tibus
2035 747 2234 802 nostris
2271 748 2321 800 in
2350 746 2762 803 necessitatibus
2789 752 3077 820 elongare;
3110 753 3406 821 appropin-

1849 853 1952 907 qua
1979 840 2155 905 nobis,
2190 841 2555 911 appropinqua
2582 839 2671 908 qui
2708 856 2765 895 es
2789 840 2980 908 ubique
3010 863 3022 897 :
3048 853 3102 899 et
3150 845 3409 913 quemad—

1849 931 2063 986 modum
2090 946 2214 987 eras
2252 946 2463 1000 semper
2512 949 2632 988 cum
2677 932 2933 999 apostolis
2968 936 3093 999 tuis,
3128 937 3200 991 ita
3228 946 3281 992 et
3308 951 3409 992 no-

1850 1020 1933 1074 bis
1964 1022 2039 1075 tui
2066 1020 2423 1093 ﬂagrantibus
2452 1024 2724 1078 desiderio
2753 1024 2983 1095 adjunge
3016 1032 3083 1085 te,
3115 1039 3148 1078 o
3190 1028 3407 1083 miseri-

1851 1126 1993 1175 cors,
2028 1123 2082 1165 ut
2116 1115 2288 1181 juncti
2324 1125 2373 1167 te
2409 1113 2767 1177 celebremus,
2812 1122 2867 1166 et
2894 1114 3152 1183 Spiritum
3179 1117 3407 1172 sanctis-

1850 1202 2042 1256 simum
2076 1214 2222 1257 tuum
2248 1204 2625 1275 gloriﬁcemus.

1989 1293 2054 1347 Et
2087 1310 2251 1347 nunc.

1925 1386 2001 1439 Tu
2030 1427 2046 1451 ,

3026 1295 3265 1353 Mariale.

2120 1388 2323 1443 illibata
2380 1389 2471 1443 Dei
2522 1388 2768 1443 Genitrix
2798 1428 2813 1450 .
2867 1406 2925 1447 es
2973 1390 3407 1446 Christianorum

1812 1495 1986 1551 ospes,
2024 1489 2079 1534 et
2106 1483 2485 1549 patrocinium,
2523 1491 2574 1537 et
2606 1482 2944 1553 perfugium;
2979 1485 3409 1554 inexpugnabilis

1843 1585 2229 1641 oppressorum
2268 1588 2479 1635 murus,
2511 1582 2697 1641 portus
2749 1574 2962 1628 nescius
3013 1575 3348 1645 tempestatis
3387 1593 3401 1629 :

1844 1678 2035 1731 quare,
2062 1664 2201 1718 sicut
2234 1666 2493 1719 mundum
2522 1678 2707 1719 servas
2742 1664 2856 1735 jugi
2892 1673 2981 1719 tua
3005 1666 3402 1737 deprecatione,

1843 1756 1921 1810 sic
1941 1762 1997 1810 et
2031 1756 2195 1809 nostri
2226 1756 2531 1811 recordare.

1913 1933 2017 1988 245
2046 1942 2146 1988 ter.
2176 1932 2425 1995 Domine,
2458 1933 2737 1995 miserere,
2761 1931 3101 2002 quadragies.
3127 1931 3226 2001 Qui
3257 1933 3403 1988 omni

1843 2033 2081 2094 tempore
2155 2032 2208 2078 et
2274 2023 2426 2079 bora.
2490 2021 2617 2077 Post
2676 2039 2836 2093 quam
2898 2038 3136 2094 precem,
3204 2026 3405 2081 dicitur

1843 2116 2086 2175 Domine,
2138 2119 2419 2184 miserere,
2486 2127 2587 2172 ter.
2628 2118 2828 2173 Gloria.
2896 2117 2965 2173 Et
3011 2132 3171 2171 nunc.
3221 2116 3404 2172 Excel-

1842 2208 2039 2262 siorem
2068 2208 2384 2263 Cberubim.
2421 2210 2477 2263 In
2512 2210 2732 2264 nomine
2762 2208 2972 2264 Domini
3002 2208 3229 2264 benedic
3255 2247 3271 2273 ,
3297 2207 3402 2262 Pa-

1846 2306 1947 2353 ter.
1996 2298 2083 2362 Et,
2116 2299 2159 2352 si
2194 2300 2265 2353 sit
2291 2300 2713 2370 Quadragesima
2736 2341 2751 2366 ,
2777 2300 3005 2355 facimus
3051 2301 3402 2363 reverentiae,

1842 2405 1900 2448 ut
1926 2403 2051 2449 ante
2077 2394 2339 2464 scriptum
2371 2404 2475 2449 est.
2504 2393 2632 2449 Post
2663 2393 2907 2448 ultimam
2936 2402 3116 2449 autem
3150 2408 3404 2451 reveren-

1844 2488 1990 2551 tiam,
2028 2487 2316 2542 recitamus
2369 2488 2671 2540 orationem
2727 2485 2786 2539 S.
2842 2485 3122 2553 Mardarii,
3175 2489 3403 2543 Domine

1844 2578 2006 2639 Deus,
2032 2577 2191 2630 Pater
2217 2577 2580 2644 omnipotens.

923 2694 1070 2751 Hanc
1089 2694 1385 2749 orationem
1416 2692 1473 2747 8.
1512 2691 1666 2745 Saliae
1694 2690 1953 2759 Typicum
1979 2689 2057 2744 sic
2088 2690 2351 2760 integram
2378 2689 2620 2745 exhibet.

234 2815 484 2868 Δέσποτα
537 2813 673 2875 Θεὲ,
724 2814 904 2884 Πάτερ
980 2811 1380 2882 παντοκράτορ,
1424 2814 1518 2863 καὶ
1572 2809 1741 2879 Κύριε

1916 2803 2141 2859 Domine
2189 2806 2371 2872 Deus,
2410 2805 2569 2860 Pater
2618 2810 2993 2877 omnipotens,
3053 2817 3107 2861 et
3176 2808 3411 2883 Domine;

167 2907 263 2959 Υἱὲ
319 2906 603 2976 μονογενὲς
649 2904 823 2974 Ἰησοῦ
866 2904 1087 2974 Χριστὲ.
1149 2904 1301 2970 ἆγιον
1354 2901 1595 2970 Πνεῦμα,
1646 2902 1741 2970 μία

1843 2895 1938 2950 Fili
1970 2896 2244 2965 unigenite
2271 2894 2397 2950 Jesn
2449 2896 2663 2950 Christe
2689 2939 2703 2961 ,
2738 2908 2926 2951 sancte
2976 2895 3209 2958 Spiritus
3233 2937 3248 2963 ,
3298 2914 3401 2950 una

164 2996 383 3067 θεότης,
412 2997 507 3066 μία
533 2995 779 3064 δύναμις,
815 2995 1034 3065 ἐλέησόν
1065 3012 1130 3065 με
1164 2992 1253 3046 τόν
1286 2992 1623 3062 ἁμαρτωλόν·
1652 2993 1741 3043 καὶ

1843 2990 2030 3054 deitas,
2066 3006 2171 3044 una
2204 2991 2441 3060 pOIentia
2471 3030 2486 3055 ,
2518 2991 2778 3045 miserere
2810 2991 2913 3045 mei
2940 2991 3237 3059 peccatoris
3272 3007 3287 3055 ;
3346 3000 3402 3044 et

163 3083 247 3151 οἷς
276 3088 568 3142 ἐπίστασαι
601 3086 853 3159 κρίμασι,
890 3084 1058 3139 σῶσόν
1088 3101 1152 3157 με
1188 3082 1276 3135 τὸν
1316 3080 1532 3144 ἀνάξιον
1559 3080 1741 3133 δοῦλον

1843 3084 2034 3150 quibus
2063 3085 2168 3139 scis
2220 3084 2460 3152 iudiciis,
2487 3085 2633 3139 salva
2690 3098 2775 3138 me
2830 3084 3105 3154 indignum
3140 3083 3399 3139 {amulum

170 3196 293 3246 σου,
326 3180 409 3234 ὅτι
429 3180 716 3254 εὐλογητὸς
744 3176 794 3233 εἷ
822 3182 902 3243 είς
930 3180 1054 3242 τοὺς
1087 3174 1307 3239 αίῶνας.
1344 3173 1534 3245 Ἀμήν.

1841 3180 2011 3238 tuum,
2044 3172 2167 3241 quia
2188 3174 2499 3227 benedictus
2536 3188 2594 3227 es
2626 3174 2677 3227 in
2707 3174 2918 3227 saecula.
2952 3172 3146 3226 Amen.

240 3313 426 3368 (Σο-ι.
486 3312 592 3365 Sed
622 3311 882 3381 Typicum
913 3310 999 3364 hic
1033 3324 1226 3363 nomen
1255 3306 1335 3381 β.
1366 3303 1617 3381 Blardarii
1662 3318 1766 3381 non
1824 3303 2107 3381 exprimit.
2140 3302 2241 3359 Hic
2280 3312 2501 3359 sanctus
2530 3302 2691 3381 nobis
2718 3302 2892 3381 adhuc
2944 3301 3250 3381 incognitus
3296 3309 3398 3381 est.

169 3383 434 3436 Ilovimus
463 3372 685 3449 quidem'
706 3372 942 3449 aliquem
974 3390 1219 3433 sanctum
1255 3375 1601 3449 Mardarium,
1634 3376 1725 3449 qui
1758 3374 1857 3429 sub
1877 3372 2224 3449 Diocletiano
2252 3391 2444 3449 passus
2473 3385 2557 3428 est
2585 3374 2638 3427 in
2666 3376 2923 3449 Armenia
2960 3372 3400 3449 cttm_Eustratio,

171 3442 737 3519 Misenum-Eugenio
763 3442 1077 3519 etOreste;
1116 3449 1208 3501 sed
1241 3449 1325 3519 hic
1353 3453 1447 3519 est.
1488 3445 1783 3519 antiquior,
1815 3460 1974 3514 quam
2003 3455 2063 3499 ut
2089 3442 2389 3519 orationem
2417 3446 2585 3519 istam
2632 3444 2979 3519 cuntexui_sse
3010 3442 3252 3519 videatur
3284 3458 3299 3505 ;
3346 3452 3403 3494 et

173 3523 299 3591 quia
332 3537 435 3576 nec
460 3512 688 3591 Allatius
714 3518 929 3591 quidem
958 3518 1126 3591 ipsius
1158 3512 1405 3591 meminit
1436 3512 1579 3566 inter
1612 3512 1883 3578 Melodos,
1912 3530 2089 3585 neque
2120 3517 2390 3586 reperitur
2415 3516 2469 3570 in
2498 3516 2705 3571 Catena
2734 3527 2830 3569 seu
2864 3513 3095 3576 Corona,
3122 3513 3234 3581 jam
3260 3526 3403 3581 sape

174 3588 476 3658 nominata,
504 3589 673 3645 videri
699 3589 869 3659 possit
898 3589 1149 3642 omnibus
1172 3588 1373 3656 junior.

1444 3739 1805 3796 MESORIUM
1844 3738 2140 3800 ΤΕΒΤΙᾸΞ.

237 3885 394 3940 Μετὰ
421 3885 482 3938 τὸ
505 3925 519 3948 ,
549 3886 871 3956 Εὐλογητὸς,
914 3884 1229 3955 Τρισάγιον,
1269 3881 1516 3949 Παναγία
1548 3881 1735 3951 Τριάς,
1765 3896 1772 3937 t

1911 3882 2035 3936 244.
2091 3882 2217 3938 Post
2259 3882 2621 3947 Benedictus,
2670 3882 2995 3950 Trisagion,
3044 3877 3399 3936 Sauctissima

175 3976 357 4045 Πάτερ
432 3974 587 4045 ἡμῶν
618 4014 634 4036 ,
706 3973 867 4027 Δεῦτε
904 4014 919 4037 ,

176 4067 409 4137 τιελμοὶ,
452 4067 510 4119 θ·
547 4066 775 4136 ’Υψὼσω
825 4084 913 4130 σε,
970 4065 1162 4137 Κύριε,
1212 4067 1293 4119 ὅτι
1329 4063 1597 4125 ὑπέλαϐές
1633 4080 1698 4132 με
1722 4082 1733 4094 ·

174 4154 292 4236 εἶτα
314 4161 343 4211 ό
371 4158 473 4221 λα’,
499 4159 772 4228 Μακάριοι
796 4151 869 4210 ὧν
899 4156 1175 4226 ἀφέθησαν
1201 4173 1211 4184 ·
1239 4159 1269 4209 ὁ
1297 4156 1359 4219 ξ’,
1393 4154 1735 4217 Εἰσάκουσιν,

175 4251 204 4303 ὁ
228 4250 384 4313 Θεὸς,
417 4250 517 4319 τῆς
547 4250 780 4321 δεήσεώς
814 4266 932 4319 μου.

244 4343 405 4408 Δόξα,
437 4342 546 4395 Καὶ
570 4340 685 4404 νῦν,
721 4341 1034 4411 Τρισάγιον,
1058 4340 1307 4408 Παναγία
1336 4339 1523 4411 Τριάς,
1551 4324 1738 4407 ’Πάτερ

186 4434 354 4505 ἰμῶν,
388 4436 483 4489 καὶ
503 4434 774 4505 τροπάρια
798 4433 993 4489 ταῦτα.

275 4610 322 4664 0
380 4610 511 4673 Θεὸς
543 4611 653 4665 τῶν
706 4611 953 4684 πατέρων
1015 4612 1191 4682 ἡμῶν,
1237 4614 1264 4664 ὁ
1293 4611 1458 4664 ποιῶν
1506 4611 1592 4663 ἀεὶ
1614 4609 1738 4680 μεθ’

990 3973 1501 4046 προσκυνήσωμεν,,
1552 3978 1623 4039 γ’,
1688 3973 1737 4023 οἱ

1843 3973 2095 4039 Trinitas,
2120 3974 2280 4029 Pater
2298 3987 2498 4037 noster,
2518 3974 2732 4039 Venite,
2750 3974 3059 4037 adoremus,
3084 3983 3187 4039 ter,
3207 3974 3399 4029 dicun-

1841 4074 1926 4117 tur
1948 4065 2133 4133 psalmi
2157 4086 2169 4118 :
2194 4081 2343 4129 xxix,
2371 4065 2629 4119 Exaltabo
2654 4074 2725 4129 te,
2746 4065 2987 4131 Domine,
3006 4068 3259 4135 quOniam
3280 4081 3400 4120 sus-

1838 4155 2025 4224 cepisti
2077 4170 2161 4209 me
2199 4174 2215 4210 :
2268 4156 2459 4211 deinde
2488 4172 2648 4224 xui,
2697 4155 2880 4223 Beati,
2906 4172 3129 4227 quorum
3160 4160 3398 4213 remissa:

1839 4256 2001 4301 sunt:
2029 4256 2082 4300 et
2114 4262 2205 4311 ιι,
2246 4246 2475 4313 Exaudi,
2518 4249 2676 4314 Deus,
2724 4250 3157 4320 deprecationem
3196 4264 3391 4304 meam.

1903 4337 1999 4393 His
2051 4339 2274 4407 psalmis
2330 4339 2495 4395 ﬁnitis
2537 4340 2788 4396 dicuntur
2831 4360 2843 4394 :
2904 4340 3107 4394 Gloria.
3140 4340 3205 4393 Et
3233 4356 3395 4396 nunc.

1840 4427 2192 4485 Sanctissima
2238 4429 2492 4485 Trinitas.
2539 4430 2701 4485 Pater
2742 4437 2947 4496 noster,
2980 4439 3034 4485 et
3075 4430 3190 4486 hac
3220 4440 3398 4502 tropa-

1839 4536 1941 4575 na.

1905 4614 2046 4669 Deus
2079 4622 2291 4682 patrum
2348 4623 2679 4679 nostrorum,
2735 4615 2827 4683 qui
2871 4615 3153 4670 nobiscum
3186 4629 3399 4685 semper

179 4700 336 4772 ἡμῶν
375 4702 515 4754 κατὰ
558 4704 656 4774 τὴν
708 4705 805 4775 σὴν
845 4705 1165 4766 ἐπιείκειαν,
1213 4704 1287 4773 μὴ
1331 4704 1643 4773 ἀποστήσῃς
1680 4701 1740 4753 τὺ

1843 4706 1952 4774 agis
1986 4706 2280 4761 secundum
2334 4704 2805 4759 mansuetudinem
2839 4714 2985 4759 tuam
3015 4744 3031 4768 ,
3080 4718 3147 4757 ne
3178 4713 3394 4758 avertas

182 4791 325 4857 Ελιός
365 4809 457 4846 σου
484 4794 575 4861 ἀφ’
600 4796 632 4863 ἡ
643 4794 777 4862 μῶν,
810 4793 945 4847 ἀλλὰ
968 4796 1088 4857 ταῖς
1109 4793 1286 4847 αὐτῶν
1324 4792 1553 4855 ἱκεσίαις
1586 4794 1642 4844 ὲν
1666 4791 1740 4842 el-

187 4887 320 4957 οήνῃ
355 4884 687 4956 κυϐέρνησον
706 4886 802 4957 τὴν
830 4886 973 4958 ζωὴν
997 4889 1029 4957 ἡ
1039 4885 1174 4957 μῶν.

320 4976 478 5042 Δόξα.

251 5066 316 5120 Οἱ
348 5068 620 5137 μάρτυρές
654 5085 769 5129 σου,
824 5069 1015 5140 Κύριε,
1054 5073 1111 5123 ἐν
1179 5074 1243 5141 τῇ
1286 5070 1509 5142 ἀθλήσει
1540 5070 1736 5133 αὐτῶν,

1842 4798 2266 4851 misericordiam
2323 4805 2470 4847 tuam
2507 4810 2535 4847 a
2573 4796 2747 4861 nobis,
2783 4796 2877 4851 sed
2910 4797 3147 4864 ipsorum
3205 4796 3397 4863 depre-

1840 4887 2143 4941 catiouibus
2176 4886 2342 4939 vitam
2373 4894 2610 4939 nostram
2641 4885 2692 4940 in
2722 4900 2854 4955 pace
2882 4886 3139 4955 guberna.

1978 4978 2179 5033 Gloria.

1922 5070 2184 5141 Martyres
2234 5069 2333 5135 tui,
2368 5070 2607 5133 Domine,
2659 5070 2712 5123 in
2767 5085 2865 5124 suo
2893 5071 3188 5125 certamine
3210 5073 3309 5127 abs
3345 5083 3396 5128 te

186 5158 481 5225 στεφάνους
521 5160 841 5229 ἐκομίσαντο
876 5162 971 5232 τῆς
1025 5161 1351 5233 ἀφθαρσίας,
1401 5165 1464 5216 ἐκ
1515 5161 1607 5216 σοῦ
1646 5161 1737 5217 τοῦ

1844 5158 1952 5215 Deo
1985 5170 2167 5216 nostro
2194 5161 2493 5215 retulerunt
2526 5160 2950 5217 immortalitatis
2975 5177 3230 5218 coronam
3260 5184 3272 5218 :
3306 5176 3393 5220 tua

186 5248 315 5302 Θεοῦ
357 5248 535 5320 ήμῶν·
579 5250 789 5320 ἔχοντες
833 5252 939 5324 γὰρ
979 5253 1076 5324 τὴν
1124 5253 1274 5324 ίσχύν
1325 5270 1437 5319 σου,
1478 5254 1602 5317 τούς
1647 5271 1739 5306 τυ-

190 5342 410 5410 ράννους
460 5341 721 5395 καθεῖλον·
761 5343 1028 5416 ἔθραυσαν
1079 5346 1170 5399 καὶ
1220 5345 1485 5415 δαιμόνων
1530 5345 1598 5397 τὰ
1646 5348 1733 5398 άν-

190 5434 380 5505 ίτχυρα
393 5435 589 5507 θράση’
620 5435 795 5489 αὐτῶν
816 5440 934 5502 ταῖς
956 5438 1434 5511 ίκεσὶαις,Χριστὲ,
1456 5438 1624 5491 σῶσον
1639 5440 1737 5503 τὰς

187 5526 358 5597 ψυχὰς
387 5528 558 5598 ἡμῶν·

325 5621 435 5673 Καὶ
463 5620 578 5673 νῦν.
1289 5626 1589 5679 Θεοτόκιον.

254 5712 439 5783 Τεῖχος
466 5713 885 5795 ἀκαταμάχητον
905 5717 1058 5787 ἡμῶν
1084 5715 1188 5769 τῶν
1206 5715 1542 5788 Χριστιανῶν
1561 5716 1733 5786 ὐπὰρ-

193 5820 317 5873 χιις,
371 5803 597 5857 Θεοτόκε
644 5805 882 5875 Παρθενε
1017 5806 1148 5875 πρὸς
1190 5807 1246 5858 σὲ
1313 5807 1417 5877 γὰρ
1467 5807 1735 5874 καταφεύ-

1843 5252 1985 5303 enim
2015 5251 2205 5304 muniti
2243 5251 2559 5305 fortitudine
2585 5252 2835 5306 vicerunt
2881 5261 3172 5323 tyrannos,
3201 5264 3257 5307 et
3287 5258 3396 5309 dce-

1844 5357 2061 5396 monum
2095 5342 2382 5397 invalidam
2413 5342 2687 5413 fregerunt
2728 5344 3032 5399 audaciam.
3070 5346 3396 5401 Eorumdem

1846 5442 2142 5501 martyrum
2195 5434 2664 5503 deprecationibus
2696 5450 2870 5499 serva,
2917 5435 3158 5503 Christe,
3191 5438 3399 5492 animas

1844 5540 2073 5585 nostras.

1985 5622 2048 5677 Et
2084 5639 2245 5677 nunc.
3016 5622 3254 5680 Mariale.

1899 5715 2095 5769 Murus
2154 5716 2579 5784 inexpugnabilis
2638 5714 3066 5769 Christianorum
3115 5731 3213 5780 es,
3266 5716 3389 5770 Dei-

1849 5821 1978 5876 para
2018 5806 2177 5876 Virgo
2211 5823 2225 5860 :
2262 5820 2384 5859 nam
2426 5806 2491 5859 ad
2541 5815 2592 5859 te
2644 5804 3035 5876 confugientes,
3078 5806 3391 5860 invulnerati
