4098 6326
717 333 876 373 CCCLX
887 336 914 373 Χ
924 336 1017 375 τιιι

2066 340 2599 403 PROLEGOMENA.

714 441 1092 506 pcrsisiimus;
1132 450 1182 496 et
1212 454 1538 512 peccantes.
1574 458 1625 505 te
1652 451 1917 510 habemus
1951 457 2266 528 deprecatri-

2383 484 2570 533 γοντες
2591 468 2821 541 ἄτρωτοι
2844 469 3188 542 διαμένομεν·
3223 473 3314 525 καὶ
3345 460 3505 531 πᾶλιν
3529 475 3939 546 ἁμαρτάνοντες,

709 549 853 584 rem.
889 534 1013 585 Ideo
1073 533 1356 591 referimus
1413 542 1504 594 tibi
1557 548 1792 613 gratias,
1843 559 1894 601 et
1950 553 2278 620 clamamus;

707 627 845 676 Ave.
878 625 1051 692 gratia
1087 627 1264 694 plena,
1293 629 1551 688 Dominus
1585 646 1780 692 tecum.

782 718 905 772 2245.
963 718 1225 785 Domine,
1299 727 1595 797 miserere,
1671 733 2017 808 quadragies.
2073 740 2276 798 Gloria.

711 807 779 862 Et
833 825 996 864 nunc.
1059 811 1430 871 Excelsiorem
1463 820 1780 878 Cherubim.
1827 807 1899 882 In,
1929 835 2146 887 nomine
2178 834 2281 889 Do—

707 903 860 962 mini.
895 903 1144 971 benedic,
1177 906 1356 962 Pater.
1412 909 1516 966 Per
1569 931 1762 984 preces
1812 935 2123 978 sanctorum
2177 925 2279 980 Pa-

705 1006 873 1045 lt‘tlm.
911 992 1047 1048 Tres
1099 1013 1323 1067 magnas
1368 1000 1596 1058 facimus
1630 1017 1985 1079 reverentias,
2019 1017 2278 1072 dicimus-

703 1098 808 1147 quc
860 1089 1225 1152 precationem
1259 1090 1317 1144 S.
1348 1093 1604 1163 Ephrem,
1638 1116 1700 1157 ac
1749 1104 1943 1159 deinde
1993 1108 2133 1164 hanc
2175 1110 2277 1164 Ba-

702 1172 811 1225 silii
847 1174 1021 1245 Magni
1061 1197 1073 1231 :

776 1267 1002 1323 Domine
1035 1271 1174 1326 Deus
1214 1284 1423 1341 noster,
1487 1282 1580 1346 qui
1639 1298 1824 1349 pacem
1884 1294 2028 1340 luam
2083 1290 2272 1346 dedisti

701 1358 1034 1426 hominibus,
1069 1374 1123 1418 ct
1149 1370 1481 1422 sanctissimi
1512 1372 1748 1440 Spiritus
1781 1376 1982 1432 donum
2035 1383 2100 1435 ad
2154 1393 2273 1437 tuos

701 1451 998 1514 discipulos
1026 1472 1087 1508 ac
1121 1460 1398 1524 apostolos
1455 1463 1718 1518 demisisti
1753 1509 1768 1534 ,
1801 1485 2097 1542 eorumque
2130 1473 2290 1544 labia_

699 1557 800 1610 per
831 1544 1042 1613 linguas
1083 1550 1268 1617 igneas
1298 1559 1387 1604 tua
1429 1557 1691 1622 aperuisti
1725 1563 1964 1628 potentia
1985 1605 2000 1625 ,
2043 1565 2187 1632 aperi
2216 1576 2271 1619 et

697 1644 886 1688 nostra
919 1650 1269 1704 peccatorum
1301 1642 1476 1710 labia;
1513 1662 1578 1702 ac
1611 1654 1905 1718 quomodo,
1933 1664 1983 1709 et
2021 1670 2119 1722 pro
2151 1658 2271 1724 qui-

697 1726 799 1780 bus
825 1743 986 1785 orare
1045 1744 1333 1800 oporteat,
1366 1739 1532 1791 edoce
1573 1756 1692 1794 nos.
1749 1743 1930 1815 Dirige
1983 1750 2145 1804 vitam
2182 1766 2272 1804 no-

2385 555 2578 624 ἕχομέν
2614 575 2672 610 σε
2701 559 3121 630 πρεσϐεύουσαν·
3145 562 3225 615 διὸ
3253 564 3706 636 εὐχαριστοῦντες
3752 567 3944 638 βοῶμέν

2385 658 2464 693 σοι
2485 660 2496 671 ·
2537 645 2726 718 Χαῖρε,
2758 651 3189 721 κεχαριτωμένη,
3215 651 3244 702 ὀ
3273 652 3475 721 Κύριος
3505 655 3646 726 μετὰ
3681 655 3800 709 σοῦ.

2457 735 2556 798 Τὸ,
2600 739 2793 811 Κύριε,
2854 739 3095 811 ἐλέησον,
3167 751 3239 814 μ’.
3292 744 3444 808 Δόξα.
3511 751 3625 803 Καὶ
3671 749 3788 802 νῦν.
3847 750 3944 822 Τὴν

2382 829 2712 900 τιμιωτέραν
2740 833 2846 887 τῶν
2878 837 3160 908 χερου6ίμ.
3201 837 3286 890 Ἐν
3307 836 3530 908 ὀνόματι
3555 844 3789 910 Κυρίου,
3811 841 3943 894 εὐλό-

2383 938 2569 992 γησον,
2592 923 2792 994 Πάτερ.
2815 928 2892 980 Δι’
2942 928 3114 997 εὐχῶν
3169 931 3278 984 τῶν
3303 930 3471 999 ἁγίων
3513 937 3793 1007 πατέρων.
3846 933 3941 998 Τὰς

2379 1018 2525 1082 τρεῖς
2562 1016 2802 1087 μεγάλας
2846 1021 3130 1091 μετανοίας
3182 1025 3318 1094 μετὰ
3361 1024 3454 1077 καὶ
3510 1027 3610 1096 τῆς
3655 1030 3826 1100 εὐχῆς
3861 1027 3941 1082 τοῦ

2377 1109 2520 1163 ὁσίου
2557 1111 2812 1182 Ἐφραῖμο
2843 1110 2959 1168 εἶτα
2979 1114 3074 1184 τὴν
3101 1117 3374 1186 παροῦσαν
3407 1117 3571 1188 εὐχὴν
3599 1121 3700 1172 τοῦ
3718 1122 3941 1192 μεγάλου

2377 1203 2649 1258 Βασιλείου
2671 1220 2685 1236 ·

2448 1295 2618 1366 Κύριε
2678 1297 2705 1349 6
2763 1295 2896 1360 Θεὸς
2923 1297 3099 1370 ἡμῶν,
3132 1296 3160 1348 6
3182 1295 3280 1366 τὴν
3312 1302 3409 1370 σὴν
3450 1303 3676 1375 εἰρήνην
3705 1305 3940 1370 δεδωκὼς

2375 1391 2486 1452 τοῖς
2527 1388 2856 1458 ἀνθρώποις,
2903 1393 2997 1442 καὶ
3047 1393 3144 1463 τὴν
3193 1389 3286 1442 τοῦ
3325 1397 3596 1463 παναγίου
3633 1397 3942 1466 Πνεῦματος

2373 1481 2579 1552 δωρεὰν
2607 1483 2720 1543 τοῖς
2746 1484 2857 1543 σοῖς
2887 1483 3157 1552 μαθηταῖς
3196 1483 3289 1536 καὶ
3319 1484 3641 1551 ἀποστόλοις
3669 1492 3943 1560 καταπέμ-

2371 1572 2499 1642 ψας,
2530 1575 2621 1627 καὶ
2644 1574 2710 1626 τὰ
2747 1573 2950 1626 τούτων
2977 1576 3127 1648 χείλη
3153 1579 3216 1630 ἐκ
3242 1577 3478 1646 πυρίνων
3510 1579 3783 1645 γλωσσῶν
3806 1580 3940 1634 διαν-

2373 1667 2516 1732 οίξας
2530 1665 2755 1734 δυνάμει
2781 1681 2893 1717 σου·
2923 1665 3184 1731 διάνυιξον
3223 1668 3318 1721 καὶ
3348 1667 3504 1739 ἡμῶν
3537 1670 3647 1722 τῶν
3691 1673 3939 1749 diu???”

2371 1757 2476 1809 λῶν
2508 1757 2575 1809 τὰ
2596 1757 2771 1826 χείλη,
2803 1758 2896 1810 καὶ
2924 1757 3132 1823 δίδαξον
3185 1761 3334 1830 ἡμᾶς
3360 1761 3475 1825 πῶς
3510 1762 3611 1822 δεῖ,
3655 1763 3753 1816 καὶ
3799 1763 3940 1835 ῖύῄρ

697 1833 895 1885 stram,
931 1834 1009 1887 tu,
1041 1829 1132 1892 qui
1181 1831 1507 1897 tranquillus
1539 1833 1915 1892 ﬂuctuantiqu
1946 1853 2136 1908 portus
2189 1861 2266 1906 es,

2372 1843 2444 1900 ὧν
2485 1847 2587 1917 χρὴ
2628 1848 3044 1920 προσεύχεσθαι.
3078 1852 3427 1924 Κυῦἐρνησον
3456 1854 3612 1923 ἡμῶν
3647 1855 3751 1927 τὴν
3782 1857 3939 1927 ζωὴν,

694 1924 750 1964 et
789 1914 973 1978 viam,
1030 1915 1083 1967 in
1140 1932 1244 1985 qua
1303 1921 1638 1977 ambulemus
1676 1929 1828 1980 nobis
1873 1943 2262 1988 commonstra.

694 2004 959 2070 Spiritum
997 2018 1203 2061 rectum
1242 2011 1439 2065 inuova
1494 2015 1545 2067 in
1601 2017 1904 2074 visceribus
1933 2024 2137 2079 nostris
2161 2065 2177 2091 ,
2212 2037 2267 2082 et

693 2097 900 2163 Spiritu
937 2102 1220 2171 principali
1253 2108 1514 2158 conlirma
1547 2108 1621 2178 (a)
1646 2149 1660 2172 ,
1697 2113 1957 2182 quidquid
1989 2117 2040 2170 in
2071 2107 2266 2174 menti-

690 2190 794 2242 bus
823 2193 1023 2244 uostris
1061 2193 1325 2248 lubricmn
1357 2207 1462 2260 est,
1514 2216 1576 2253 ac
1608 2203 1962 2274 inconstans;
1994 2220 2049 2262 ut
2084 2214 2262 2281 quoti-

691 2283 780 2335 die
826 2283 1028 2350 Spiritu
1073 2296 1164 2339 tuo
1201 2287 1339 2340 bono
1372 2291 1436 2342 ad
1469 2291 1552 2355 id,
1605 2300 1748 2363 quod
1797 2304 2125 2358 conveniens
2155 2313 2260 2367 est,

690 2375 929 2435 deducti,
959 2381 1216 2431 mandata
1256 2390 1343 2433 tua
1377 2384 1667 2441 observare
1695 2393 1985 2456 possimus,
2020 2410 2264 2466 semper-

694 2481 800 2531 que
838 2469 1154 2523 meminisse
1200 2481 1305 2525 tua;
1346 2473 1594 2541 gloriosae
1623 2483 1941 2546 praesentia,
1972 2489 2264 2542 scrutantis

691 2559 896 2622 omnia,
925 2575 1044 2628 qua:
1080 2578 1108 2615 a
1143 2565 1298 2619 nobis
1327 2565 1634 2625 hominibus
1680 2575 1837 2638 liuiit,
1866 2585 1921 2629 et
1951 2593 2056 2632 non
2089 2581 2263 2651 decipi

691 2651 856 2704 ﬂuxis
893 2655 1052 2721 hujus
1103 2658 1288 2710 mundi
1321 2661 1725 2731 voluptatibus;
1781 2670 1875 2722 sed
1913 2673 2262 2741 cupiditatem

688 2740 888 2794 fututris
923 2744 1133 2798 fruendi
1193 2749 1462 2805 thesauris
1488 2759 1804 2814 corrobora.
1856 2740 1994 2828 Quia
2040 2765 2262 2821 benedi-

689 2840 812 2885 ctus
837 2847 918 2897 es,
940 2845 996 2889 et
1017 2835 1302 2894 laudabilis
1335 2845 1387 2896 iu
1419 2847 1672 2903 omnibus
1693 2855 1900 2910 sanctis
1937 2859 2044 2912 tuis
2084 2858 2136 2912 in
2163 2872 2264 2913 sae-

696 2923 818 2976 cula
851 2927 1202 2983 saeculorum.
1236 2931 1425 3010 Amen.

2368 1944 2395 1993 6
2424 1939 2593 2003 εὔδιος
2634 1943 2740 1995 τῶν
2764 1942 3170 2013 χειμαζομένων
3192 1945 3375 2015 λιμὴν,
3401 1947 3495 1998 καὶ
3511 1949 3786 2020 γνώρισον
3816 1953 3939 2022 ἡμῖν

2368 2033 2500 2087 ὁδὸν.
2523 2034 2578 2084 ἐν
2672 2035 3084 2103 πορευσώμεοα.
3100 2037 3319 2105 Πνεῦμα
3349 2036 3503 2100 εὑθὲς
3537 2040 3853 2106 ἐγκαίνισσν
3887 2044 3938 2093 ὲν

2367 2126 2476 2186 τοῖς
2507 2125 2754 2191 ὲγκὰτοις
2793 2124 2967 2193 ἡμῶν.
2994 2127 3085 2177 καὶ
3113 2125 3382 2197 πνεύματι
3408 2130 3728 2199 ἡγεμονικῷ
3757 2130 3818 2181 τὸ
3847 2130 3936 2195 τῆς

2368 2214 2598 2279 διανοίας
2628 2214 2783 2285 ἡμῶν
2835 2216 3084 2286 στήριξον
3106 2217 3402 2290 ὀλισοερόψ
3433 2221 3518 2273 ἵνα
3553 2221 3673 2273 καθ’
3703 2221 3934 2290 ἑκάστην

2366 2307 2600 2377 ἡμέραν,
2628 2307 2702 2376 τῷ
2723 2305 2998 2376 Πνεύματί
3035 2325 3125 2362 σου
3157 2309 3235 2376 τῷ
3263 2310 3450 2378 ἀγαθῷ
3474 2311 3612 2380 πρὸς
3649 2313 3712 2364 τὸ
3737 2312 3935 2382 συμφέ-

2371 2414 2461 2466 ρον
2497 2397 2868 2469 ὀδηγούμενον,
2900 2400 3324 2473 καταξιωῦῶμεν
3367 2405 3540 2455 ποιεῖν
3572 2403 3675 2468 τὰς
3721 2406 3936 2467 ἐντολάς

2366 2507 2483 2552 σου,
2520 2492 2614 2543 καὶ
2639 2489 2738 2559 τῆς
2769 2491 2867 2562 σῆς
2898 2493 2986 2544 ἀεὶ
3023 2491 3377 2562 μνημονεύειν
3418 2493 3633 2560 ἐνδόξου
3671 2498 3769 2548 καὶ
3791 2498 3935 2565 ἐρευ-

2364 2584 2586 2652 νητικῆς
2609 2581 2716 2633 τῶν
2742 2586 3142 2654 πεπραγμένων
3174 2585 3301 2654 ἡμῖν
3320 2589 3431 2648 τοῖς
3458 2585 3774 2655 ἀνθρώποις
3803 2605 3935 2659 παρ-

2363 2672 2569 2735 ουσίας,
2594 2671 2687 2723 καὶ
2718 2672 2791 2741 μὴ
2819 2674 2931 2733 τοῖς
2964 2672 3338 2742 φθειρομένοις
3364 2671 3456 2724 τοῦ
3493 2673 3703 2741 κόσμου
3752 2674 3938 2726 τούτου

2365 2761 2772 2815 συναπατᾶσθαι
2812 2765 3084 2834 τερπνοῖς,
3138 2762 3273 2816 ἀλλὰ
3314 2763 3422 2816 τῶν
3481 2763 3788 2833 μελλόντων
3830 2765 3938 2836 ὀρέο

2361 2852 2554 2921 γεσθαι
2595 2853 2692 2924 τῆς
2748 2853 3097 2917 ἀπολαύσεως
3139 2854 3418 2924 ὲνίσχυσον
3452 2853 3771 2926 θησαυρῶν.
3821 2854 3936 2907 ὐτι

2357 2944 2671 3015 εὐλογητὸς.
2712 2945 2806 2999 καὶ
2837 2945 3045 3008 αἰνετὸς
3081 2945 3344 3017 ὑπάρχεις
3375 2945 3432 2996 ὲν
3453 2946 3587 2998 πᾶσι
3623 2948 3737 3007 τοῖς
3769 2943 3936 3012 ἁγίοις

2364 3053 2479 3100 σου,
2510 3039 2590 3099 είς
2612 3038 2738 3102 τοὺς
2769 3037 2970 3100 αἰῶνας
2993 3036 3102 3090 τῶν
3137 3036 3370 3092 αἰώνων.
3411 3037 3604 3106 ’Δμήν.

2199 3251 2444 3311 SEXTA.

757 3419 886 3476 246.
952 3420 1278 3492 Ρινεροεῑιιις
1324 3423 1454 3478 dicit
1520 3433 1602 3478 ter
1635 3445 1651 3480 :
1696 3425 1898 3492 Venite,
1927 3435 2208 3490 adoremus
2233 3455 2252 3493 :
2281 3435 2323 3492 C

686 3512 824 3565 ﬁunt
857 3514 1178 3569 reverentia:
1204 3523 1340 3578 tres,
1372 3527 1425 3570 et
1457 3517 1746 3588 incipimus
1796 3519 1993 3576 Horam
2021 3537 2256 3592 sextam,

683 3613 942 3657 canentes
986 3605 1249 3672 psalmum
1289 3623 1414 3668 LIII,
1462 3609 1627 3673 Deus,
1663 3613 1715 3665 in
1765 3614 1980 3668 nomine
2025 3625 2113 3670 tuo
2153 3618 2259 3671 sai-

682 3710 809 3747 vum
863 3710 946 3749 me
988 3695 1115 3748 fac:
1153 3707 1208 3749 et
1253 3713 1419 3762 um,
1461 3701 1705 3766 Exaudi,
1755 3705 1916 3772 Deus,
1961 3711 2254 3765 orationem

686 3801 885 3854 meum,
919 3796 975 3842 ct
1007 3802 1071 3842 ue
1103 3789 1413 3857 despexeris
1442 3807 1454 3843 :
1491 3800 1543 3843 et
1577 3807 1664 3857 xc,
1696 3794 1796 3858 Qui
1830 3797 2034 3852 habitat
2072 3800 2124 3853 in
2163 3802 2258 3855 ad-

679 3874 904 3943 jutorio.

752 3966 956 4022 Gloria.
1017 3969 1084 4023 Et
1149 3987 1313 4030 nunc.
1375 3974 1619 4040 Alleluia,
1685 3986 1785 4032 ter.
1822 3977 1907 4043 Et,
1950 3981 1993 4035 si
2043 3983 2258 4038 canitur

682 4062 826 4139 Deus
856 4063 1138 4127 Dominus,
1173 4066 1406 4122 dicimus
1461 4071 1754 4137 troparium
1809 4073 1948 4139 diei;
1980 4077 2024 4130 si
2074 4089 2253 4132 autem

680 4133 939 4222 Alleluia,
972 4170 1206 4224 sequens
1236 4161 1553 4227 troparium.
1589 4162 1774 4216 Touus
1802 4163 1864 4218 Ξ.

753 4337 855 4404 Qui
878 4347 1028 4393 sexta
1062 4339 1149 4394 die
1195 4349 1250 4393 et
1313 4342 1468 4406 hora,
1495 4342 1717 4397 aliisiin
1751 4346 1899 4399 cruci
1955 4349 2248 4404 admissum

682 4432 735 4484 in
786 4434 1037 4500 paradiso
1088 4435 1156 4486 ab
1192 4433 1400 4488 Adamo
1457 4447 1760 4505 peccatum,
1805 4440 1966 4492 etiam
2006 4442 2249 4510 lapsuum

680 4534 988 4578 nostrorum
1043 4527 1468 4598 chirographum
1510 4532 1760 4601 discerpe
1789 4573 1803 4596 ,
1837 4535 2052 4589 Christe
2085 4535 2250 4600 Deus.

673 4627 730 4669 et
759 4615 909 4670 salva
944 4632 1066 4672 nos.

1199 4711 1634 4770 VERSICULUS
1673 4717 1725 4770 1.

2438 3439 2497 3491 '0
2527 3438 2805 3510 προεστώς
2844 3456 2858 3470 ·
2929 3439 3107 3493 Δεῦτε
3127 3479 3141 3503 ,
3170 3435 3717 3506 προσκυνήσωμεν,
3770 3437 3835 3490 ἐκ
3865 3445 3937 3506 γυ

2366 3532 2640 3599 μετάνοιαι
2664 3535 2832 3603 τρεῖς,
2860 3533 2953 3584 καὶ
2983 3529 3262 3602 ἀρχόμεθα
3293 3529 3391 3600 τῆς
3421 3529 3586 3598 ἕκτης
3615 3527 3941 3599 ῶρας,ψαλ-

2359 3618 2540 3681 λοντες
2571 3620 2684 3682 τὸν,
2722 3627 2821 3687 νγ’,
2857 3621 2916 3672 '0
2957 3620 3108 3684 Θεὸς,
3156 3624 3212 3674 ἐν
3249 3619 3326 3690 τῷ
3364 3621 3588 3691 ὀνόματί
3626 3639 3722 3674 σου
3765 3622 3936 3675 σῶσόν

2361 3726 2449 3778 με.
2495 3710 2604 3762 Καὶ
2662 3708 2761 3776 ξτ,
2818 3709 3130 3771 Ἐνώτισαι,
3184 3713 3212 3763 6
3254 3712 3420 3776 Θεὸς,
3477 3712 3576 3783 τὴν
3625 3717 3934 3784 προσευχήν

2361 3813 2481 3864 μου,
2523 3797 2615 3849 καὶ
2648 3797 2722 3869 μὴ
2756 3797 3012 3867 ὑπερίδης
3035 3815 3046 3826 ’
3084 3800 3178 3851 καὶ
3213 3803 3282 3865 Lf,
3315 3799 3373 3852 '0
3411 3801 3683 3853 κανοικῶν
3717 3805 3777 3854 ἐν
3812 3803 3939 3874 βοη-

2358 3886 2499 3942 Θεία.

2426 3979 2579 4045 Δόξα.
2605 3981 2714 4033 Καὶ
2742 3981 2857 4035 νῦν.
2908 3981 3249 4054 Ἀλληλούῑα,
3282 3984 3345 4035 ἐκ
3369 3990 3438 4050 γ’.
3467 3983 3578 4036 Καὶ
3600 3985 3650 4036 εί
3683 3985 3784 4056 μὲν
3803 3985 3936 4055 ψάλ-

2356 4074 2503 4127 λεται
2535 4076 2613 4138 τὸ,
2662 4076 2793 4139 Θεὸς
2822 4076 3046 4149 Κύριος,
3079 4077 3307 4147 λέγομεν
3337 4079 3396 4131 τὸ
3420 4077 3520 4148 τῆς
3563 4079 3785 4150 ἡμέρας
3811 4098 3932 4151 τρο-

2359 4166 2570 4237 πάριοψ
2607 4170 2653 4220 εί
2710 4168 2764 4220 δὲ
2804 4167 3138 4239 Ἀλληλούῐα,
3174 4169 3232 4220 τὸ
3262 4170 3433 4240 παρὸν
3467 4171 3792 4241 τροπάριον.
3835 4168 3932 4224 Ἦ-

2393 4274 2448 4310 o:
2476 4265 2540 4310 δ’.

2357 4257 2504 4400 xci:
2527 4297 2596 4401 ,ἐν
2647 4347 2778 4419 ἕκτῃ
2849 4349 3035 4419 ἡμέρᾳ
3084 4350 3180 4402 καὶ
3219 4349 3338 4421 ὥρα
3374 4350 3451 4419 τῷ
3498 4350 3716 4420 σταυρῷ
3767 4339 3926 4420 προσ-

2351 4439 2565 4511 ηλώσας
2609 4439 2707 4510 τὴν
2766 4443 2824 4492 ὲν
2867 4441 3181 4511 παραδείσῳ
3231 4440 3592 4511 τολμηθεῖσαν
3631 4441 3710 4512 τῷ
3763 4442 3932 4510 ’Δδαμ

2351 4533 2646 4603 ἁμαρτίαν,
2687 4533 2780 4585 καὶ
2809 4533 2913 4586 τῶν
2964 4533 3317 4603 πταισμάτων
3349 4533 3523 4603 ἡμῶν
3553 4533 3614 4584 τὸ
3644 4533 3931 4606 χειρόγρα-

2350 4641 2447 4692 φον
2468 4623 2780 4695 διάρρηξον,
2809 4624 3012 4694 Χριστὲ
3052 4627 3078 4677 6
3113 4624 3263 4687 Θεὸς,
3290 4624 3384 4678 καὶ
3422 4622 3595 4675 σῶσον
3625 4625 3795 4694 ἡμᾶς.

2963 4717 3208 4769 ΣΤΙΧΟΣ
3233 4721 3304 4768 α’.

751 4801 982 4867 Exaudi,
1013 4801 1176 4868 Deus,
1204 4807 1504 4860 orationem
1536 4824 1732 4874 meam,
1759 4819 1814 4863 et
1850 4826 1915 4866 ne
1940 4812 2250 4881 despexeris

2433 4805 2732 4872 Ένιδτισαι,
2773 4809 2800 4861 6
2849 4808 3000 4872 Θεὸς,
3044 4808 3142 4878 τὴν
3189 4808 3489 4879 προτευχ-ήν
3533 4824 3659 4878 μου,
3707 4809 3804 4862 καὶ
3849 4810 3925 4881 μὴ

676 4896 1106 4965 deprecationem
1142 4912 1316 4950 nieam
1354 4897 1451 4966 (ὁ).

1192 4989 1638 5047 VERSICULUS
1675 4994 1730 5046 2.

743 5081 856 5151 Ego
908 5088 974 5136 ad
1042 5081 1209 5137 Deum
1283 5082 1548 5148 clamavi,
1604 5094 1657 5136 et
1715 5085 1968 5143 Dominus
2040 5090 2247 5146 audivit

673 5187 758 5227 me
789 5173 880 5244 (c).

812 5266 1018 5321 Gloria.
1055 5265 1120 5321 Et
1149 5283 1312 5322 nunc.
1860 5271 2102 5329 Mariaie.

743 5361 881 5426 Quia
935 5375 1040 5414 non
1107 5362 1369 5416 habemus
1399 5363 1670 5432 ﬁduciam,
1705 5377 1930 5435 propter
1958 5369 2120 5421 multa
2153 5369 2245 5422 de-

666 5450 799 5505 licta
857 5462 1082 5517 nostra;
1138 5455 1261 5507 ideo
1315 5465 1416 5518 ιιι,
1453 5457 1618 5527 Virgo
1676 5458 1927 5527 Deipara,
1968 5459 2244 5516 obtestare

666 5542 838 5607 illum,
865 5546 957 5613 qui
1018 5555 1103 5599 est
1147 5562 1210 5600 ex
1247 5556 1299 5602 te
1334 5548 1546 5616 genitus
1577 5567 1589 5603 :
1625 5548 1854 5603 multum
1893 5551 2035 5604 enim
2103 5551 2238 5620 apud

735 5699 815 5768 (ιι)
842 5703 984 5758 Psal.
1018 5706 1193 5768 1.,H.

737 5765 814 5836 (ὑ)
839 5773 980 5830 Psal.
1005 5765 1114 5842 Litt,
1149 5777 1202 5830 Ξ.

2347 4900 2606 4971 ὑπερίδῃς
2640 4902 2738 4972 τὴν
2762 4902 2949 4972 δέησίν
2977 4919 3098 4970 μου.

2953 4990 3199 5045 STIXOS
3232 4991 3298 5061 β’.

2428 5083 2567 5151 Ἐγὼ
2592 5084 2727 5157 πρὸς
2760 5086 2848 5138 τὸν
2887 5084 3016 5137 Θεὸν
3044 5085 3335 5156 ἐκέκραξα,
3377 5085 3473 5138 καὶ
3505 5087 3534 5139 6
3564 5087 3774 5159 Κύριος
3815 5089 3930 5141 sia-

2348 5177 2546 5246 ήκουσέ
2579 5195 2699 5246 μου.

2515 5269 2672 5333 Δόξα.
2698 5270 2808 5322 Καὶ
2830 5268 2942 5322 νῦν.
3477 5267 3787 5321 Θεοτόκιον.

2423 5362 2548 5415 Ὀτι
2579 5362 2676 5414 οὐκ
2721 5361 2917 5432 ἔχομεν
2982 5361 3294 5433 παρρησίαν
3334 5359 3421 5414 διὰ
3445 5358 3514 5412 τὰ
3551 5359 3726 5412 πολλὰ
3772 5356 3927 5428 ἡμῶν

2351 5455 2742 5525 ἁμαρτήματα,
2776 5456 2839 5507 σὺ
2878 5454 2968 5507 τὸν
3014 5457 3076 5507 ἐκ
3100 5452 3192 5507 σοῦ
3222 5452 3551 5524 γεννηθέντα
3581 5451 3921 5521 δυσώπησον,

2348 5549 2576 5602 Θεοτόκε
2598 5549 2860 5619 Παρθένε·
2902 5549 3074 5602 πολλὰ
3118 5547 3228 5619 γὰρ
3259 5547 3433 5618 ἰσχύει
3482 5545 3668 5618 δέησις
3707 5543 3925 5617 Μητρὸς

2420 5710 2490 5781 (c)
2520 5708 2659 5767 Psal.
2688 5725 2795 5775 LIV,
2829 5708 2915 5763 18.
