4060 6316
1287 348 1684 406 ACOLUTHIA
1720 348 2062 406 TRIPLlClS
2101 346 2317 404 FESTI.

3162 356 3421 401 σςσιιιιι

168 458 313 532 πρὸς
345 459 630 532 εὐμένειαν
663 462 952 517 Δεσπότου.
1005 463 1096 534 Μὴ
1138 464 1368 537 παρίδῃς
1415 467 1752 539 ἁμαρτωλῶν

1858 469 2179 520 clementem
2214 461 2498 517 Dominum
2528 469 2707 529 potest
2746 458 2937 514 Matris
2991 456 3419 529 depreprecatio.

170 551 413 615 ἱκεσίας,
448 553 480 622 ή
514 554 839 624 πάνσεμνοςο
875 554 957 606 ὅτι
999 552 1246 623 ἐλεήμων
1276 556 1392 608 ἐστὶ
1425 558 1518 609 καὶ⁵
1560 555 1749 620 σώζειν

171 642 527 713 βουλόμενος,
560 645 589 695 6
635 645 728 697 καὶ
767 642 958 697 παθεῖν
994 644 1134 709 ὑπὲρ
1171 646 1328 713 ἡμῶν
1376 646 1750 709 καταδέεαμε-

166 752 289 799 ως.

250 826 404 895 Ταχὺ
454 825 1012 896 προκαταλασέτωσαν
1057 827 1205 897 ἡμᾶς
1237 828 1285 879 oi
1320 826 1595 895 οἰκτιρμοί
1632 843 1747 890 σου,

166 916 385 988 Κύριεο
432 919 511 970 ὅτι
554 917 976 989 ὲπτωχεύσαμεν
1016 919 1238 989 σφόδρα.
1292 919 1563 989 Βοήθησον
1598 920 1747 988 ἡμῖν,

167 1009 199 1057 ὁ
236 1006 373 1069 Θεὸς
404 1010 432 1059 6
463 1008 650 1079 Σωτὴρ
696 1008 880 1079 ἡμῶν·
932 1009 1114 1063 ἕνεκεν
1163 1010 1261 1080 τῆς
1304 1008 1461 1077 δόξης
1497 1006 1590 1062 τοῦ
1632 1009 1749 1062 ὀνό-

175 1100 355 1169 ματός
400 1115 514 1163 σου,
560 1098 754 1171 Κύριε,
797 1098 957 1170 ῥῦσαι
992 1102 1170 1171 ἡμᾶς·
1218 1099 1308 1152 καὶ
1340 1100 1585 1170 ίλάστητι
1632 1103 1752 1165 ταῖς

171 1190 479 1261 ἡμαρτίαις
514 1191 669 1262 ἡμῶν
696 1193 881 1245 ἕνεκεν
910 1191 1001 1245 τοῦ
1027 1192 1287 1261 ὀνόματός
1317 1209 1433 1247 σου.

250 1283 564 1352 Τρισάγιον,
614 1285 855 1351 Παναγία
896 1282 1082 1352 Τριὰς,
1111 1282 1291 1354 Πάτερ
1324 1285 1494 1356 ἡμῶν,
1541 1287 1632 1338 καὶ
1685 1286 1752 1339 τά

171 1376 451 1449 τροπάρια
469 1377 657 1441 ταῦτα,
689 1378 767 1435 εἰς
792 1372 923 1446 ἦχον
956 1375 1203 1447 δεύτερον
1224 1394 1238 1406 ·

248 1468 503 1538 Σωτήρια
544 1467 786 1537 εἰργάσω
826 1469 883 1519 ὲν
938 1467 1087 1537 μέσῳ
1129 1468 1229 1536 τῆς
1296 1469 1424 1539 γῆς,
1476 1470 1672 1540 Χριστὲ
1724 1473 1753 1524 6

173 1560 333 1623 Θεός·
371 1559 463 1611 ἐπὶ
496 1558 725 1629 σταυροῦ
749 1558 846 1623 τὰς
877 1558 1178 1631 ἁχράντους
1209 1577 1300 1613 σου
1334 1564 1522 1633 χεῖρας
1556 1562 1753 1628 ἐξέτει-

173 1670 294 1717 νις,
348 1652 690 1719 ὲπισυνάγων
722 1652 907 1706 πάντα
932 1651 999 1705 τά
1042 1652 1192 1725 ἔθνη,
1237 1654 1527 1723 κράζοντα,
1559 1657 1752 1728 Κύριε,

169 1742 302 1807 δόξα
327 1760 429 1797 σοι.

319 1838 477 1908 Δόξα.

247 1929 365 1999 Τὴν
394 1932 661 2001 ἄχραντον
693 1932 873 1985 εἰκόνα
934 1949 1027 1985 σου
1092 1932 1520 2006 προσκυνοῦμεν,
1560 1936 1750 2005 ἀγαθὲ,

173 2022 847 2094 αἱτούμενοισυγχὼρησιν
887 2024 997 2077 τῶν
1022 2029 1381 2095 πταισμάτων
1407 2029 1579 2098 ἡμῶν,
1614 2031 1752 2102 Χρι-

178 2114 271 2165 στὲ
304 2117 334 2166 6
360 2114 511 2177 Θεός·
543 2114 792 2186 βουλήσει
825 2115 932 2186 γὰρ
969 2116 1265 2186 εὐδόκησας
1294 2118 1534 2174 ἀνελθεῖν
1568 2122 1626 2173 ὲν
1673 2121 1752 2192 τῷ

177 2205 418 2276 σταυρῷ,
450 2207 534 2258 ἵνα
571 2206 706 2279 ῥύσῃ
733 2206 825 2271 οὓς
856 2208 1096 2273 ἔπλασας
1134 2213 1203 2265 ὲκ.
1230 2212 1330 2283 τῆς
1355 2213 1597 2279 δουλείας
1654 2216 1749 2269 τοῦ

175 2296 397 2366 ἐχθροῦ·
435 2298 554 2350 ὅθεν
589 2299 926 2371 εὐχαρίστως
982 2302 1189 2375 βοῶμέν
1231 2321 1331 2359 σοι’
1361 2308 1549 2379 Χαρᾶς
1585 2308 1751 2379 ἐπλή-

177 2405 362 2458 ρωσας
391 2389 462 2442 τά
491 2390 687 2456 πάντα,
722 2396 750 2446 6
774 2394 960 2467 Σωτὴρ
989 2397 1167 2466 ἡμῶν,
1203 2400 1641 2471 παραγενόμενος
1672 2404 1753 2466 είς

172 2481 234 2532 τὸ
276 2480 454 2533 σῶσαι
470 2483 560 2536 τὸν
588 2484 809 2555 κόσμον.

353 2574 465 2626 Καὶ
505 2575 619 2631 νῦν.
1307 2583 1607 2639 Θεοτὸκιον.

248 2662 670 2736 Εὺσπλαγχνίας
744 2667 1059 2740 ὑπάρχουσα
1133 2673 1281 2742 πηγὴ
1320 2714 1334 2739 ,
1415 2675 1751 2744 συμπαθείας

175 2754 407 2819 ἀξίωσον
441 2759 607 2828 ἡμᾶς,
656 2759 901 2813 Θεοτόκε’
953 2762 1143 2833 βλέψον
1172 2765 1251 2827 είς
1289 2763 1415 2817 λαὸν
1450 2766 1540 2819 τὸν
1572 2768 1752 2840 ἁμαρ-

176 2849 437 2917 τήσανταο
468 2850 634 2917 δεῖξον
679 2853 759 2915 είς
802 2853 887 2905 ἀεὶ
937 2856 1035 2926 τὴν
1080 2856 1397 2911 δυναστείαν
1440 2877 1551 2914 σου’
1583 2864 1661 2926 εἰς
1693 2863 1751 2915 σὲ

177 2941 287 3011 γὰρ
322 2943 649 3008 ἐλπίζοντες,
701 2945 783 3010 τὸ,
816 2948 1009 3017 Χαῖρε,
1066 2948 1276 3019 βοῶμέν
1316 2969 1420 3016 σοι,
1463 2952 1538 3017 ὡς
1566 2956 1693 3009 ποτὲ
1726 2959 1753 3011 ὁ

179 3033 421 3105 Γαϐριὴλ
453 3038 481 3088 6
507 3036 613 3089 τῶν
633 3038 937 3109 ἀσωμάτων
961 3042 1415 3112 ἀρχιστράτηγος.

1854 558 2139 629 Supplices
2166 566 2483 629 peccatores
2523 572 2591 611 ne
2623 556 2910 625 despicias,
2934 570 2969 610 ο
2994 568 3210 622 semper
3250 566 3425 620 augu-

1852 659 1955 715 sta,
1989 649 2115 719 quia
2143 648 2235 717 qui
2260 648 2509 702 lubenter
2540 661 2639 717 pro
2683 647 2839 701 nobis
2865 660 3062 717 passus
3087 644 3213 711 fuit,
3258 652 3343 698 est
3371 652 3427 695 et

1852 741 2189 804 misericors,
2225 749 2280 795 et
2304 738 2416 793 vult
2437 754 2535 793 nos
2566 753 2812 794 servare.

1920 832 2041 888 Cito
2085 832 2383 899 anticipent
2434 846 2531 886 nos
2567 830 2961 886 misericordia:
3010 838 3134 893 tute,
3172 828 3422 888 Domine.

1853 923 1979 993 quia
2013 937 2273 992 pauperes
2299 920 2426 975 facti
2460 936 2645 974 sumus
2681 920 2861 973 nimis.
2893 920 3101 990 Adjuva
3133 932 3254 981 nos,
3284 916 3424 970 Deus

1853 1015 2109 1069 salutaris
2142 1023 2367 1069 noster:
2396 1024 2451 1067 et
2497 1022 2715 1083 propter
2758 1013 2984 1081 gloriam
3039 1010 3274 1067 nominis
3321 1009 3421 1072 tui,

1854 1106 2098 1172 Domine,
2134 1108 2305 1161 libera
2349 1122 2486 1161 nos:
2521 1116 2573 1160 et
2606 1106 2869 1175 prepitius
2894 1114 3015 1161 esto
3046 1105 3286 1173 peccatis
3329 1116 3427 1155 no-

1854 1201 2006 1263 stris,
2038 1212 2257 1269 propter
2286 1215 2478 1253 nomen
2520 1210 2667 1252 tuum
2697 1199 2794 1270 ta).

1935 1294 2240 1362 Trisagium
2263 1331 2281 1356 ,
2324 1292 2679 1347 Sanctissima
2715 1291 2975 1356 Trinitas,
3018 1290 3185 1345 Pater
3217 1295 3427 1351 noster,

1855 1395 1909 1440 et
1943 1386 2057 1441 haec
2090 1387 2327 1454 treparia
2358 1396 2487 1441 tono
2512 1386 2785 1441 secundo:

1926 1478 2051 1532 247.
2112 1478 2385 1533 Salutaria
2451 1488 2708 1547 operatus
2775 1493 2834 1532 es
2898 1477 2951 1531 in
3003 1475 3182 1531 medio
3226 1482 3420 1536 terrtr,

1856 1571 2073 1628 Christe
2100 1571 2336 1628 Deus.ln
2365 1585 2527 1626 cruce
2558 1572 2852 1627 extendisti
2884 1571 3144 1624 innocuas
3166 1578 3286 1622 tuas
3312 1581 3428 1620 ma-

1857 1679 1979 1731 nus,
2009 1679 2347 1734 congregans
2384 1679 2574 1719 omnes
2616 1663 2870 1733 pupulas,
2898 1665 3212 1725 clamantes,
3243 1657 3424 1714 Gloria

1858 1754 1975 1818 tibi,
2002 1753 2249 1809 Domine.

1994 1841 2205 1900 Gloria.

1929 1933 2155 1990 Veniam
2203 1945 2548 2005 peccatorum
2619 1944 2932 1991 nostrorum
2971 1940 3236 2004 petentes,
3268 1929 3429 1986 Chri-

1856 2035 1938 2079 ste
1996 2024 2135 2079 Deus
2171 2065 2187 2090 ,
2252 2027 2543 2079 adoramus
2596 2024 3079 2079 incontaminatam
3134 2021 3429 2093 imaginem

1857 2126 2005 2171 tuam
2040 2134 2053 2169 :
2088 2116 2348 2182 lauderis,
2373 2117 2498 2186 quia
2534 2115 2677 2171 ultro
2702 2132 2924 2172 crucem
2955 2113 3341 2179 conscendisti,
3371 2121 3431 2168 ut

1855 2223 1989 2277 quos
2016 2208 2285 2271 formasti,
2318 2209 2385 2263 de
2417 2208 2620 2263 inimici
2647 2209 2943 2264 redimeres
2966 2207 3246 2262 servitute.
3274 2206 3430 2262 Unde

1855 2300 1908 2354 in
1944 2300 2107 2354 animi
2140 2301 2280 2367 grati
2313 2302 2529 2369 signum
2569 2301 2666 2355 tibi
2717 2300 3055 2355 clamamus:
3087 2298 3295 2355 Gaudio
3341 2313 3430 2351 rc-

1854 2392 2013 2462 plesti
2048 2392 2321 2459 universa,
2342 2390 2603 2446 Servatur
2624 2400 2831 2457 noster,
2864 2394 2958 2461 qui
2986 2393 3053 2446 ad
3100 2391 3424 2446 servandum

1855 2486 2110 2540 mundum
2142 2486 2359 2541 venisﬁ.
2750 2470 2753 2477 ’

2028 2578 2095 2631 Et
2125 2593 2287 2632 nunc.
3037 2576 3281 2635 Mariale.

1929 2670 2316 2725 Misericordia:
2370 2672 2515 2736 fons,
2572 2671 2819 2727 Genitrix
2884 2671 3006 2737 Dei,
3053 2674 3273 2741 dignare
3325 2686 3427 2725 nos

1856 2764 2339 2820 commiseratione
2370 2783 2384 2818 :
2423 2766 2639 2836 respice
2685 2783 2839 2820 reum
2872 2765 3125 2836 populum
3155 2802 3171 2829 ,
3204 2765 3427 2819 ostende

1856 2862 2170 2920 perpetuam
2203 2854 2502 2922 potentiam
2536 2865 2706 2918 tuam,
2741 2855 2791 2907 in
2843 2863 2893 2909 te
2928 2854 3072 2908 enim
3123 2862 3423 2923 sperantes,

1859 2944 1971 2998 Ave
1991 2945 2292 2999 clamamus
2322 2946 2439 3011 tibi,
2472 2948 2609 3001 sicut
2642 2947 2771 3001 olim
2802 2948 3248 3017 incorporearum
3278 2946 3428 3016 prin-

1857 3052 1984 3105 ceps
2013 3036 2251 3091 Gabriel.

250 3125 436 3177 Ταῦτα
490 3126 735 3194 λέγονται
780 3130 844 3198 τῇ
890 3129 1157 3203 δευτέρᾳ,
1203 3135 1269 3204 τῇ
1316 3134 1493 3206 τρίτῃ,
1531 3137 1623 3189 καὶ
1685 3142 1750 3209 τῇ

1925 3127 2052 3183 248.
2107 3128 2233 3185 lizec
2258 3129 2510 3185 dicuntur
2576 3133 2811 3186 secunda
2843 3129 3171 3197 feria,tertia
3203 3140 3257 3184 et
3278 3131 3430 3199 quin-

178 3216 430 3289 πέμπτῃ,
462 3219 549 3270 ὅτε
571 3220 671 3273 οὐκ
702 3220 813 3291 ἔχει
841 3224 873 3293 ἡ
913 3225 1096 3295 ἡμέρα
1118 3228 1416 3282 κοντάκιονο
1448 3229 1507 3282 τὸ
1539 3229 1593 3283 δὲ
1620 3232 1752 3285 ὑπο-

174 3310 507 3397 τεταγμένον
531 3310 744 3380 λέγεται
775 3318 841 3387 τῇ
896 3319 1134 3390 τετράδι,
1176 3322 1269 3374 καὶ
1300 3326 1366 3395 τῇ
1410 3328 1749 3397 παρασκευῇ,

178 3396 313 3471 ἦχος
347 3398 395 3470 β’
435 3404 929 3473 σταυροθεσιόκιον.

259 3571 799 3664 Ὑπερδεδοξασμένη
858 3581 1137 3654 ὑπάρχεις,
1197 3586 1424 3641 Θεοτόκε
1491 3593 1752 3664 Παρθένε·

176 3661 456 3731 ὑμνοῦμέν
510 3680 588 3715 σε·
642 3666 730 3721 διὰ
759 3670 867 3740 γὰρ
931 3673 1023 3726 τοῦ
1076 3677 1310 3748 σταυροῦ
1356 3678 1450 3731 τοῦ
1491 3661 1621 3735 Υξοῦ
1662 3700 1755 3737 σου

177 3752 484 3847 κατεϐλήθη
515 3758 543 3809 6
576 3756 728 3829 ᾅδης,
769 3764 862 3815 καὶ
891 3766 919 3816 6
964 3765 1189 3832 θάνατος
1235 3770 1483 3844 τέθνηκε.
1526 3774 1754 3847 Νεκρω-

176 3845 364 3912 θέντες
397 3849 720 3921 ἀνέστημεν,
766 3856 859 3908 καὶ
895 3855 1039 3927 ζωῆς
1082 3861 1412 3934 ἠξιώθημεν·
1453 3866 1543 3920 τὸν
1576 3845 1755 3941 παρά-

176 3943 352 4032 ὀεισον
382 3941 670 4011 ἐλάϐομεν,
712 3944 809 4016 τὴν
844 3948 1077 4017 ἀρχαίαν
1112 3954 1432 4011 ἀπόλαυσιν.
1468 3959 1559 4013 Διὸ
1592 3961 1755 4032 εὐχα-

179 4030 511 4099 ριστοῦντες,
554 4033 938 4106 δοξολογοῦμεν
970 4040 1045 4104 ὡς
1090 4046 1349 4115 κραταιὸν
1392 4049 1625 4119 Χριστὸν
1658 4030 1755 4106 τὸν

177 4122 309 4175 θεὸν
335 4122 516 4193 ἡμῶν,
548 4128 642 4179 καὶ
664 4128 820 4198 μόνον
846 4132 1147 4188 πολυέλεον.

253 4304 348 4367 Τὸ,
405 4304 599 4376 Κύριε,
636 4308 877 4379 ἐλέησον,
904 4318 975 4380 μ’.
1009 4313 1244 4387 Ἦεὺχὴ,
1278 4317 1335 4371 '0
1366 4318 1422 4371 ὲν
1454 4321 1617 4374 παντὶ
1637 4341 1755 4377 και-

188 4395 261 4465 ρῷ
288 4398 382 4448 καὶ
418 4400 569 4471 πάσῃ
584 4400 721 4472 ὥρᾳ·
750 4402 868 4471 μεθ’
892 4403 977 4472 ἣν,
1001 4403 1189 4476 Κύριε,
1223 4409 1462 4480 ἐλέησον,
1482 4420 1550 4479 γ’.
1598 4415 1754 4482 Δόξα.

1858 3228 1936 3283 ta,
1966 3221 2184 3288 quando
2222 3223 2338 3276 dies
2374 3222 2683 3277 contacium
2738 3238 2844 3277 non
2877 3222 3040 3277 liabet
3070 3241 3085 3290 ;
3146 3224 3239 3278 sed
3293 3223 3428 3279 feria

1855 3323 2045 3381 quarta
2090 3322 2144 3365 et
2178 3322 2329 3368 sexta
2378 3324 2506 3368 tono
2566 3316 2805 3371 secundo
2859 3317 3057 3371 dicitur
3124 3316 3427 3382 subjectum

1858 3405 2157 3473 troparium
2183 3445 2199 3469 ,
2246 3404 2388 3475 quod
2422 3405 2638 3461 laudem
2671 3407 2849 3461 crucis
2894 3407 3055 3461 simul
3091 3422 3154 3462 ac
3188 3407 3430 3479 Deiparae

1859 3499 2260 3568 complectitur.

1933 3590 2281 3647 Celebramus
2320 3605 2394 3659 te,
2435 3594 2597 3663 Virgo
2657 3592 2911 3664 Deipara,
2959 3610 3077 3665 qnze
3106 3594 3274 3663 gloria
3307 3610 3424 3649 om-

1858 3696 1955 3737 nes
1990 3696 2318 3752 exsuperas;
2350 3686 2606 3755 quoniam
2638 3700 2733 3754 per
2787 3686 2908 3741 Filii
2967 3689 3041 3741 tui
3103 3703 3318 3741 crucem
3350 3688 3428 3742 vi-

1857 3782 1979 3824 ctus
2007 3779 2090 3825 est
2124 3760 2372 3829 infernus
2398 3813 2414 3839 ,
2445 3782 2497 3829 et
2529 3790 2676 3829 mors
2709 3786 2918 3830 mortua
2952 3787 3054 3831 est.
3107 3778 3430 3833 Resurrexi—

1858 3878 1977 3918 mus
2029 3866 2120 3935 qui
2175 3880 2392 3923 eramus
2453 3869 2704 3936 mortui;
2754 3871 2860 3922 vita
2907 3870 3050 3940 digni
3085 3871 3275 3925 redditi
3332 3887 3428 3925 su-

1856 3969 2012 4021 mus;
2064 3959 2395 4025 paradisum,
2450 3960 2773 4029 voluptatem
2818 3962 3051 4032 priscam
3103 3963 3427 4032 recepimus.

1856 4046 2066 4103 Idcirco
2092 4050 2295 4118 gratias
2328 4061 2571 4119 agentes,
2608 4052 2972 4123 gloriﬁcamus
2994 4056 3287 4120 Christum,
3336 4058 3430 4126 qui

1860 4139 2001 4193 Deus
2060 4150 2243 4196 noster
2303 4154 2606 4214 praepotens
2663 4154 2777 4212 est,
2833 4162 2896 4201 ac
2952 4147 3178 4201 multum
3211 4148 3427 4204 miseri-

1858 4247 1998 4287 COTS.

1934 4324 2202 4391 Domine,
2263 4327 2525 4388 miserere
2558 4369 2573 4395 ,
2643 4328 2989 4400 quadragies.
3059 4329 3282 4396 Oratio,
3327 4331 3430 4399 Qui

1857 4416 2002 4469 omni
2037 4425 2277 4484 tempore
2318 4428 2372 4474 et
2397 4420 2541 4473 omni
2578 4421 2706 4473 liora
2734 4436 2750 4485 ;
2782 4430 2907 4491 post
2954 4438 3140 4492 quam,
3178 4423 3430 4489 Domine,

184 4486 289 4538 Καὶ
317 4486 432 4539 νῦν.
471 4491 583 4562 Τὴν
617 4493 969 4566 τιμιωτέραν.
989 4498 1307 4569 Μετάνοιαι,
1338 4503 1412 4566 ὡς
1442 4504 1681 4575 εἴρηται,
1707 4509 1752 4561 el

1864 4508 2167 4574 miserere,
2205 4518 2309 4564 ter.
2398 4507 2605 4563 Gloria.
2675 4510 2741 4565 Et
2815 4528 2980 4571 nunc.
3038 4512 3430 4568 Excelsiorcm.

184 4580 293 4633 ἔστι
323 4582 768 4658 Τεσσαρακοστήο
800 4589 893 4640 καὶ
926 4588 1203 4653 ἀπόλυσις.

1862 4597 2224 4663 Reverentia),
2258 4610 2316 4655 ut
2344 4600 2547 4657 dictum
2580 4612 2689 4670 est,
2720 4603 2764 4659 si
2797 4605 2869 4659 sit
2894 4604 3352 4677 Quadragesima;
3378 4617 3433 4661 et

1864 4685 2008 4741 ﬁnis.

1480 4904 1839 4963 MESORIUM
1880 4907 1958 4963 SE
1968 4908 2148 4967 ΧΤΔΕ.

247 5122 342 5185 Τὸ,
367 5120 557 5185 Δεῦτε,
594 5126 1083 5198 προσκυνήσωμεν,
1112 5128 1175 5181 ἐκ
1207 5128 1415 5199 τρίτου,
1443 5131 1536 5183 καὶ
1560 5133 1587 5182 ὁ
1617 5129 1753 5200 ψαλ-

186 5216 293 5283 μοὶ,
336 5216 366 5267 6
400 5219 505 5283 νίς,
542 5215 790 5287 Ἐλέησόν
840 5237 928 5290 με,
977 5220 1006 5271 6
1051 5221 1211 5285 Θεὸς,
1262 5221 1480 5291 ἐλέησόν
1535 5242 1622 5294 με.
1670 5224 1752 5278 ὅτι

183 5308 532 5380 κατεπάτησέ
580 5325 647 5379 με
694 5309 996 5384 ἄνθρωπος.
1042 5314 1148 5365 Καὶ
1195 5316 1223 5368 6
1256 5315 1351 5381 ξον,
1391 5316 1449 5369 '0
1496 5317 1628 5382 Θεὸς
1675 5319 1754 5382 είς

188 5399 439 5469 βοήθειάν
480 5421 605 5473 μου.

254 5491 406 5558 Δόξα·
438 5494 549 5545 Καὶ
589 5493 703 5549 νῦν.
729 5495 1040 5567 Τρισάγιον·
1065 5500 1315 5569 Παναγία
1349 5503 1537 5574 Τριάς.
1572 5504 1753 5574 Πάτερ

192 5583 338 5654 ἡμῶν
372 5601 385 5615 ·
411 5587 506 5636 καὶ
526 5586 595 5637 τὰ
642 5592 883 5658 παρόντα
913 5594 1203 5665 τροπάρια.

254 5677 456 5741 Σῶσον,
500 5676 694 5745 Κύριε,
731 5680 821 5732 τὸν
849 5682 974 5735 λαόν
1028 5702 1138 5749 σου,
1176 5686 1269 5738 καὶ
1316 5685 1606 5755 εὐλόγησον
1658 5688 1752 5757 τὴν

255 5786 328 5855 (a)
357 5786 501 5841 Psal.
528 5804 759 5855 uxvm,
791 5790 844 5855 8,
870 5791 923 5845 9.

1925 5134 2051 5191 249.
2093 5133 2307 5200 Venite,
2350 5137 2658 5205 adoremus,
2690 5148 2794 5204 ter,
2824 5149 2878 5193 et
2925 5140 3115 5210 psalmi
3158 5158 3244 5206 ιν,
3276 5141 3435 5198 Mise-

1858 5241 1977 5283 rere
2026 5229 2151 5294 mei,
2198 5227 2359 5295 Deus,
2399 5230 2655 5297 quoniam
2704 5232 3043 5287 conculcavit
3098 5251 3183 5287 me
3235 5235 3431 5305 homo;

1858 5334 1969 5386 LVI,
1999 5319 2257 5398 Miserere
2299 5322 2420 5388 mei,
2472 5324 2634 5391 Deus,
2687 5325 2948 5381 miserere
2984 5327 3109 5382 mei.
3158 5326 3225 5383 Et
3273 5345 3432 5398 uix,

1860 5412 2021 5477 Deus,
2060 5396 2112 5467 in
2151 5416 2472 5482 adjutorium
2504 5434 2703 5472 meum.

1931 5504 2132 5562 Gloria.
2183 5510 2248 5563 Et
2284 5524 2444 5564 nunc.
2496 5510 2831 5578 Trisagium:
2862 5511 3213 5568 Sanctissima
3252 5514 3438 5569 Trini-

1867 5606 1966 5651 tas.
2002 5598 2159 5652 Pater
2204 5609 2405 5667 noster,
2450 5612 2505 5655 et
2554 5602 2833 5672 sequentia
2874 5606 3127 5671 troparia.

1934 5686 2149 5739 Salvum
2194 5690 2278 5742 fac
2326 5692 2575 5759 populum
2620 5702 2790 5755 tuum,
2829 5693 3073 5757 Domine,
3121 5704 3172 5746 et
3208 5694 3435 5748 benedic
