4098 6326
672 336 909 378 ωειιεη

2004 323 2530 382 PROLEGOMENA.

674 439 975 494 ntereditati
1013 449 1118 493 tua:
1161 441 1263 510 (al,
1296 441 1549 496 victorias
1587 441 2001 512 imperatoribus
2050 454 2233 498 contra

2341 444 2702 515 κληρονομίαν
2753 461 2868 506 σου,
2937 446 3093 509 νίκας
3165 445 3443 515 βασιλεῦσι
3490 445 3635 502 κατὰ
3700 446 3901 518 βαρϐά-

675 531 932 586 barbaros
960 533 1218 595 concede,
1247 543 1302 587 et
1322 542 1468 587 tuutn
1490 535 1698 590 custodi
1723 550 1819 604 per
1847 545 1989 588 tuam
2019 550 2234 590 crucem

677 623 980 693 imperiunm.

812 713 1015 770 Gloria.

746 805 1076 860 Sanctorum
1119 818 1415 877 cruciatus,
1477 824 1613 880 quos
1666 824 1774 878 pro-
1814 818 1866 864 te
1905 811 2050 879 passi
2093 821 2236 875 sunt,

675 897 947 968 absterge,
982 900 1238 960 Domine:
1271 911 1325 956 et
1357 903 1569 958 cunctis
1600 903 1798 957 nostris
1841 905 2056 958 medere
2084 904 2235 959 dolo-

679 991 848 1053 ribus,
880 1004 1189 1058 quaesumus
1220 1001 1296 1059 tc,
1341 1003 1548 1049 amator
1581 994 1878 1048 hominum.

813 1084 881 1138 Et
911 1099 1072 1138 nunc.

747 1175 1067 1230 Sanctorum
1103 1178 1345 1232 omnium
1415 1192 1480 1232 ae
1541 1177 1782 1247 Deiparse
1810 1180 2081 1248 precibus,
2135 1197 2236 1250 pa-

671 1282 790 1324 cem
824 1278 967 1322 tuam
1011 1270 1167 1324 nobis
1198 1271 1455 1333 concede,
1484 1269 1728 1338 Domine,
1753 1280 1808 1326 et
1843 1272 2104 1328 miserere
2138 1290 2232 1328 no-

671 1361 791 1426 stri,
822 1362 912 1430 qui
936 1360 1082 1415 solus
1109 1361 1422 1416 misericors
1454 1377 1534 1416 es.

737 1454 862 1509 350.
893 1455 1138 1521 Domine,
1204 1457 1486 1518 miserere,
1544 1456 1888 1526 quadragies.
1935 1456 2140 1513 Gloria.
2169 1457 2237 1512 Et

670 1563 834 1602 nunc.
877 1547 1261 1604 Excelsiorem.
1321 1549 1376 1601 In
1438 1549 1657 1604 nomine
1714 1549 1948 1613 Domini,
1989 1550 2235 1612 benedic,

670 1637 848 1693 Pater.
883 1637 1188 1694 Sacerdos:
1227 1638 1328 1694 Per
1355 1656 1562 1709 preces.
1614 1641 1816 1696 Deinde
1847 1641 2074 1696 facimus
2126 1650 2236 1697 tres

673 1731 908 1796 majores
940 1733 1273 1786 reverentias
1293 1777 1306 1795 ,
1338 1743 1392 1787 et
1419 1736 1786 1802 precationem
1815 1733 1872 1786 S.
1898 1731 2128 1802 Ephrem
2154 1734 2234 1788 di-

2343 552 2453 606 ρων
2484 536 2844 608 δωρούμενος,
2877 537 2971 590 καὶ
2991 536 3052 590 τὸ
3086 534 3177 590 σδν
3208 537 3489 592 φυλάττων
3519 537 3607 592 διὰ
3635 537 3729 592 τοῦ
3754 556 3905 593 στας-

2340 626 2434 699 ροῧ
2456 644 2549 680 σου
2574 626 2895 697 πολίτευμα.

2476 718 2630 783 Δόξα.

2409 813 2521 877 Τὰς
2551 813 2853 885 ἀλγηδόνας
2910 814 3020 867 τῶν
3084 813 3275 880 ἁγίων,
3296 811 3362 878 ἃς
3388 811 3528 883 ὑπὲρ
3563 811 3660 866 σοῦ
3689 811 3900 879 {meum

2337 904 2712 975 δυσωπήοητι,
2741 904 2936 974 Κύριε,
2973 903 3067 956 καὶ
3095 903 3273 966 πάσας
3294 902 3456 975 ἡμῶν
3481 900 3583 964 τὰς
3604 901 3797 965 ὀδύνας
3824 902 3901 955 [a-

2340 1009 2448 1056 σαι,
2483 993 2852 1065 φιλάνθρωπε,
2881 992 3133 1064 δεόμεθα.

2464 1083 2574 1137 Καὶ
2619 1082 2734 1136 νῦν.

2410 1176 2487 1246 Τῇ
2523 1174 2807 1246 πρεσϐείᾳ,
2833 1175 3026 1247 Κύριε,
3075 1175 3295 1230 πάντων
3337 1173 3446 1228 τῶν
3468 1173 3662 1242 ἁγίων.
3693 1173 3790 1227 καὶ
3813 1175 3906 1244 τῆς

2336 1267 2618 1331 Θεοτόκου,
2671 1268 2764 1337 τὴν
2819 1266 2917 1337 σὴν
2969 1269 3192 1339 εἰρήνην
3234 1266 3322 1330 δὸς
3364 1267 3514 1338 ἡμῖν,
3564 1267 3658 1318 καὶ
3691 1264 3907 1335 ἐλέησον

2335 1360 2506 1430 ἡμᾶς,
2532 1358 2607 1422 ὡς
2637 1359 2795 1429 μόνος
2823 1358 3143 1429 οἰκτίρμων.
3189 1377 3209 1411 ι

2409 1448 2505 1512 Τὸ,
2553 1447 2747 1520 Κύριε,
2821 1447 3068 1518 ἐλέησον,
3095 1456 3168 1519 μ’.
3197 1450 3353 1514 Δόξα.
3395 1449 3501 1503 Καὶ
3535 1447 3653 1502 νῦν.
3685 1449 3797 1520 Τὴν
3827 1466 3905 1502 τι·

2343 1536 2636 1608 μιωτὲραν.
2702 1537 2792 1589 Ἐν
2842 1537 3063 1607 ὀνόματι
3105 1538 3309 1608 Κυρίου
3356 1538 3672 1608 εὐλόγησεν,
3706 1539 3906 1609 Πάτερ.

2351 1629 2408 1681 ’0
2463 1628 2658 1700 ἱερεύς·
2700 1630 2778 1681 Δι’
2825 1627 3017 1698 εὐχῶν.
3067 1623 3198 1680 Εἶτα
3235 1629 3491 1698 ποιοῦμεν
3529 1629 3630 1692 τὰς
3673 1629 3906 1701 μεγάλας

2337 1725 2485 1793 τρεῖς
2537 1721 2848 1792 μετανοίας,
2901 1720 3038 1791 μετὰ
3072 1720 3166 1774 καί
3194 1721 3291 1790 τῆς
3320 1720 3485 1789 εὐχῆς
3519 1721 3616 1774 τοῦ
3649 1721 3798 1774 ὁσίου
3829 1721 3910 1773 Ἐ-

671 1823 870 1886 cimus,
919 1837 982 1876 ac
1012 1823 1266 1878 continuo
1296 1836 1612 1895 sequentem
1666 1824 1845 1880 Basilii
1879 1827 2059 1896 magni
2105 1841 2235 1881 ora-

2341 1815 2540 1888 φραῒμ,
2571 1817 2664 1868 καὶ
2715 1813 2878 1879 εὐθὺς
2914 1815 3012 1887 τὴν
3046 1813 3325 1886 παροῦσαν
3355 1813 3518 1884 εὐχὴν
3544 1813 3642 1866 τοῦ
3677 1815 3907 1884 μεγάλου

669 1911 870 1967 tionem
905 1933 918 1966 :

744 2001 909 2065 Deus,
941 2013 1268 2073 potestatum
1313 2002 1581 2068 Domine,
1633 2005 1919 2074 omnisque
1988 2003 2236 2058 conditor

669 2104 964 2156 creaturae,
995 2094 1084 2161 qui
1135 2109 1230 2162 per
1259 2094 1689 2164 incomparabilis
1720 2094 2102 2148 misericordiae
2131 2103 2235 2148 tu:e

669 2182 882 2236 viscera
911 2222 927 2246 ,
959 2181 1153 2237 Filium
1203 2193 1350 2236 tuum
1397 2183 1734 2252 unigenitum
1760 2224 1776 2249 ,
1810 2181 2091 2236 Dominum
2138 2199 2236 2238 no-

669 2283 844 2326 strum
893 2272 1076 2328 Jesum
1127 2273 1402 2328 Christum
1459 2288 1558 2342 pro
1607 2274 1781 2329 salute
1811 2275 1980 2329 nostri
2020 2276 2234 2344 generis

670 2366 898 2429 misisti;
932 2375 988 2421 et
1021 2380 1115 2434 per
1156 2364 1513 2419 Venerandam
1546 2367 1714 2436 ipsius
1766 2382 1980 2422 crucem
2032 2368 2233 2422 discer-

671 2459 824 2526 psiati
854 2467 1198 2527 peccatorum
1240 2470 1548 2512 nostrorum
1579 2460 2034 2528 chirographum;
2062 2460 2235 2526 deque

668 2549 1006 2617 principibus
1053 2563 1118 2602 ne
1170 2551 1528 2616 potestatibus
1593 2551 1939 2602 tenebrarum
1999 2552 2051 2602 in
2117 2549 2235 2617 ipso

672 2639 1012 2704 triumphasti
1050 2656 1064 2691 :
1104 2648 1156 2691 tu
1195 2639 1334 2693 idem
1361 2678 1378 2701 ,
1429 2638 1654 2693 Domine
1707 2638 1936 2707 benigne
1964 2680 1981 2703 ,
2022 2639 2235 2708 suscipe

668 2731 768 2785 has
791 2740 1003 2784 nostras
1033 2739 1374 2793 peccatorum
1394 2731 1693 2794 orationes,
1718 2744 1853 2798 quas
1889 2731 1982 2784 tibi
2008 2741 2061 2785 et
2090 2732 2230 2799 grati

668 2833 724 2876 et
748 2821 1018 2890 supplices
1039 2818 1358 2885 'oll'crimus;
1389 2833 1443 2877 et
1475 2825 1643 2876 libera
1678 2838 1776 2877 nos
1814 2823 1880 2877 ab
1905 2824 2050 2876 omni
2075 2823 2231 2891 gravi

669 2926 734 2966 nc
771 2909 1108 2964 tenebricoso
1142 2909 1289 2977 lapsu
1319 2949 1335 2970 ,
1367 2919 1420 2962 et
1453 2911 1519 2963 alt
1551 2911 1800 2964 omnibus
1827 2948 1844 2972 ,
1882 2911 1974 2967 aui
2015 2925 2112 2964 nos
2143 2909 2235 2963 lm-

669 3004 800 3056 dere
830 3001 1178 3060 meditantur,
1214 3001 1450 3054 inimicis
1506 3001 1810 3056 visibilibus
1862 3012 1918 3057 et
1951 3002 2225 3056 invisibili~

667 3095 791 3159 bus,
819 3093 1244 3162 conlige-timore
1271 3104 1361 3146 tuo
1396 3107 1589 3146 carnes
1627 3103 1861 3155 nostras,
1887 3103 1941 3146 et
1968 3108 2036 3146 ne
2064 3094 2234 3146 decli-

2337 1907 2614 1960 Βασιλείού
2635 1925 2650 1938 ·

2408 1997 2510 2051 Θεὲ
2548 1999 2641 2052 καὶ
2678 1998 2850 2069 Κύριε
2891 1997 2999 2051 τῶν
3021 1997 3326 2068 δυνάμεων,
3357 1996 3452 2050 καί¹
3481 1995 3666 2066 πάσης
3681 1995 3909 2058 κτίσεως

2334 2088 2656 2161 δημιουργὲ.
2681 2091 2710 2142 ὁ
2735 2089 2824 2142 διὰ
2849 2090 3128 2161 σπλάγχνα
3143 2089 3461 2143 ἀνείκαστον
3494 2087 3681 2150 ἐλέους
3702 2103 3796 2140 σου
3822 2085 3908 2139 τὸν

2337 2182 2598 2253 μονογενῆ
2628 2198 2720 2235 σου
2753 2181 2901 2247 Υἰὸν,
2949 2182 3040 2235 τὸν
3073 2181 3274 2253 Κύριον
3320 2179 3478 2251 ἡμῶν
3540 2179 3750 2250 Ἰησοῦν
3776 2179 3908 2248 Χρι-

2334 2267 2456 2322 στὸν
2502 2269 2862 2340 καταπέμψας
2908 2271 3000 2323 ἐπὶ
3052 2270 3295 2341 σωτηρίᾳ
3338 2265 3433 2322 τοῦ
3478 2268 3674 2336 γένους
3729 2267 3906 2338 ἡμῶν,

2333 2359 2428 2411 καὶ
2451 2359 2539 2412 διὰ
2567 2359 2659 2412 τοῦ
2683 2360 2865 2430 τιμίου
2881 2360 3046 2414 αὐτοῦ
3064 2359 3298 2432 σταυροῦ
3326 2359 3388 2412 τὸ
3411 2359 3778 2429 χειρόγραφον
3802 2358 3911 2412 τῶν

2336 2449 2616 2519 ἁμαρτιῶν
2639 2451 2792 2520 ἡμῶν
2819 2450 3134 2523 διαρρήξας,
3162 2454 3257 2505 καὶ
3291 2449 3660 2522 θριαμϐεύσας
3681 2452 3740 2503 ὲν
3763 2450 3911 2521 αὐτῷ

2332 2540 2431 2603 τὰς
2458 2541 2632 2612 ἀρχὰς
2662 2542 2758 2596 καὶ
2791 2543 3034 2608 ἐξουσίας
3057 2542 3152 2595 τοῦ
3190 2543 3432 2605 σκότους’
3461 2542 3642 2606 αὐτὸς,
3666 2545 3909 2597 Δέσποτα

2339 2631 2712 2704 φιλάνθρωπε,
2773 2633 3065 2704 πρόσδεξαι
3093 2634 3186 2686 καὶ
3217 2633 3376 2704 ήμῶν
3411 2633 3520 2685 τῶν
3570 2635 3910 2704 ἁμαρτωλῶν

2333 2724 2433 2788 τὰς
2474 2725 2927 2798 εὐχαριστηρίους
2956 2726 3158 2788 ταύτας
3180 2725 3274 2777 καὶ
3299 2725 3603 2794 ίκετηρίους
3617 2726 3906 2792 ἐντεύξεις·

2332 2818 2426 2871 καὶ
2453 2816 2614 2888 ῥῦσαι
2661 2819 2808 2889 ἡμᾶς
2853 2818 2959 2871 ἀπὸ
2998 2815 3192 2880 παντὸς
3218 2816 3459 2881 ὀλεθρίου
3499 2817 3594 2869 καὶ
3636 2818 3912 2872 σκοτεινοῦ

2335 2906 2798 2980 παραπτώματος,
2845 2911 2940 2964 καὶ
2975 2909 3193 2963 πάντων
3225 2908 3334 2963 τῶν
3369 2907 3618 2961 κακῶσαι
3643 2911 3796 2978 ἡμᾶς
3818 2907 3913 2980 ζη-

2334 3000 2588 3063 τούντων,
2610 3000 2818 3072 ὁρατῶν
2843 3002 2937 3055 καὶ
2970 3002 3212 3073 ἀοράτων
3241 2998 3468 3071 ἐχθρῶν·
3501 2997 3821 3069 καθήλωσον
3849 3001 3914 3052 ὲκ

2335 3090 2429 3143 τοῦ
2462 3091 2626 3160 φόῦου
2654 3109 2744 3146 σου
2772 3093 2870 3156 τὰς
2889 3095 3098 3162 σάρκας
3121 3093 3298 3164 ἡμῶν,
3318 3093 3410 3146 καὶ
3438 3092 3512 3163 μὴ
3537 3091 3793 3163 ἐκκλίνῃς
3816 3091 3914 3153 τὰς

671 3199 740 3236 na
773 3183 937 3236 corda
959 3193 1141 3236 nostra
1164 3184 1218 3236 in
1263 3198 1540 3238 sermones
1567 3182 1652 3235 vel
1681 3183 2034 3249 cogitationes
2081 3184 2234 3238 mali-

2338 3183 2558 3256 καρδίας
2592 3184 2747 3255 ἡμῶν
2782 3188 2863 3247 είς
2894 3161 3084 3252 λόγους
3107 3161 3256 3255 ἧηείς
3281 3161 3576 3254 λογισμοὺς
3623 3161 3910 3254 πονηρίαςο

672 3274 798 3337 ιὶτε;
833 3273 926 3326 sed
956 3272 1030 3325 tui
1062 3287 1248 3326 amore
1281 3281 1500 3326 nostras
1548 3273 1760 3328 animas
1789 3275 2033 3340 vulnera,
2072 3286 2128 3332 nt
2166 3281 2232 3334 ad

671 3376 727 3418 te
759 3378 976 3434 semper
1006 3363 1341 3429 auhelemus,
1369 3374 1424 3419 et
1453 3375 1542 3417 tuo
1569 3364 1714 3421 ducti
1767 3366 1986 3432 lumine,
2031 3377 2104 3433 te,
2155 3371 2235 3422 in-

673 3469 947 3511 accessam
1002 3463 1365 3522 teternamque
1405 3456 1603 3519 lucem,
1653 3457 1991 3522 intueamur;
2023 3469 2076 3512 et
2117 3458 2232 3527 jugi

675 3546 1016 3600 confessione
1037 3561 1261 3616 agamus
1283 3547 1379 3599 tibi
1403 3549 1626 3615 gratias,
1667 3549 1905 3617 ingenito
1933 3548 2081 3604 Patri
2112 3566 2235 3604 cum

675 3647 768 3690 tuo
815 3637 1085 3706 unigeniw
1129 3635 1266 3691 Filio
1287 3678 1304 3700 ,
1341 3647 1397 3690 et
1425 3646 1613 3691 sancto
1659 3637 1902 3706 bonoque
1932 3655 1996 3695 ac
2023 3639 2234 3694 viviilco

677 3735 770 3777 tuo
805 3723 1033 3792 Spiritu,
1057 3741 1198 3780 nunc
1236 3736 1290 3778 et
1319 3740 1554 3794 semper,
1586 3732 1641 3778 et
1676 3725 1728 3777 in
1777 3724 1977 3782 secula
2005 3726 2233 3782 saeculo-

675 3831 818 3870 rum.
847 3818 1040 3870 Amen.

751 3995 850 4060 Si,
904 3994 1047 4047 Deus
1111 3994 1402 4057 Dominus,
1459 4003 1734 4048 cantatum
1791 3994 1983 4060 fuerit,
2045 3993 2233 4048 recita-

678 4103 802 4142 mus
842 4087 1050 4157 typica;
1090 4088 1171 4141 sin
1198 4097 1376 4141 autem
1427 4086 1675 4150 Alleluia,
1704 4102 1766 4141 ea
1796 4088 1951 4144 dill'er
1981 4098 2096 4158 post
2124 4085 2231 4140 No-

680 4195 824 4234 nam.

2331 3275 2465 3328 ἀλλὰ
2518 3275 2594 3345 τῷ
2645 3276 2794 3345 πόθῳ
2829 3293 2920 3328 σου
2956 3277 3164 3348 τρῶσον
3199 3275 3356 3345 ἡμῶν
3407 3277 3505 3337 τὰς
3550 3274 3752 3344 ψυχὰς,
3801 3275 3908 3332 ἵνα,

2334 3369 2470 3438 πρὸς
2521 3367 2580 3417 σὲ
2627 3366 2916 3428 διαπαντὸς
2965 3366 3321 3427 ἀτενίζοντες,
3367 3364 3460 3417 καὶ
3497 3363 3574 3434 τῷ
3621 3367 3769 3436 παρὰ
3816 3365 3910 3418 σῸῦ

2333 3456 2472 3524 φωτὶ
2511 3454 2883 3525 ὁδηγούμενοι,
2916 3454 2974 3507 σὲ
3006 3455 3068 3507 τὸ
3119 3455 3409 3526 ἀπρόσιτον
3441 3456 3536 3508 καὶ
3591 3455 3758 3508 ἀΐδιον
3781 3472 3913 3508 κατ·

2331 3544 2650 3610 οπτεύοντες
2687 3546 2821 3616 φῶς,
2851 3545 3270 3601 ἀκατάπαυστόν
3297 3563 3378 3599 σοι
3403 3546 3502 3617 τὴν
3527 3546 3912 3617 ἐξομολόγησιν

2329 3637 2423 3690 καὶ
2455 3638 2801 3711 εὐχαριστίαν
2819 3640 3250 3711 ἀναπέμπωμεν,
3270 3639 3349 3710 τῷ
3361 3640 3581 3711 ἁνάρχῳ
3595 3642 3790 3712 Πατρὶ,
3816 3640 3913 3694 σὺν

2329 3729 2407 3800 τῷ
2435 3735 2714 3801 μονογενεϊ
2747 3750 2838 3786 σου
2883 3733 3017 3803 Υίῷ,
3052 3736 3146 3788 καὶ
3175 3734 3252 3804 τῷ
3296 3733 3547 3804 παναγίῳ
3589 3735 3686 3788 καὶ
3727 3731 3918 3806 ἁγαθῷ

2334 3822 2428 3873 καὶ
2461 3821 2706 3894 ζωοποιῷ
2727 3842 2820 3877 σου
2851 3825 3148 3894 Πνεύματι,
3177 3823 3272 3877 νῦν
3299 3824 3394 3878 καὶ
3413 3823 3520 3887 ἀεὶ,
3553 3826 3653 3877 καὶ
3681 3826 3763 3887 είς
3785 3826 3919 3889 τοὺς

2341 3910 2542 3972 αἰῶνας
2562 3911 2667 3963 τῶν
2703 3913 2933 3965 αἰώνων.
2975 3915 3164 3984 Ἀμήν.

2407 4001 2519 4052 Καὶ
2550 4003 2598 4052 εί
2637 4003 2756 4070 μὲν.
2791 4003 2920 4065 Θεὸς
2979 4005 3199 4074 Κύριος,
3257 4004 3472 4074 ἐψαλτο,
3501 4004 3570 4058 τὰ
3609 4005 3811 4060 τυπικὰ
3832 4005 3916 4058 λέ-

2340 4105 2526 4159 γομεν·
2557 4091 2606 4143 εί
2637 4092 2694 4144 δὲ
2737 4091 3071 4163 Ἀλληλούῐα,
3106 4094 3338 4165 ὐπέρθες
3358 4095 3497 4147 αὐτὰ
3533 4097 3675 4165 μετὰ
3703 4097 3800 4166 τὴν
3827 4097 3915 4147 ὲν·-

2339 4181 2502 4250 νὰτην
2527 4181 2694 4251 ὥραν.

2192 4424 2397 4480 NONA.

750 4625 874 4681 12%|.
912 4625 1038 4679 Post
1064 4621 1418 4683 Benedictus,
1473 4619 1585 4674 Rex
1627 4621 1885 4686 caelestis,
1916 4619 2235 4690 Trisagium,

2415 4628 2567 4682 Mari
2603 4630 2682 4691 τὸ,
2733 4629 3055 4699 Εὐλογητὸς,
3083 4625 3309 4680 Baetis?)
3342 4625 3578 4695 οὐράνιε,
3603 4624 3912 4696 Τρισάγιον,

681 4720 1032 4776 Sanctissima
1079 4715 1315 4769 Trinitas
1341 4753 1354 4776 ,
1405 4713 1562 4767 Pater
1608 4724 1811 4777 noster,
1853 4713 2111 4776 Domine,
2144 4719 2235 4767 mi-

2342 4719 2591 4788 Παναγία
2617 4721 2802 4792 Τριάς,
2831 4722 3012 4790 Πάτερ
3032 4719 3204 4791 ἡμῶν,
3227 4717 3418 4787 Κύριε,
3443 4716 3688 4786 ἐλέησον,
3714 4717 3802 4786 ιβ’,
3829 4718 3912 4779 τὸ,

680 4824 886 4874 serere,
929 4806 1237 4869 duodecies,
1269 4804 1481 4868 Venite,
1531 4802 1839 4864 adoremus,
1886 4814 1999 4869 ter;
2051 4803 2241 4856 dicun-

681 4911 773 4955 tur
816 4899 1004 4970 psalmi
1043 4912 1272 4959 Lxxxttt,
1319 4895 1491 4962 Quam
1539 4894 1731 4950 dilecta
1788 4893 2154 4955 tabernacula,
2189 4902 2245 4948 et

681 5008 904 5056 Lxxxw,
955 4989 1319 5050 Benedixisti,
1364 4988 1606 5054 Domine,
1655 4995 1892 5048 terram,
1922 4994 1975 5039 et
2007 5001 2241 5050 LLxxxv,

683 5086 906 5147 Inclina,
939 5082 1184 5145 Domine,
1215 5093 1397 5134 aurem
1430 5088 1596 5133 tuam.
1624 5078 1830 5131 Dicitur
1857 5087 2034 5131 autem
2068 5078 2242 5133 ultimi

687 5180 845 5247 hujus
876 5176 1062 5246 psalmi
1112 5174 1408 5229 versiculus
1430 5173 1532 5226 bis.
1566 5170 1673 5226 Fac
1702 5184 1931 5224 mecum.

755 5267 958 5324 Gloria.
989 5266 1053 5320 Et
1084 5280 1242 5319 nunc.
1302 5263 1556 5326 Alleluia,
1619 5271 1718 5315 ter.
1756 5259 1999 5319 Domine,
2029 5260 2248 5313 miscrc-
2277 5259 2280 5262 ’

687 5377 768 5425 rc,
806 5368 908 5413 ter.
945 5357 1012 5410 Et
1047 5357 1093 5409 si
1124 5357 1323 5410 dictum
1353 5352 1535 5418 fuerit,
1565 5353 1705 5406 Deus
1733 5351 2006 5414 Dominus,
2038 5349 2249 5403 aceiues

689 5451 794 5507 diei
820 5447 1152 5516 troparium;
1185 5448 1265 5501 sin
1290 5455 1468 5500 autem
1507 5446 1752 5510 Alleluia,
1786 5441 2076 5513 Imperium
2108 5443 2245 5511 quod

691 5543 776 5597 hic
803 5543 1039 5610 ponitur,
1079 5551 1202 5592 tene
1231 5538 1458 5616 pobliquo
1485 5537 1536 5590 4.

761 5749 839 5815 te)
872 5748 1006 5803 Ps-tl.
1043 5765 1203 5815 um,
1240 5749 1291 5802 Ω.

2343 4810 2525 4874 Δεῦτε,
2553 4817 3034 4883 προσκυνήσωμεν,
3072 4815 3138 4866 ἐκ
3168 4809 3236 4880 γ’.
3283 4805 3415 4863 Εἶτα
3439 4810 3702 4879 ὁψαλμὺς
3737 4812 3766 4862 ὁ
3804 4815 3911 4877 fry“

2357 4906 2443 4958 Ὠδ
2473 4905 2734 4975 ἀγαπητὰ
2766 4906 2835 4959 τὰ
2865 4906 3197 4977 σκηνώματα
3217 4923 3231 4934 ⁸
3259 4905 3351 4966 καὶ
3380 4907 3408 4958 ὁ
3432 4905 3540 4962 πδ’,
3574 4902 3910 4973 Εὐλόγησας,

2346 4997 2537 5069 Κύριε,
2582 4995 2677 5067 τὴν
2724 4998 2828 5067 γῆν
2906 4995 3001 5049 καὶ
3057 5003 3158 5051 πε¹.
3212 4995 3423 5056 Κλῖνον,
3475 4992 3671 5064 Κύριε,
3711 4994 3774 5046 τὸ
3824 4988 3915 5055 οὖς

2357 5103 2466 5140 σου.
2501 5086 2685 5153 Πάλιν,
2719 5087 2948 5156 Ποίησον
2978 5088 3095 5158 μετ’
3127 5083 3261 5154 ἐμοῦ

2425 5266 2576 5330 Δόξα.
2621 5267 2729 5319 Καὶ
2758 5265 2870 5318 νῦν.
2925 5263 3255 5336 Ἀλληλούῖα,
3299 5264 3362 5315 ἐκ
3407 5271 3477 5329 γ’.
3534 5260 3732 5330 Rupta,
3766 5259 3914 5329 ἐλέη-

2359 5374 2468 5420 σον,
2501 5365 2566 5424 γ’.
2597 5361 2706 5411 Καὶ
2739 5364 2785 5410 εί
2814 5358 2913 5426 μὲν
2970 5357 3102 5420 Θεὸς
3147 5356 3347 5426 Κύριος
3372 5354 3589 5423 ἐψαλτο,
3613 5352 3912 5424 ἐπᾴσειςτὸ

2355 5449 2455 5518 τῆς
2483 5450 2693 5520 ἡμέρας
2739 5450 3030 5521 τροπᾱῳιον
3089 5447 3222 5501 εἰδὲ
3276 5443 3614 5514 "Annicula,
3655 5443 3718 5498 τὸ
3749 5441 3910 5512 παρὸν

2357 5544 2434 5603 εἰς
2461 5535 2591 5610 ἦχον
2634 5538 2719 5591 πλ.
2753 5539 2813 5589 δ’.
