4060 6316
688 387 984 426 ιωιιινι

2047 375 2585 433 PROLEGOMENA.

694 487 840 549 cies;
869 484 1075 550 \‘enite,
1107 484 1413 550 adoremus,
1442 495 1557 550 ter;
1579 496 1632 541 et
1659 500 1897 555 psa.mus
1918 501 1971 550 ι,
1995 485 2235 542 Miserere

2349 491 2691 559 κυνήσωμεν,
2726 494 2795 555 γ,
2837 489 2928 541 καὶ
2959 488 3056 558 τὴν
3111 495 3173 553 ν’,
3222 491 3466 560 Ἐλέησόν
3522 508 3624 560 με,
3664 494 3693 543 ὁ
3740 494 3906 557 Θεὸς,

694 581 822 645 mei,
849 580 1007 643 Deus,
1028 578 1323 633 secundum
1351 596 1593 647 magnam
1618 581 2045 635 misericordiam
2068 589 2243 635 tuam:

693 684 747 725 et
770 687 919 737 uix,
952 672 1110 734 Deus,
1143 672 1195 724 in
1227 671 1548 739 adiutorium
1584 688 1796 738 meum;
1827 683 1880 727 et
1902 686 2046 727 cst."
2074 712 2090 738 ,
2137 674 2245 727 Do-

692 764 855 827 mine,
887 764 1080 818 exaudi
1110 765 1405 818 orationem
1441 780 1638 818 meam.

2353 579 2492 632 κατὰ
2528 578 2583 631 τὸ
2636 578 2777 648 μέγα
2823 577 2967 641 ἔλεός
3002 595 3093 631 σου
3114 596 3126 609 ο
3161 579 3255 631 καὶ
3284 579 3376 645 ξδ’,
3415 580 3473 633 '0
3500 581 3632 643 Θεὸς
3682 582 3762 643 είς
3809 584 3908 650 τὴν

2354 666 2600 739 βοήθειάν
2657 685 2788 739 μου’
2836 671 2927 723 καὶ
2998 670 3141 742 ρμο’,
3191 671 3397 742 Κύριε,
3446 671 3765 726 εἰσάκουσον
3810 674 3909 742 τῆς

2352 759 2658 833 προσευχῆς
2691 778 2810 831 μου.

756 987 883 1061 269.
910 986 1084 1042 Con.
1119 987 1323 1041 Deinde
1354 988 1668 1057 proponitur
1698 989 1977 1044 recitanda
2036 988 2324 1061 Doxologia
2358 994 2548 1058 major,
2582 1006 2745 1061 quam
2778 990 2900 1061 nedi
2960 1007 3109 1045 num.
3143 991 3270 1045 207.
3322 991 3376 1044 la
3410 992 3695 1061 Apodipno
3725 1003 3899 1045 autem

685 1060 948 1111 recitatur
983 1069 1187 1111 tantum
1220 1052 1386 1126 usque
1416 1052 1480 1110 all
1533 1061 1644 1113 lucc
1673 1063 1831 1112 verba
1867 1061 2147 1122 inclusive,
2204 1060 2235 1111 Ε

2361 1052 2457 1115 τὸν
2500 1052 2672 1114 αίῶνα
2719 1060 2813 1114 τοῦ
2863 1062 3073 1125 αἰῶνος,
3131 1062 3182 1115 in
3216 1052 3471 1115 δείξαιμιιὶ
3522 1052 3724 1115 stt-cuii.
3781 1065 3903 1115 Post

690 1130 806 1180 haec
828 1128 1043 1200 dicitur,
1073 1127 1269 1197 Κύριε,
1334 1130 1643 1200 καταφυγή,
1677 1130 1920 1194 Domine,
1955 1129 2254 1200 refugium;
2302 1143 2359 1184 ut
2388 1134 2574 1182 eodem
2607 1132 2698 1184 illo
2730 1148 2950 1184 uuuwro
2983 1136 3208 1185 habetur
3242 1150 3252 1184 :
3290 1134 3382 1184 sed
3418 1134 3468 1183 in
3502 1132 3605 1184 fine
3637 1133 3903 1184 omittitur

688 1197 929 1273 ’Ἄγιοςᾼρ
952 1195 1100 1273 Θεός.
1139 1195 1364 1273 §auctns
1400 1195 1656 1273 Deusjint
1698 1200 1815 1268 ejus
1847 1202 1962 1254 loco
1997 1195 2232 1273 dicitur:

2340 1202 2635 1266 ιταξίωσον,
2672 1200 2864 1271 Κύριε,
2894 1203 2949 1253 ὲν
2979 1204 3043 1271 τῇ
3092 1202 3243 1255 νυκτὶ
3274 1200 3446 1271 ταύτῃ
3489 1203 3901 1273 ἀναμαρτήτως

687 1266 1023 1338 φυλαχθῆναι
1055 1268 1223 1337 ἡμᾶς.
1252 1285 1270 1319 ι
1296 1266 1550 1339 Diguare,
1584 1266 1829 1339 Domine,
1864 1282 2023 1326 nocte
2056 1271 2158 1325 ista
2181 1274 2235 1325 si

2340 1284 2550 1340 peccato
2583 1288 2679 1327 nos
2707 1266 3001 1325 custodire.
3018 1266 3062 1323 "p

754 1466 947 1523 Postea
992 1468 1071 1523 sic
1107 1469 1337 1524 dicimus
1388 1485 1403 1523 :
1462 1468 1603 1524 Vere
1659 1470 1877 1542 dignum
1907 1483 2017 1537 est,
2046 1474 2241 1529 Excel-

684 1558 903 1621 οἱοί-ειη,
942 1558 1115 1615 Credo
1143 1560 1194 1612 in
1227 1576 1389 1613 unum
1424 1558 1615 1626 Deum,
1651 1558 1956 1633 'l'risagion,
2009 1565 2239 1621 Sanctis-

686 1651 819 1704 sima
851 1648 1088 1703 Trinitas
1112 1689 1126 1715 ,
1154 1648 1314 1705 Pater
1351 1661 1553 1720 noster,
1604 1655 1898 1723 troparium
1941 1656 2113 1710 sancti
2145 1656 2236 1714 illo

686 1741 773 1795 die
804 1740 1037 1802 colendi,
1071 1741 1151 1793 vel
1190 1743 1488 1811 sequentia.

751 1829 880 1887 ατο.
926 1831 1142 1887 Patrum
1176 1845 1484 1889 nostrorum
1554 1835 1696 1891 Deus
1718 1877 1733 1899 ,
1757 1838 1853 1905 qui
1895 1853 2105 1908 semper
2134 1854 2231 1894 no-

686 1920 890 1977 biscum
937 1923 1229 1993 agisjuxta
1266 1928 1739 1981 mansuetudinem
1778 1939 1953 1994 tuam,
1990 1945 2057 1982 ne
2083 1945 2238 1983 aver-

683 2026 769 2069 tas
799 2015 1223 2071 misericordiam
1255 2029 1397 2071 tuam
1423 2033 1450 2070 a
1472 2018 1665 2085 nobis;
1695 2019 1789 2075 scd
1819 2020 2132 2077 eorumdem
2160 2037 2241 2079 ro-

682 2115 809 2175 gatu
849 2107 1016 2159 vitam
1051 2117 1289 2161 nostram
1325 2108 1375 2162 in
1408 2126 1538 2177 pace
1563 2112 1826 2181 guberna.

753 2195 1027 2266 Sanguine
1080 2210 1397 2270 martyrum,
1435 2203 1525 2271 qui
1556 2205 1758 2258 suntin
1795 2214 1905 2259 toto
1936 2208 2090 2274 orbe,
2130 2207 2240 2261 vel-

682 2296 745 2341 ut
770 2302 1002 2357 purpura
1034 2303 1097 2343 ac
1126 2291 1305 2359 bysso,
1330 2302 1519 2345 ornata
1559 2293 1799 2349 Ecclesia
1839 2306 1928 2351 tua
1985 2297 2080 2351 tibi
2122 2298 2239 2353 cla-

682 2385 817 2445 mat,
866 2377 1081 2432 Christe
1108 2377 1398 2435 Deuszl’er
1421 2382 1539 2436 illos
1566 2386 1787 2438 ostende
1816 2386 2238 2442 misericordiam

682 2478 833 2521 tuam
864 2467 1061 2537 populo
1079 2476 1199 2535 tuo,
1230 2480 1286 2525 et
1318 2486 1502 2541 pacem
1556 2484 1643 2527 tua
1672 2476 2066 2545 gubernatione
2109 2494 2242 2535 con-

684 2558 837 2625 cede,
858 2568 916 2615 et
936 2559 1236 2616 animarum
1266 2565 1523 2621 miserere
1545 2576 1875 2624 nostrarum.

821 2738 1024 2798 Gbﬁm

748 2831 888 2886 Cum
942 2832 1146 2887 sanctis
1179 2833 1602 2905 dona,Christe,
1660 2839 1903 2909 requiem
1950 2841 2233 2897 animabus

682 2937 963 2979 servorum
995 2934 1206 2981 tuorum
1239 2929 1331 2990 ibi.
1366 2930 1456 2985 ubi
1507 2947 1613 2987 non
1652 2942 1737 2988 est
1767 2934 1941 2999 labor,
1994 2949 2099 2990 nou
2132 2935 2233 2992 do-

684 3011 787 3078 lor,
821 3029 925 3069 non
952 3016 1201 3085 gemitus,
1224 3018 1319 3073 sed
1348 3019 1455 3074 vita
1494 3021 1842 3092 sempiterna.

825 3106 891 3160 Et
915 3122 1077 3162 nunc.

754 3194 1005 3253 Omnium
1045 3208 1374 3265 sanctorum,
1437 3213 1502 3256 ac
1553 3200 1795 3271 Deiparre
1822 3207 2093 3275 precibus,
2132 3201 2257 3266 Do?

688 3288 854 3357 mine,
882 3303 1069 3360 pacem
1118 3300 1260 3346 tuam
1294 3292 1360 3347 da
1406 3292 1563 3351 nobis
1590 3334 1607 3361 ,
1635 3303 1690 3349 et
1741 3296 2000 3355 miserere
2023 3303 2235 3373 nostri,

688 3388 940 3447 tanquam
968 3379 1120 3436 solus
1148 3382 1481 3439 misericors.

752 3467 877 3524 271.
918 3468 1163 3538 Domine,
1202 3474 1464 3530 miserere
1510 3472 1866 3549 quadragies;
1920 3483 2113 3541 deinde
2149 3489 2236 3545 dic

683 3561 1005 3631 orationem,
1057 3563 1158 3633 Qui
1221 3566 1368 3621 onmi
1404 3574 1642 3637 tempore
1697 3581 1752 3623 et
1807 3574 1959 3630 hora.
2014 3577 2231 3644 Iterum,

682 3651 931 3721 Domine,
957 3655 1235 3723 miserere,
1281 3668 1382 3715 ter.
1418 3656 1624 3717 Gloria.
1659 3661 1726 3715 Et
1764 3678 1925 3722 nunc.
1960 3669 2236 3727 Excelsio-

685 3758 822 3799 rem.
847 3745 902 3798 In
926 3747 1145 3802 nomine
1186 3750 1417 3819 Domini,
1442 3752 1686 3819 benedic,
1714 3752 1896 3812 Pater.
1922 3756 2022 3813 Per
2044 3778 2232 3832 preces

684 3844 991 3890 sanctorum
1020 3836 1237 3894 Patrum
1277 3853 1601 3903 nostrorum.

754 3923 1059 3995 lmpolluta,
1123 3928 1574 4003 incontaminata,
1627 3938 1970 4015 incorrupta,
2008 3945 2235 4001 inteme-

686 4026 1013 4109 rata,casta,
1046 4020 1218 4092 virgo,
1248 4021 1344 4079 Dei
1373 4041 1565 4097 sponsa
1584 4069 1601 4095 ,
1635 4030 1893 4103 Domina;
1918 4052 2046 4109 quae.
2065 4040 2233 4096 Deum

2414 1472 2547 1530 Εἶτα
2598 1475 2770 1540 οὕτως
2807 1475 3052 1545 λέγομεν·
3093 1475 3272 1542 Ἄξιον
3314 1481 3459 1532 ἐστιν
3516 1479 3591 1541 ὡς
3648 1475 3900 1547 άληθῶςν

2346 1565 2457 1635 Τὴν
2502 1566 2862 1638 τιμιωτέραν,
2909 1565 3154 1618 Πιστεύω
3197 1569 3275 1629 είς
3308 1568 3401 1620 ἕνα
3442 1567 3592 1631 Θεὸν,
3634 1569 3698 1619 τὸ
3739 1567 3900 1637 Τρισ-

2346 1658 2518 1726 άγιον,
2561 1658 2621 1709 τὸ
2661 1657 2909 1725 Παναγία
2934 1656 3123 1728 Τριὰς,
3156 1658 3237 1721 τὸ,
3289 1658 3468 1731 Πάτερ
3497 1659 3677 1731 ἡμῶν,
3702 1660 3901 1731 τροπά-

2346 1765 2461 1818 ριον
2492 1747 2583 1801 τοῦ
2622 1749 2761 1802 κατὰ
2789 1749 2886 1819 τὴν
2913 1748 3126 1819 ἡμέραν
3177 1747 3352 1815 ἁγίου,
3387 1750 3418 1820 ἢ
3462 1751 3527 1804 τὰ
3578 1752 3842 1822 παρόντα.

2426 1842 2483 1896 '0
2507 1842 2635 1906 Θεὸς
2659 1843 2904 1913 πατέρων
2934 1840 3112 1911 ἡμῶν,
3182 1841 3211 1891 ὁ
3268 1842 3432 1894 ποιῶν
3478 1844 3563 1895 ἀεὶ
3586 1844 3716 1913 μεθ’
3748 1844 3899 1915 ἡμῶν

2345 1932 2484 1984 κατὰ
2497 1931 2592 2002 τὴν
2633 1934 2729 2004 σὴν
2762 1936 3077 1993 ἐπιείκειαν,
3117 1931 3187 2001 μὴ
3214 1932 3520 2003 ἁποστήσῃς
3548 1933 3608 1986 τὸ
3634 1934 3786 1998 ἔλεός
3814 1953 3898 1988 σου

2345 2021 2437 2088 ἀφ’
2470 2021 2642 2090 ήμῶψ
2679 2022 2813 2076 ἀλλὰ
2835 2026 2951 2086 ταῖς
2967 2023 3144 2078 αὐτῶν
3168 2024 3391 2087 ἱκεσίαις
3414 2025 3469 2076 ἐν
3497 2024 3692 2095 εἰρήνῃ
3706 2025 3900 2097 κυϐέρ-

2345 2129 2408 2183 νη
2417 2130 2506 2166 σον
2537 2114 2635 2184 τὴν
2656 2113 2798 2184 ζωὴν
2826 2114 2997 2185 ἡμῶν.

2414 2204 2535 2258 Τῶν
2574 2208 2633 2259 ὲν
2680 2207 2786 2277 ὅλῳ
2835 2208 2912 2278 τῷ
2977 2209 3162 2279 κόσμῳ
3188 2207 3472 2278 μαρτύρων
3511 2225 3629 2274 σου,
3669 2208 3749 2272 ὡς
3778 2224 3899 2280 πορ-

2344 2297 2522 2371 φύραν
2550 2300 2642 2354 καὶ
2667 2298 2882 2370 βύσσον,
2933 2300 3000 2355 τὰ
3028 2303 3234 2374 αἵματα
3259 2303 3292 2371 ἡ
3337 2299 3633 2371 Ἐκκλησία
3659 2317 3756 2353 σου
3789 2316 3903 2355 στο-

2344 2394 2629 2465 λισαμένη,
2668 2396 2735 2449 δι’
2770 2394 2946 2450 αὐτῶν
2998 2395 3093 2467 βοᾷ
3148 2413 3249 2462 σοι,
3304 2394 3503 2468 Χριστὲ
3548 2399 3577 2449 ὁ
3629 2394 3788 2460 Θεός’
3817 2394 3900 2467 Τῷ

2346 2480 2458 2551 λαῴ
2487 2498 2579 2534 σου
2629 2484 2751 2545 τοὺς
2781 2484 3092 2555 οίκτιρμούς
3138 2502 3230 2538 σου
3268 2485 3646 2556 κατάπεμιξον,
3681 2488 3901 2558 εἰρήνην

2345 2574 2410 2643 τῇ
2440 2570 2682 2641 πολιτεία
2735 2589 2825 2626 σου
2859 2574 3119 2647 summ,
3140 2576 3233 2630 καὶ
3264 2578 3384 2640 ταῖς
3413 2575 3611 2646 ψυχαῖς
3645 2577 3810 2650 ἡμῶν
3844 2578 3898 2631 τὺ

2349 2661 2489 2733 μέγα
2510 2660 2677 2724 ἔλεος.

2481 2749 2641 2817 Δόξα.

2409 2846 2563 2902 Μετὰ
2591 2845 2699 2899 τῶν
2760 2845 2931 2915 ἁγίων
2980 2845 3309 2910 ἀνάπαυσον,
3343 2846 3565 2917 Χριστι,
3607 2848 3711 2912 τὰς
3730 2849 3898 2921 ψυχὰς

2341 2938 2448 2993 τῶν
2486 2938 2689 2992 δούλων
2738 2954 2853 2991 σου·
2884 2936 3013 2991 ἔνθα
3051 2939 3151 2991 οὐκ
3176 2937 3289 2991 ἐστι
3325 2939 3505 3005 πόνος,
3535 2940 3595 2994 οὐ
3625 2939 3796 3012 λύπη,
3840 2944 3897 2997 οὐ

2343 3029 2663 3099 στεναγμὸς,
2691 3027 2824 3082 ἀλλὰ
2856 3026 2968 3099 ζωὴ
2990 3028 3355 3101 ἀτελεύτητος.

2470 3120 2581 3173 Καὶ
2618 3120 2732 3175 νῦν.

2410 3211 2487 3281 Τῇ
2514 3211 2796 3283 πρεσϐείᾳ,
2826 3211 3017 3283 Κύριε,
3058 3211 3272 3267 πάντων
3329 3212 3437 3265 τῶν
3483 3213 3651 3280 ἁγίων
3695 3212 3899 3284 καὶτῆς

2340 3299 2599 3353 Θεοτόκου
2627 3303 2726 3373 τὴν
2742 3303 2840 3373 σὴν
2867 3303 3087 3374 εἰρήνην
3108 3303 3195 3369 se;
3212 3304 3361 3374 ἡμῖν,
3374 3305 3467 3357 καὶ
3497 3304 3719 3377 ἐλέησον
3736 3306 3896 3377 ἡμᾶς,

2339 3390 2415 3455 ὡς
2450 3391 2606 3461 μόνος
2630 3394 2944 3465 οίκτίρμων.

2410 3483 2503 3546 Τὸ,
2538 3482 2733 3555 Κύριε,
2772 3484 3009 3554 ἐλέησον,
3049 3494 3100 3557 μ’
3130 3503 3145 3519 ο
3197 3483 3314 3541 εἶτα
3338 3489 3431 3541 καὶ
3491 3489 3588 3560 τὴν
3615 3488 3806 3559 εὐχὴν,
3839 3488 3899 3543 '0

2341 3574 2400 3627 ὲν
2416 3573 2577 3628 παντὶ
2626 3574 2801 3645 καιρῷ
2835 3575 2927 3628 καὶ
2956 3578 3099 3646 πάσῃ
3128 3577 3265 3648 ὥρᾳ.
3310 3578 3403 3642 Τὸ,
3435 3579 3628 3650 Κύριε,
3656 3580 3895 3651 ἐλέησον,

2340 3670 2410 3735 γ’.
2452 3664 2607 3732 Δόξα,
2638 3666 2749 3720 Kai.
2774 3664 2888 3732 νῦν,
2916 3664 3025 3735 Τὴν
3046 3669 3393 3739 τιμιωτέραν,
3429 3671 3517 3722 Ἐν
3547 3671 3772 3742 ὀνόματι
3806 3672 3897 3727 τοῦ

2340 3758 2544 3828 Κυρίου
2580 3758 2893 3831 εὐλόγησον,
2923 3758 3125 3828 Πάτερ,
3153 3759 3230 3812 Δι’
3260 3758 3432 3830 εὐχῶν
3466 3761 3575 3813 τῶν
3601 3762 3773 3829 ἁγίων
3801 3780 3898 3819 πα-

2340 3851 2512 3921 τέρων
2543 3853 2721 3923 ἡμῶν.

2414 3942 2661 4007 ’Λσπιλε,
2689 3944 2971 4015 ἁμόλυντε,
3016 3944 3238 4018 ἄφθορε,
3279 3945 3533 4017 ἄχραντε,
3562 3944 3727 4017 ἁγνὴ,
3762 3946 3899 4018 Παρ-

2343 4030 2485 4097 om,
2509 4032 2809 4105 Θεόνυμφε,
2838 4036 3121 4098 Δέσποινα,
3150 4039 3184 4107 ἡ
3204 4037 3334 4091 Θεὸν
3360 4039 3531 4107 Λόγον
3556 4041 3671 4103 τοῖς
3692 4038 3898 4112 ἀνθρὼ-

684 4106 917 4165 Verbum
945 4112 1245 4167 admirabili
1305 4124 1397 4172 tuo
1443 4128 1600 4190 partu
1642 4106 1951 4183 hominibus
1982 4132 2234 4203 univisti;

2342 4140 2460 4188 ποις
2498 4127 2564 4195 τῇ
2604 4125 2886 4197 παραδόξῳ
2914 4142 3005 4179 σου
3040 4106 3232 4196 κυήσει
3258 4106 3521 4192 ἑνώσασα,
3555 4130 3649 4182 καὶ
3672 4132 3770 4202 τὴν
3796 4106 3897 4187 άπ-

683 4215 805 4273 q-ta
841 4204 1104 4274 abiectam
1140 4207 1353 4275 generis
1404 4214 1581 4267 nostri
1617 4226 1863 4273 naturam
1910 4223 2239 4291 conjunxisti

684 4294 1014 4362 calestibus,
1039 4308 1095 4353 et
1120 4312 1239 4368 qua:
1260 4314 1320 4355 es
1350 4300 1758 4371 desperatorum
1787 4325 1913 4381 spes
1940 4315 2123 4383 unica,
2153 4327 2236 4374 at-

682 4399 789 4454 que
813 4399 1194 4456 oppressorum
1230 4390 1491 4447 auxilium
1526 4434 1542 4460 ,
1582 4408 1826 4468 prompta
1857 4403 2021 4458 tutela
2066 4405 2131 4461 ad
2184 4416 2237 4465 te

684 4474 1100 4566 recurrentium,
1117 4487 1171 4532 et
1190 4482 1430 4535 omnium
1447 4482 1880 4545 Christianorum
1908 4492 2233 4566 perfugium,

682 4579 754 4621 e
777 4564 1024 4622 lastidias
1052 4582 1138 4622 me
1165 4581 1503 4638 peccatorem
1525 4581 1952 4651 exsecrabilem;
1986 4564 2235 4657 turpibus

682 4656 1120 4729 cogitationibus,
1151 4662 1490 4719 sermonibus
1513 4676 1571 4720 et
1590 4668 1847 4737 operibus
1881 4678 2049 4728 totum
2072 4656 2235 4732 inuti-

680 4745 818 4814 lem;
848 4756 903 4803 et
932 4764 1145 4805 servum
1172 4751 1509 4823 voluptatum
1566 4757 1726 4829 hujus
1749 4761 1874 4817 vita:
1914 4777 2025 4834 prae
2050 4765 2235 4825 volun-

682 4841 819 4894 taria
876 4840 1108 4911 segnitie
1154 4840 1377 4901 factum.
1416 4845 1524 4902 Sed
1573 4855 1828 4920 tanquam
1863 4854 2231 4926 benignissimi

677 4926 775 4985 Dei
814 4940 1009 4995 mater,
1053 4930 1285 5004 benigne
1322 4936 1582 4994 miserere
1617 4942 1717 4997 mei
1749 4945 1949 5014 perditi
1984 4957 2231 5017 peccato-

677 5018 776 5083 ris,
806 5030 862 5075 et
892 5035 1065 5076 meam
1091 5023 1185 5078 tibi
1220 5024 1517 5095 iuquiuatis
1553 5028 1715 5087 labiis
1752 5036 1989 5091 oblatam
2012 5054 2229 5109 precem

677 5110 919 5180 suscipe;
956 5120 1119 5182 atque
1147 5114 1343 5171 Filium
1364 5158 1381 5182 ,
1414 5130 1563 5176 tu'un
1592 5133 2011 5196 nostrorumque
2049 5130 2231 5185 Domi-

676 5217 803 5257 num
834 5212 1077 5259 materna
1109 5206 1398 5277 deprecare
1431 5212 1653 5281 ﬁducia;
1710 5226 1770 5269 ut
1821 5230 1877 5273 et
1928 5220 2041 5289 ipse
2099 5223 2230 5277 mihi

676 5294 882 5363 aperiat
912 5296 1125 5367 pietatis
1148 5314 1258 5355 suae
1284 5301 1514 5375 hciiigua
1551 5306 1785 5372 viscera,
1813 5321 1886 5379 et,
1910 5327 2014 5367 non
2045 5315 2229 5370 habita

676 5384 1144 5445 innumerabilium
1182 5407 1422 5448 meorum
1441 5395 1687 5466 lapsuum
1724 5402 1955 5470 ratione,
1991 5420 2075 5460 me
2100 5421 2229 5460 cou-

2340 4212 2605 4270 ωσθείσαν
2632 4215 2790 4286 φύσιν
2818 4215 2909 4269 τοῦ
2939 4218 3126 4286 γένους
3151 4218 3183 4285 ἡ
3193 4215 3306 4287 μῶν
3337 4219 3447 4281 τοῖς
3471 4219 3745 4287 οὖρανίοις
3774 4238 3895 4274 συν-

2339 4302 2540 4373 άψασα·
2577 4306 2610 4375 ή
2652 4305 2760 4359 τῶν
2787 4304 3203 4378 ὰπελπισμένων
3263 4306 3400 4378 μόνη
3446 4306 3617 4371 ἐλπὶς,
3656 4308 3754 4362 καὶ
3791 4310 3897 4363 τῶν

2339 4397 2752 4469 πολεμουμένων
2795 4400 3035 4470 βοήθεια⁸
3080 4403 3113 4470 ἡ
3149 4401 3339 4472 ἑτοίμη
3367 4400 3646 4473 ἀντίληψις
3672 4402 3783 4457 τῶν
3819 4406 3895 4467 είς

2339 4486 2399 4539 σὲ
2428 4490 2885 4559 προστρεχόντων,
2940 4492 3033 4544 καί
3074 4490 3287 4545 πάντων
3313 4493 3419 4545 τῶν
3445 4493 3787 4564 Χριστιανῶν
3837 4496 3896 4549 τὸ

2336 4579 2681 4649 καταφύγιοψ
2706 4579 2780 4651 μὴ
2804 4580 3024 4655 βδελύξῃ
3052 4600 3119 4651 με
3139 4583 3230 4636 τὸν
3255 4584 3569 4655 ἁμαρτωλὸν
3584 4585 3677 4639 τὸν
3707 4588 3894 4659 ἐναγῆ,

2335 4670 2425 4723 τὸν
2477 4672 2720 4743 αἰσχροῖς
2760 4672 3059 4745 λογισμοῖς,
3107 4673 3306 4743 λόγοις,
3342 4676 3436 4730 καὶ
3479 4677 3744 4750 πράξεσιν
3780 4680 3895 4735 ὅλον

2335 4762 2568 4833 ἐμαυτὸν
2618 4763 3008 4835 ἁχριιώσαντα,
3042 4768 3134 4821 καὶ
3166 4770 3232 4839 τῇ
3283 4768 3390 4823 τῶν
3427 4768 3631 4839 ἡδονῶν
3655 4769 3759 4823 τοῦ
3784 4771 3892 4843 βίον

2337 4852 2577 4926 ῥᾳθυμίᾳ
2607 4854 2801 4929 γνώμῃ
2840 4856 3026 4911 δοῦλον
3056 4858 3362 4931 γενόμενον.
3381 4859 3519 4913 Ἀλλ’
3547 4860 3622 4924 ὼς
3644 4863 3745 4917 τοῦ
3780 4864 3893 4934 φιλ-

2333 4941 2619 5012 ανθρώπου
2652 4942 2788 4999 Θεοῦ
2834 4945 3041 5019 μήτηρ,
3072 4948 3463 5020 φιλανθρώποις·
3497 4949 3894 5027 assumta-or..-

2332 5051 2384 5088 τι
2414 5036 2499 5090 ἔπ’
2530 5037 2653 5107 ἐμοὶ
2685 5035 2761 5107 τῷ
2793 5039 3100 5111 ἁμαρτωλῷ
3134 5040 3461 5111 καὶάσώτῳ·
3498 5044 3592 5097 καὶ
3614 5045 3765 5109 δέξαι
3795 5064 3890 5117 μου

2330 5123 2430 5194 τὴν
2459 5125 2523 5177 ἐκ
2545 5127 2801 5199 ῥυπαρῶν
2836 5128 3056 5198 χειλέων
3087 5134 3532 5204 προσφερομένην
3563 5152 3645 5190 σοι
3687 5136 3887 5208 δέησιν-

2332 5216 2426 5268 καὶ
2450 5215 2539 5270 τὸν
2564 5218 2655 5272 σὸν
2684 5218 2809 5271 Υἱὸν
2830 5219 2925 5273 καὶ
2945 5221 3100 5292 ἡμῶν
3128 5224 3402 5295 Δεσπότην
3433 5228 3527 5278 καὶ
3555 5226 3785 5298 Κύριον,
3827 5232 3888 5302 τῇ

2337 5312 2573 5381 μητρικῇ
2624 5326 2717 5363 σου
2763 5314 3042 5385 παρρησίᾳ
3089 5315 3363 5386 χριομένη,
3415 5317 3761 5390 δυσώπησον,
3811 5324 3892 5377 ἶνα

2332 5397 2513 5470 ἀνοίξῃ
2546 5400 2712 5471 κάμοὶ
2751 5402 2820 5455 τὰ
2852 5403 3205 5475 φιλάνθρωπα
3240 5405 3522 5478 σπλάγχνα
3575 5410 3675 5481 τῆς
3730 5412 3891 5466 αὐτοῦ

675 5480 944 5573 vertatad
966 5482 1359 5551 pmniteutiam,
1390 5496 1443 5541 et
1471 5465 1635 5545 faciat
1656 5494 1910 5549 mandata
1936 5465 2033 5551 sua
2060 5500 2226 5569 probe

2340 5465 2675 5559 ὶγαθοτητος,
2710 5494 2802 5546 καὶ
2856 5465 3096 5566 παριδιῖλν
3123 5514 3223 5567 μου
3249 5498 3318 5551 τὰ
3361 5465 3709 5573 ἀναρίθμητα
3736 5465 3890 5556 πταί-

673 5567 989 5635 adimplere.

741 5741 865 5799 272.
895 5745 1093 5805 Adesto
1126 5750 1257 5807 mihi
1294 5768 1508 5827 semper
1556 5757 1889 5833 misericors,
1924 5762 2117 5831 lacilis,
2163 5780 2225 5823 ac

2332 5595 2532 5649 σματα,
2563 5584 2857 5657 ἐπιστρέψῃ
2885 5603 2950 5656 με
2983 5588 3114 5658 πρὸς
3139 5589 3444 5658 μετάνοιαν,
3480 5592 3708 5647 καὶτῶν
3732 5594 3891 5648 αὑτοῦ

2332 5672 2555 5727 ἐντολῶν
2584 5677 2816 5747 ἐργάτην
2845 5678 3064 5750 δόκιμον
3091 5680 3336 5753 ἀναδείξῃ
3375 5700 3460 5753 με.

2404 5764 2507 5817 Καὶ
2556 5767 2760 5838 πάρεσό
2789 5787 2875 5841 μοι
2918 5772 3022 5838 ἀεὶ,
3064 5773 3137 5838 ὡς
3172 5774 3414 5846 ἐλεήμων
3449 5778 3543 5830 καὶ
3602 5781 3892 5853 συμπαθὴς
