4098 6326
1268 387 1668 445 Λαοιυτιιιι
1706 387 2047 444 TRIPLICIS
2086 384 2303 440 FESTI.

3116 403 3440 445 εοοιιιιτιι

174 503 283 564 καὶ
322 505 637 577 φιλάγαθος·
692 504 750 555 ὲν
782 503 879 572 μὲν
916 502 995 573 τῷ
1025 500 1252 575 παρόντι
1287 501 1389 573 βίῳ
1412 502 1589 576 θερμὴ
1630 519 1766 575 προ-

1867 500 2042 564 bona;
2077 509 2133 555 et
2168 500 2221 554 in
2244 501 2345 555 bac
2372 497 2591 571 quidem
2618 498 2725 552 vita
2763 501 2977 557 fervens
2999 509 3253 571 patrona,
3277 512 3445 575 atque

178 600 375 664 στάτις
398 599 489 652 καὶ
515 595 727 666 βοηθὸς,
756 594 854 661 τάς
874 594 983 650 τῶν
1004 595 1261 651 ἐναντίων
1289 594 1512 664 ἐφόδους
1543 599 1765 652 ἀποτει-

176 692 431 763 χίζουσα,
463 689 557 741 καὶ
587 688 723 759 πρὸς
746 678 1020 761 σωτηρίαν
1060 686 1437 759 καθοδηγοῦσά
1468 704 1556 758 με,
1588 691 1680 742 καὶ
1708 690 1765 741 ὲν

176 784 261 851 τῷ
295 780 473 852 καιρῷ
499 780 598 851 τῆς
631 779 809 844 ἐξόδου
845 798 946 851 μου
975 781 1073 851 τὴν
1103 780 1295 834 ἀθλίαν
1332 796 1433 849 μου
1453 778 1630 850 ψυχὴν
1671 798 1767 834 πε-

183 870 479 939 ριέπουσα,
512 869 604 922 ttal
635 868 735 933 τὰς
768 869 1047 931 σκοτεινάς
1074 868 1224 937 ὄψεις
1249 868 1357 920 τῶν
1391 868 1639 941 πονηρῶν
1661 870 1766 924 δαι-

182 961 375 1029 μόνων
416 956 606 1031 πόρῤω
656 961 825 1032 αὐτῆς
854 957 1253 1013 ἀπελαύνουσα·
1288 960 1346 1013 ὲν
1371 960 1427 1013 δὲ
1459 962 1524 1031 τῇ
1562 962 1768 1036 φοϐερᾷ

179 1052 375 1124 ἡμέρᾳ
404 1053 501 1124 τῆς
559 1054 795 1126 κρίσεως
844 1052 942 1121 τῆς
987 1051 1202 1106 αἰωνίου
1235 1070 1301 1121 με
1345 1054 1577 1126 ῥυομένη
1607 1057 1767 1111 κολά..

181 1159 351 1207 σεως,
370 1145 465 1197 καὶ
484 1144 583 1214 τῆς
617 1141 932 1213 ἀπορρήτου
958 1140 1117 1212 δόξης
1144 1142 1239 1194 τοῦ
1258 1142 1350 1197 σοῦ
1369 1143 1499 1197 Υἰοῦ
1531 1144 1624 1197 καὶ
1636 1129 1768 1200 Θεοῦ

181 1233 349 1303 ήμῶν
378 1234 713 1304 κληρονόμον
738 1248 804 1302 με
833 1230 1282 1289 ἀποδεικνύουσα·
1310 1230 1379 1308 ἧς
1407 1236 1500 1289 καὶ
1529 1234 1767 1308 τύχοιμι,

182 1327 456 1379 Δέσποινά
515 1342 615 1396 μου
654 1325 927 1396 ὑπεραγία
953 1323 1202 1393 Θεοτὸκε,
1232 1328 1319 1382 διά
1354 1329 1452 1397 τῆς
1481 1327 1583 1397 σῆς
1619 1344 1770 1398 μεσι-

183 1420 342 1481 τείας
385 1419 477 1471 καὶ
512 1417 870 1487 ἀντιλήψεως,
904 1419 1087 1490 χάριτι
1128 1421 1222 1472 καὶ
1257 1419 1636 1490 φιλανθρωπίᾳ
1676 1419 1769 1474 τοῦ

190 1506 519 1577 μονογενοῦς
548 1524 640 1560 σου
669 1507 821 1572 Υίοῦ,
852 1509 947 1562 τοῦ
987 1509 1192 1578 Κυρίου
1229 1512 1323 1564 καὶ
1352 1511 1507 1575 Θεοῦ,
1543 1510 1637 1563 καὶ
1661 1512 1773 1564 Σω-

185 1588 359 1668 τῆρος
416 1597 570 1668 ἡμῶν
612 1599 794 1670 Ἰησοῦ
835 1599 1095 1670 Χριστοῦ·
1124 1592 1169 1667 ᾧ
1208 1602 1408 1678 πρέπει
1442 1603 1591 1655 πᾶσα
1623 1600 1769 1666 δόξα,

186 1688 327 1760 τιμὴ
356 1691 449 1743 καὶ
482 1689 873 1763 προσκύνησις,
904 1688 1001 1741 σὺν
1037 1688 1115 1760 τῷ
1149 1693 1372 1764 ἀνάρχῳ
1396 1693 1560 1747 αὐτοῦ
1596 1694 1773 1765 Πατρὶ

189 1782 290 1835 καὶ
307 1781 384 1852 τῷ
409 1782 657 1851 παναγίῳ
682 1781 777 1833 καὶ
800 1779 991 1851 ἀγαθῷ
1015 1782 1106 1834 καὶ
1130 1781 1377 1855 ζωοποιῷ
1409 1785 1573 1839 αὑτοῦ
1602 1786 1771 1841 Ilvati-

192 1889 348 1941 ματι,
380 1871 475 1924 νῦν
502 1872 598 1924 καὶ
623 1869 734 1935 ἀεὶ,
761 1870 855 1923 καὶ
882 1871 963 1933 εἰς
990 1871 1117 1935 τοὺς
1158 1871 1361 1936 αἰῶνας
1390 1874 1497 1929 τῶν
1535 1875 1766 1933 αἰώνων.
1801 1878 1844 1932 Β

203 1959 405 2030 Ἀμήν.

261 2093 376 2148 Kal
428 2092 517 2158 δὸς
562 2094 712 2163 ἡμῖν,
760 2090 1025 2157 Δέσποτα,
1092 2092 1229 2165 πρὸς
1286 2092 1450 2146 ὕπνον
1522 2092 1772 2147 ἀπιοῦσιν

189 2187 500 2241 ἀνάπαυσιν
525 2182 774 2255 σώματος
798 2186 891 2240 καὶ
920 2185 1119 2257 ψυχῆςδ
1152 2185 1247 2239 καὶ
1272 2183 1595 2256 διαφύλαξον
1624 2186 1772 2257 ἡμᾶς

188 2278 304 2334 ἀπὸ
345 2276 442 2349 τοῦ
472 2276 703 2348 ζοφεροῦ
738 2277 908 2331 ὕπνου
938 2280 1039 2350 τῆς
1077 2277 1372 2350 ἁμαρτίας,
1396 2278 1491 2331 καὶ
1520 2278 1628 2332 ἀπὸ
1662 2279 1769 2333 πά-

191 2386 297 2444 σης
346 2371 629 2435 σκοτεινῆς
670 2370 765 2422 καὶ
810 2369 1134 2441 νυκτερινῆς
1177 2370 1522 2440 ἡδυπαθείας.
1555 2370 1771 2423 Παῦσον

191 2462 296 2525 τάς
326 2462 503 2534 ὁρμάς
532 2461 642 2515 τῶν
676 2460 885 2516 παθῶν·
924 2460 1115 2513 σϐέσον
1142 2458 1211 2513 τά
1235 2460 1607 2532 πεπυρωμένα
1645 2459 1773 2532 βέλη

190 2551 289 2605 τοῦ
338 2553 599 2625 πονηροῦ,
633 2547 701 2609 τά
745 2552 868 2608 καθ’
899 2550 1055 2624 ἡμῶν
1100 2550 1291 2615 δολίως
1329 2550 1645 2622 κινούμεναο
1674 2550 1775 2616 τάς

191 2642 297 2710 τῆς
322 2644 524 2714 σαρκὸς
541 2645 699 2715 ἡμῶν
724 2647 1119 2709 ἐπαναστάσεις
1142 2642 1512 2709 κατάστειλον,
1542 2642 1637 2696 καὶ
1667 2644 1775 2696 πᾶν

190 2738 397 2807 γεῶδες
427 2740 523 2793 καὶ
556 2740 737 2793 ὑλικὸν
771 2740 925 2810 ἡμῶν
958 2740 1213 2811 φρόνημα
1243 2738 1525 2811 κοίμησον
1549 2739 1644 2794 καὶ
1674 2738 1775 2793 δώ-

196 2845 364 2901 ρησαι
389 2830 542 2901 ἡμῖν,
588 2831 617 2883 ὁ
657 2829 809 2895 Θεὸς,
859 2832 1130 2903 γρήγορον
1158 2829 1305 2893 νοῦν,
1339 2824 1589 2902 σώφρονα
1624 2830 1773 2901 λογι-

194 2922 355 2993 σμὸν,
384 2923 611 2995 καρδίαν
633 2923 932 2994 νήφουσαν,
969 2921 1151 2977 ’ὕπνον
1186 2920 1443 2991 ἐλαφρὸν,
1469 2920 1563 2975 καὶ
1594 2923 1774 2994 πάσης

195 3016 498 3086 σατανικῆζ
528 3015 825 3086 φαντασίας
851 3014 1292 3086 ἀπηλλαγμένον.
1319 3012 1685 3085 Διανάστησον
1716 3013 1774 3068 δὲ

192 3106 344 3175 ἡμᾶς
379 3108 437 3159 ἐν
454 3105 532 3177 τῷ
572 3104 747 3178 καιρῷ
772 3104 875 3175 τῆς
895 3104 1221 3175 προσευχῆς,
1257 3101 1679 3173 ἰστηριγμένους
1714 3104 1774 3157 ὲν

1871 591 2221 654 auxiliatrix,
2276 605 2539 647 coercens
2591 591 2991 648 adversantium
3048 595 3330 665 impetus,
3386 606 3444 652 et

1870 684 2013 738 viam
2038 684 2104 738 ad
2128 684 2358 739 salutem
2393 693 2865 749 eommonstrans;
2911 685 3103 744 deinde
3125 689 3308 745 exitus
3336 690 3442 745 mei

1875 785 2117 845 tempore
2144 784 2364 846 protege
2408 777 2661 831 miseram
2695 789 2870 829 meant
2899 774 3161 842 animfm,
3186 780 3442 835 tenebro-

1874 883 2069 938 sasque
2094 868 2356 921 malorum
2383 867 2685 922 dmmonum
2724 868 2928 922 formas
2981 868 3166 935 procul
3203 871 3441 936 repelle;

1874 961 1929 1015 in
1966 960 2244 1014 tremendo
2275 968 2455 1013 autem
2486 959 2573 1011 die
2610 960 2800 1027 judicii
2858 976 2888 1014 a
2920 973 3076 1028 pmna
3111 962 3445 1027 sempiterna

1872 1065 2003 1104 erue
2033 1065 2141 1114 me,
2170 1060 2225 1103 et
2261 1048 2347 1104 fac
2376 1047 2644 1103 lueredem
2697 1050 2816 1103 Filii
2876 1050 2951 1104 tui
3010 1057 3065 1102 et
3125 1050 3220 1104 Dei
3269 1051 3445 1107 nostri

1873 1143 2163 1200 ineilabilis
2190 1142 2410 1211 gloriae;
2444 1157 2605 1211 quam
2641 1144 2854 1196 tandem
2879 1142 3176 1211 adipiscar,
3214 1142 3444 1199 Domina

1873 1252 1994 1293 mea
2022 1237 2369 1292 sanctissima
2402 1236 2661 1304 Deipara;
2685 1244 2775 1288 tua
2806 1235 3199 1291 intercessione
3229 1251 3293 1289 ac
3346 1246 3436 1289 tn-

1872 1330 2006 1395 tela,
2062 1328 2343 1399 gratiaque
2390 1337 2446 1383 et
2477 1328 2812 1398 benignitate
2858 1329 3120 1397 unigeniti
3154 1328 3231 1382 tui
3280 1327 3444 1394 Filii,

1874 1423 2115 1485 Domini,
2150 1420 2244 1478 Dei
2274 1431 2330 1476 et
2372 1420 2683 1476 Servatoris
2712 1420 2885 1475 nostri
2917 1418 3042 1473 Jesu
3071 1420 3305 1484 Christi;
3351 1422 3442 1477 cui

1874 1518 2132 1569 convenit
2169 1514 2349 1570 omnis
2377 1512 2572 1585 gloria,
2607 1513 2783 1567 honor
2818 1522 2875 1567 et
2897 1512 3165 1574 adoratio,
3191 1529 3314 1567 cum
3344 1528 3447 1568 suo

1875 1584 2115 1673 ingenito
2145 1604 2330 1671 Patre,
2362 1613 2419 1660 et
2451 1603 2818 1669 sanctissimo,
2839 1604 3111 1670 bonoque,
3145 1617 3209 1657 ac
3230 1604 3445 1659 vivitico

1872 1713 1972 1753 suo
1997 1697 2224 1767 Spiritu,
2255 1713 2399 1752 nunc
2443 1705 2500 1753 et
2522 1710 2761 1765 semper,
2790 1704 2845 1749 et
2878 1694 2931 1748 in
2988 1692 3184 1750 stecula
3213 1696 3442 1751 sarculo-

1873 1805 2013 1846 rum.
2040 1790 2233 1844 Amen.

1940 2091 2066 2146 273.
2121 2094 2192 2148 Oa
2225 2093 2401 2161 nobis,
2434 2093 2685 2159 Domine,
2741 2094 2980 2150 euoitnm
3020 2098 3444 2157 concedentibus

1870 2183 2110 2255 quietem
2146 2188 2409 2256 corporis,
2444 2200 2501 2245 et
2531 2191 2745 2252 animae.
2781 2197 2835 2245 et
2860 2205 2889 2244 a
2913 2188 3210 2262 caliginoso
3236 2194 3443 2262 peccati

1873 2287 2064 2327 somno
2096 2286 2196 2328 nos
2255 2272 2448 2338 libera,
2478 2279 2733 2347 omnique
2770 2281 3052 2335 tenebrosa
3088 2297 3151 2338 ac
3178 2293 3442 2341 nocturna

1870 2366 2119 2422 mollitie.
2164 2366 2422 2439 Reprime
2471 2370 2769 2426 motionum
2820 2373 3100 2443 impetus;
3151 2379 3442 2452 exstingue

1871 2457 2037 2527 ignita
2067 2460 2286 2532 maligni
2313 2460 2496 2533 jacula
2537 2464 2827 2519 adversum
2854 2480 2957 2521 nos
2990 2466 3175 2523 dolose
3201 2471 3440 2539 emissa;

1872 2550 2055 2605 carnis
2095 2564 2294 2608 nostra:
2346 2554 2700 2611 rebellionem
2753 2570 3045 2623 compone,
3106 2568 3162 2613 et
3220 2574 3440 2617 omnem

1874 2649 2146 2698 terrenam
2175 2682 2189 2705 ,
2222 2652 2382 2715 atque
2405 2647 2740 2703 materialem
2774 2648 2827 2702 in
2855 2648 3014 2704 nobis
3053 2650 3441 2722 cogitationem

1872 2733 1990 2802 sopi
2017 2750 2031 2799 ;
2067 2733 2269 2807 largire
2306 2748 2484 2792 autem
2513 2739 2668 2793 nobis
2688 2779 2705 2804 ,
2736 2740 2896 2798 Dens.
2922 2751 3159 2797 mentem
3210 2743 3441 2813 vigilan-

1874 2837 2003 2890 tem.
2035 2830 2355 2899 prudentem
2388 2829 2747 2898 intellectum,
2784 2847 2881 2886 cor
2903 2844 3151 2899 castum,
3186 2850 3441 2891 somnum

1870 2919 2072 2985 levem,
2095 2929 2150 2975 et
2183 2920 2252 2974 ab
2279 2920 2426 2976 omni
2463 2920 2721 2977 Satanica
2761 2921 3149 2994 imaginatione
3187 2924 3439 2985 liberum.

1872 3010 2139 3077 Tempore
2164 3012 2428 3067 orationis
2456 3012 2524 3068 de
2550 3029 2744 3070 somno
2770 3016 2948 3070 excita
2983 3032 3102 3081 nos,
3136 3017 3189 3071 in
3215 3020 3441 3074 manda-

1874 3101 1944 3157 tis
1975 3103 2081 3155 tuis
2108 3101 2353 3157 ﬁrmatos
2379 3118 2396 3169 ;
2429 3111 2483 3158 et
2510 3102 2617 3166 fac,
2658 3111 2719 3158 ut
2758 3107 3075 3161 memoriam
3107 3107 3443 3177 tuorumJu-

191 3199 316 3260 ταῖς
327 3197 568 3262 ἐντολαῖς
597 3214 712 3261 σου,
742 3198 835 3252 καὶ
847 3196 948 3269 τὴν
962 3196 1181 3268 μνήμην
1194 3192 1303 3248 τῶν
1330 3193 1438 3247 σῶν
1468 3210 1560 3265 κρι
1567 3194 1769 3265 μάτων,

1874 3193 2137 3250 diciorum
2182 3193 2518 3250 indelebilem
2554 3210 2854 3252 servemus.
2888 3196 2963 3252 Da
2999 3199 3153 3255 nobis
3192 3215 3435 3271 quoque,

195 3288 254 3339 ὲν
287 3289 502 3353 ἑαυτοῖς
535 3289 989 3360 ἀπαράθραυστον
1039 3286 1279 3357 ἔχοντας.
1321 3285 1622 3357 Παννύχιον
1642 3288 1770 3358 ἡμῖν

192 3376 293 3447 τὴν
322 3379 633 3447 δοξολογίαν
680 3380 922 3450 χάρισαι,
958 3382 1039 3444 εἰς
1066 3379 1128 3433 τὸ
1170 3379 1359 3450 ὑμνεῖν
1397 3379 1491 3431 καὶ
1528 3378 1771 3446 εὐλογεῖν

194 3472 287 3523 καὶ
310 3469 556 3535 δοξάζειν
587 3471 647 3524 τὸ
679 3471 945 3541 πάντιμον
1002 3472 1095 3525 καὶ
1146 3470 1562 3541 μεγαλοπρεπὲς
1601 3468 1773 3539 ὄνομά

194 3578 313 3624 σου,
336 3560 433 3615 τοῦ
468 3562 699 3632 Πατρὸς,
725 3564 817 3616 καὶ
836 3561 930 3615 τοῦ
976 3562 1126 3626 Υἰοῦ,
1156 3562 1250 3615 καὶ
1286 3560 1381 3613 τοῦ
1415 3562 1573 3630 άγίου
1601 3560 1772 3615 Πνεῦ-

195 3669 388 3723 ματος,
405 3650 502 3707 νῦν
528 3652 622 3706 καὶ
649 3652 758 3715 ἀεὶ,
788 3653 881 3709 καὶ
907 3654 986 3717 εἰς
1014 3653 1140 3718 τοὺς
1170 3651 1372 3717 αἰῶνας
1396 3653 1504 3707 τῶν
1532 3648 1763 3709 αἰώνων.

204 3742 399 3813 Ἀμήν.

262 3857 376 3910 Kal
442 3855 648 3925 γίνεται
698 3854 980 3923 ἀπόλυσις,
1023 3856 1117 3910 καὶ
1150 3856 1186 3929 ἠ
1228 3872 1575 3930 συγχώρησις
1614 3855 1766 3929 παρά

192 3944 288 3999 τοῦ
322 3946 515 4018 ἱερέως

1872 3294 1931 3341 ιιι
1975 3300 2073 3358 per
2104 3295 2313 3342 noctem
2362 3296 2525 3342 totam
2570 3288 2905 3345 celebremus
2951 3302 3007 3346 et
3058 3290 3440 3349 benedieamus

1868 3390 2032 3449 atque
2056 3380 2420 3452 gloriiicemus
2459 3390 2747 3450 augustum
2774 3390 2831 3436 et
2860 3380 3204 3452 magnificum
3239 3400 3438 3441 nomen

1871 3482 2041 3535 tuum,
2097 3470 2276 3526 Patris
2308 3479 2364 3525 et
2399 3470 2523 3526 Filii
2571 3480 2626 3526 et
2669 3473 2842 3529 sancti
2873 3473 3108 3543 Spiritus
3130 3515 3147 3542 ,
3182 3491 3325 3533 nunc
3379 3488 3439 3533 et

1868 3576 2101 3633 semper,
2127 3572 2182 3617 et
2214 3562 2267 3617 in
2289 3560 2486 3617 saecula
2514 3563 2855 3620 seculorum.
2886 3564 3084 3620 Amen.

1941 3850 2011 3906 Et
2052 3850 2111 3905 fit
2146 3848 2410 3917 dimissio,
2469 3859 2526 3906 et
2571 3849 2894 3907 delictorum
2930 3852 3143 3908 veniam
3166 3855 3302 3925 petit
3348 3870 3435 3912 sa-

1870 3944 2084 4000 cerdos.

260 4120 391 4198 επ.
421 4119 597 4177 Con.
628 4120 725 4198 llic
752 4134 932 4198 monet
960 4124 1332 4198 Horologium,
1358 4125 1512 4198 illum
1539 4126 1712 4180 veniae
1735 4127 1977 4195 petenda
2031 4125 2193 4179 ritum
2222 4120 2569 4194 querendum
2616 4136 2737 4177 esse
2759 4136 2827 4178 ex
2868 4122 3149 4195 Apodipno
3204 4125 3429 4198 majore.

193 4192 337 4245 unde
364 4207 473 4246 non
499 4193 761 4262 gravabor
799 4194 952 4250 illum
984 4192 1315 4251 describere.
1353 4195 1445 4251 Sic
1474 4211 1603 4268 ergo
1625 4192 1790 4251 habet
1816 4212 1832 4250 :

261 4354 503 4424 Ποιήσας
545 4355 579 4408 ὀ
621 4356 901 4429 προεστὼς
957 4359 1243 4430 μετάνοιαν
1287 4362 1381 4417 ἐπὶ
1438 4362 1563 4434 γῆς,
1614 4362 1763 4432 λέγει

1938 4361 2269 4432 Praepositus
2299 4360 2563 4416 inclinans
2604 4375 2664 4415 se
2726 4362 2793 4416 ad
2851 4371 3051 4417 terram
3093 4377 3265 4433 usque
3293 4364 3427 4421 dicit

188 4446 307 4507 τοῖς
330 4445 601 4515 ἀδελφοῖς·
640 4448 949 4518 Εὐλογεῖτε,
994 4452 1232 4523 πατέρες
1272 4454 1439 4523 άγιοι,
1482 4457 1766 4529 συγχωρή-

193 4536 325 4591 σατέ
358 4552 448 4606 μοι
490 4536 570 4607 τῷ
597 4540 923 4613 ἁμαρτωλῷ.
976 4545 1087 4599 Kal
1117 4546 1167 4599 oi
1223 4545 1459 4615 ἀδελφοί·
1527 4546 1587 4601 '0
1634 4547 1764 4614 Θεὸς

192 4635 537 4701 συγχωρήσει
585 4646 688 4697 σοι,
735 4633 917 4706 Πάτερ
948 4634 1088 4705 ἀγιε.
1121 4637 1232 4691 Kal
1257 4638 1509 4709 ἄρχονται
1532 4638 1583 4691 οῖ
1608 4638 1762 4693 ἀδελ-

190 4726 282 4794 φοὶ
298 4724 408 4777 ἀπὸ
433 4722 527 4777 τοῦ
560 4721 734 4788 δεξιοῦ
762 4726 857 4779 καὶ
894 4728 1181 4799 ἀριστεροῦ
1218 4728 1381 4800 χοροῦ
1420 4729 1561 4784 κατά
1610 4730 1761 4795 τάξιν

188 4808 271 4877 εἷς
313 4814 410 4868 καὶ
447 4806 528 4877 εἷς
554 4816 726 4867 ποιεῖν
757 4814 979 4886 ὁμοίως,
1006 4818 1097 4871 καὶ
1131 4818 1402 4873 αἰτεῖσθαι
1426 4820 1519 4873 καὶ
1547 4820 1761 4891 λαμϐά-

188 4922 301 4959 νειν
328 4904 696 4978 συγχώρησιν,
756 4907 948 4979 μέχρις
985 4907 1051 4963 ἀν
1109 4909 1471 4982 πληρωθῶσιν
1502 4909 1758 4973 ἅπαντες.

199 4996 258 5049 '0
281 4995 340 5049 δὲ
387 4997 564 5068 ἱερεὺς
602 4997 767 5068 λέγει’
797 5000 1095 5072 Εὺξώμεθα
1140 5004 1279 5076 ὑπὲρ
1312 5002 1421 5057 τῶν
1464 5003 1762 5075 ὀρθοδόξων

187 5086 551 5159 Χριστιανῶν.
602 5090 711 5144 Καὶ
740 5091 956 5162 ἀδελφοὶ
998 5096 1236 5165 συνεχῶς
1273 5096 1355 5161 τὸ,
1386 5095 1579 5168 Κύριε,
1609 5096 1761 5167 ἐλέη-

188 5196 299 5233 σον.
318 5179 492 5251 ’Υπὲρ
506 5180 807 5248 εὐοδώσεως
829 5186 922 5239 καὶ
937 5186 1261 5257 ὲνισχύσεως
1298 5185 1393 5241 τοῦ
1414 5186 1757 5259 φιλοχρίστου

186 5268 421 5340 στρατοῦ
432 5309 447 5323 .
463 5269 593 5322 ’Υπὲ
598 5287 629 5341 ρ
641 5272 732 5324 τοῦ
743 5273 1173 5344 ἀρχιεπισκόπου
1187 5279 1218 5346 ἡ
1226 5278 1459 5348 μῶν,καί
1472 5278 1649 5349 πάσης
1661 5279 1758 5348 τῆς

186 5360 243 5411 ὲν
270 5359 494 5430 Χριστῷ
513 5360 669 5431 ἡμῶν
686 5362 1062 5435 άδελφότητος.
1092 5368 1262 5439 ’Υπὲρ
1282 5368 1392 5422 τῶν
1408 5368 1757 5438 ἀπολειφθέν-

186 5466 292 5503 των
339 5451 593 5522 πατέρων
624 5453 716 5507 καὶ
747 5454 990 5526 ἀδελφῶν
1021 5458 1200 5529 ἡμῶν.
1243 5460 1414 5531 ’Υπὲρ
1444 5460 1553 5513 τῶν
1575 5460 1757 5513 διακο-

185 5539 418 5593 νούντων
447 5542 539 5594 καί
552 5540 981 5615 διακονησάντων
1013 5550 1161 5618 ἡμῖν.
1197 5549 1368 5620 ’Υπὲρ
1396 5549 1504 5603 τῶν
1543 5550 1757 5620 μισούν-

184 5647 290 5685 των
313 5634 410 5685 καί
433 5632 769 5701 ἀγαπώντων
812 5637 978 5707 ἡμᾶς.
1024 5639 1191 5711 ’Υπὲρ
1224 5642 1329 5694 τῶν
1362 5640 1753 5712 ὲντέιλαμένων

191 5724 315 5792 ἡμῖν
359 5727 475 5787 τοῖς
524 5723 763 5791 ἀναξίοις
818 5726 1073 5800 εὔχεσθαι
1123 5732 1261 5803 ὑπὲρ
1305 5733 1503 5786 αὐτῶν.
1580 5732 1751 5803 ’Υπὲρ

185 5815 535 5887 bipedum;
581 5818 688 5876 τῶν
718 5820 1094 5893 αἰχμαλώτων.
1140 5823 1305 5895 ’Υπὲρ
1326 5823 1433 5877 τῶν
1464 5826 1521 5879 ὲν
1559 5823 1756 5880 θαλάσ-

1868 4455 2126 4511 fratribus
2156 4470 2172 4508 :
2206 4452 2534 4517 Benedicite,
2559 4452 2749 4510 Patres
2778 4456 2973 4519 sancti,
2999 4455 3263 4527 ignoscite
3293 4456 3428 4513 mihi

1865 4545 2150 4613 peceatori.
2205 4542 2272 4598 Et
2327 4542 2565 4598 fratres:
2604 4544 2745 4599 Deus
2793 4544 3035 4614 ignoscet
3095 4545 3237 4611 tibi,
3264 4544 3430 4603 Pater

1864 4643 2068 4690 sancte.
2100 4634 2167 4689 Et
2198 4634 2463 4703 incipiunt
2520 4632 2719 4687 fratres
2757 4650 2785 4688 a
2823 4635 3048 4691 dextero
3100 4646 3158 4692 et
3202 4638 3428 4695 sinistro

1861 4724 2031 4780 choro
2057 4724 2351 4779 secundum
2368 4723 2617 4779 ordinem
2641 4722 2837 4792 singuli
2867 4723 3045 4779 facere
3066 4726 3426 4783 consimiliter

1861 4822 1917 4869 et
1938 4814 2073 4868 alter
2105 4813 2174 4869 ab
2202 4815 2373 4869 altero
2396 4824 2601 4883 petere.
2632 4821 2687 4867 et
2718 4814 2967 4881 accipere
2999 4816 3233 4882 veniam,
3253 4818 3424 4877 donec

1860 4918 2048 4959 omnes
2096 4904 2447 4959 absolverint.
2486 4903 2621 4958 Tum
2652 4908 2909 4961 sacerdos
2969 4908 3143 4964 dicit:
3185 4908 3420 4968 Oremus

1862 5007 1961 5062 pro
1988 4991 2309 5047 Christianis
2342 5002 2490 5049 recte
2531 4993 2911 5050 sentientibus.
2944 4995 3012 5051 Et
3052 4996 3250 5055 fratres
3280 5001 3424 5057 assi-

1861 5083 1985 5147 due,
2020 5083 2263 5148 Domine,
2290 5082 2565 5138 miserere.
2591 5083 2696 5139 Pro
2728 5085 2868 5142 felici
2904 5087 3119 5151 itinere.
3142 5100 3197 5145 et
3226 5092 3423 5148 robore

1859 5173 2151 5228 Christiani
2183 5174 2475 5230 exercitus.
2504 5175 2607 5230 Pro
2635 5176 3050 5248 archiepiscopo
3096 5189 3280 5237 nostro
3304 5223 3321 5250 ,
3363 5195 3421 5240 et

1861 5272 1970 5318 tota
2003 5275 2185 5320 nostra
2218 5266 2271 5318 in
2296 5264 2513 5321 Christo
2548 5266 2913 5325 fraternitate.
2931 5270 3037 5326 Pro
3067 5274 3331 5341 patribus,
3360 5286 3419 5331 et

1858 5356 2116 5411 fratribus
2147 5358 2347 5411 nostris
2376 5357 2668 5415 derelictis.
2701 5359 2806 5413 Pro
2831 5362 3102 5429 omnibus,
3131 5367 3223 5435 qui
3263 5368 3419 5423 nobis

1856 5448 2115 5512 serviunt,
2153 5457 2209 5503 et
2255 5454 2579 5507 servierunt.
2608 5450 2717 5506 Pro
2750 5452 3073 5511 habentibus
3124 5473 3221 5512 nos
3268 5459 3416 5525 odio,

1855 5554 1908 5600 et
1935 5542 2260 5596 amantibus.
2311 5541 2417 5598 Pro
2469 5544 2761 5609 omnibus,
2794 5547 2885 5615 qui
2932 5561 2961 5599 a
2993 5548 3150 5605 nobis
3180 5550 3418 5620 indignis

1854 5639 2121 5708 petierunt
2177 5652 2273 5708 pro
2313 5652 2373 5693 se
2423 5639 2591 5694 orari.
2620 5639 2723 5694 Pro
2755 5642 3129 5711 redemptione
3173 5645 3419 5713 captivo-

1860 5744 1999 5786 rum.
2040 5728 2144 5783 Pro
2164 5729 2542 5800 navigantibus
2574 5730 2625 5783 in
2658 5729 2818 5783 mari.
2848 5729 2952 5783 Pro
2992 5728 3302 5800 iacentibus
3358 5734 3411 5789 in

1860 5822 2194 5879 infirmitate.
2225 5820 2331 5878 Pro
2354 5822 2599 5879 ubertate
2624 5822 2895 5877 fructuum
2938 5832 3116 5880 teme.
3165 5824 3269 5881 Pro
3298 5840 3412 5880 οιιι-
