4060 6316
657 390 998 435 εεςιιιινιιι

2060 364 2593 423 ΡηοιεϋοιιΕΝΑ.

656 495 819 553 albus
849 491 1137 557 defunctis,
1166 490 1434 562 patribus,
1461 500 1514 545 et
1532 479 1830 554 fratribus,
1862 487 1951 543 hic
1980 486 2234 556 sepultis,

2344 503 2409 557 σῃ
2435 484 2729 539 πλεόντων.
2748 484 2917 554 ’Υπὲρ
2937 482 3047 537 τῶν
3071 483 3129 535 ἑν
3152 484 3459 553 ἀσθενείαις
3484 484 3915 555 κατακειμένων.

657 597 713 644 et
749 603 849 658 pro
885 584 1217 641 Ortltodoxis
1242 626 1257 649 ,
1284 586 1379 655 qui
1406 591 1533 638 sunt
1572 583 1772 651 ubique
1810 592 2102 637 terrarum.
2138 579 2231 633 Di-

658 694 845 736 camus
866 687 923 734 et
951 692 1047 749 pro
1079 675 1207 742 illis,
1240 676 1485 741 Domine,
1511 674 1790 729 miserere.

726 950 859 1011 S75.
888 949 957 1007 Et
979 965 1169 1006 omnes
1224 947 1523 1016 accipimus
1596 945 1810 1001 veniam
1838 960 1871 997 ο
1913 946 2231 1014 praeposito,

659 1056 717 1100 et
735 1045 1064 1101 discedimus
1084 1042 1151 1095 ad
1185 1054 1339 1095 suam
1377 1040 1607 1111 quisque
1630 1036 1902 1101 cellulam,
1935 1038 2229 1094 recitantes

662 1138 802 1192 hanc
823 1135 1128 1190 orationem
1156 1149 1171 1187 :

731 1224 1063 1280 [labentibus
1119 1237 1220 1279 nos
1286 1222 1449 1285 odio,
1492 1232 1547 1278 et
1590 1208 1913 1278 lédentibus
1975 1224 2233 1294 ignosce,

663 1318 906 1375 Domine.
940 1315 1413 1374 Benefacientibus
1440 1314 1693 1371 benefnc.
1734 1314 2038 1375 Fratribus,
2072 1323 2235 1384 atque

661 1409 1021 1467 familiaribus
1050 1412 1285 1466 concede
1302 1406 1553 1463 facientia
1585 1408 1652 1461 ad
1680 1410 1905 1465 salutem
1939 1406 2232 1476 postulata,

660 1512 717 1558 et
742 1502 909 1557 vitam
930 1512 1209 1555 cternam.
1235 1498 1485 1553 Inlirmos
1514 1500 1745 1568 respice,
1778 1506 1836 1549 et
1870 1496 1936 1548 iis
1963 1495 2230 1550 medelam

660 1594 879 1665 largire.
908 1593 1157 1647 Guberna
1191 1592 1243 1645 in
1298 1592 1434 1645 mari
1466 1593 1806 1663 navigantes.
1832 1585 1935 1643 lter
1966 1589 2234 1643 facientes

660 1692 941 1745 comitare.
965 1690 1022 1743 In
1050 1688 1193 1744 bello
1218 1686 1413 1759 adjuva
1440 1690 1844 1766 imperatorem.
1880 1683 2237 1738 Mendicanti-

658 1781 761 1838 bus
787 1796 886 1851 pro
941 1781 1095 1837 nobis
1117 1823 1134 1848 ,
1162 1791 1218 1837 et
1247 1781 1419 1836 nostri
1451 1778 1836 1834 miserentibus
1868 1778 2080 1832 veniam
2110 1792 2235 1847 pec-

2347 577 2521 649 ’Υπὲρ
2541 578 2801 651 εὐφορίας
2818 577 2927 632 τῶν
2960 575 3189 648 καρπῶν
3211 576 3310 646 τῆς
3330 580 3455 650 γῆς.
3482 579 3595 634 Καὶ
3618 575 3770 647 ὑπὲρ
3795 578 3919 630 πάν-

2343 685 2451 723 των
2473 669 2581 723 τῶν
2622 668 3205 750 προαναπαυσαμένων
3246 671 3496 741 πατέρων
3531 670 3628 726 καὶ
3658 667 3915 738 ἀδελφῶν,

2337 762 2448 818 τῶν
2474 763 2660 821 ἐνθάδε
2686 764 2966 836 κειμένων,
3017 765 3112 817 κε).
3143 766 3457 833 ἅπανταχοῦ
3484 765 3811 839 ὀροοόόξων.
3841 764 3918 816 Ef-

2339 873 2534 927 πωμεν
2552 859 2647 911 καὶ
2674 859 2814 929 ὑπὲρ
2844 854 3021 909 αὐτῶν
3048 856 3129 918 τὺ,
3160 855 3355 929 Κύριε,
3374 856 3595 930 ἐλέησον

2408 948 2518 1002 Καὶ
2567 948 2913 1023 λαμϐάνομεν
2956 948 3007 1000 oi
3062 949 3262 1013 πάντες
3299 948 3652 1021 συγχώρησιν
3692 949 3804 1007 ἀπὸ
3834 945 3916 1001 τοῦ

2335 1044 2697 1112 προεστῶτος,
2728 1042 2819 1096 καὶ
2848 1042 3205 1114 ἀπερχόμεθα
3238 1047 3296 1098 ἐν
3321 1044 3434 1105 τοῖς
3476 1042 3714 1108 κελλίοις
3746 1042 3913 1114 ἡμῶν,

2334 1132 2583 1203 λέγοντες
2615 1136 2715 1206 τὴν
2754 1126 2921 1207 εὐχὴν
2949 1134 3153 1207 ταύτην
3175 1153 3189 1166 ·

2406 1228 2533 1294 Τοῖς
2577 1226 2794 1299 μισοῦσι
2814 1228 2907 1281 καὶ
2931 1227 3207 1281 ἀδικοῦσιν
3235 1230 3382 1299 ἡμᾶς
3413 1225 3798 1300 συγχώρησον.
3818 1226 3914 1279 K6-

2342 1336 2447 1391 ριε.
2482 1321 2605 1382 Τοῖς
2619 1318 3039 1387 ἀγαθοποιοῦσιν
3073 1318 3491 1390 ἀγαθοποίησον.
3530 1318 3659 1381 Τοῖς
3680 1320 3915 1389 ἀδελφοῖς

2335 1413 2429 1465 καὶ
2459 1412 2606 1473 ίδίοις
2634 1410 2791 1481 ἡμῶν
2824 1410 3047 1481 χάρισαι
3069 1410 3138 1464 τὰ
3170 1409 3306 1481 πρὸς
3338 1411 3613 1483 σωτηρίαν
3647 1414 3915 1483 αἰτήματα

2336 1503 2431 1556 καὶ
2461 1502 2604 1571 ζωὴν
2632 1500 2727 1572 τὴν
2770 1499 3009 1554 αἰώνιον.
3050 1501 3188 1563 Τοὺς
3221 1500 3281 1553 ὲν
3326 1500 3581 1571 ἀσθενείᾳ
3606 1499 3911 1571 ἐπίσκεψαι,

2336 1597 2428 1650 καὶ
2453 1597 2593 1649 ἴασιν
2607 1593 3014 1666 δώρησαι.Τοὺς
3032 1597 3089 1649 ὲν
3104 1594 3347 1667 θαλάσσῃ
3365 1595 3495 1647 κυσέ
3506 1593 3853 1664 ρνησον.Τοῑς
3866 1596 3913 1646 ἐν

2335 1688 2669 1759 ὁδοιπορίαις
2704 1689 3037 1745 συνόδευσον.
3063 1690 3153 1761 Τῷ
3171 1688 3380 1761 βασιλεί
3396 1688 3787 1758 συμμάχησον.
3804 1687 3912 1750 T074

2334 1781 2671 1839 διακονοῦσιν
2700 1784 2794 1839 καὶ
2826 1783 3035 1838 ἐλεοῦσι
3067 1785 3240 1855 ἡμᾶς,
3280 1782 3565 1856 ἁμαρτιῶν
3599 1782 3799 1851 ἄφεσιν
3820 1779 3909 1834 δώ·

660 1886 905 1931 caterqu
933 1875 1132 1931 tribue.
1160 1873 1464 1927 Secundum
1493 1885 1746 1940 magnam
1795 1867 2231 1924 misericordiam

2339 1890 2517 1946 ρησαι.
2557 1875 2695 1940 Τοὺς
2715 1854 3126 1945 ἐντειλαμένονς
3170 1879 3307 1947 ἡμῖν
3325 1854 3447 1942 rei;
3471 1875 3741 1942 ἀναξίοις.
3771 1873 3911 1946 εὔχε-

661 1977 810 2023 tuam
874 1968 1133 2022 miserere
1185 1978 1371 2019 eorum
1393 2003 1408 2027 ,
1444 1962 1535 2030 qui
1566 1978 1625 2017 se
1654 1962 1854 2017 nostris
1886 1962 2232 2030 indignorum

660 2059 915 2129 precibus
964 2047 1429 2113 commendarunt.
1486 2055 1779 2119 Memento,
1835 2055 2088 2123 Domine,
2139 2058 2234 2112 de—

660 2151 966 2207 functorum
992 2159 1204 2219 patrum
1233 2188 1251 2213 ,
1284 2163 1348 2203 ac
1382 2149 1613 2203 fratrum
1645 2158 1982 2215 nostrorum,
2028 2163 2233 2218 eosque

661 2244 736 2299 ibi
772 2242 1037 2307 refoeilla,
1070 2242 1158 2297 ubi
1213 2241 1393 2296 lumen
1424 2242 1603 2297 vultus
1659 2242 1734 2296 tui
1787 2243 2073 2314 aspicitur.
2124 2241 2235 2297 Me-

658 2343 867 2396 mento,
901 2332 1144 2397 Domine,
1172 2330 1400 2385 fratrum
1449 2342 1759 2387 nostrorum
1786 2336 2153 2404 captivorum,
2180 2340 2236 2388 et

657 2437 754 2478 eos
782 2422 852 2479 ab
885 2425 1031 2478 omni
1075 2424 1400 2479 necessitate
1428 2422 1623 2480 libera.
1652 2422 1950 2493 leniente,
1982 2425 2227 2487 Domine,

660 2514 1015 2573 referentimn
1043 2514 1253 2572 fructus
1279 2531 1345 2573 ac
1378 2517 1519 2572 bene
1568 2517 1881 2573 facientium
1908 2519 2111 2573 sanctis
2135 2516 2234 2571 Ec-

660 2608 847 2666 clesiis
879 2610 1010 2673 tuis.
1036 2609 1253 2682 illisque
1278 2610 1520 2665 cencede
1555 2610 1815 2665 salutaria
1871 2609 2109 2678 ipsorum
2138 2622 2235 2676 po-

659 2703 883 2769 stulata,
901 2714 956 2758 et
978 2704 1145 2757 vitam
1172 2713 1459 2760 aeternam.
1489 2703 1779 2765 Memento,
1804 2700 2049 2768 Domine,
2068 2700 2233 2755 etiam

661 2802 906 2850 nostrum
964 2793 1252 2848 humilium
1283 2833 1300 2859 ,
1336 2803 1688 2863 peccatorum
1720 2831 1737 2858 ,
1776 2792 2235 2862 indignorumque

659 2886 985 2944 famulorum
1042 2896 1294 2953 tuorum;
1344 2896 1511 2958 atque
1554 2886 1802 2942 illumina
1856 2895 2093 2943 mentem
2136 2901 2236 2941 no-

661 2992 836 3036 stra
862 2978 1064 3036 lumine
1096 2979 1422 3051 cognitionis
1469 2988 1594 3047 tua,
1620 2989 1675 3035 et
1696 2979 1752 3035 in
1791 2979 1985 3035 semita
2012 2978 2238 3035 manda-

662 3086 843 3128 torum
883 3081 1097 3128 tuorum
1133 3087 1231 3128 nos
1261 3072 1761 3143 dirige,‘preeibus
1792 3068 2237 3129 incontaminatte

2336 1966 2456 2019 σοαι
2492 1966 2633 2038 ὑπὲρ
2672 1966 2873 2030 αὐτῶν,
2904 1965 3127 2037 ἐλέησον
3166 1969 3307 2022 κατά
3346 1969 3407 2022 τὸ
3443 1969 3586 2039 μέγα
3622 1984 3723 2021 σου
3761 1966 3908 2031 ἕλεος.

2334 2058 2639 2130 Μνήσθητι,
2676 2058 2869 2129 Κύριε,
2900 2057 3011 2121 τῶν
3038 2058 3521 2129 προκοιμηθέντων
3548 2060 3806 2131 πατέρων
3829 2060 3914 2113 καὶ

2342 2150 2588 2220 ἀδελφῶν
2616 2150 2794 2220 ἡμῶν,
2828 2151 2923 2204 καὶ
2959 2152 3272 2206 ἀνάπαυσον
3310 2151 3506 2213 αὐτοὺς
3538 2151 3677 2203 ὅπου
3704 2152 3913 2203 ἀπισχυ-

2340 2248 2522 2298 πεῖται
2554 2244 2614 2297 τὸ
2647 2243 2763 2314 φῶς
2815 2244 2911 2297 τοῦ
2942 2243 3236 2316 προσώπου
3265 2261 3380 2297 σου.
3402 2242 3713 2313 Μνήσθητι,
3730 2243 3911 2313 Κύριε,

2334 2335 2447 2389 τῶν
2468 2335 2713 2405 ἀδελφῶν
2741 2334 2900 2407 ἡμῶν
2951 2334 3061 2389 τῶν
3093 2334 3477 2405 αἰχμαλώτων,
3524 2334 3623 2387 καὶ
3645 2332 3915 2405 λύτρωσαι

2334 2429 2532 2494 αὐτοὺς
2560 2428 2668 2484 ἀπὸ
2702 2430 2882 2499 πάσης
2917 2428 3316 2501 περιστάσεως.
3348 2426 3666 2499 Μνήσθητι,
3724 2425 3912 2498 Κύρυ,

2334 2518 2441 2572 τῶν
2488 2516 2980 2590 καρποφορούντων
3031 2516 3124 2571 καί
3167 2514 3634 2584 καλλιεργούντων
3688 2517 3752 2582 ἐν
3801 2518 3915 2579 ταῖς

2335 2612 2519 2681 ἁγίαις
2553 2627 2646 2664 σου
2688 2609 3060 2682 Ἐκκλησίαις.
3093 2608 3189 2662 καὶ
3213 2608 3303 2672 δὸς
3339 2609 3525 2671 αὐτοῖς
3546 2606 3615 2662 τά
3642 2606 3781 2678 πρὸς
3816 2624 3912 2661 σω-

2336 2704 2532 2776 τηρίαν
2575 2704 2852 2775 αἰτήματα
2888 2702 2983 2756 καὶ
3016 2701 3163 2773 ζωὴν
3202 2702 3300 2773 τὴν
3331 2701 3569 2756 αἰώνιον.
3610 2701 3913 2774 Μνήσθητι,

2335 2791 2529 2866 Κύριε,
2564 2792 2658 2848 καὶ
2683 2791 2840 2865 ἡμῶν
2865 2788 2973 2847 τῶν
2998 2794 3290 2858 ταπεινῶν,
3321 2795 3417 2848 καὶ
3438 2792 3801 2865 ἁμαρτωλῶν,
3828 2793 3915 2847 καὶ

2336 2883 2571 2952 ἀναξίων
2599 2885 2800 2942 δούλων
2823 2904 2938 2941 σοιν
2968 2888 3061 2942 καὶ
3090 2886 3325 2956 φώτισοί
3356 2886 3515 2959 ἡμῶν
3545 2888 3637 2941 τὸν
3667 2886 3795 2940 νοῦν
3841 2886 3915 2956 τῷ

2338 2980 2479 3051 φωτὶ
2520 2983 2618 3052 τῆς
2662 2963 2916 3050 γνώσεώς
2952 2997 3069 3046 σου,
3108 2983 3203 3034 καὶ
3250 2980 3516 3053 όδήγησον
3553 2982 3707 3051 ἡμᾶς
3745 2982 3803 3033 ιν
3850 2982 3912 3047 τῇ

2338 3070 2510 3143 τρίϐῳ
2538 3070 2648 3124 τῶν
2675 3069 2902 3123 ἰντολῶν
2921 3086 3039 3134 σου,
3069 3069 3387 3141 πρεσϐείαις
3409 3068 3511 3138 τῆς
3536 3067 3915 3139 παναχράντου

665 3161 903 3216 [Muttine
934 3169 1133 3216 nostra
1159 3161 1402 3229 Deipane
1431 3171 1488 3217 et
1516 3175 1733 3231 semper
1760 3160 1999 3231 Virginis
2023 3160 2232 3225 larisa,

2340 3163 2638 3232 Δεσποίνης
2671 3163 2831 3233 ἡμῶν
2861 3162 3127 3216 Θεοτόκου
3153 3163 3249 3216 καὶ
3271 3161 3914 3257 ἀειπαρθένουῠλιαρίας,

660 3250 1011 3323 omniumque
1034 3260 1350 3307 sanctorum
1378 3289 1395 3317 ,
1432 3250 1559 3323 quia
1582 3250 1909 3309 benedictus
1955 3266 2016 3307 es
2044 3251 2098 3306 in
2130 3266 2232 3307 sa:-

2341 3252 2436 3304 καὶ
2458 3249 2674 3305 πάντων
2699 3266 2792 3303 σου
2825 3249 2934 3304 τῶν
2959 3250 3151 3319 ἁγίων·
3182 3250 3263 3304 ὅτι
3292 3248 3582 3320 εὐλογητὸς
3615 3241 3667 3301 εἷ
3693 3250 3774 3312 εἰς
3794 3249 3915 3315 τοὺς

660 3342 781 3405 cola
809 3343 1153 3402 sucularum.
1177 3350 1374 3402 Amen.

2338 3339 2541 3404 αίῶνας
2561 3339 2670 3395 τῶν
2701 3341 2933 3397 animum
2981 3342 3175 3415 Ἀμήν.

2106 3784 2504 3845 CONCLUSIO.

741 4049 869 4108 176.
895 4049 995 4109 llic
1020 4051 1210 4118 babes,
1248 4051 1458 4109 erudite
1495 4050 1689 4118 lector,
1715 4060 1889 4109 totum
1915 4050 2073 4108 oilicii
2096 4052 2243 4110 Grae-

666 4160 721 4201 ct
760 4146 1005 4201 ordinem
1040 4157 1057 4199 :
1088 4144 1143 4199 in
1176 4158 1287 4215 quo
1326 4144 1447 4200 sine
1496 4142 1661 4201 dubio
1712 4145 2046 4212 observasti,
2077 4160 2240 4216 quam

664 4253 811 4307 sape
842 4236 1042 4306 ubique
1073 4236 1431 4306 ingeminetur
1463 4236 1661 4308 Κύριε,
1689 4236 1913 4309 ιλιησον
1943 4246 2001 4293 et
2025 4238 2239 4307 Ἄγιος,

668 4331 847 4400 ἅγιος,
900 4330 1077 4400 ἆγιος.
1127 4329 1289 4386 Certe
1326 4330 1617 4386 concilium
1650 4331 1915 4397 Vasense,
1942 4345 2037 4387 seu
2066 4330 2238 4387 ναιο-

668 4440 842 4483 nense
870 4428 1100 4496 (errant,
1128 4422 1220 4493 qui
1262 4420 1560 4478 Vasatense
1586 4422 1881 4494 appellant)
1916 4422 2116 4491 passim
2140 4431 2244 4478 ter-

670 4520 804 4574 tium
836 4517 1180 4587 inscriptum,
1202 4524 1256 4571 et
1291 4513 1672 4570 celebrandum
1703 4528 1849 4571 anno
1885 4529 2054 4570 om:
2075 4532 2089 4580 ;
2112 4529 2241 4571 con-

669 4609 1013 4667 suetudinem
1054 4610 1212 4664 istam
1258 4606 1487 4664 miriiiee
1521 4605 1801 4674 dilaudat;
1855 4607 2077 4679 quando
2105 4622 2230 4663 can.

669 4702 708 4759 3
730 4742 747 4768 ,
781 4696 859 4759 ita
903 4702 1123 4758 sancit:
1156 4717 1178 4752 ι
1213 4699 1281 4755 Et
1331 4698 1461 4771 quia
1498 4706 1609 4753 tam
1644 4698 1697 4753 in
1736 4698 1866 4754 sede
1919 4697 2236 4769 apostolica.

668 4809 829 4865 quam
859 4794 1025 4850 etiam
1059 4808 1160 4865 per
1184 4800 1325 4847 totas
1355 4789 1670 4847 Orientales
1703 4799 1867 4861 atque
1895 4790 2063 4846 italia
2106 4804 2235 4859 pro-

668 4884 897 4951 vincias,
925 4883 1099 4939 dulcis
1133 4892 1191 4937 et
1219 4882 1444 4937 nimium
1486 4881 1745 4938 salutaris
1787 4882 2125 4939 consuetudo
2156 4891 2242 4939 est

671 4970 1004 5035 intromissa,
1038 4978 1098 5025 ut
1120 4965 1291 5038 Hyrie
1314 4966 1511 5022 διεξίω.
1546 4968 1887 5038 frequentius
1910 4983 2035 5024 cum
2074 4983 2243 5039 gran-

669 5069 724 5125 di
758 5065 953 5123 al'ectu
974 5042 1477 5131 et'compunctione
1502 5061 1720 5116 dicatur
1762 5082 1776 5117 :
1823 5060 2025 5131 placuit
2074 5061 2239 5117 etiam

670 5159 850 5224 nobis,
874 5167 936 5214 ut
960 5158 1015 5213 iu
1037 5156 1290 5213 omnibus
1314 5153 1564 5211 ecclesiis
1596 5154 1800 5211 nostris
1842 5155 1943 5210 ista
1973 5165 2083 5210 tam
2110 5170 2239 5210 san-

672 5264 758 5308 cta
788 5250 1145 5315 consuetudo,
1174 5256 1231 5304 et
1273 5247 1341 5303 ad
1371 5245 1689 5302 Ifatutinum
1716 5285 1734 5311 ,
1762 5254 1817 5302 et
1845 5246 1912 5301 sd
1943 5244 2158 5310 Missas,
2188 5254 2243 5301 et

674 5345 745 5402 ad
768 5344 1087 5412 Vesperam,
1107 5339 1219 5397 Deo
1241 5340 1475 5410 propitio
1506 5338 1923 5393 iutromittatur.
1954 5338 2021 5393 Et
2042 5339 2094 5393 in
2119 5353 2242 5393 om-

675 5435 838 5493 nibus
866 5433 1066 5502 Ilissis,
1096 5446 1191 5489 seu
1232 5433 1285 5487 in
1309 5430 1587 5486 Iatutiuis
1614 5470 1630 5494 ,
1670 5444 1765 5485 seu
1792 5430 1846 5484 in
1876 5428 2241 5501 Quadragesi-

674 5529 929 5595 malibus,
946 5541 1042 5583 seu
1067 5526 1121 5581 in
1144 5523 1271 5591 illis,
1300 5538 1422 5594 quae
1451 5537 1548 5589 pro
1580 5520 1968 5577 defunctorum
2001 5536 2243 5576 comme-

675 5622 979 5680 moratione
1005 5620 1172 5685 fiunt,
1203 5631 1421 5688 semper
1452 5614 1707 5676 Sanctus,
1748 5622 1987 5677 sanctus,
2026 5624 2243 5670 sanctus

672 5736 742 5777 eo
776 5720 989 5786 ordine,
1042 5714 1311 5787 quomodo
1337 5712 1404 5767 ad
1456 5710 1647 5767 Missas
1706 5707 1955 5780 publicas
2012 5710 2243 5774 dicitur,

672 5814 781 5873 dici
806 5812 1029 5871 debeat;
1062 5809 1188 5883 quia
1220 5816 1328 5864 tsm
1359 5815 1548 5865 saneta
1572 5814 1629 5861 et
1661 5810 1771 5859 tam
1801 5800 1975 5859 dulcis
2012 5812 2065 5860 et
2092 5803 2237 5859 desi-

2344 4052 2605 4111 derabilis
2634 4068 2760 4119 vox,
2789 4054 3004 4111 etiamsi
3031 4055 3120 4111 die
3151 4065 3425 4129 noctuque
3451 4057 3632 4127 passi!
3673 4060 3807 4125 diei,
3836 4061 3913 4118 fa.

2342 4146 2564 4204 stidium
2590 4162 2695 4201 non
2720 4148 2923 4218 poterit
2953 4163 3238 4220 generare.
3266 4168 3287 4203 ι

2411 4237 2543 4297 277.
2571 4237 2905 4305 Obserrasti,
2930 4240 3146 4311 opinor,
3178 4252 3444 4314 praeterea
3494 4244 3745 4317 singulos
3800 4266 3913 4305 mo-

2341 4331 2520 4395 dulos.
2552 4334 2670 4388 sive
2701 4333 2938 4404 troparia
2966 4348 3087 4391 esse
3110 4335 3283 4389 ferme
3308 4336 3551 4406 singulas
3576 4338 3701 4395 fidei
3736 4342 3915 4397 ortho-

2341 4424 2497 4479 doxa:
2552 4424 2964 4480 confessiones:
2999 4427 3161 4481 modo
3194 4428 3341 4482 enim
3384 4429 3570 4494 Arius,
3601 4433 3763 4484 tundo
3810 4431 3910 4487 Ne-

2340 4513 2563 4577 storins,
2589 4514 2747 4569 modo
2771 4513 3064 4584 Eutyches,
3096 4517 3260 4572 modo
3286 4516 3578 4580 Sabellins,
3613 4520 3778 4576 modo
3810 4521 3907 4576 alia

2340 4606 2717 4661 hereticorum
2797 4616 3040 4662 monstra
3097 4607 3473 4679 proﬂigantur.
3522 4608 3906 4667 Verumtamen

2340 4694 2636 4753 Orientalis
2689 4696 2936 4753 Ecclesia
2970 4713 3068 4768 per
3116 4714 3273 4754 suum
3310 4700 3421 4754 Kal.
3482 4700 3600 4767 νῦν,
3652 4719 3766 4758 non
3811 4715 3909 4761 tam

2341 4789 2488 4846 clare
2526 4790 2693 4846 verbo
2737 4791 3102 4846 aeternitatem
3138 4791 3413 4862 explicat,
3446 4809 3612 4862 quam
3645 4796 3909 4853 Occiden-

2345 4882 2467 4938 talis
2505 4897 2601 4952 per
2665 4896 2823 4937 suum
2882 4880 3032 4938 Sicut
3105 4895 3219 4938 erat
3283 4886 3339 4939 in
3402 4887 3683 4955 principio.
3728 4891 3907 4958 Quaa-

2342 4988 2504 5044 qnam
2560 4972 2846 5028 concilium
2918 4971 3157 5029 Vasense
3214 4990 3377 5044 supra
3426 4977 3649 5033 citatum
3701 4996 3827 5036 can.
3859 4979 3909 5046 5,

2347 5067 2487 5121 hanc
2516 5065 2812 5121 clausulam
2835 5069 2999 5122 etiam
3031 5068 3084 5122 in
3118 5068 3361 5125 Ecclesia
3392 5067 3656 5126 Orientali
3689 5087 3909 5142 usurpa-

2346 5167 2453 5213 tam
2479 5156 2647 5213 fnisse
2684 5156 2971 5229 supponat.
2999 5178 3019 5211 ι
3057 5159 3122 5216 Et
3142 5161 3267 5229 quia
3294 5200 3313 5226 ,
3346 5161 3547 5232 inquit,
3575 5180 3685 5221 non
3743 5167 3907 5223 solum

2346 5251 2399 5306 in
2429 5251 2558 5305 sede
2602 5251 2926 5320 apostolica,
2957 5253 3051 5308 sed
3076 5252 3259 5308 etiam
3275 5269 3375 5323 per
3408 5265 3579 5311 totum
3605 5255 3908 5320 Orientem.

2342 5352 2399 5397 et
2422 5351 2590 5397 totam
2624 5342 2891 5409 Africam,
2908 5341 2994 5395 vel
3023 5342 3259 5409 Italiam,
3286 5356 3511 5416 propter
3535 5347 3904 5405 hereticorum

2347 5434 2625 5500 astutiam,
2650 5432 2743 5503 qui
2792 5432 2883 5487 Dei
2916 5432 3116 5489 Filium
3167 5451 3275 5491 non
3308 5450 3528 5506 semper
3580 5453 3707 5494 cum
3763 5440 3906 5495 Patre

2347 5529 2534 5593 fuisse,
2570 5528 2662 5583 sed
2696 5543 2726 5582 a
2757 5536 3003 5596 tempore
3027 5527 3263 5599 cmpisse
3286 5528 3689 5599 blasphemant,
3716 5532 3774 5587 in
3804 5544 3906 5586 om-

2347 5619 2508 5673 nibus
2538 5617 2796 5673 claesulis
2819 5625 2943 5686 post
2967 5615 3180 5684 Gloria,
3204 5616 3361 5673 Sicut
3380 5628 3499 5673 erat
3531 5619 3585 5673 in
3618 5622 3902 5691 principio,

2346 5710 2547 5766 dicitur
2574 5731 2584 5765 :
2614 5710 2779 5765 etiam
2800 5718 2857 5763 et
2891 5724 3008 5773 nos,
3037 5710 3090 5764 in
3122 5708 3395 5766 universis
3424 5708 3692 5771 Ecclesiis
3718 5714 3903 5773 nostris

2347 5803 2448 5859 hoc
2469 5803 2541 5857 ita
2570 5802 2858 5859 dicendum
2891 5817 3036 5872 esse,
3066 5801 3433 5861 deceniimus.
3465 5822 3489 5857 ι
