4060 6316
1292 352 1676 407 ACtli.UTlil.\
1720 351 2052 406 'l‘i‘ilPLlClS
2094 351 2304 404 FESTL

3123 366 3415 404 CCCLXSXIX

213 466 345 520 278.
387 466 508 522 Sed
565 471 617 523 in
653 471 952 540 quarstioue
1003 472 1130 524 facti
1188 471 1528 538 particularis
1591 469 1744 522 facile
1783 473 1820 526 Α
1853 473 2139 540 procedere
2171 485 2263 539 pcr
2291 467 2484 521 Filium
2515 510 2528 532 ,
2561 478 2612 519 et
2654 466 2726 519 ait
2764 486 2776 520 :
2817 483 2833 516 ι
2876 464 2988 519 Hoc
3018 465 3206 533 dogma
3238 464 3407 517 Tara-

143 573 336 610 errare
372 562 910 622 potuit'concilium.
975 562 1139 616 Multo
1174 563 1380 615 facilius
1442 577 1626 614 errare
1654 578 1746 628 po-

149 649 220 700 tui
280 664 386 719 ego
445 653 507 706 in
565 655 788 721 hujusce
831 653 996 708 ollicii
1055 655 1292 722 partibus
1357 654 1743 722 coniungendis

145 741 657 815 cxplicandisque;
687 763 857 815 neque
885 747 1093 811 dubito,
1113 749 1238 815 quin
1273 749 1569 802 erraverim
1619 762 1738 816 per-

147 849 290 904 saepe
327 857 342 891 :
385 840 525 907 quis
578 841 719 892 enim
771 850 881 894 tam
912 840 1136 903 Iinceus,
1169 842 1258 908 qui
1292 841 1342 892 iu
1380 843 1544 895 tantis
1592 850 1740 893 leue-

145 926 258 984 bris
293 947 581 1000 nusquam
616 931 854 986 olTendat
890 972 904 996 ,
936 948 1196 1000 nusquam
1235 933 1511 988 incurrat?
1560 932 1738 998 Quare

148 1041 244 1078 oro
269 1026 567 1079 eruditum
622 1027 877 1079 lectorem
908 1065 921 1088 ,
953 1037 1008 1078 Ill.
1037 1042 1173 1095 quos
1202 1027 1618 1094 deprehenderit
1651 1044 1739 1081 er-

147 1130 328 1179 rores,
361 1117 511 1169 mihi
546 1117 782 1169 indicare
815 1132 880 1170 ne
907 1126 1178 1184 gravetur.
1215 1118 1344 1170 Item
1368 1129 1574 1184 gratam
1604 1135 1739 1188 prae-

148 1207 353 1259 stiterit
413 1216 638 1271 parato,
667 1205 754 1274 qui
788 1209 1054 1276 corrigam
1095 1224 1110 1260 :
1139 1223 1260 1260 nam
1291 1213 1369 1274 (ut
1399 1208 1586 1276 loquar
1618 1224 1737 1261 cum

148 1297 202 1350 S.
235 1297 564 1364 Augustino
597 1296 652 1350 in
683 1300 946 1363 prommio
979 1298 1096 1350 libri
1127 1314 1184 1362 ιι,
1216 1303 1277 1352 de
1308 1298 1525 1368 Trinit.)
1568 1318 1585 1349 ι
1626 1317 1737 1353 ma—

147 1386 224 1455 gis
247 1385 459 1454 Optabo
509 1401 539 1437 a
565 1387 799 1455 quolibet
831 1387 1172 1454 reprehendi,
1198 1403 1358 1456 quam
1393 1390 1506 1442 sive
1536 1391 1602 1442 ab
1651 1406 1737 1444 er-

148 1487 323 1542 rante,
351 1478 479 1530 sive
519 1477 584 1530 ab
639 1479 894 1532 adulante
949 1478 1155 1532 laudari
1185 1499 1198 1533 :
1229 1481 1403 1535 nullus
1450 1482 1591 1534 enim
1653 1499 1738 1537 re-

148 1571 454 1638 prehensor
491 1569 770 1624 timendus
794 1573 1121 1626 estamatori
1152 1573 1420 1628 veritatis.
1457 1594 1475 1625 ι
1516 1574 1625 1628 lloc
1650 1586 1732 1628 ta-

150 1676 266 1715 men
308 1675 543 1723 moneo,
586 1662 864 1728 antiquum
897 1660 1209 1716 Graecorum
1237 1662 1516 1728 Ollieium,
1561 1679 1731 1732 neque

148 1750 210 1803 ad
244 1750 653 1820 Antbulogium
678 1752 1131 1807 AntoniiArcudii
1161 1794 1176 1814 ,
1209 1768 1380 1822 neque
1411 1754 1477 1807 ad
1503 1753 1728 1808 Horolo-

147 1842 285 1911 gium
334 1842 806 1914 Cryptae-l'errata:
867 1844 1072 1897 ordinis
1129 1843 1398 1898 S..Basilii
1427 1884 1442 1909 ,
1473 1852 1727 1913 tanquam

148 1932 210 1986 ad
245 1948 405 1988 suam
447 1951 722 2001 normam,
774 1934 1096 2004 exigendum
1130 1950 1248 1990 esse
1276 1953 1289 1989 :
1323 1936 1448 2006 quia
1495 1937 1594 1991 hoc
1625 1935 1730 1991 Ho-

150 2025 412 2095 rologium
447 2029 645 2082 ritibus
674 2027 885 2080 Latinis
917 2025 1250 2080 contermina
1280 2037 1383 2093 est,
1409 2043 1566 2097 quam
1588 2027 1733 2083 (ἔνθεο

149 2117 222 2171 cis
250 2137 264 2171 ι
297 2119 430 2172 illud
457 2129 641 2171 autem
666 2118 1046 2187 Anthologium
1081 2129 1287 2173 tantum
1341 2131 1424 2175 est
1478 2138 1573 2191 pro
1637 2126 1721 2192 iis,

157 2227 172 2255 ι
201 2209 286 2275 qui
315 2209 422 2260 iter
449 2220 678 2277 agentes
704 2226 796 2263 seu
833 2226 1054 2282 peregre
1083 2210 1488 2280 proﬁciscentes
1510 2253 1524 2277 ,
1548 2229 1719 2281 :cgro-

151 2308 339 2364 tantes,
394 2303 482 2353 vel
550 2302 684 2356 alias
741 2303 976 2372 legitime
1029 2304 1289 2372 impediti,
1337 2306 1501 2359 choro
1554 2306 1720 2359 inter-

150 2404 264 2444 esse
319 2402 647 2460 nequeunt,
698 2415 715 2446 ι
773 2405 827 2448 ut
872 2407 1016 2465 patet
1054 2413 1117 2451 ex
1173 2398 1369 2452 litteris
1429 2401 1728 2457 Clementis

150 2496 291 2552 papa:
336 2481 457 2536 VIII
517 2486 582 2539 ad
639 2487 876 2554 ejusdem
939 2489 1243 2560 Authologii
1296 2491 1499 2546 calcem
1549 2493 1727 2562 legen-

154 2578 246 2629 dis.

213 2669 338 2726 279.
373 2671 454 2726 De
509 2671 666 2735 hujus
718 2672 877 2728 olIicii
933 2684 1154 2730 auctore
1206 2673 1415 2730 Joanne
1462 2676 1722 2730 Enchaita

156 2761 398 2818 dubitare
460 2764 661 2832 poterit
697 2765 890 2833 aliquis
919 2806 934 2829 ,
968 2767 1382 2821 orthodoxusne
1411 2767 1572 2820 fuerit
1603 2807 1617 2831 ,
1654 2783 1721 2820 au

153 2850 432 2906 haereticus
471 2871 486 2906 :
523 2853 675 2922 quia,
718 2869 864 2906 num.
894 2853 1016 2917 186,
1059 2853 1258 2908 diserte
1289 2852 1568 2906 aﬂirmans
1602 2869 1722 2921 pro-

156 2944 445 2998 cessionem
479 2944 715 3014 Spiritus
740 2965 768 2998 a
802 2945 962 3000 Patre
1016 2953 1156 3000 tacet
1194 2945 1259 3000 de
1314 2946 1495 3009 Filio;
1548 2959 1718 3014 eoque

155 3045 319 3103 potest
349 3037 403 3090 in
438 3039 804 3106 suspicionem
839 3040 1042 3100 venire,
1082 3054 1146 3092 ne
1189 3039 1457 3093 communi
1499 3037 1720 3093 Graeco-

160 3142 263 3179 rum
293 3129 534 3195 plurium
570 3144 755 3182 errore
800 3131 1048 3182 eumdem
1081 3145 1109 3181 a
1145 3130 1284 3183 Filio
1316 3145 1531 3197 quoque
1590 3144 1716 3198 pro-
1746 3157 1789 3211 ρ

158 3218 334 3270 cedere
389 3234 501 3272 non
550 3219 859 3272 crediderit.
917 3218 1104 3284 Error,
1138 3219 1333 3280 fateor,
1383 3218 1468 3271 hic
1526 3218 1716 3271 luisset

158 3309 442 3376 gravis,et
495 3311 711 3380 quidem
761 3312 873 3381 jam
914 3322 1022 3364 tum
1058 3311 1347 3364 damnatus
1399 3325 1426 3362 a
1474 3310 1714 3363 Romana

160 3397 384 3452 Ecclesia
421 3416 436 3453 :
475 3401 570 3455 sed
594 3415 655 3454 ex
703 3401 804 3455 iste
840 3402 1074 3464 silentio,
1105 3399 1300 3455 Joanni
1338 3399 1411 3453 illi
1443 3400 1714 3454 hmreseos

164 3501 274 3544 nota
298 3489 541 3548 aﬂ'ricari
572 3510 676 3548 non
703 3505 897 3562 potest.
949 3492 1080 3547 Nam
1123 3495 1203 3566 (ut
1237 3503 1312 3549 est
1363 3495 1499 3562 apud
1552 3492 1716 3547 Baro-

163 3583 294 3636 nium
327 3596 456 3641 tom.
486 3585 554 3640 IX
593 3587 658 3640 ad
683 3603 769 3640 an.
805 3585 929 3655 791)
959 3587 1153 3650 Graeci,
1180 3587 1418 3642 dicentes
1452 3585 1712 3656 Spiritum

163 3687 385 3728 sanctum
415 3693 444 3729 a
490 3678 649 3732 Patre
677 3681 988 3748 procedere,
1012 3679 1102 3731 sed
1137 3692 1240 3731 non
1289 3687 1544 3747 negantes
1588 3691 1714 3745 pro-

163 3771 336 3820 cedere
389 3786 419 3823 a
473 3770 635 3835 Filio,
668 3789 773 3825 non
803 3773 1158 3836 damnantur;
1193 3770 1285 3823 sed
1325 3769 1395 3822 illi
1432 3772 1710 3832 duntaxat,

168 3859 242 3924 qui
281 3859 327 3912 id
375 3871 596 3932 negant.
625 3865 800 3931 Atque
832 3863 931 3916 hoc
967 3866 1121 3917 modo
1152 3854 1420 3916 Adrianus
1457 3877 1616 3930 papa,
1661 3862 1711 3915 in

169 3955 586 4019 responsionibus
622 3956 687 4008 ad
715 3955 962 4008 Carolum
1006 3955 1254 4024 Magnum
1291 3953 1430 4007 datis
1459 3955 1714 4008 adversus

168 4043 334 4109 synodi
362 4046 612 4099 secunda:
652 4043 883 4100 Niczenae
917 4045 1310 4097 obtrectatores
1345 4051 1566 4097 excusat
1597 4043 1705 4096 Ta-

171 4132 344 4187 rasium
371 4176 384 4201 ,
433 4139 524 4206 qui
562 4135 821 4207 Spiritum
878 4143 1124 4192 sanctum
1179 4135 1387 4190 dixerat
1421 4148 1484 4188 ex
1545 4134 1704 4189 Patre
1742 4129 1785 4185 D

1852 563 1964 617 sius
1993 577 2094 615 non
2125 577 2217 630 per
2248 575 2304 614 se
2345 559 2668 627 explanavit,
2716 558 2804 610 sed
2845 572 2940 625 per
2969 556 3270 610 doctrinam
3306 554 3406 607 SS.

1848 651 2067 704 Patrum
2093 652 2363 706 confessus
2381 660 2479 703 est.
2497 669 2514 700 ι
2554 649 2770 703 Consuli
2800 647 2958 701 etiam
2995 656 3170 714 potest
3191 647 3249 700 S.
3272 646 3412 699 Tho-

1847 761 1961 800 mas
2012 761 2062 814 p.
2093 763 2131 808 ι,
2163 761 2216 814 q.
2249 744 2337 809 56,
2367 755 2470 797 art.
2507 745 2558 797 5.
2611 744 2750 794 l\'ihil
2798 755 2972 795 autem
3013 742 3062 792 in
3099 741 3238 794 hanc
3297 755 3410 792 rem

1845 846 2020 906 potest
2043 835 2217 892 aﬂ‘erri
2257 837 2536 896 illustrius,
2572 851 2730 902 quam
2763 835 2836 897 id,
2871 836 3010 904 quod
3043 835 3092 886 in
3144 848 3237 886 sua
3267 832 3408 886 Cou-

1845 929 2121 982 stitutioue
2160 970 2174 989 ,
2215 949 2230 978 ι
2273 928 2575 990 Presbyteri
2620 927 2790 982 Gra'ci
2822 970 2834 990 ,
2907 947 2924 978 ι
2968 927 3126 979 habet
3156 925 3409 982 Clemens

1848 1019 1974 1072 \‘lll.
2016 1037 2034 1068 ι
2072 1019 2268 1081 (ἓν-ωεί,
2321 1019 2537 1088 inquit,
2579 1019 2793 1072 credere
2833 1027 3103 1077 tenentur,
3157 1015 3322 1068 etiam
3378 1030 3405 1064 a

1845 1111 1980 1164 Filio
2021 1113 2278 1178 Spiritum
2309 1122 2553 1165 sanctum
2585 1109 2872 1179 procedere
2903 1151 2913 1169 ,
2945 1109 3038 1161 sed
3074 1122 3175 1160 nou
3217 1116 3401 1160 tenen-

1847 1213 1933 1257 tur
1955 1205 2330 1274 pruuuutiare,
2365 1204 2463 1256 nisi
2499 1203 2744 1257 subesSet
2781 1200 3133 1264 scandalum;
3177 1212 3397 1269 prmser-

1845 1298 1936 1350 tim
1971 1298 2014 1351 si
2049 1299 2242 1367 degant
2273 1298 2410 1350 inter
2441 1296 2680 1360 Latinos,
2709 1305 2800 1347 aut
2830 1293 3120 1348 necessitas
3169 1294 3406 1361 postula-

1842 1398 1923 1442 ret
1959 1388 2252 1442 conﬁtendi
2289 1388 2442 1442 tidem
2466 1387 2812 1454 catholiCam,
2860 1386 2983 1454 quia
3017 1397 3143 1439 tunc
3177 1397 3394 1457 oporte-

1844 1487 1926 1532 ret
1955 1479 2114 1530 etiam
2151 1479 2520 1548 pronuntiare.
2551 1496 2569 1528 ι

1904 1570 2028 1624 280.
2065 1571 2247 1641 Igitur,
2282 1586 2401 1625 cum
2453 1571 2539 1624 hic
2592 1580 2828 1625 scandant
2865 1579 3155 1638 periculum
3209 1569 3395 1623 abfue-

1838 1666 1926 1727 rit,
1957 1665 2025 1717 ob
2049 1663 2190 1717 istud
2225 1664 2290 1718 de
2331 1662 2674 1731 processione
2702 1676 2766 1715 ex
2810 1660 2950 1714 Filio
2982 1661 3280 1722 silentium,
3307 1675 3399 1712 or-

1837 1757 2086 1810 thodoxia
2117 1755 2339 1809 Joannis
2367 1757 2417 1809 in
2448 1755 2807 1823 δυενίρίοιιθιη
2834 1753 3013 1808 vocari
3041 1769 3142 1807 non
3174 1762 3350 1821 petest
3382 1772 3394 1806 :

1833 1849 2077 1917 adeoque
2126 1863 2224 1903 nec
2263 1848 2372 1917 ipsa
2429 1848 2695 1902 institutio
2726 1847 2844 1901 festi
2873 1888 2886 1912 ,
2917 1848 3286 1916 ordinatioque
3316 1847 3398 1899 of-

1841 1941 1969 2005 ﬁcii,
2010 1956 2236 2011 quorum
2271 1955 2429 1994 causa
2462 1941 2575 1994 lure
2612 1941 2982 2004 tractavimus,
3012 1940 3077 1992 ad
3122 1940 3279 1992 trimn
3309 1938 3397 1991 do-

1833 2047 2038 2090 ctorum
2071 2036 2380 2089 Graecorum
2436 2048 2774 2088 communem
2825 2033 3056 2086 laudem.
3096 2031 3203 2085 Nec
3251 2033 3395 2086 etiim

1836 2129 1913 2183 fas
1949 2130 2018 2180 sit
2058 2127 2283 2195 opinari,
2315 2141 2406 2180 eos
2437 2142 2494 2180 se
2523 2126 2754 2179 voluisse
2781 2139 2876 2194 per
2912 2123 3184 2179 hominem
3220 2124 3393 2177 hmre-

1835 2221 1996 2273 ticum
2047 2221 2140 2273 toti
2192 2218 2450 2274 Orientali
2502 2216 2750 2272 Ecclesia:
2797 2217 3194 2278 commendare,
3250 2215 3395 2269 velut

1831 2321 1896 2359 ex
1948 2305 2270 2360 revelatione
2319 2307 2570 2360 divinitus
2603 2305 2760 2360 facta.
2811 2303 3023 2358 Maneat
3081 2306 3240 2360 etiam
3297 2320 3392 2359 no—

1831 2399 1915 2451 his
1947 2396 2200 2460 Joannes,
2250 2412 2314 2452 eo
2367 2411 2473 2466 quo
2508 2411 2536 2449 a
2568 2397 2770 2451 Grmcis
2829 2399 2948 2466 jure
3001 2396 3387 2466 appellabatur,

1834 2506 1851 2536 ι
1891 2497 2106 2541 sanctus
2136 2487 2290 2540 Pater
2317 2497 2527 2549 noster;
2571 2505 2586 2535 ι
2618 2486 2741 2539 licet
2775 2487 2998 2540 necdum
3053 2497 3387 2555 compertum

1828 2580 1915 2643 sit,
1947 2597 2012 2632 an
2053 2589 2104 2634 et
2129 2594 2234 2649 quo
2260 2581 2345 2634 die
2374 2578 2535 2633 fuerit
2570 2595 2600 2633 a
2637 2581 2750 2633 suis
2786 2577 3059 2634 Euchaitis
3098 2579 3296 2643 cultus,
3331 2590 3389 2632 ut

1829 2669 1982 2733 talis;
2016 2681 2066 2723 et
2092 2673 2381 2724 credantur
2405 2672 2572 2724 sancti
2607 2672 2725 2738 ipsi,
2759 2685 2819 2725 ea
2845 2671 2965 2724 novi
3015 2673 3096 2725 sui
3150 2671 3271 2726 festi
3308 2673 3390 2725 in-

1825 2759 2123 2824 stitutione,
2154 2761 2396 2830 ipsismet
2423 2801 2436 2824 ,
2467 2761 2555 2830 qui
2618 2762 2743 2814 illud
2778 2771 2901 2814 tunc
2940 2763 3240 2830 suscepturi
3297 2778 3386 2818 es-

1824 2862 1963 2917 sent,
1993 2851 2215 2917 Grmcis,
2248 2864 2500 2922 tanquam
2539 2855 2660 2907 tidei
2706 2869 2734 2906 a
2779 2868 2835 2908 se
2882 2854 3180 2922 prmdicata:
3214 2866 3387 2909 secta-

1824 2945 2073 3009 toribus,
2133 2946 2496 3000 testimonium
2557 2946 2766 2999 dedisse
2811 2945 3151 2999 orthodoxiae
3185 2987 3198 3010 ,
3260 2945 3387 2999 licet

1824 3031 1998 3098 quoad
2030 3032 2169 3084 istud
2194 3043 2451 3100 punctum
2482 3035 2662 3087 minus
2693 3033 2981 3103 explieitze,
3009 3035 3384 3103 dilucidzeque.

1825 3119 2022 3178 Oretur
2051 3134 2227 3178 autem
2265 3125 2501 3194 ipsorum
2549 3125 2826 3180 doctorum
2863 3129 2990 3180 trias
3016 3166 3029 3188 ,
3082 3137 3137 3180 ut
3168 3130 3236 3183 ad
3265 3129 3384 3181 lidei

1825 3220 2104 3273 catholicae
2139 3221 2426 3284 unitatem,
2476 3235 2634 3289 quam
2669 3221 2768 3289 ipsi
2811 3229 3119 3284 tenuerunt,
3159 3223 3385 3277 redeant

1823 3327 2007 3364 omnes
2035 3313 2230 3379 ubique
2255 3328 2442 3366 eorum
2493 3313 2716 3383 posteri,
2767 3315 2966 3382 quibus
3003 3324 3109 3366 tam
3155 3314 3383 3367 salutari

1823 3403 2060 3456 doctrina
2096 3401 2222 3455 olim
2278 3403 2382 3455 frui
2439 3412 2491 3456 ct
2552 3403 2832 3457 informari
2896 3404 3088 3458 licuit:
3123 3419 3186 3457 ac
3237 3405 3382 3457 salva

1823 3495 2018 3547 rituum
2086 3493 2210 3548 hinc
2267 3489 2411 3547 illinc
2472 3493 2808 3548 laudabiliter
2867 3495 3236 3549 institutorum
3298 3497 3382 3549 di-

1821 3586 2117 3648 versitate,
2174 3595 2278 3638 tam
2349 3585 2423 3640 illi
2498 3597 2805 3642 reverenter
2870 3587 3163 3654 suspiciant
3229 3586 3382 3641 Lati-

1821 3692 2008 3731 norum
2061 3677 2354 3731 ciliciorum
2399 3694 2612 3733 cursum
2659 3679 3002 3742 breviorem,
3055 3696 3215 3748 quam
3275 3680 3349 3732 La

1821 3769 1914 3823 tiui
1981 3770 2206 3836 probant
2272 3769 2617 3837 prolixiorem
2673 3770 2979 3826 Graecorum
3028 3773 3128 3824 hoc
3176 3781 3380 3824 tracta-

1823 3870 1874 3912 tu
1934 3861 2301 3929 explicatum,
2351 3863 2415 3914 ad
2474 3861 2587 3928 ejus
2637 3862 2938 3925 honorem,
2997 3876 3156 3930 quem
3205 3865 3381 3914 omnis

1821 3950 1996 4018 lingua
2045 3951 2226 4003 laudat
2287 3953 2566 4005 Dominum
2599 3991 2614 4016 ,
2676 3953 2728 4006 in
2784 3953 2979 4007 saecula
3032 3953 3376 4008 smeulorum.

1819 4045 2012 4097 Amen.

708 4493 801 4554 DE
855 4491 1312 4553 RECENTIORI
1355 4488 1783 4559 TRIBUSQUE
1840 4487 2274 4549 GR/ECORUM
2328 4481 2816 4556 DOCTORIBUS,

465 4717 1001 4824 BASILIO,
1078 4720 1843 4812 NAZIANZENO
1916 4721 2062 4806 ET
2135 4712 3057 4832 CHRYSOSTOMO,

1464 4963 1774 5019 cunnum
1815 4963 2058 5030 FESTO,

343 5161 454 5226 Per
486 5168 795 5230 Joannem
830 5167 1284 5242 metropolitam
1321 5165 1754 5228 Euchaitarum
1799 5167 2078 5232 instituto
2111 5187 2516 5250 Ipsorumque
2565 5168 2821 5244 vulgatis
2862 5166 3171 5229 iconibus.

238 5517 508 5599 Janningus
541 5540 743 5593 noster,
793 5533 855 5583 ad
884 5533 1021 5585 diem
1052 5547 1079 5584 v
1110 5529 1272 5593 Junii,
1311 5531 1360 5582 in
1391 5528 1694 5602 Corollario

193 5609 245 5662 de
267 5615 415 5673 tribus
447 5624 649 5677 sanctis
682 5622 985 5688 Dorotheis,
1025 5623 1179 5675 unius
1210 5635 1395 5674 eorum
1446 5620 1572 5674 dicti
1604 5610 1700 5674 Ju-

187 5702 324 5761 nioris
350 5709 508 5766 Vitam
544 5715 763 5769 daturus
789 5755 804 5777 ,
844 5729 1058 5768 auctore
1108 5713 1316 5768 Joanne
1356 5714 1699 5780 metropolita

186 5789 539 5869 Euchaitarum,
579 5811 641 5862 de
693 5808 849 5869 huius
877 5817 1049 5872 :etate,
1088 5812 1223 5873 sede,
1269 5818 1428 5875 atque
1459 5807 1678 5876 scriptis

348 5898 604 5965 ΡΔτιιοι.
649 5905 761 5963 GR.
814 5903 1045 5962 XXIX.

1814 5529 2072 5597 prolixius
2105 5527 2213 5596 agit
2243 5527 2400 5597 tolo§
2433 5528 2506 5591 '5;
2559 5527 2842 5592 docetque,
2877 5541 2941 5579 ex
2974 5527 3187 5579 Andrea
3231 5526 3366 5577 Dar-

1813 5622 2011 5682 mario,
2041 5629 2157 5688 post
2195 5637 2363 5676 annos
2388 5635 2639 5676 ccccutv
2675 5634 2836 5686 opera
2885 5619 3024 5671 illius
3052 5618 3369 5672 dest:riben-

1810 5725 1883 5780 te,
1916 5717 2098 5785 eisque
2126 5717 2481 5785 praeminente
2501 5717 2766 5784 epitomen
2794 5715 2936 5778 vitae,
2963 5713 3193 5782 cmpisse
3219 5710 3368 5765 illum

1809 5809 2188 5864 Euchaitarum
2218 5807 2513 5864 Ecclesiam
2540 5821 2720 5879 regere
2743 5806 2840 5861 sub
2866 5805 3225 5861 Constantino
3250 5801 3367 5857 Mo-

3026 5918 3060 5956 z
