4060 6316
644 387 806 426 CCCXC

2005 368 2537 428 PROLLGOMENA.

647 495 913 548 nomacho
965 502 1018 548 et
1064 494 1410 564 imperatrice
1457 493 1587 548 Zoe.
1630 493 1876 562 Suscepit
1929 495 2217 560 imperimn
2260 495 2559 554 Alustituti
2615 505 2796 550 autem
2859 495 2981 552 festi
3026 497 3273 564 historia,
3326 514 3485 568 quam
3523 499 3672 564 dixi,
3719 513 3907 554 conse-

647 587 1040 641 Monomachus
1071 601 1212 640 anno
1242 601 1392 641 lXLll
1423 627 1436 653 ,
1463 599 1518 640 et
1548 585 1724 639 tenuit
1765 600 1934 653 usque
1975 586 2038 636 :ul
2071 601 2227 647 μων,

651 684 998 751 perrexitque
1028 696 1254 750 regnare
1289 681 1407 747 ejus
1453 695 1586 733 uxor
1615 679 1724 733 Zoe
1757 693 1927 744 usque
1957 679 2018 729 :nl
2048 694 2224 732 nun.

652 777 1045 831 Successerunt
1070 775 1118 828 in
1153 775 1383 842 sceptris
1414 773 1641 826 Michael
1673 770 2048 830 Stratonicus,
2095 770 2229 822 Isaa-

649 884 748 922 cns
774 867 1106 927 Comnenus,
1140 865 1530 918 Constantinus
1566 865 1735 917 Ducas
1757 904 1771 928 ,
1803 862 2077 915 Romanus
2104 860 2228 914 Dio-

651 975 835 1030 genes,
883 958 1112 1013 Michael
1177 957 1383 1022 Ducas,
1434 965 1488 1011 et
1527 955 1862 1023 Nicephorus
1915 953 2228 1008 Botoniates

649 1069 819 1122 usque
855 1054 919 1106 ad
956 1068 1156 1105 annum
1185 1066 1425 1114 anxxt;
1461 1050 1676 1117 quando
1711 1057 1934 1102 evectus
1979 1047 2044 1100 ad
2071 1047 2229 1100 thro-

651 1163 777 1201 num
812 1146 909 1198 fuit
939 1145 1159 1198 Alexius
1186 1143 1537 1207 Comnenus;
1572 1151 1627 1194 et
1660 1139 1835 1194 adhuc
1864 1140 1915 1192 in
1953 1138 2088 1191 vivis
2111 1144 2232 1192 erat

651 1241 1010 1311 przelaudatus
1035 1238 1289 1294 Joannes.
1330 1237 1435 1289 Isto
1486 1234 1628 1288 enim
1702 1247 1840 1286 anno
1885 1231 2224 1285 occasionem

653 1336 833 1386 datam
893 1330 1054 1383 fuisse
1089 1345 1226 1383 novo
1290 1328 1425 1382 festo
1458 1367 1473 1392 ,
1530 1326 1593 1379 de
1648 1337 1754 1393 quo
1809 1337 1966 1391 agere
2024 1322 2108 1374 hic
2150 1324 2232 1374 in-

650 1422 967 1482 stituimus.
1026 1419 1350 1488 intelligitur
1406 1435 1471 1473 ex
1535 1418 1609 1471 rei
1663 1425 1828 1486 gestu:
1871 1415 2220 1478 narratione,

651 1531 770 1585 qua;
807 1514 995 1583 legitur
1044 1514 1094 1566 in
1131 1514 1345 1566 excusis
1393 1511 1610 1565 Menaeis
1661 1511 1727 1564 ad
1790 1509 1928 1563 diem
1985 1523 2088 1560 xxx
2125 1506 2220 1561 Ja-

653 1606 873 1668 nuarii,
933 1605 1146 1671 quando
1202 1602 1342 1656 istud
1395 1600 1592 1655 festum
1655 1599 1853 1653 ibidem
1908 1598 1987 1651 sic
2037 1598 2228 1650 indici-

655 1711 772 1756 tur:
802 1697 879 1761 Τῇ
905 1698 1040 1767 ἀυτῇ
1071 1697 1199 1767 μηνὶ
1231 1697 1310 1748 Λ’.
1363 1712 1381 1743 ‹
1407 1692 1663 1761 Ejusdem
1703 1692 1905 1746 mensis
1937 1692 2020 1743 die
2053 1705 2179 1744 xxx.
2207 1708 2223 1739 ›

648 1789 846 1862 Μνήμη
879 1790 985 1843 τῶν
1017 1790 1072 1840 ἐν
1116 1787 1316 1854 Ἀγίοις
1341 1787 1598 1858 Πατέρων
1626 1788 1657 1856 ἡ
1669 1786 1782 1856 μῶν
1823 1784 1916 1836 καὶ
1955 1786 2229 1839 οἰκονομι-

2338 598 2563 654 quenter
2591 586 2896 655 deducitur,
2928 589 3016 643 hic
3048 599 3225 644 autem
3271 588 3460 644 Latine
3487 591 3736 644 redditur
3768 605 3796 642 a
3834 588 3898 644 R.

2335 679 2395 733 P.
2438 681 2651 736 Nicolao
2677 682 2872 754 Raymo
2903 682 2961 737 S.
2992 682 3057 736 Τ.
3106 682 3162 735 Ρ.
3201 684 3394 738 studiis
3427 684 3576 738 hisce
3604 683 3832 749 nostris,
3854 683 3900 735 in

2335 789 2485 841 spem
2514 775 2890 829 continuandae
2918 774 3282 830 successionis
3314 785 3364 830 et
3390 777 3587 844 operis,
3622 791 3689 829 ex
3724 773 3906 826 volun-

2337 875 2446 918 tate
2503 867 2846 933 superiorum
2902 882 3045 921 nunc
3095 868 3327 936 primum
3365 868 3590 930 addito,
3633 885 3758 922 cum
3812 867 3908 923 huc

2334 973 2505 1028 usque
2537 974 2823 1028 progressa
2877 960 3161 1029 impressio
3196 970 3251 1013 et
3287 960 3524 1030 reliquus
3577 961 3789 1015 mensis
3821 961 3906 1016 Ju—

2336 1050 2456 1103 nius
2501 1049 2652 1117 prelo
2679 1058 2828 1103 esset
2869 1061 3113 1121 paratus.
3156 1051 3341 1120 Itaque
3373 1053 3540 1120 ipsius
3575 1067 3775 1105 nomen
3811 1053 3902 1106 mi-

2336 1156 2434 1194 nus
2464 1141 2778 1210 frequenter
2811 1143 2917 1208 hic,
2949 1141 3386 1213 frequentissime
3427 1153 3605 1196 autem
3645 1154 3901 1206 recurret,

2336 1233 2444 1288 Deo
2492 1236 2656 1288 dante
2683 1276 2697 1301 ,
2732 1234 2783 1288 in
2816 1246 3068 1290 secuturo
3109 1248 3229 1305 pOSl
3257 1235 3473 1291 Junium
3529 1236 3694 1305 primi
3737 1251 3901 1290 seme-

2336 1327 2464 1382 stris
2488 1327 2896 1397 Supplemento.
2933 1327 3148 1382 Interim
3197 1329 3332 1396 ejus,
3367 1326 3554 1383 Graece
3581 1328 3722 1382 bene
3752 1329 3901 1397 periti

2334 1435 2510 1489 operae
2540 1431 2814 1491 acceptum
2845 1420 3003 1486 refer,
3049 1423 3237 1485 lector,
3270 1420 3313 1475 si
3337 1422 3471 1475 Acta
3501 1420 3720 1485 Graeca,
3751 1423 3800 1475 in
3829 1424 3902 1476 di-

2334 1512 2502 1566 midia
2546 1527 2662 1581 quae
2700 1512 3056 1582 imprimenda
3086 1523 3255 1566 restat
3286 1510 3431 1566 Junii
3467 1524 3618 1582 parte
3648 1530 3903 1568 occursu-

2335 1619 2414 1671 ra,
2447 1605 2676 1674 accipias
2697 1605 2837 1659 haud
2871 1603 3036 1674 paulo
3070 1606 3463 1670 emendatiora,
3487 1621 3650 1674 quam
3689 1606 3821 1660 dare
3846 1607 3894 1659 in

2335 1697 2499 1766 priori
2533 1705 2679 1765 parte
2709 1698 2849 1765 potui
2890 1738 2903 1761 ,
2935 1695 3303 1764 multipliciter
3352 1697 3653 1754 distractus
3715 1701 3766 1753 in
3818 1713 3901 1752 re-

2337 1789 2719 1860 sponsionibus
2759 1793 2823 1843 ad
2858 1790 3232 1845 Carmeliticas
3282 1793 3659 1847 accusationes
3714 1793 3899 1860 depro-

649 1885 759 1938 κῶν
799 1881 1152 1940 διδασκάλων.
1179 1879 1450 1932 Βασιλεία.
1489 1876 1581 1932 τοῦ
1615 1877 1888 1946 Μεγάλου,
1923 1876 2226 1947 Γρηγορίου

2333 1881 2626 1951 perandis,
2681 1889 2735 1934 et
2786 1881 3099 1937 defensione
3150 1881 3331 1937 Roma:
3369 1892 3527 1950 atque
3575 1883 3795 1938 Madriti
3825 1885 3900 1938 in-

645 1977 740 2032 τοῦ
770 1976 1051 2043 Θεολόγου,
1080 1974 1172 2027 καὶ
1210 1973 1457 2025 Ἰωάννου
1489 1970 1581 2024 τοῦ
1622 1970 2026 2042 Χρυσοστόμου.
2063 1988 2082 2016 σ
2119 1969 2228 2023 Με‹

650 2073 821 2126 moria
856 2081 1167 2125 sanctorum
1223 2065 1445 2120 Patrum
1497 2077 1805 2120 nosnorum
1841 2074 1893 2117 et
1927 2062 2226 2116 (ecumeni-

651 2180 838 2219 eorum
874 2163 1186 2227 Doctorum,
1219 2159 1400 2215 Basilii
1430 2158 1633 2228 Magni,
1668 2157 1911 2227 Gregorii
1946 2154 2224 2226 Theologi.

647 2265 701 2312 et
722 2255 947 2311 Joannis
978 2252 1412 2324 Chrysostomi.»

719 2393 870 2448 Hauc
897 2389 1245 2447 indictionem
1276 2388 1519 2457 sequitur
1543 2388 1859 2448 sticherum,
1901 2400 2006 2437 non
2029 2383 2211 2448 unius,

647 2496 707 2542 ut
740 2484 850 2540 fere
881 2483 1034 2549 alias,
1060 2483 1300 2543 distichi,
1335 2482 1427 2534 sed
1463 2479 1818 2533 distichorum
1862 2475 2219 2528 iambicorum

648 2578 869 2630 omnino
899 2574 1166 2634 sedecim;
1197 2584 1386 2639 estque
1413 2571 1464 2623 in
1492 2570 1598 2623 line
1631 2568 2013 2632 hexametron,
2045 2567 2224 2620 metri-

647 2685 722 2725 «ae
751 2666 1080 2738 cphemeridi
1118 2675 1322 2735 aptum,
1358 2665 1457 2719 hoc
1493 2663 1647 2716 modo
1681 2681 1694 2716 :

715 2785 966 2856 Δάμψεν
995 2783 1086 2837 ἐνὶ
1134 2781 1456 2851 τριακοστῇ
1489 2776 1995 2848 χρυσοτρισήλιος
2020 2777 2218 2847 αἴγλη.

714 2896 835 2954 Sole
868 2899 993 2951 nitet
1023 2895 1214 2950 triulici
1239 2895 1426 2948 mensis
1459 2892 1716 2945 tricesima
1741 2889 1894 2942 lani.

2330 1973 2606 2029 struenda.
2638 1972 2748 2028 Leo
2779 1973 3004 2028 Allatius
3029 1975 3082 2029 in
3108 1989 3204 2030 sua
3237 1975 3302 2029 de
3326 1972 3662 2046 Symeonum
3691 1977 3903 2047 scriptis

2331 2065 2565 2119 Diatriba
2599 2063 2840 2132 pag.ll2
2873 2065 3079 2119 indicat
3105 2075 3378 2135 repertum
3407 2080 3434 2117 a
3461 2079 3518 2117 se
3550 2063 3785 2120 Joannis
3811 2083 3901 2120 me

2333 2156 2595 2223 tropolin
2664 2157 3047 2210 Euchaitarum
3104 2156 3409 2229 Ἐγκὼμιον
3460 2158 3540 2218 εἰς
3584 2156 3719 2219 τοὺς
3766 2160 3898 2226 spei;

2330 2249 2516 2316 ἁγίους
2569 2249 2848 2321 ἱεράρχας,
2878 2249 3156 2304 Βασίλειον
3208 2251 3299 2303 τὸν
3339 2250 3551 2319 Μέγαν,
3607 2249 3897 2321 Γρηγόριον

2331 2345 2421 2395 τὸν
2477 2343 2756 2410 Θεολόγον,
2794 2345 2888 2397 καὶ
2934 2344 3187 2413 Ἰωάννην
3233 2344 3326 2397 τὸν
3356 2344 3769 2415 Χρυσύστομον,
3811 2343 3900 2398 hoc

2334 2435 2615 2502 principio,
2651 2435 2811 2505 Τρεῖς
2865 2453 2931 2505 με
2989 2435 3126 2506 πρὸς
3168 2437 3474 2508 τριώνυμον
3503 2434 3899 2507 παροτρύνανσι

2333 2523 2567 2592 κίνησιν,
2608 2541 2625 2572 ι
2653 2525 2786 2578 Tres
2811 2540 2895 2580 me
2931 2526 2997 2579 ad
3037 2526 3380 2581 trinominem
3413 2537 3619 2580 motum
3646 2527 3899 2583 exstimu-

2333 2614 2464 2666 lant.
2497 2634 2514 2665 ›
2553 2613 2768 2668 Utinam
2827 2615 3120 2672 addidisset
3169 2617 3416 2682 Allatius,
3464 2619 3739 2673 undenam
3768 2628 3898 2673 totus

2329 2715 2616 2758 contextus
2643 2704 2866 2761 Graecus
2892 2707 3078 2762 haberi
3109 2709 3282 2779 possit
3309 2710 3324 2765 l
3362 2709 3490 2781 quid
3524 2710 3578 2764 ni
3606 2719 3790 2765 tamen
3813 2726 3899 2766 su-

2332 2798 2604 2864 spicemur
2654 2797 2781 2852 inde
2841 2811 3115 2868 sumptam
3165 2815 3285 2856 esse
3336 2805 3508 2871 ipsam
3549 2802 3694 2856 hanc
3738 2817 3892 2871 quam

2255 2885 2297 2942 C
2334 2888 2578 2957 sublicio,
2617 2888 2947 2943 historiam?

1452 3342 2030 3438 HISTORIA
2105 3334 3046 3430 INSTITUTIONIS

1253 3674 1345 3734 Ex
1388 3668 1643 3733 Menaeis
1701 3665 2053 3746 impressis,
2109 3661 2454 3742 interprete
2503 3657 2761 3721 Nicolao
2820 3661 3052 3741 Βαγωο
3109 3666 3166 3721 δ.
3218 3658 3254 3725 J

714 4167 889 4223 Causa
972 4160 1128 4232 hujus
1205 4157 1324 4212 [ξε.ιὶ
1403 4155 1523 4209 talis
1601 4154 1827 4208 exstitit.
1916 4151 2216 4220 lmperante

644 4259 830 4315 Alexio
856 4256 1131 4311 Comueno
1153 4291 1167 4316 ,
1213 4249 1302 4319 qui
1336 4257 1455 4317 post
1485 4246 1818 4300 Botooiatem
1869 4255 2081 4310 sceptra
2114 4241 2214 4293 im-

2404 4148 2468 4200 Ἡ
2508 4149 2650 4201 αἰτία
2677 4151 2774 4219 τῆς
2802 4148 2994 4218 ἑορτῆς
3030 4147 3217 4216 γέγονε
3257 4166 3450 4213 ουτως.
3506 4148 3631 4202 Ἐπὶ
3667 4148 3766 4218 τῆς
3806 4151 3890 4220 βαι

2327 4244 2527 4305 σιλείας
2575 4245 2665 4297 τοῦ
2711 4243 2964 4310 Ἀλεξίου,
3006 4243 3064 4306 ὃς
3114 4247 3247 4314 μετὰ
3285 4246 3605 4313 Βοτονιάτην
3667 4248 3734 4301 τὰ
3777 4247 3895 4315 σκῆ-

646 4351 779 4419 perii
815 4345 1087 4415 suscepit,
1118 4352 1235 4398 orla
1282 4351 1366 4396 est
1418 4336 1878 4406 Constantinopoli
1922 4335 2210 4398 dissensio,

2328 4349 2468 4404 πτρα
2523 4335 2619 4404 τῆς
2649 4333 2922 4404 βασιλείας
2965 4335 3200 4401 ἐδέξατο,
3237 4339 3293 4389 ἐν
3335 4337 3896 4391 Κωνσταντινουπόλει

646 4444 788 4495 inter
818 4442 965 4494 viros
999 4438 1221 4491 scientia
1271 4443 1326 4489 et
1377 4435 1499 4488 vita:
1530 4431 1805 4501 probitate
1860 4425 2208 4494 conspicuos.

645 4532 750 4587 Alii
798 4527 1252 4585 commendabant
1302 4525 1552 4597 Magnum
1587 4521 1841 4576 Basilium
1871 4562 1886 4587 ,
1927 4521 2192 4583 dicentes,

647 4641 770 4679 eum
813 4623 918 4676 alta
957 4632 1011 4676 et
1041 4634 1231 4689 magna
1264 4619 1579 4686 przedicare,
1618 4629 1792 4666 rerum
1819 4610 2056 4666 omnium
2111 4627 2210 4662 na-

648 4727 818 4770 turam
875 4712 1088 4783 ingenio
1143 4711 1437 4773 discutere,
1491 4709 1691 4760 virtute
1734 4704 1903 4757 ferme
1942 4716 2212 4771 superare

645 4806 863 4877 angelos
894 4846 907 4869 ,
943 4803 1024 4858 vel
1071 4819 1173 4855 non
1231 4799 1387 4855 facile
1427 4800 1558 4867 ipsis
1613 4796 1950 4859 concedere;
2011 4793 2210 4863 pollere

646 4912 856 4953 morum
910 4896 1174 4964 gravitate.
1205 4932 1218 4955 ,
1257 4905 1431 4959 neque
1461 4889 1755 4957 quidquam
1794 4895 2069 4939 terrenum
2115 4885 2212 4937 ha-

645 4991 793 5045 bere.
823 4987 1200 5041 Extenuahaut
1229 4995 1405 5038 autem
1437 4982 1596 5035 iidem
1637 4980 1710 5033 illi
1738 4977 1977 5030 divinum
2019 4977 2201 5046 Chry-

646 5089 970 5141 sostomunt,
999 5077 1148 5144 quasi
1181 5076 1304 5129 huic
1345 5074 1566 5128 omnino
1595 5073 1922 5140 oppositum,
1959 5084 2021 5122 ac
2055 5069 2209 5122 talem

643 5174 800 5242 cujus
829 5171 1091 5241 optimum
1127 5183 1395 5238 quemque
1448 5164 1701 5219 facillime
1734 5165 1977 5218 taederet.
2008 5162 2109 5214 Alii
2169 5177 2198 5215 c

645 5267 917 5320 contrario
944 5261 1193 5316 eumdem
1240 5262 1477 5316 divinum
1511 5259 1954 5330 Chrysostomum
1989 5257 2214 5309 extolle-

641 5359 798 5422 bant,
831 5357 976 5410 velut
1006 5354 1297 5423 impensius
1333 5353 1568 5407 deditum
1593 5353 1872 5415 doctrinm,
1900 5358 1954 5404 et
1992 5357 2218 5402 cunctos

643 5453 928 5503 ducentem
979 5448 1201 5501 lenitate
1224 5446 1487 5499 orationis
1508 5486 1520 5510 ,
1558 5455 1945 5512 vocantemque
1971 5441 2036 5496 ad
2073 5442 2208 5494 resi-

640 5537 997 5610 piscentiam;
1029 5538 1240 5590 demum
1277 5535 1650 5589 mellilluorum
1695 5537 1979 5589 verborum
2035 5532 2208 5585 multi.

655 5632 839 5684 tudine
863 5640 914 5682 et
949 5629 1247 5682 subtilitate
1284 5629 1671 5695 cogitationum
1705 5644 1825 5681 eum
1854 5624 2210 5694 praeferebant

648 5723 838 5787 Magno
875 5721 1070 5771 Basilio
1099 5729 1150 5771 (τι
1183 5719 1446 5785 Gregorio
1471 5719 1760 5785 Theologo.
1789 5717 1888 5767 Alii
1919 5732 2042 5785 erga
2073 5716 2214 5768 hunc

656 5811 826 5876 magis
854 5809 1241 5873 alliciebantur,
1275 5809 1494 5875 perinde
1529 5823 1590 5862 ac
1637 5810 1679 5861 si
1710 5808 1945 5873 eleganti
1979 5845 1992 5870 ,
2025 5808 2194 5867 rario,

2323 4429 2510 4489 στάσις
2540 4426 2727 4493 γέγονε
2751 4427 2900 4499 παρὰ
2929 4427 3036 4480 τῶν
3065 4427 3360 4498 ἐλλογίμων
3391 4429 3482 4481 καὶ
3516 4429 3788 4499 ἐναρέτων
3814 4431 3897 4482 ἁν-

2318 4518 2492 4592 δρῶν·
2536 4519 2643 4570 τῶν
2697 4520 2794 4589 μὲν
2839 4521 3234 4592 ὑπερτιοέντων
3269 4519 3357 4571 τὸν
3381 4519 3564 4588 Μέγαν
3603 4521 3892 4586 Βασίλειον,

2320 4613 2593 4682 ὑᾴήγορον
2625 4612 2784 4664 αὑτὸν
2838 4613 3127 4680 λεγόντων,
3165 4611 3238 4674 ὡς
3268 4610 3365 4682 τὴν
3397 4612 3506 4664 τῶν
3535 4612 3704 4666 ὄντων
3744 4614 3896 4682 φύσιν

2319 4706 2740 4776 ἐξερευνήσαντα
2769 4706 2860 4758 καὶ
2880 4709 2998 4769 ταῖς
3027 4707 3246 4773 ἀρεταῖς
3279 4705 3475 4774 μικροῦ
3499 4707 3612 4766 τοῖς
3650 4706 3892 4772 ἀγγέλοις

2321 4798 2830 4870 παραμιλλώμενον,
2859 4799 2952 4852 καὶ
2993 4797 3066 4868 μὴ
3096 4797 3140 4850 δ’
3180 4800 3241 4850 ἐκ
3264 4797 3356 4851 τοῦ
3380 4797 3668 4868 προχείρου
3697 4815 3894 4868 συγχω-

2321 4893 2534 4962 ροῦντα,
2588 4893 2681 4944 καὶ
2734 4891 2795 4944 τὸ
2853 4887 2984 4961 ἦθος
3041 4889 3301 4962 ἐμϐριθῆ,
3361 4891 3453 4943 καὶ
3513 4890 3680 4960 μηδὲν
3713 4894 3890 4961 γήινον

2318 4983 2525 5052 ἔχοντα·
2564 4982 2999 5049 ὑποὸιόαζόντων
3024 4983 3081 5036 δὲ
3105 4983 3193 5037 τὸν
3225 4983 3368 5036 Θεῖον
3398 4982 3890 5055 Χρυσόπομον,ὠς

2322 5076 2578 5141 ἐναντίως
2612 5075 2771 5145 δῆθεν
2803 5076 2997 5145 ἐκείνῳ
3031 5074 3371 5145 διακείμενον
3413 5074 3554 5127 κατὰ
3581 5073 3643 5125 τὸ
3677 5073 3884 5142 πρόχει-

2322 5185 2410 5239 ρον
2435 5164 2574 5222 εἶναι
2607 5169 2699 5223 καὶ
2732 5169 2977 5220 ἑλκτικὸν
3006 5167 3085 5230 εἰς
3111 5169 3416 5237 μετάνοιαν·
3459 5166 3568 5218 τῶν
3608 5165 3667 5218 δὲ
3713 5165 3887 5217 τοῦτον

2317 5259 2379 5330 δὴ
2410 5261 2500 5314 τὸν
2524 5260 2663 5312 Οεῖον
2694 5261 3075 5330 Χρυσόςτομον
3106 5259 3403 5328 ὑψούντων,
3443 5259 3518 5321 ὡς
3536 5257 3885 5330 ἀνθρωπικώ·

2317 5368 2470 5421 τερον
2493 5351 2828 5420 διακείμενον
2851 5354 2969 5413 ταῖς
3003 5350 3393 5413 διδασκαλίαις,
3420 5350 3515 5402 καὶ
3542 5349 3619 5418 τῷ
3644 5349 3775 5420 λείῳ
3799 5350 3886 5417 τῆς

2319 5443 2567 5512 φράσεως
2616 5443 2823 5505 πάντας
2859 5441 3278 5511 καθώηγοῦντα,
3321 5443 3414 5493 καὶ
3447 5440 3583 5510 πρὸς
3609 5441 3885 5510 μετάνοιαν

2319 5537 2546 5590 ἐκκαλοὺ
2557 5554 2734 5606 μενον,
2773 5537 2865 5590 καὶ
2883 5535 2959 5604 τῷ
2978 5534 3168 5606 πλήθει
3193 5534 3300 5587 τῶν
3336 5533 3674 5604 μελιρῤύτων
3705 5531 3883 5600 λόγων,

2322 5630 2410 5680 καὶ
2430 5632 2494 5698 τῇ
2527 5631 2644 5680 κατ’
2682 5629 2887 5681 ἔννοιαν
2905 5628 3168 5698 δεινότητι
3207 5626 3570 5696 προτιθέντων
3602 5625 3695 5678 τοῦ
3721 5644 3777 5677 τε
3807 5641 3886 5693 με·

2325 5719 2488 5778 γάλο·.›
2521 5719 2799 5770 Βασιλείου
2829 5721 2922 5770 καὶ
2958 5719 3282 5787 Γρηγορίου·
3315 5719 3516 5788 ἐτέρων
3553 5717 3612 5767 δὲ
3651 5717 3729 5786 τῷ
3767 5716 3883 5768 Θεο-

2328 5808 2466 5874 Mi"?
2508 5809 2787 5876 Γρηγορίῳ
2815 5810 3244 5876 προσκειμένων,
3275 5810 3366 5859 ἅτε
3391 5808 3454 5875 δὴ
3484 5806 3565 5874 τῷ
3595 5805 3790 5875 κομψῷ
3805 5801 3882 5854 καὶ
