4098 6326
1376 372 1695 421 lltSl'OKlA
1736 370 2221 425 INTITUTIONIS.

3228 389 3271 423 Ω.
3293 387 3411 424 CXCI

161 502 252 553 τῳ
297 483 718 551 πεποικιλμένῳ,
778 502 852 551 τῳ
904 483 1129 553 διατόρῳ
1163 501 1217 532 τε
1267 481 1370 531 τὼν
1426 483 1616 549 λόγων,
1655 491 1743 535 καὶ

1866 486 2266 551 insinuantiquc
2303 504 2365 542 ac
2394 490 2583 543 ﬂorido
2609 488 2814 542 dicendi
2846 500 3040 556 genere
3067 486 3279 537 vici~set
3301 501 3417 536 om-

161 578 253 646 τῷ
283 579 390 630 τῶν
421 577 618 640 λέξεων
661 575 897 644 ἀνθηρῷ,
927 577 1130 638 πάντας
1170 575 1292 636 τοὺς
1322 575 1412 624 ἐπὶ
1452 579 1515 642 τῇ
1562 575 1745 644 Ἐλλη-

165 674 304 740 νικῇ
341 668 557 737 παιδείᾳ
604 668 940 735 διαϐοήτους,
976 669 1068 720 καὶ
1097 669 1220 728 τοὺς
1256 665 1372 717 καθ’
1407 667 1547 734 ἡμᾶς
1582 669 1748 736 ὑπερ-

164 763 356 816 εάντι.
399 761 502 813 Καὶ
558 761 728 830 τούτῳ
766 763 863 833 τὴν
897 762 1132 815 νικῶσαν
1181 759 1449 818 διδόντων,
1486 761 1747 812 κάκείνων

166 853 650 924 ὐπερὸιϐαζόντων
681 857 864 918 αὐτὴν,
911 856 982 915 ὡς
1029 851 1366 922 συμϐαίνειν,
1417 851 1747 921 διαιρεθῆναι

163 947 246 998 τὰ
274 946 471 1018 πλήθη,
501 949 592 1001 καὶ
617 950 738 1008 τους
783 948 878 1016 μὲν
921 947 1223 1008 Ἱωαννίτας
1248 945 1519 1011 λέγεσθαι,
1542 948 1664 1008 τοὺς
1693 947 1747 998 δὲ

171 1039 520 1103 Βασιλείτας,
567 1038 930 1110 Γρηγορείτας
963 1037 1018 1089 δὲ
1051 1040 1173 1101 τοὺς
1203 1037 1441 1097 λοιπούς.

265 1176 388 1227 Ἐπὶ
437 1173 642 1235 τούτοις
691 1172 753 1243 δὴ
805 1175 916 1232 τοῖς
935 1173 1156 1243 ὀνόμασι
1219 1174 1325 1226 τῶν
1389 1174 1513 1244 περὶ
1563 1173 1746 1240 λόγους

171 1262 600 1326 στασιαζόντων,
632 1265 724 1315 καὶ
762 1264 962 1317 τούτων
989 1266 1127 1319 οὕτω
1169 1267 1470 1335 λεγομένων
1502 1265 1591 1315 ἐπὶ
1629 1265 1748 1334 χρά-

169 1369 293 1415 νοις
346 1352 649 1425 ἐσύστερον,
685 1355 1004 1409 όπτάνονται
1065 1357 1112 1408 οί
1165 1356 1418 1426 μέγιστοι
1453 1350 1594 1406 οὗτοι
1631 1353 1746 1406 καθ’

167 1447 280 1497 ενα
327 1446 606 1516 πρότερον,
654 1443 769 1498 εἶτα
821 1449 910 1498 καὶ
957 1447 1285 1515 ἆμαιῦπαρ,
1327 1447 1425 1497 οὐκ
1477 1445 1626 1514 ὄναρ)
1675 1445 1750 1516 τῷ

167 1538 305 1590 τότε
353 1539 453 1609 τῆς
488 1538 760 1607 Εὐχαῖτῶν
793 1537 996 1598 πόλεως
1028 1534 1136 1588 τῶν
1174 1535 1332 1606 ἱερῶν
1384 1535 1746 1606 ἐξηγουμένῳ,

185 1631 415 1702 Ἰωάννῃ
470 1628 544 1697 τῷ
601 1627 740 1679 πάνυ
775 1628 946 1697 ἀνδρὶ,
996 1627 1161 1680 τᾶλλα
1196 1628 1291 1696 μὲν
1334 1627 1618 1698 ἐλλογίμω,
1659 1631 1751 1682 καὶ

168 1724 425 1784 παιδείας
463 1720 776 1789 Ἑλληνικῆς
803 1723 900 1773 οὐκ
926 1721 1150 1792 ἀμαθῶς
1171 1720 1363 1789 ἔχοντι,
1391 1723 1464 1785 ὡς
1503 1722 1567 1773 τὰ
1608 1721 1751 1792 αὐτῷ

171 1813 484 1882 πονηθέντα
507 1812 794 1874 δείκνυσιν,
820 1814 1018 1884 ἀρετῆς
1050 1813 1105 1865 δὲ
1141 1814 1220 1875 είς
1256 1813 1420 1882 ἄκρον
1451 1814 1745 1882 ἐληῖωῡότιο

171 1903 277 1954 καὶ
303 1902 400 1971 μιᾷ
439 1903 650 1974 γλώττῃ
682 1907 812 1973 φασὶ
852 1906 985 1974 πρὶς
1023 1904 1204 1957 αὐτόν’
1261 1903 1449 1974 Ἡμεῖς
1477 1904 1533 1954 ἓν
1564 1904 1748 1971 ἐσμεν,

168 1994 254 2057 ὡς
291 1996 443 2065 ὁρᾷς,
474 1996 622 2065 παρὰ
653 1996 728 2065 τῷ
773 1997 913 2066 Θεῷ,
944 1998 1036 2048 καὶ
1071 1997 1218 2050 οὐδὲν
1256 1999 1384 2067 ἡμῖν
1413 1995 1747 2057 ὑπεναντίον,

166 2087 298 2140 οὐδὲ
333 2087 589 2158 μάχιμον·
622 2087 754 2140 ἀλλά
805 2090 1016 2157 καιροῖς
1074 2088 1219 2152 ἰδίοις
1253 2089 1479 2151 ἕκαστος
1526 2087 1751 2159 τῴθείῳ

171 2181 499 2250 κρουόμενοι
521 2180 814 2250 Πνεύματι,
849 2179 946 2242 τὰς
971 2181 1103 2247 πρὸς
1124 2182 1390 2250 σωτηρίαν
1419 2182 1526 2234 τῶν
1545 2183 1752 2254 ἀνθρώ-

174 2289 298 2323 πων
321 2271 666 2334 διδασκαλίας
698 2271 1176 2340 συνεγραψάμεοα,
1215 2273 1306 2323 καὶ
1344 2272 1378 2324 δι
1420 2255 1748 2344 ὲμυοόμεοα,

173 2363 579 2433 ὲκδεδὼκαμεν·
625 2364 718 2415 καὶ
750 2367 776 2416 6
812 2363 1026 2433 πρῶτος
1059 2366 1114 2416 ἐν
1151 2367 1279 2434 ἡμῖν
1307 2365 1402 2415 οὐκ
1425 2364 1591 2427 ἔστιν,
1630 2365 1750 2417 οὔτε

174 2457 412 2526 μήνγεό
437 2455 703 2526 δεύτερος
737 2454 850 2508 ἀλλ’
885 2457 932 2507 εί
960 2455 1050 2508 τὸν
1073 2456 1166 2508 ἕνα
1193 2455 1382 2519 λέξεις,
1413 2459 1459 2508 οἱ
1501 2456 1592 2508 δύο
1617 2474 1753 2526 παρ-

171 2548 424 2601 ἑπονται.
485 2547 645 2601 Ὅθεν
691 2548 876 2602 κέλευε
926 2548 1162 2611 ἀναστὰς
1210 2551 1320 2610 τοῖς
1379 2547 1752 2612 στασιάζουσιν

170 2641 318 2711 ὑπὲρ
336 2641 493 2712 ἡμῶν
523 2643 595 2713 μὴ
621 2641 946 2696 διίστασθαι·
983 2642 1186 2712 σπουδὴ
1213 2641 1320 2714 γὰρ
1354 2644 1446 2694 καὶ
1493 2640 1625 2705 ζῶσι
1663 2643 1753 2695 καὶ

175 2734 511 2800 μεταστᾶσιν
544 2735 673 2802 ἡμῖν
707 2735 1025 2803 εἰρηνεύειν,
1071 2735 1164 2785 καὶ
1192 2737 1269 2796 είς
1299 2734 1548 2803 ὁμόνοιαν
1602 2735 1752 2802 ἄγειν

171 2820 244 2873 τὰ
283 2821 514 2892 πέρατα’
542 2823 671 2874 ἀλλὰ
695 2824 786 2875 καὶ
813 2823 992 2892 ἡμέρᾳ
1018 2826 1112 2892 μιᾷ
1136 2821 1385 2890 σύναψον.
1417 2825 1542 2883 Καὶ,
1574 2822 1647 2885 ὥς
1672 2841 1752 2875 σοι

173 2913 478 2982 προσῆκον,
520 2913 584 2964 τὰ
615 2914 709 2983 τῆς
740 2914 933 2985 ἑορτῆς
974 2916 1102 2983 ἡμῖν
1138 2913 1468 2975 ὲπιτέλεσον,
1500 2915 1593 2966 καὶ
1642 2916 1753 2976 τοῖς

172 3003 308 3073 ὲξῆς
345 3005 600 3073 παράδος,
655 3006 729 3069 ὡς
761 3008 922 3076 ἡμεῖς
956 3008 1013 3059 ’ἐν
1049 3008 1215 3076 ἐσμεν
1248 3006 1322 3076 τῷ
1363 3006 1502 3076 Θεῷ,
1541 3006 1755 3069 πάντως

167 3097 231 3151 δὲ
267 3099 364 3151 καὶ
398 3101 552 3169 ἡμεῖς
582 3101 692 3162 τοῖς
728 3099 1005 3152 ἐκτελοῦσι
1041 3101 1137 3169 τὴν
1170 3101 1410 3171 μνήμην,
1448 3100 1515 3152 τὰ
1541 3102 1619 3165 εἰς
1649 3118 1752 3153 σω-

1852 602 1967 649 nes,
1996 588 2084 652 qui
2113 588 2274 640 etiam
2308 599 2490 641 nostra
2515 592 2677 636 wlate
2709 581 2945 642 fuerunt,
2983 577 3116 631 fama
3143 575 3417 629 Graecani-

1851 695 1925 732 ca}
1960 677 2282 733 eruditionis
2319 679 2570 747 insignes.
2597 676 2660 729 Et
2701 675 2753 726 hi
2808 674 2930 726 huic
2976 671 3176 742 primas
3203 667 3414 722 defere-

1853 773 2014 839 bant,
2065 772 2182 826 aliis
2258 788 2348 825 eas
2426 769 2871 826 transferentibus
2933 769 2982 821 in
3060 765 3212 819 alios.
3271 761 3419 816 Unde

1853 865 2051 920 factum
2083 875 2184 929 est,
2219 877 2295 929 ιιι,
2341 866 2513 918 scisso
2549 866 2725 918 studia
2776 863 2823 917 in
2883 861 3154 912 contraria
3212 857 3416 911 incerto

1853 957 2032 1026 vulgo,
2065 959 2150 1012 alii
2210 957 2495 1023 Joannitm,
2526 954 2615 1008 alii
2652 955 2908 1017 Basilitze,
2941 949 3246 1018 Gregorita:
3276 947 3417 1000 voci-

1861 1058 2107 1104 tarentur
2137 1052 2243 1103 alii.

1925 1184 2063 1254 Ergo
2102 1189 2224 1240 dum
2269 1187 2368 1238 sub
2408 1183 2490 1237 his
2525 1183 2826 1238 nominibus
2878 1183 3011 1235 inter
3065 1197 3121 1237 se
3175 1186 3418 1235 oratores

1852 1276 2186 1342 disceptant,
2253 1277 2469 1330 maximi
2508 1277 2619 1340 illi,
2649 1276 2713 1330 de
2764 1275 2956 1345 quibus
3000 1277 3226 1342 agimus,
3286 1272 3416 1325 doc-

1854 1379 1995 1421 tores
2049 1369 2276 1437 primum
2345 1370 2610 1433 scorsim,
2663 1370 2852 1422 deinde
2909 1376 2960 1421 ct
3015 1365 3174 1418 siuml
3234 1366 3418 1417 viden-

1854 1460 1952 1512 dos
1977 1473 2093 1512 sese
2132 1461 2366 1513 offerunt
2398 1459 2610 1518 Joanni.
2647 1473 2773 1513 tunc
2809 1460 2859 1510 in
2912 1458 3296 1511 l-lucbaitarum
3346 1455 3419 1506 ci-

1854 1549 2017 1602 vitate
2046 1552 2217 1603 sacris
2254 1552 2525 1616 praefecto,
2559 1549 2713 1602 valde
2752 1548 3026 1618 prmstanti
3055 1549 3198 1607 viro,
3233 1556 3285 1598 et
3319 1559 3420 1596 ca:-

1856 1651 1965 1693 lera
2006 1643 2218 1709 quidem
2250 1643 2472 1706 celebri,
2503 1657 2674 1711 neque
2703 1643 2792 1708 (ιιι
2827 1639 3066 1692 indicant
3094 1653 3211 1704 qua:
3243 1636 3421 1688 elabo—

1857 1732 1994 1784 ravit
2017 1731 2300 1799 opuscula)
2328 1733 2575 1799 imperito
2598 1731 2918 1785 Crazcanica;
2949 1727 3298 1789 eruditionis;
3328 1726 3420 1779 sed

1803 1861 1820 1910 δ
1855 1825 2144 1880 celebriori
2181 1834 2399 1893 propter
2430 1825 2700 1887 virtutem,
2729 1825 2883 1892 cujus
2917 1825 3120 1890 apicem
3146 1821 3417 1890 attigerat.

1860 1918 1994 1971 Vera
2031 1917 2165 1971 visio
2205 1916 2334 1978 fuit,
2371 1931 2472 1969 non
2502 1917 2766 1968 somnium
2801 1934 2814 1968 :
2846 1925 2898 1968 et
2931 1917 3042 1968 hazc
3069 1915 3134 1967 ad
3162 1912 3418 1967 Joannem

1858 2007 2018 2059 missa
2051 2023 2152 2061 vox
2188 2019 2268 2062 est
2302 2026 2314 2061 :
2356 2006 2461 2061 Nos
2495 2023 2660 2060 unum
2714 2022 2899 2060 smnus
2930 2046 2943 2069 ,
2972 2017 3026 2059 ut
3055 2005 3234 2066 vides,
3283 2006 3420 2072 apud

1865 2096 2059 2161 Deum,
2096 2109 2149 2150 et
2177 2100 2318 2150 nulla
2348 2101 2595 2153 estinter
2625 2114 2720 2151 nos
2745 2098 3027 2158 dissensio,
3048 2095 3188 2149 nulla
3214 2110 3415 2162 pugna;

1862 2201 2051 2241 verum
2106 2204 2240 2253 quas
2292 2192 2403 2243 suis
2447 2191 2676 2261 quisque
2711 2191 3062 2259 temporibus,
3095 2188 3275 2241 divino
3324 2189 3422 2239 itu-

1855 2278 1989 2348 puisi
2039 2275 2266 2347 Spiritu,
2300 2278 2456 2333 utiles
2508 2281 2571 2333 ad
2623 2280 2896 2334 hominum
2939 2281 3165 2332 salutem
3201 2277 3420 2329 tradidi-

1856 2388 1973 2425 mus
2009 2373 2440 2441 praeceptiones;
2478 2381 2533 2425 et
2574 2387 2692 2442 qua:
2733 2372 3076 2425 discebaetus
3105 2385 3324 2428 arcana.
3358 2384 3419 2421 ea

1857 2462 1908 2513 in
1937 2461 2110 2514 lucem
2140 2463 2443 2518 emisimus.
2475 2460 2657 2532 Neque
2686 2478 2813 2518 vero
2841 2462 3124 2531 quisquam
3162 2459 3300 2512 inter
3323 2475 3422 2512 nos

1859 2551 2062 2618 primus
2099 2561 2201 2617 est,
2230 2569 2327 2607 nec
2357 2556 2647 2608 secundus.
2688 2555 2743 2608 Si
2773 2572 2932 2606 tuuuu
2968 2567 3151 2616 voces,
3200 2552 3304 2604 duo
3335 2565 3420 2602 se-

1856 2653 2112 2708 quuntur.
2152 2643 2360 2698 Idcirco
2420 2659 2578 2712 surge
2604 2686 2616 2706 ,
2655 2656 2708 2700 et
2743 2646 2826 2698 dic
2857 2645 3117 2714 partibus,
3148 2659 3213 2696 ne
3252 2642 3420 2694 nostri

1856 2746 2018 2784 causa
2067 2730 2368 2785 dissideant
2404 2748 2419 2784 :
2465 2747 2585 2784 nam
2620 2733 2671 2786 in
2709 2747 2771 2786 ea
2823 2731 3150 2801 cogitatione
3179 2738 3418 2798 curaque

1857 2838 2158 2889 versamur,
2196 2833 2253 2877 ut
2282 2825 2433 2877 vivos
2466 2826 2608 2878 inter
2634 2834 2688 2877 et
2720 2840 2816 2878 nos
2846 2824 2933 2892 qui
2966 2839 2995 2877 e
3025 2823 3160 2876 vivis
3187 2822 3424 2876 excessi-

1858 2927 1999 2974 mus,
2033 2914 2356 2966 concilietur
2381 2930 2508 2981 pax,
2542 2925 2595 2966 et
2632 2916 2682 2966 in
2729 2914 3069 2967 concordiam
3099 2910 3422 2965 reducantur

1863 3011 2129 3056 extrema.
2160 3003 2325 3069 Quem
2354 3005 2404 3058 in
2441 3004 2598 3057 ﬁnem
2627 3019 2720 3057 nos
2756 3019 2861 3057 uno
2893 3005 2976 3057 die
3007 3004 3268 3071 conjunge
3299 3020 3310 3053 :
3345 3012 3420 3065 et.

1857 3095 2310 3162 quemadmodum
2346 3104 2398 3149 te
2443 3096 2598 3150 decet
2628 3139 2642 3163 ,
2686 3097 2823 3150 diem
2858 3096 3006 3150 illum
3046 3095 3198 3150 nobis
3228 3096 3419 3149 festum

169 3191 372 3260 τηρίαν
435 3189 864 3260 συμπράξοιμεν·
895 3191 1156 3260 δοκοῦμεν
1212 3192 1317 3262 γάρ
1370 3209 1418 3244 τι
1467 3193 1558 3245 καὶ
1599 3193 1749 3261 ἡμεῖς

1862 3203 2117 3243 consecra
2158 3229 2172 3254 ,
2215 3188 2395 3257 itaque
2457 3190 2680 3242 ostende
2733 3205 2828 3242 nos
2862 3203 3042 3242 coram
3100 3187 3207 3242 Deo
3258 3203 3420 3240 unum

171 3281 323 3348 ἔχειν
358 3282 506 3350 παρὰ
558 3281 633 3351 τῷ
667 3282 805 3351 Θεῷ,
862 3282 1043 3334 Ταῦτα
1079 3283 1320 3344 εἰπόντες
1362 3282 1538 3345 ἔδοξαν
1597 3280 1748 3345 αὖθις

171 3373 260 3433 εἰς
294 3371 554 3441 οὐρανοὺς
584 3373 903 3435 ἁνατττάναι,
932 3373 1066 3442 φωτὶ
1090 3374 1300 3444 ἀπείρῳ
1326 3374 1748 3444 καταλαμπόμε-

173 3478 280 3524 νοι,
315 3462 408 3514 καὶ
430 3462 686 3532 ὀνομαστὶ
715 3463 974 3533 ἀλλήλους
1015 3463 1492 3535 μετακαλούμενοι.

1861 3293 2002 3333 esse.
2039 3275 2147 3331 Nos
2174 3287 2358 3330 autem
2390 3274 2549 3330 simul
2571 3275 2818 3329 dabimus
2850 3291 3061 3329 onmem
3092 3288 3329 3342 operam,
3367 3282 3424 3323 ut

1859 3370 2082 3438 hujusce
2138 3371 2214 3425 rei
2275 3371 2587 3426 memoriam
2657 3368 2980 3422 celebraturi
3045 3365 3312 3434 accipiant
3358 3367 3423 3418 ad

1863 3471 2119 3516 :rternatn
2165 3463 2391 3518 salutem
2430 3464 2669 3518 subsidia
2699 3482 2711 3518 :
2745 3463 2987 3517 videmur
3019 3462 3182 3515 etiam
3239 3471 3292 3512 et
3328 3474 3424 3512 nos

174 3567 341 3620 posse
377 3553 575 3622 aliquid
615 3561 752 3625 apud
786 3555 972 3613 Demn.
1007 3558 1099 3612 His
1152 3559 1307 3612 dictis
1354 3560 1450 3611 visi
1495 3566 1619 3612 sunt
1663 3556 1857 3611 iterum
1910 3556 2198 3610 subvolare
2253 3558 2301 3609 in
2356 3558 2574 3623 malum,
2607 3560 2771 3611 multa
2832 3558 2947 3611 luce
2999 3556 3332 3620 circumfusi,
3369 3563 3423 3609 et

179 3649 322 3702 alter
367 3648 592 3701 alterum
639 3666 735 3705 suo
767 3667 1033 3721 quemque
1064 3653 1278 3706 nomine
1311 3654 1714 3720 compellantes.

263 3760 320 3812 '0
381 3760 436 3813 δὲ
483 3761 621 3826 Θεῖος
661 3766 865 3828 ἐκεῖνος
930 3765 1087 3836 ἀνὴρ,
1147 3766 1175 3816 6
1226 3765 1497 3836 Εὐχαῐτῶν
1556 3764 1752 3836 δηλαδὴ

188 3851 467 3922 Ἰωάννης,
503 3855 683 3917 καθὼς
708 3858 754 3908 οἱ
787 3859 967 3925 ’Ἅγιοι
1009 3861 1366 3930 εἰσηγήσαντο
1405 3859 1747 3931 διεπράξατοο

180 3947 238 3998 τό
272 3963 334 3997 τε
389 3946 592 4015 πλῆθος
645 3948 738 4000 καὶ
793 3953 915 4012 τοὺς
961 3952 1347 4014 στασιάζοντας
1402 3952 1753 4014 καταστείλας

177 4039 376 4106 (ὶδόκει
404 4040 497 4091 καὶ
525 4041 632 4110 γὰρ
668 4041 935 4112 ὲπ⁹ἀρετῇ
969 4043 1248 4112 διαϐόητος
1272 4047 1298 4096 6
1332 4047 1486 4115 ἀνὴρ)
1510 4047 1606 4116 τὴν
1637 4047 1754 4115 ἐορ-

175 4130 274 4199 τὴν
307 4128 513 4199 ταύτην
561 4131 840 4202 παρέδωκε
873 4135 936 4204 τῇ
987 4135 1277 4207 Ἐκκλησία
1304 4137 1576 4206 ἑορτάζειν
1610 4140 1746 4210 Θεῷ.

179 4223 290 4275 Καὶ
324 4222 425 4291 ὅρα
451 4239 536 4292 μοι
565 4225 623 4276 τὸ
653 4225 906 4297 φρόνημα
939 4226 1031 4280 τοῦ
1057 4229 1266 4300 ἀνδρός.
1315 4231 1465 4283 Ἐπεὶ
1493 4232 1599 4303 γὰρ
1623 4226 1748 4303 εὗρε

177 4314 269 4365 τὸν
307 4314 630 4386 Ἰανουάριον
656 4318 816 4386 μῆνα,
843 4321 967 4382 τοὺς
996 4323 1140 4391 τρεῖς
1172 4320 1358 4391 ἔχοντα
1383 4324 1620 4387 τούτους,
1650 4343 1747 4377 και

178 4406 243 4459 τὰ
299 4405 400 4476 μὲν
430 4406 525 4474 τὴν
564 4407 784 4478 πρώτην
832 4411 923 4461 τὸν
966 4413 1137 4480 μεγαν
1174 4414 1467 4479 Βασίλειον,
1503 4417 1640 4469 κατὰ
1693 4417 1748 4470 δὲ

1928 3760 2165 3831 Surgens
2217 3777 2346 3832 ergo
2389 3763 2471 3816 vir
2504 3762 2588 3818 ille
2625 3764 2858 3829 divinus,
2885 3763 3137 3816 uuuirum
3197 3762 3425 3815 Euchai-

1860 3857 2266 3909 tarumantistes
2315 3854 2566 3921 Joannes,
2625 3856 2747 3910 fecit
2786 3865 2842 3909 ut
2891 3865 3174 3910 suaserunt
3225 3855 3418 3909 sancti.

1858 3947 2141 4017 Postquam
2187 3961 2364 4004 autem
2415 3951 2606 4020 vulgus
2664 3951 3001 4020 partiumque
3054 3958 3276 4003 conatus
3339 3963 3422 4000 re—

1860 4053 2127 4110 presserat
2163 4042 2300 4103 (erat
2326 4043 2466 4098 enim
2493 4044 2616 4098 huic
2651 4044 2765 4097 viro
2793 4061 2886 4112 per
2925 4043 3174 4096 virtutem
3231 4039 3419 4093 conci-

1860 4135 1983 4188 liata
2020 4152 2228 4189 summa
2265 4134 2578 4207 auctoritas)
2610 4179 2624 4202 ,
2659 4147 3010 4189 memoratum
3043 4135 3236 4188 festum
3281 4134 3419 4187 diem

1861 4225 1911 4278 in
1945 4227 2182 4282 Ecclesia
2224 4230 2314 4283 Dei
2343 4234 2608 4299 agendum
2646 4235 2914 4300 praecepit.
2946 4230 3119 4287 Atque
3162 4242 3289 4280 ecce
3325 4225 3420 4278 viri

1862 4320 2230 4384 prudentiam.
2265 4320 2400 4373 Cum
2432 4322 2526 4374 hos
2560 4331 2671 4375 tres
2694 4320 3162 4373 animadvertisset
3185 4317 3288 4371 coli
3318 4333 3423 4368 uno

1858 4417 1912 4458 et
1939 4409 2124 4461 eodem
2153 4427 2336 4465 mense
2371 4412 2648 4476 Januario,
2675 4412 2922 4480 Magnum
2957 4410 3209 4463 Basiliam
3230 4409 3420 4477 prima,

176 4497 272 4567 τὴν
307 4497 556 4567 εἰκοστὴν
602 4498 856 4570 πέμπτην
886 4502 977 4553 τὸν
1009 4502 1148 4556 Θεῖον
1177 4505 1490 4576 Γρηγόριον,
1528 4509 1666 4562 κατὰ
1693 4511 1748 4562 δὲ

1858 4496 2098 4550 divinum
2134 4498 2450 4569 Gregorium
2490 4503 2674 4570 quinta
2730 4514 2782 4556 et
2834 4502 3084 4556 vicesima
3111 4543 3124 4566 ,
3166 4517 3228 4555 ac
3277 4501 3420 4552 vice-

175 4590 273 4659 τὴν
308 4588 558 4658 εἰκοστὴν
585 4589 815 4663 ἑϐδόμην
843 4593 930 4644 τὸν
961 4593 1099 4647 Οεῖον
1131 4597 1530 4668 Χρυσόστομον,
1551 4601 1750 4670 συνῆψε

181 4677 344 4730 πάλιν
375 4677 569 4741 αὐτοὺς
601 4679 867 4753 κατὰδτὴν
900 4687 1246 4756 τριακοστὴν,
1282 4690 1467 4741 κανόσι
1508 4692 1598 4743 καὶ
1626 4709 1750 4761 τρο-

179 4769 400 4839 παρίοις
428 4771 522 4823 καί
563 4772 855 4841 ἐγκωμίοις
896 4776 1238 4845 καταστέψας
1256 4778 1330 4842 ὠς
1355 4781 1630 4850 προσῆκεν
1664 4785 1752 4836 αὐ-

177 4863 307 4923 τοῖς·
349 4860 382 4912 ἃ
406 4863 498 4914 καὶ
525 4863 700 4916 νεύσει
732 4865 929 4930 αὐτῶν,
966 4867 1040 4930 ὡς
1084 4864 1257 4939 οἶμαι,
1287 4873 1566 4939 γεγονότα,
1602 4875 1748 4928 οὐδε-

179 4950 264 5013 νὸς
296 4949 571 5004 λείπονται
598 4954 706 5007 τῶν
744 4957 822 5019 είς
853 4955 1096 5024 ἔπαινον,
1122 4961 1196 5023 ὡς
1227 4965 1318 5015 καὶ
1354 4966 1748 5041 πάντωνὺπερ-

180 5038 390 5091 κεῖσθαι
427 5040 536 5093 τῶν
561 5043 658 5096 ὅσα
691 5062 750 5098 τε
795 5045 853 5111 ἐξ
877 5049 1083 5103 ἐκείνου
1111 5052 1378 5120 γεγόνασι,
1416 5057 1504 5108 καὶ
1535 5057 1634 5111 ὅσα
1662 5038 1750 5126 γε·

180 5135 454 5201 νήσονται.

244 5417 429 5476 Ἦσαν
464 5425 518 5477 δὲ
576 5428 675 5493 τὴν
715 5428 859 5484 θέσιν
909 5433 1000 5484 τοῦ
1061 5434 1309 5506 σώματος
1343 5438 1434 5489 καὶ
1474 5439 1571 5510 τὴν
1623 5457 1749 5512 μορ-

182 5513 279 5583 φὴν
327 5516 378 5566 οἱ
427 5516 608 5585 ’Ἅγιοι
661 5514 803 5574 οὗτοι
853 5522 1064 5592 ἔχοντες
1106 5527 1293 5589 οὕτως.
1359 5529 1415 5581 '0
1455 5531 1551 5598 μὲν
1609 5529 1747 5596 Θεῖος

184 5604 582 5680 Χρυσόστομος,
620 5614 718 5683 τὴν
756 5615 895 5668 ἰδέαν
919 5617 1008 5669 τοῦ
1037 5618 1386 5691 σώματος,ἦν
1425 5623 1624 5694 βραχὺς
1650 5626 1750 5679 πά-

183 5713 237 5749 νυ
261 5700 361 5769 τὴν
393 5702 627 5771 ἡλικίαν,
652 5708 892 5778 μεγάλην
925 5709 1162 5782 κεφαλὴν
1186 5715 1292 5774 τοῖς
1309 5712 1476 5783 ὤμοις
1511 5716 1745 5786 αἰωρῶν,

191 5788 328 5857 Ιχνὸς
381 5794 460 5855 είς
516 5796 575 5848 τὸ
619 5797 1022 5869 ἀκριϐέστατον,
1080 5805 1373 5875 ὲπίρριτος,
1425 5809 1584 5878 εὑρτλς
1626 5812 1746 5872 τοὺς

1858 4590 1996 4641 siina
2030 4591 2258 4657 septima
2300 4593 2540 4645 divinum
2575 4594 3034 4665 Chrysostomum,
3066 4597 3282 4650 eosdem
3304 4607 3426 4647 con-

1855 4679 2034 4745 junxit
2064 4683 2250 4736 iterata
2285 4684 2538 4738 colendos
2590 4688 2675 4739 die
2707 4687 2999 4739 tricesima.
3041 4684 3224 4754 Neque
3284 4702 3422 4752 pra:-

1866 4774 2102 4828 termisit
2166 4793 2259 4830 eos
2313 4776 2505 4831 debitis
2561 4793 2754 4832 ornare
2797 4779 3114 4844 canonibns,
3170 4778 3422 4832 modulis-

1855 4883 1957 4935 que
2004 4885 2068 4923 ac
2123 4872 2440 4938 praeconiis;
2483 4873 2533 4924 in
2571 4874 2786 4940 quibus,
2827 4883 3008 4939 utpote
3064 4887 3166 4924 non
3207 4872 3324 4923 sine
3357 4872 3422 4922 il-

1853 4958 2024 5014 lorum
2085 4963 2165 5031 (ut
2200 4978 2297 5031 ego
2326 4963 2540 5030 quidem
2591 4963 2863 5030 exiStimo)
2911 4977 3130 5017 assensu
3160 4962 3424 5030 composi-

1868 5054 1976 5116 tis,
2039 5053 2166 5105 nihil
2231 5055 2294 5106 ad
2357 5053 2718 5109 laudationem
2783 5055 3076 5108 desiderari
3139 5054 3418 5122 reperias;

1858 5157 2025 5210 usque
2077 5144 2211 5195 adeo
2267 5153 2322 5194 ut
2379 5153 2634 5212 superent
2687 5144 2938 5212 quidquid
2992 5143 3042 5195 in
3101 5142 3202 5196 isto
3255 5157 3420 5210 gene-

1867 5247 1923 5284 re
1965 5233 2166 5287 editum
2207 5243 2285 5287 est
2349 5249 2516 5303 usque
2564 5236 2735 5288 adhuc
2765 5275 2779 5296 ,
2815 5246 2868 5288 et
2896 5235 2948 5288 in
2989 5242 3262 5303 posterum
3292 5232 3418 5286 ede-

1855 5335 1957 5377 tur.

1926 5441 2005 5493 Ad
2063 5440 2501 5494 constitutionem
2575 5443 2820 5510 corporis
2887 5454 2948 5492 ac
3008 5439 3227 5494 formant
3275 5439 3417 5507 quod

1852 5534 2060 5595 attinet,
2121 5536 2170 5587 bi
2217 5533 2388 5588 sancti
2443 5532 2579 5586 tales
2615 5542 2790 5587 erant.
2824 5533 3045 5586 Divittus
3094 5531 3417 5601 Clirysostu-

1858 5642 1997 5687 mus,
2040 5628 2216 5695 quoad
2250 5626 2480 5693 speciem
2514 5625 2780 5694 corporis,
2802 5635 2918 5678 erat
2946 5626 3231 5677 admodum
3272 5623 3418 5674 brevi

1857 5729 2087 5780 Statura,
2119 5735 2313 5787 magno
2342 5720 2587 5788 elatoque
2624 5720 2820 5787 capite,
2862 5734 3065 5771 suunna
3097 5716 3419 5786 gracilitate,

1862 5809 2005 5876 justo
2035 5827 2190 5875 naso,
2223 5813 2468 5866 diductus
2499 5829 2602 5866 non
2638 5813 2887 5867 indecore
2913 5813 3151 5875 naribus,
3185 5808 3420 5878 pallidis-
