4060 6316
1376 331 1602 387 CANON
1643 329 1730 384 DE
1770 330 1825 384 S.
1866 329 2148 389 BASILIO.
3141 351 3372 396 cccxcut

129 437 289 505 ἡμῶν,
356 441 450 494 καὶ
514 441 730 496 πάντων
780 447 886 498 τῶν
918 446 1106 514 ἁγίων,
1144 447 1239 511 τὰς
1283 451 1390 502 τῶν
1432 453 1689 523 αἱρέσεων

1800 452 2032 518 catione,
2073 453 2287 508 Christe
2365 454 2502 512 Deus
2552 467 2756 521 noster,
2813 457 3076 513 bwi'esum
3145 457 3373 512 insolen-

126 532 513 596 ἐπαναστάσεις
564 539 855 601 κατάϐαλε,
902 540 994 593 καὶ
1034 542 1180 612 ἡμᾶς
1222 542 1280 593 ὲν
1330 545 1548 614 ὁμονοίᾳ
1602 543 1694 597 καὶ

122 627 361 695 εἰρηνικῇ
402 634 730 684 καταστάσει
781 633 1126 703 διαφύλαξον,
1182 637 1276 688 καὶ
1316 635 1415 704 τῆς
1440 637 1692 708 οὐρανίου

124 735 207 769 σου
238 717 520 784 βασιλείας
543 723 794 792 ἀξίωσον,
822 727 902 780 ὅτι
930 727 1217 798 εὐλογητὸς
1246 722 1296 780 εἴ
1323 731 1400 792 εἰς
1429 731 1552 792 τοὺς
1569 729 1694 782 αἰῶ-

122 823 207 867 νας
228 806 334 860 τῶν
361 812 595 865 αἰώνων.
640 816 825 886 Ἀμήν.

1801 545 1928 597 tiam
1970 558 2279 613 compesce,
2303 553 2357 600 et
2387 561 2489 602 nos
2529 549 2582 605 in
2635 549 2925 606 concordia
2967 560 3126 619 atque
3152 549 3202 603 in
3229 549 3370 616 paci-

1799 635 1896 689 lica
1953 637 2344 703 tranquillitate
2401 643 2649 710 Custodi,
2697 659 2759 699 ac
2813 641 3020 698 cmleSti
3061 651 3154 696 tuo
3204 654 3373 711 regno

1800 729 2052 795 dignare,
2089 743 2210 783 cum
2246 732 2320 786 sis
2355 732 2672 790 benedictus
2717 737 2767 791 in
2800 733 2995 793 saecula
3024 733 3368 790 surculorum.

1797 817 1988 872 Amen.

1465 1085 1834 1145 ΔΝΝΟΤΛΤΑ
1863 1091 1922 1146 D.
1951 1091 2012 1147 P.

182 1355 401 1424 Triplici
459 1356 546 1412 isti
593 1359 700 1427 jam
758 1360 1043 1428 propositae
1116 1357 1462 1427 descriptioni
1503 1353 1690 1409 formze

124 1448 484 1518 cujuscunque
510 1489 524 1509 .
557 1467 620 1504 co
662 1450 794 1502 forte
829 1464 935 1519 quo
982 1463 1040 1503 se
1081 1451 1494 1518 conspiciendos
1518 1447 1690 1503 sancti

122 1539 372 1593 dederunt
429 1540 602 1604 vultu,
667 1541 954 1608 respondet
1018 1541 1070 1594 in
1112 1539 1324 1596 Menmis
1393 1543 1693 1598 communis

123 1630 225 1684 llazc
254 1632 500 1684 omnium
532 1641 584 1684 et
615 1630 817 1684 Grmcis
853 1631 1154 1686 notissima.

1797 1359 1870 1421 vi,
1907 1354 2210 1424 superciliis
2253 1355 2496 1411 incurvis
2523 1396 2537 1421 ,
2572 1357 2737 1411 oarba
2767 1357 3055 1426 promissa,
3103 1356 3367 1413 mediocri

1798 1449 2018 1512 canitie,
2063 1448 2298 1504 maxillis
2358 1448 2644 1520 oblongis,
2694 1451 2850 1519 genis
2883 1467 3074 1520 parum
3116 1449 3370 1521 turgenti—

1805 1545 1941 1606 bus;
1995 1552 2296 1609 temporum
2344 1543 2666 1596 concavitas
2715 1541 3061 1609 c0gitabuudi
3111 1551 3274 1606 erat,
3314 1548 3371 1596 ut

1795 1650 1914 1691 esse
1971 1633 2264 1705 plurimum
2320 1633 2455 1688 solet
2514 1647 2724 1702 eorum,
2769 1632 2864 1705 qui
2901 1633 3040 1688 intra
3069 1648 3127 1689 se
3157 1631 3370 1691 collecti

192 1747 371 1799 Solius
405 1744 618 1813 Basilii,
660 1745 911 1816 Gregorii
940 1748 1199 1816 Theologi
1228 1789 1242 1813 ,
1275 1757 1437 1814 atque
1461 1745 1690 1815 Chryso-
1721 1767 1766 1822 Β
1796 1737 1939 1781 5m"-

126 1840 339 1890 sostomi
368 1837 520 1900 icon,
553 1853 650 1893 suo
679 1839 940 1910 cujusque
968 1842 1053 1894 die
1091 1842 1141 1894 iu
1173 1839 1439 1894 Januario
1471 1852 1689 1890 eorum-

126 1929 234 1978 dem
267 1926 604 1983 Nemeorum
643 1931 932 1999 reperitur,
965 1933 1058 1986 sed
1083 1948 1203 1986 cum
1234 1928 1690 2002 descriptionibus

125 2019 299 2073 hirtum
333 2021 819 2086 contractioribus,
854 2039 989 2090 quas
1017 2023 1407 2092 descriptiones
1435 2021 1568 2077 nihil
1600 2031 1683 2076 at-

128 2115 246 2166 tinet
279 2114 362 2166 hic
395 2114 626 2168 referre.
661 2114 763 2167 Pro
792 2128 852 2167 ea
895 2124 1073 2168 tamen
1107 2129 1225 2183 qua:
1267 2114 1524 2167 Basiliam
1555 2131 1680 2183 pro-

124 2207 258 2263 nmiit
292 2206 310 2259 1
352 2205 628 2269 Januarii,
661 2207 843 2275 accipe
876 2207 1291 2275 descriptionem
1318 2206 1566 2269 alteram,
1596 2207 1690 2259 sed

124 2298 288 2352 verbis
328 2300 509 2368 magis
540 2313 699 2364 quam
741 2299 1006 2352 sententia
1039 2299 1332 2362 diversam,
1365 2295 1576 2365 qualem
1624 2311 1687 2350 ex

127 2406 217 2446 ms.
256 2388 518 2445 Vaticano
563 2390 768 2459 accepit
821 2389 1010 2444 Petrus
1052 2390 1240 2444 Frison
1294 2388 1688 2442 Basilianorum

128 2496 335 2547 operum
369 2483 696 2546 illustratur,
722 2484 771 2535 in
803 2480 1038 2537 editione
1061 2482 1350 2537 Parisiensi
1373 2482 1500 2536 anui
1531 2481 1687 2536 1618.

130 2574 209 2626 Sic
235 2585 413 2626 autem
453 2575 528 2625 ibi
561 2574 772 2642 legitur.

203 2684 256 2735 '0
307 2685 364 2737 ἐν
411 2683 618 2752 Ἀγίοις
652 2684 925 2746 Βασίλειος
990 2682 1276 2751 ἐπώνυμος
1321 2683 1531 2750 Μέγας,
1567 2700 1692 2754 προσ

128 2779 293 2846 μήκης
334 2794 394 2828 τε
444 2777 510 2828 τὸ
575 2775 731 2847 σῶμα
783 2778 870 2831 καὶ
905 2774 1084 2839 εὐθὺς,
1129 2775 1227 2845 sip
1283 2777 1380 2845 μὲν
1424 2775 1693 2846 ξηρότητα

123 2869 268 2937 ἔχων,
298 2868 356 2921 τὸ
391 2869 449 2921 δὲ
486 2868 684 2941 χρῶμα
721 2869 906 2940 μέλαν,
949 2871 1040 2923 καὶ
1078 2868 1382 2945 ὠχρότητα,
1425 2869 1517 2922 καὶ
1545 2869 1691 2939 βαδί-

127 2979 311 3028 σματος
343 2958 502 3033 ἦθος,
541 2963 718 3032 ὅροιος
760 2963 977 3031 ἐγένετο
1024 2962 1120 3034 τὴν
1165 2965 1308 3033 ῥῖνα,
1339 2963 1436 3026 τὰς
1475 2962 1691 3025 κύκλιος

123 3049 297 3120 ἐσρῦς,
330 3052 660 3122 καθιέμενος
685 3053 774 3104 τὸν
800 3051 1055 3120 πώγωνα,
1084 3053 1319 3124 μετρίως
1347 3053 1534 3116 πολιὰς
1561 3055 1690 3106 ἀπ’

126 3112 308 3210 φίοων.
331 3112 676 3215 παραμήκηξ
714 3144 781 3197 τὰ
820 3112 1062 3218 βλέφαρα
1084 3112 1424 3216 ολιὲκόχοϐεν,
1455 3112 1529 3198 τὺ-
1564 3145 1690 3216 περὶ
1717 3112 1764 3174 C

125 3234 377 3302 κροτάφου
401 3234 670 3306 κοίλωμα,
697 3235 919 3300 σύννους
951 3253 1010 3288 τε
1035 3236 1111 3299 ὡς
1141 3236 1209 3289 τὰ
1226 3235 1416 3300 πολλὰ,
1447 3237 1538 3290 καὶ
1561 3237 1692 3290 εἴσω

128 3327 476 3398 συνεστηκώς.
517 3329 608 3383 rS.
646 3329 898 3394 Basilius,
921 3341 1278 3401 cognomento
1311 3337 1551 3398 Magnus,
1575 3340 1688 3384 sta-

127 3428 231 3471 Iura
255 3433 517 3488 procerus
548 3432 664 3476 erat
699 3431 749 3476 et
782 3433 988 3486 rectus,
1021 3437 1247 3492 corpore
1291 3421 1462 3484 arido,
1501 3421 1683 3478 colore

127 3509 410 3577 nigricante
429 3522 486 3567 et
509 3514 991 3584 pallido,ingressu
1021 3515 1304 3570 moderato
1353 3529 1487 3570 naso
1517 3514 1682 3568 decli-

1865 1861 2014 1918 llanc
2062 1862 2502 1933 descriptionem,
2529 1878 2593 1916 ex
2652 1878 2751 1918 ms.
2784 1861 3046 1918 Vaticano
3093 1872 3370 1932 acceptam

1794 1951 1984 2008 Petrus
2061 1953 2252 2009 Frison
2317 1954 2679 2026 praelaudatus
2740 1956 3021 2024 supposuit
3087 1952 3370 2012 vetustiori

1793 2046 1964 2104 solius
2008 2043 2192 2101 Basilii
2235 2047 2374 2101 ieoni
2406 2087 2421 2110 ,
2473 2057 2701 2118 sumptae
2734 2062 2800 2101 ex
2848 2056 3158 2116 pervetusto
3205 2046 3370 2119 Regis

1791 2136 2246 2194 Cbristianissimi
2286 2138 2492 2198 codice,
2534 2143 2623 2206 qui
2681 2136 2864 2210 (sicuti
2902 2138 3202 2209 ascriptum
3229 2137 3369 2209 legi-

1793 2234 1901 2300 tur)
1929 2232 2142 2286 oblatus
2179 2229 2278 2284 fuit
2305 2228 2503 2284 Basilio
2525 2229 2822 2296 Macedoni,
2858 2231 3141 2301 imperium
3179 2229 3368 2288 Orien-

1801 2322 1867 2377 tis
1903 2323 2095 2393 adepto
2127 2327 2227 2379 sub
2277 2341 2474 2379 annum
2513 2339 2829 2378 ncccuxvn
2864 2366 2879 2390 ,
2913 2325 3152 2394 illudque
3183 2325 3368 2384 mode-

1797 2421 1914 2466 rato
1969 2428 2139 2484 usque
2182 2414 2246 2468 ad
2273 2431 2471 2469 annum
2528 2429 2752 2470 uxm.
2790 2413 2886 2466 Est
2924 2429 3052 2484 ergo
3101 2415 3368 2483 ejusmodi

1797 2505 1962 2572 icon,
1992 2521 2055 2560 ea
2109 2520 2269 2574 quam
2328 2505 2612 2559 retulimus
2661 2504 3003 2575 apparitione
3066 2505 3363 2575 antiquior,

1797 2598 2007 2652 duobus
2048 2607 2108 2652 ut
2135 2595 2413 2651 minimum
2445 2596 2668 2666 integris
2715 2598 2958 2662 saaculis;
2994 2597 3088 2652 sed
3120 2614 3185 2651 an
3240 2597 3361 2652 ideo

1795 2691 1960 2743 etiam
1992 2691 2162 2761 magis
2214 2700 2408 2745 exacta
2465 2691 2530 2744 ad
2566 2690 2891 2743 veritatem?
2947 2690 3060 2744 Non
3090 2690 3366 2747 existimo.

1801 2781 1896 2835 Vix
1950 2782 2092 2836 enim
2157 2784 2413 2838 credibile
2459 2793 2580 2848 est,
2618 2795 2887 2854 sumptam
2921 2799 3042 2839 esse
3094 2799 3158 2838 ex
3191 2783 3368 2853 aliqua

1797 2889 1916 2945 qua:
1959 2873 2124 2928 fuerit
2159 2876 2224 2928 ad
2256 2878 2485 2929 viventis
2519 2877 2721 2928 vultum
2763 2891 3042 2946 expressa.
3073 2874 3130 2930 Si
3184 2884 3367 2929 autem

1801 2966 1960 3018 trium
1998 2963 2225 3019 istorum
2279 2963 2510 3017 formam
2569 2965 2648 3018 sic
2696 2967 2964 3032 expressit
3019 2965 3134 3018 suis
3189 2962 3368 3018 verbis

1794 3055 2028 3120 Joannes
2057 3055 2343 3119 Eucliaita,
2386 3055 2599 3124 qualem
2632 3064 2993 3124 conspexerat
3047 3054 3098 3108 in
3136 3055 3367 3121 visione,

1799 3151 2130 3218 lirmiterque
2156 3165 2232 3203 ea:
2255 3164 2373 3218 qua:
2397 3147 2553 3220 vulgo
2583 3147 3048 3201 circumferuntur
3073 3148 3281 3212 icoues,
3311 3156 3367 3202 et

1797 3241 1848 3293 in
1885 3239 2098 3294 Memeis
2124 3243 2558 3310 conspiciuntur,
2596 3242 2820 3310 propius
2854 3240 3120 3310 attingere
3167 3242 3366 3293 verita-

1797 3342 1920 3386 tem.
1958 3332 2165 3386 Placuit
2199 3334 2438 3397 interim,
2468 3341 2524 3388 et
2571 3333 2730 3386 trium
2773 3332 2998 3386 istorum
3031 3345 3098 3386 ex
3129 3329 3366 3398 Mena-is,

1793 3435 1846 3480 et
1872 3425 2030 3479 unius
2069 3423 2249 3478 Basilii
2285 3425 2552 3495 propriam
2586 3439 2653 3479 ex
2682 3423 2866 3479 codice
2897 3421 3067 3494 Regio
3111 3433 3364 3493 spectan-

1795 3518 1916 3574 dam
1952 3518 2015 3573 da
2024 3532 2101 3572 re.

639 4034 919 4102 CANON
970 4035 1082 4098 DE
1127 4035 1198 4100 S.
1242 4033 1581 4099 BASILIO
1623 4033 1736 4096 AD
1777 4032 2000 4094 DIEM
2054 4027 2408 4093 PRIMUM
2445 4024 2850 4090 JANUARII

1509 4291 1604 4346 EX
1642 4287 1942 4345 MENAEIS.

773 4718 906 4777 ΩΔΗ
924 4721 1004 4779 Δ’.

182 4853 274 4907 Σοῦ
306 4857 402 4928 τὴν
439 4858 628 4930 φωνὴν
681 4853 787 4911 ἔδει
812 4859 1081 4930 παρεῖναι,
1133 4859 1402 4922 Βασίλειε,
1448 4860 1559 4921 τοῖς
1583 4857 1676 4925 ἑγ-

121 4947 326 5014 κωμίοις
379 4965 495 5001 σουο
542 4948 699 5014 ἀλλὰ,
750 4949 952 5020 Πάτερ,
1009 4950 1337 5021 συγγνώμην
1379 4948 1671 5019 διδόμενος,

119 5041 202 5112 τὴν
228 5044 379 5114 χάριν
407 5045 596 5114 νέμοις
621 5041 863 5112 ἀσθόνως
891 5043 1041 5114 ἡμῖν.

179 5179 245 5231 Τὸ
282 5179 526 5250 ἐμπαθὲς
585 5177 864 5250 σκίρτωμα
902 5177 999 5247 τῆς
1045 5177 1411 5248 τυραννούσης
1453 5178 1674 5248 σαρκὸς.

119 5272 409 5341 φιλοσοφίας
465 5273 631 5344 ἔρωτι
659 5269 1126 5340 ἐπαιδαγώγησας·
1171 5269 1250 5323 διὸ
1280 5271 1338 5322 ὲν
1381 5271 1677 5334 ἀκτράτοις

119 5363 304 5428 αὖλίζει
330 5364 646 5434 βασιλείοις,
681 5362 860 5434 Πάτερ
883 5363 1146 5416 Βασίλειε.

176 5479 286 5530 Τῶν
310 5481 520 5551 ἀρετῶν
558 5479 623 5532 σὺ
643 5479 739 5548 τὴν
767 5479 1022 5550 τραχεῖαν
1045 5477 1265 5548 βαδίσας
1293 5476 1425 5540 ὁδὸν,
1461 5478 1552 5529 ἐπὶ
1575 5478 1673 5549 τὴν

124 5569 244 5623 λείαν
274 5573 511 5642 ἔφθασας
543 5571 639 5625 καὶ
682 5573 1036 5624 ἀστασίαστον
1080 5572 1176 5640 τὴν
1209 5571 1460 5642 οὐράνιον
1497 5569 1670 5634 Βάσιν,

124 5664 196 5714 ιαὶ
220 5667 375 5717 πᾶσιν
399 5664 724 5734 ἀναδείχθης
752 5665 937 5726 τύπος,
964 5663 1225 5715 Βασίλειε.

179 5775 248 5828 Τὰ
285 5779 378 5846 τῆς
429 5778 611 5850 ψυχῆς
668 5777 811 5846 πάθη
871 5779 1187 5852 χρησίμως,
1248 5777 1511 5843 Βασίλειε,
1553 5777 1668 5848 ἅμα

2459 4717 2600 4781 ODE
2644 4718 2685 4778 I.

1854 4856 1983 4914 Tuis
2013 4858 2260 4912 laudibus
2283 4869 2382 4924 par
2400 4852 2541 4910 foret
2567 4853 2804 4927 linguam
2834 4863 2979 4912 tuam
3013 4857 3227 4922 adesse,
3259 4855 3356 4913 Ba-

1783 4951 1864 5005 sili
1889 4970 1902 5016 ;
1938 4966 2145 5014 verum,
2169 4949 2352 5010 Pater.
2382 4950 2588 5004 veniam
2625 4950 2932 5020 indulgens,
2964 4950 3194 5021 gratiam
3223 4952 3353 5008 abs-

1782 5057 1886 5111 que
1922 5041 2120 5096 iuvidia
2159 5042 2314 5096 nobis
2349 5041 2556 5096 confer.

1849 5177 2203 5233 Passionibus
2256 5178 2544 5231 obnoxium
2610 5175 2795 5229 carnis
2861 5175 3118 5244 impetum
3168 5189 3352 5230 amore

1778 5270 2134 5339 philosophiae
2197 5268 2527 5340 castigavisti
2571 5287 2584 5321 :
2621 5277 2899 5336 propterea
2956 5267 3350 5321 incontamina-

1787 5373 1891 5439 tam
1921 5363 2130 5418 habitas
2172 5363 2396 5432 regiam,
2427 5360 2590 5415 Pater
2621 5357 2806 5413 Basili.

1849 5479 2080 5532 Arduam
2105 5479 2363 5531 virtutum
2421 5477 2695 5546 ingressus
2746 5473 2889 5527 viam
2916 5515 2930 5538 ,
2968 5473 3034 5525 ad
3065 5473 3236 5528 levem
3286 5481 3342 5527 et

1779 5570 2223 5639 imperturbatam
2264 5570 2316 5623 in
2347 5569 2503 5623 caalis
2534 5565 3235 5635 ascendisti;amnibusque
3264 5564 3344 5618 fa-

1775 5673 1893 5716 ctus
1927 5678 1984 5716 es
2016 5679 2223 5726 norma,
2254 5662 2438 5716 Basili.

1847 5775 1946 5829 l’as
1967 5776 2152 5831 siones
2178 5775 2366 5841 animi,
2404 5775 2563 5830 simul
2597 5785 2649 5831 et
2678 5775 2923 5844 corporis
2955 5773 3131 5842 gladio
3167 5770 3343 5842 Spirio
