4098 6326
635 280 856 320 εςειοιν

2006 273 2530 330 PROLEGOHENA.

645 390 730 434 tua
763 380 962 450 optime
1016 380 1426 439 circumcidisti.
1460 383 1654 449 Basili;
1708 395 1861 455 teque
1891 386 2061 455 ipsum
2101 387 2204 441 Do-

2331 393 2404 444 :a‘t
2436 393 2501 442 τὰ
2530 389 2619 441 τοῦ
2657 387 2901 458 σώματος
2953 388 3007 437 ὲν
3047 384 3119 455 τῷ
3154 383 3243 436 τοῦ
3279 386 3602 456 Πνεύματος
3647 388 3902 452 περιέτε-

632 471 781 526 mino
810 470 1050 526 obtulisti
1074 470 1424 527 sacrilicinm.

711 660 913 719 Factus
957 664 1305 721 ineffabilium
1353 685 1672 726 arcanorum
1703 683 1922 743 tnysles,
1959 692 1991 730 ο
2021 676 2203 741 Basili,

637 759 1104 811 consecrationem
1141 760 1367 829 adeptus
1394 776 1474 825 es,
1521 760 1720 828 Pater;
1755 774 1809 820 et
1834 767 1989 822 nobis
2025 769 2200 822 lumen

638 845 925 903 Trinitatis
965 850 1321 907 tuanifestasti

1267 1052 1402 1111 ODE
1445 1054 1507 1109 ΙΙΙ
1539 1054 1626 1124 (al.

709 1255 864 1311 Omni
909 1254 1146 1324 repletus
1173 1255 1480 1324 disciplina,
1519 1270 1624 1307 non
1650 1268 1821 1309 solum
1848 1253 1990 1309 humi
2017 1265 2203 1322 repen-

641 1359 695 1403 te
717 1359 884 1418 atque
915 1347 1196 1416 calcanda,
1237 1351 1328 1402 sed
1360 1349 1521 1402 etiam
1556 1348 1724 1404 multo
1761 1347 2208 1413 meliort,mundo

640 1441 822 1494 lnnten
857 1439 1158 1511 prazbuisti,
1193 1455 1226 1494 ο
1259 1439 1446 1495 Basili.

713 1550 930 1607 Timore
991 1553 1204 1608 Domini
1234 1554 1586 1608 confirmatus
1636 1551 1872 1623 (initium
1923 1551 2066 1605 enim
2124 1549 2214 1603 ille

642 1653 728 1698 est
751 1642 1052 1714 sapientiae)
1107 1644 1223 1697 alas
1255 1643 1484 1711 patioris
1530 1641 1813 1705 sapientia:
1846 1639 2209 1710 assumpsisti,

641 1753 675 1791 0
706 1735 889 1791 Basili.

712 1845 896 1903 Palam
952 1861 1176 1902 exorsus
1236 1849 1302 1900 ab
1352 1847 1588 1912 actione,
1620 1847 1687 1901 ab
1717 1847 1818 1901 hac
1870 1847 2094 1917 gradum
2149 1848 2216 1901 ad

643 1941 1156 2012 contemplatiOnetn
1213 1939 1532 1994 diviniorem
1566 1938 1744 1994 facere
1785 1954 1883 1993 nos
1929 1939 2063 1993 doce
2100 1977 2113 2003 ,
2164 1948 2217 1992 et

644 2047 853 2096 eorum,
891 2049 1011 2101 qua:
1043 2047 1170 2086 vere
1215 2030 1350 2085 bona
1399 2041 1525 2085 sunt
1573 2030 1878 2099 cognitione
1935 2030 2214 2084 manifesta

646 2135 746 2177 nos
779 2122 976 2176 imbue.

719 2233 852 2289 Cum
884 2231 1085 2288 Christi
1120 2233 1280 2287 natali
1325 2234 1487 2302 fulget
1512 2243 1566 2288 et
1597 2233 1870 2288 concurrit
1897 2245 2196 2288 commento

652 2328 792 2382 ratio
825 2337 937 2394 tua,
975 2325 1154 2391 Pater,
1183 2327 1274 2396 qui
1312 2330 1627 2397 mysterium
1676 2323 1944 2382 ineffabile
1991 2336 2078 2382 tua
2123 2343 2218 2382 tta-

647 2418 732 2474 bis
767 2418 1014 2474 doctrina
1048 2419 1362 2474 manifestas

1306 2595 1442 2652 ODE
1489 2595 1576 2649 IV.

721 2776 877 2833 Sicut
935 2776 1219 2842 Ecclesia,
1278 2775 1477 2832 Christi
1526 2791 1762 2846 sponsa.
1818 2788 2043 2832 ornatur
2107 2781 2222 2846 ejus

651 2869 933 2925 nativitate
965 2909 980 2935 ,
1025 2869 1097 2924 ita
1127 2911 1144 2937 ,
1199 2880 1286 2923 tua
1329 2871 1884 2933 commemoratione,
1945 2887 1977 2925 ο
2027 2872 2222 2926 beatis-

650 2973 808 3017 sune.

2314 501 2410 554 μες
2469 481 2626 550 ξίφειο
2664 481 2856 535 σαυτὸν
2889 479 2945 530 δὲ
2990 478 3066 550 τῷ
3105 478 3347 547 Δεσπότῃ
3407 478 3557 547 θῦμα
3593 481 3904 549 προσήνεγ-

2311 593 2429 637 κας.

2381 689 2450 740 Σὺ
2485 686 2720 754 γεγονὼς
2780 685 2989 754 μύστης
3035 684 3306 755 ἀρρήτων,
3351 682 3625 745 Βασίλειε,
3652 689 3902 750 ὲμυστα-

2311 778 2567 847 γώγησας
2604 778 2917 846 ἱεράτευμα,
2973 773 3172 844 Πάτερ,
3212 773 3398 842 σαφῶς
3434 771 3494 822 τὸ
3533 773 3634 842 τῆς
3666 771 3904 842 τριάδος

2314 869 2428 939 φῶς
2460 868 2817 937 ἀπαστράψας
2855 868 2887 934 ἡ
2898 868 3005 935 μῐν.

2981 1041 3109 1093 mu
3135 1039 3204 1093 Γ.

2388 1257 2640 1319 Παιδείας
2671 1255 2907 1324 γεγονὼς
2937 1259 3151 1328 ἀπάσης
3176 1255 3428 1326 ἐμπλεος,
3469 1259 3530 1309 οὐ
3568 1257 3729 1327 μόνον
3801 1257 3908 1324 τῆς

2317 1352 2465 1404 κάτω
2497 1353 2591 1405 καὶ
2623 1351 2982 1422 πατουμένης,
3041 1352 3215 1423 πολλῷ
3248 1353 3302 1406 δὲ
3336 1353 3538 1422 μᾶλλον
3576 1353 3672 1420 τῆς
3701 1355 3903 1422 κρείτ-

2312 1457 2482 1503 τονος,
2535 1440 2850 1511 ἀναδείχθης
2905 1441 2982 1512 τῷ
3013 1444 3198 1514 κόσμῳ
3230 1442 3361 1510 φῶς,
3407 1441 3648 1495 Basilus

2384 1553 2474 1623 Τῷ
2507 1555 2656 1625 φόϐῳ
2688 1554 2781 1606 τοῦ
2846 1554 3050 1625 Κυρίου
3103 1556 3550 1626 στοιχειούμενος,
3605 1553 3753 1625 ἀρχὴ
3793 1555 3907 1624 γὰρ

2319 1645 2510 1713 σοφίας
2541 1639 2693 1710 οὗτος
2736 1645 2988 1716 ὑπάρχει,
3018 1649 3083 1716 τῇ
3124 1647 3272 1715 φιλίᾳ
3301 1646 3396 1714 τῆς
3431 1647 3704 1717 ἀμείνονος
3737 1649 3911 1698 ὲπτε-

2247 1739 2287 1793 Β
2319 1738 2495 1808 ρώθης
2527 1741 2734 1808 σοφίας,
2762 1733 2805 1791 ὦ
2839 1736 3102 1790 Βασίλειε.

2389 1847 2655 1910 Βασίλειε,
2690 1849 2864 1918 σοφῶς
2903 1846 3104 1915 ἐπέϐης
3144 1845 3389 1916 πράξεως
3419 1849 3510 1898 καὶ
3544 1850 3746 1918 πρᾶξιν
3781 1851 3912 1902 ἐπι-

2319 1952 2475 1992 οασιν
2521 1938 2752 2012 θεωρίας
2787 1939 3056 2010 θειοτέρας
3089 1939 3382 2004 ἐπέδειξες,
3426 1939 3518 1990 καὶ
3567 1940 3672 1992 τῶν
3724 1943 3910 1994 ὄντων

2318 2033 2415 2102 τὴν
2449 2031 2645 2100 γνῶσιν
2676 2033 2917 2104 ἐμυήθης
2941 2031 3122 2099 sagati);

2393 2233 2700 2305 Συνέδραμε
2727 2233 2962 2304 Χριστοῦ
2983 2233 3076 2284 καὶ
3094 2231 3489 2301 συνεξέλαμψεν
3508 2233 3542 2303 ἡ
3567 2234 3760 2303 μνήμη
3785 2250 3909 2295 σου,

2322 2325 2523 2394 Πάτερ,
2583 2328 2692 2387 τοῖς
2727 2322 3036 2392 γενεθλίοις,
3067 2317 3140 2375 ὧν
3183 2322 3244 2374 τὸ
3272 2325 3550 2394 ἄφραστον
3597 2326 3914 2395 μυστήριον

2321 2420 2438 2479 ταῖς
2472 2419 2588 2479 σαῖς
2620 2415 2984 2478 διδασκαλίαις
3016 2414 3351 2488 φανέρωσας.

2989 2596 3123 2651 ΩΔΗ
3149 2592 3226 2651 Δ’.

2401 2780 2832 2845 Καλλωπίζεται,
2887 2779 3073 2851 ὥσπερ
3097 2780 3175 2848 τῷ
3202 2777 3346 2846 τόκῳ
3386 2775 3647 2847 Χριστοῦ,
3687 2775 3719 2846 ἠ
3772 2775 3917 2845 νύμ-

2325 2888 2398 2940 φη
2445 2869 2759 2940 Ἐκκλησία,
2822 2869 2962 2922 οὔτω
3021 2870 3113 2923 καὶ
3145 2871 3211 2940 τῇ
3264 2869 3453 2940 μνήμῃ
3493 2884 3610 2932 σου,
3668 2882 3916 2935 παμμα-

2326 2962 2568 3032 κάριστε.

722 3076 977 3132 Graviter
1027 3078 1410 3132 demonstrans
1465 3091 1586 3131 esse
1646 3074 1993 3150 [Christum]
2025 3076 2217 3131 Filium

2398 3076 2796 3147 Σεμνυνόμενος
2840 3076 3026 3128 τέκνον
3076 3075 3332 3145 ὑπάρχων
3376 3072 3533 3134 Θεοῦ,
3572 3071 3807 3141 θεότητα
3835 3075 3919 3136 είς

653 3162 791 3230 Dei,
825 3162 1075 3234 religiose
1109 3165 1404 3219 distinxisti
1443 3166 1774 3220 divinitatem
1815 3183 1843 3218 a
1882 3178 2157 3231 creatura,
2186 3183 2220 3222 ο

655 3253 842 3310 Basili.

731 3371 825 3425 Det
872 3386 977 3426 non
1025 3368 1294 3442 abiectum
1325 3369 1747 3425 commilitonem
1795 3379 1844 3424 te
1894 3373 2178 3426 05tcndisti
2207 3412 2224 3438 ,

659 3463 844 3527 Basili,
869 3463 1089 3533 quando
1118 3473 1169 3518 te
1200 3462 1627 3535 omnibusjuxta
1659 3463 1970 3518 mandatum
2003 3462 2119 3533 ejus
2143 3465 2229 3519 in-

656 3555 912 3609 feriorem
942 3554 1245 3609 credidisti.

731 3669 1027 3732 Ecclesiam
1075 3668 1170 3724 Dei
1220 3669 1343 3723 forti
1395 3669 1820 3726 circumvallasti
1853 3689 2027 3738 muro,
2073 3675 2234 3729 Basili

665 3759 1001 3816 beatissime.

743 3873 835 3928 Dei
868 3872 1117 3928 hostibus
1151 3874 1299 3929 fuisti
1325 3883 1476 3928 acuta
1506 3875 1772 3944 bipennis,
1802 3887 1855 3930 et
1887 3877 2026 3947 ignis
2053 3878 2238 3934 dissol-

660 3979 794 4020 vens
817 3979 1004 4020 eorum
1033 3964 1302 4031 fraudem,
1325 3965 1486 4021 Pater
1513 3968 1696 4023 Basili.

1340 4161 1478 4218 ODE
1517 4166 1580 4219 V.

738 4342 908 4399 llodie
964 4343 1074 4412 agit
1134 4341 1376 4397 Ecclesia
1437 4341 1629 4396 lestum
1665 4355 1789 4394 vere
1842 4340 2078 4408 duplex,
2124 4341 2244 4396 Cir-

2332 3168 2506 3222 κτίσιν
2545 3168 2803 3234 εὐσεϐῶς,
2835 3168 3102 3225 Βασίλειε.
3129 3167 3187 3220 οὐ
3217 3167 3547 3236 κατήγαγες.

2415 3372 2808 3433 Ἀταπείνωτος
2853 3369 3038 3438 ὤφθης
3072 3368 3395 3440 συμμαχῶν,
3432 3367 3702 3434 Basilus,
3734 3366 3919 3419 ἄπεισι

2332 3461 2411 3534 τῷ
2443 3463 2606 3516 αὑτοῦ
2632 3462 3008 3534 προστάγματι
3037 3461 3479 3532 ταπεινούμενος.

2405 3660 2482 3730 Τῇ
2537 3658 2832 3730 Ἐκκλησία
2856 3658 3082 3711 δέδωσαι
3116 3655 3263 3727 παρά
3291 3654 3424 3707 Θεοῦ
3457 3652 3795 3724 χαράκωμα,
3825 3656 3922 3707 καὶ

2336 3753 2510 3820 τεῖχος
2533 3750 2745 3820 ὀχυρὸν,
2778 3747 3021 3800 Βασίλειε
3051 3744 3496 3814 παμμακάριστε.

2409 3864 2532 3926 Τοῖς
2571 3861 2834 3923 ἀντιθέοις
2887 3861 3112 3923 πέλεκυς
3138 3858 3460 3920 ὲκκοπτικδς
3507 3873 3602 3908 και
3636 3854 3746 3924 πῦρ
3783 3871 3922 3909 κατα

2342 3954 2626 4010 ἀναλίσκον
2659 3956 2754 4025 τὴν
2794 3953 3007 4024 ἀπάτην
3038 3950 3243 4021 ὤφθης,
3296 3951 3477 4003 Πάτερ
3503 3948 3750 4001 Basilus

2997 4150 3130 4202 ΩΔΗ
3171 4149 3246 4203 E'.

2419 4332 2572 4398 Ἀγει
2623 4331 2814 4399 διπλῆν
2862 4328 3136 4400 ἀληθῶςή
3181 4326 3474 4395 Ἐκκλησία
3506 4325 3695 4394 ἑορτὴν
3744 4329 3924 4394 σήμε-

668 4436 1062 4494 cumcisionem
1087 4435 1295 4491 scilicet
1326 4433 1564 4496 Domini,
1613 4431 1830 4502 quando
1865 4431 1915 4485 in
1951 4442 2091 4486 terra
2147 4448 2226 4501 ap-

2347 4441 2438 4494 ρον
2470 4463 2483 4486 ,
2544 4423 2840 4492 περιτομῆς
2909 4421 2983 4484 ὡς
3061 4420 3254 4489 βρέσος
3325 4416 3594 4468 Δεσπότου
3664 4415 3926 4484 ὀφθέντος

670 4527 850 4600 paruit
876 4527 1081 4595 infans,
1118 4535 1174 4582 et
1209 4525 1524 4582 memoriam
1556 4521 1698 4578 servi
1754 4521 2016 4590 sapientis
2070 4537 2131 4576 ac
2160 4533 2243 4576 ter

668 4622 835 4676 beati.

741 4732 944 4787 Lumen
967 4730 1509 4799 incomprehensibile
1538 4733 1588 4785 in
1613 4741 1684 4797 te,
1706 4743 1910 4793 sancte,
1938 4728 2241 4798 requiesce-

674 4839 734 4878 re
760 4863 776 4884 ,
800 4824 909 4878 imo
940 4836 1061 4877 esse
1115 4832 1168 4875 te
1215 4821 1516 4889 lampadem
1546 4863 1561 4886 ,
1588 4837 1706 4892 quae
1732 4821 2000 4875 illuminat
2033 4821 2242 4884 orbem,

679 4915 915 4971 ostendit
961 4913 1232 4970 Christus.
1277 4912 1402 4968 ldeo
1464 4923 1634 4981 tuam,
1680 4912 1872 4977 Basili,
1913 4911 2245 4967 celebramus

675 5011 1013 5068 memoriam.
1498 5022 1501 5023 '

746 5122 861 5178 Non
926 5122 1200 5191 legislator
1231 5120 1477 5192 Moyses,
1511 5135 1614 5173 non
1661 5130 1792 5174 ante
1831 5121 2002 5188 legem
2051 5117 2247 5188 Joscph

696 5217 797 5270 iuit
843 5216 1166 5270 distributor
1204 5214 1318 5280 ejus
1376 5227 1494 5281 quae
1541 5229 1604 5266 ex
1643 5223 1693 5266 te
1734 5213 1891 5265 datur
1919 5227 2057 5267 esca:
2095 5230 2106 5264 :
2142 5213 2251 5280 ipse

675 5309 820 5363 enim
858 5306 1006 5360 fuisti
1038 5305 1217 5360 carnis
1247 5304 1443 5358 divina:
1474 5313 1765 5356 comestor.

750 5416 1002 5471 Universi
1048 5431 1237 5470 nov.nn
1273 5416 1606 5468 nativitatem
1656 5415 1708 5466 in
1744 5422 1925 5468 monte
1952 5415 2078 5467 Sina
2128 5413 2255 5468 sub-

678 5511 907 5566 obscure
949 5511 1232 5580 lignratam
1281 5509 1473 5579 Moysi,
1514 5519 1568 5562 ut
1604 5508 1992 5575 interpretatus
2023 5521 2102 5572 es,
2134 5507 2257 5562 bea-

761 5715 835 5785 (a)
865 5714 958 5770 Sic
985 5713 1124 5784 apud
1159 5711 1404 5768 Bolland.
1457 5711 1611 5766 Dccst
1648 5724 1796 5764 num.
1837 5708 1891 5762 2.

2347 4515 2440 4566 ἐπὶ
2497 4514 2625 4582 γῆς,
2689 4513 2780 4565 καὶ
2830 4512 3045 4581 μνήμην
3093 4509 3308 4562 οἰκέτου
3351 4506 3513 4575 σοφοῦ
3562 4508 3656 4560 καὶ
3690 4510 3928 4581 τρισμά-

2343 4621 2412 4657 κα
2422 4621 2528 4675 ρος.

2415 4717 2487 4770 Τὸ
2547 4715 2927 4784 ἀκατάληπτον
2986 4714 3101 4782 φῶς
3157 4709 3613 4780 ἀναπαυσάμενος
3687 4712 3745 4761 ὲν
3809 4712 3922 4764 σοι.

2345 4811 2488 4872 am,
2550 4807 2879 4878 φωτιστικὴν
2938 4804 3196 4876 λαμπάδα
3252 4801 3329 4874 τῷ
3400 4803 3594 4872 κόσμῳ
3644 4819 3706 4854 σε
3759 4801 3925 4864 ἔδειξε

2346 4901 2610 4973 Χριστόςθ
2666 4899 2748 4952 διό
2801 4916 2890 4951 σου
2954 4898 3052 4966 τὴν
3109 4897 3322 4968 μνήμην
3385 4893 3702 4964 ὑμνῶμεν,
3766 4895 3927 4948 Βασί-

2348 4995 2475 5048 λειε.

2419 5108 2493 5161 Οὑ
2536 5107 2827 5176 νομοθέτης
2863 5105 3080 5172 Μωσῆς,
3113 5104 3171 5155 οὐ
3227 5101 3330 5171 πρὸ
3365 5101 3458 5154 τοῦ
3506 5118 3674 5170 νομου
3746 5103 3925 5169 ιωσὴφ

2349 5201 2540 5271 γέγονε
2574 5200 2672 5269 τῆς
2729 5199 2869 5250 κατὰ
2915 5197 2971 5248 σὲ
3015 5183 3220 5267 τροφῆς
3267 5193 3615 5264 σιτομέτρης·
3646 5195 3749 5263 τῆς
3781 5193 3927 5253 θείας

2351 5297 2458 5364 γὰρ
2493 5293 2690 5364 σαρκὸς
2723 5290 2881 5352 αὐτὸς
2923 5289 3186 5358 ἑστιάτωρ
3225 5286 3487 5356 ἐδείχθης,
3524 5285 3796 5337 Βασίλειε.

2426 5404 2538 5474 Τὴν
2573 5402 2662 5455 τοῦ
2724 5401 2921 5461 παντὸς
2963 5399 3208 5470 ἀμυδρὰν
3265 5397 3643 5468 ἱστορηθεῖσαν
3695 5396 3754 5446 ὲν
3799 5392 3928 5446 Σινεῑ

2358 5496 2606 5567 γέννησιν
2667 5492 2740 5563 τῷ
2789 5493 2976 5547 Μωσεῖ
3041 5490 3201 5554 αὐτὸς
3253 5489 3598 5562 ἑρμηνεύων,
3655 5489 3722 5541 ὲκ
3771 5485 3928 5538 θείων
