4098 6326
1375 396 1599 451 (ΖᾹΝΟΝ
1640 396 1729 451 DE
1765 396 1821 452 S.
1860 395 2147 452 BASlLlO.

1143 514 1451 585 παμμάκαρ
1540 514 1703 567 Βασί-

1815 514 2015 568 tissime
2062 512 2266 575 Basili,
2301 526 2365 567 ex
2415 511 2616 567 divinis
2669 510 2939 567 thesauris
2967 524 3085 567 eam
3123 512 3379 567 omnibus

115 515 420 591 ϐησαυοῶν
493 516 803 580 ἀνάπτυξας
873 517 1002 569 πᾶσι
1042 555 1057 579 ,

118 616 261 668 Acts.

802 760 933 812 οΔιι
962 762 1051 826 εῖν.

201 917 479 987 Ἐθρεψας
513 916 655 987 λιμῴ
686 917 947 978 τακείσας
979 915 1156 986 ψυχὰς
1190 917 1405 971 πάντων
1438 919 1703 987 ἀφθόνως,

126 1011 230 1063 καὶ
263 1011 361 1073 τὰς
398 1009 505 1062 τῶν
540 1008 844 1061 πεινώντων
900 1009 1125 1079 καρδίας
1170 1011 1349 1082 πάσης
1384 1010 1703 1081 ἐνέπλησας,

130 1101 405 1164 Βασίλειε,
443 1101 626 1171 Θεῖκῆς
658 1100 1012 1171 εὐφροσύνης.

212 1213 481 1283 Ἐθρεψας
538 1214 711 1283 ψυχὰς
757 1213 1027 1278 πεινὼσας
1074 1220 1246 1287 τροφῇ
1282 1220 1345 1287 τῇ
1380 1219 1705 1291 ἐπουρανίῳ

130 1306 299 1375 ἄρτος
330 1305 437 1375 γὰρ
470 1304 573 1355 τῶν
597 1303 842 1371 ἀγγέλων
887 1305 1119 1374 ὑπάρχει
1151 1308 1178 1358 ὁ
1205 1305 1381 1373 λόγος,
1440 1307 1705 1371 Βασίλειε,

133 1392 195 1449 οὗ
224 1399 443 1468 ἀριστος
470 1396 741 1464 σιτοδότης
766 1397 973 1463 ἐγένου,

209 1511 502 1581 Ἠϐροισας
530 1508 606 1578 τῷ
634 1509 733 1577 τῆς
772 1508 1051 1579 μελίσσης,
1088 1512 1356 1575 Βασίλειε,
1404 1512 1707 1583 φιλοπόνως

137 1602 339 1676 ἀρετῆς
374 1602 583 1670 ἀπάσης
618 1602 677 1654 τὸ
728 1603 904 1665 ἄνθος,
947 1603 1041 1657 καὶ¹
1090 1604 1391 1675 περιδέξιος
1423 1605 1711 1677 γενόμενος

137 1697 193 1746 ὲν
233 1696 422 1756 αὐταῖς
460 1694 771 1765 μακαρίζει.

214 1806 518 1869 Ἐσπευσας
568 1808 770 1877 κόσμον
814 1810 1063 1879 ῥαγῆναι,
1102 1811 1192 1863 καὶ
1231 1810 1349 1878 Θεῷ
1394 1811 1712 1881 συμϐιοτεῦι

139 1914 247 1951 σαι·
284 1898 367 1951 διὸ
396 1902 505 1961 τοῖς
532 1900 783 1965 ἀστάτοις
811 1903 903 1953 καὶ
938 1904 1201 1971 ῥευστοίς,
1236 1903 1418 1973 Πάτερ
1442 1880 1707 1969 Βασίλεῖε,

138 1991 204 2044 τὰ
233 1992 462 2061 μένοντα
484 1993 557 2045 ὠς
594 1994 754 2049 σοφὸς
788 1994 1125 2065 κατεκτήσω.

813 2190 945 2244 ΩΔΗ
977 2191 1048 2245 Z'.

209 2370 387 2426 Εἱκὼν
444 2369 537 2423 τοῦ
589 2370 904 2442 Πνεύματος
955 2373 982 2425 ὁ
1032 2373 1179 2441 Υἱὸς,
1223 2375 1316 2427 καὶ
1345 2374 1436 2427 τοῦ
1475 2375 1603 2428 Υίοῦ
1652 2377 1712 2429 τὸ

135 2465 385 2533 Πνεῦμα,
420 2463 479 2514 σὺ
503 2462 559 2515 δὲ
582 2464 673 2517 τοῦ
724 2465 1057 2536 Πνεύματος,
1096 2466 1357 2531 Βασίλειε,
1386 2467 1713 2537 ἀκη).ίδωτον

136 2559 448 2625 ἔσωπτρον,
504 2552 649 2621 οἶκος
704 2558 761 2611 δὲ
818 2559 917 2627 τῆς
977 2559 1103 2629 ὅλης
1161 2560 1404 2629 Τριάδος·
1471 2560 1713 2630 μακαρία

136 2651 169 2719 ἡ
220 2650 410 2720 μνήμη
466 2666 582 2713 σου,
643 2652 733 2704 καὶ
786 2655 834 2704 οἱ
870 2652 1177 2718 δοξάζοντες
1218 2653 1386 2723 αὐτὴν
1442 2650 1712 2716 ἀντιδοξά-

135 2740 343 2805 ζονται.

208 2858 443 2921 Βυθίσας
482 2858 569 2911 τὸν
601 2859 721 2912 νοῦν
751 2860 829 2922 είς
853 2859 920 2911 τὰ
950 2858 1084 2929 βάθη
1110 2858 1202 2911 τοῦ
1242 2858 1375 2911 Θεοῦ
1414 2858 1480 2911 τὰ
1517 2860 1714 2913 ἀκατά-

134 2952 339 3021 ληπτα,
384 2950 768 3019 συλλεξάμενος
801 2950 856 3002 δὲ
883 2951 971 3002 τὸν
1006 2950 1295 3018 πολύτιμον
1342 2951 1405 3002 σὺ
1446 2951 1713 3021 μαργαρί-

134 3060 234 3112 την
260 3043 361 3112 τῆς
389 3041 654 3110 γνώσεως,
682 3041 1000 3102 ὲπλούτισας
1029 3040 1118 3091 τὸν
1145 3042 1344 3107 κόσμον
1372 3041 1581 3108 σοφίας,
1618 3041 1712 3094 καὶ

136 3135 474 3208 κραυγάζειν
508 3135 765 3196 ἐδίδαξας
803 3133 1106 3202 Εύλογητὸς
1138 3134 1166 3184 ὁ
1211 3132 1342 3196 Θεὸς
1381 3132 1490 3185 τῶν
1544 3133 1709 3187 πατέ-

139 3245 249 3297 ρων
271 3227 303 3293 ἡ
314 3226 443 3294 μῶν.

206 3330 280 3385 Ὠ
310 3333 579 3402 σύμπνοια
633 3334 723 3386 νοῦ
757 3336 875 3406 ἱερά
912 3354 970 3389 τε
1008 3336 1257 3409 ξυνωρὶς,
1315 3341 1346 3408 ἡ
1383 3338 1568 3411 ὥσπερ
1610 3339 1713 3411 μία

138 3426 283 3498 {rem
314 3426 370 3477 ἐν
394 3424 513 3477 δυσὶ
553 3424 795 3496 σώμασιν
829 3428 1157 3499 ἀδιαίρετος,
1194 3431 1249 3482 ὲν
1286 3430 1570 3501 Γρηγορίῳ
1610 3430 1714 3483 Βα-

139 3519 361 3580 σίλειος,
399 3516 545 3586 πόθῳ
594 3516 756 3586 θεῖκῷ
792 3520 1143 3588 σδνημμένοι,
1183 3521 1240 3572 ὲν
1274 3519 1536 3590 Βασιλείῳ
1572 3519 1713 3591 Γρη-

139 3619 345 3683 γοριος·
418 3609 510 3660 νῦν
573 3610 882 3661 ἱκετεύσατε
944 3611 1177 3663 Χοιστὸν
1237 3612 1374 3681 ὑπὲρ
1429 3612 1526 3683 τῆς
1589 3611 1713 3664 ποί-

142 3717 303 3769 μνης-

210 3812 402 3882 Πατὴρ
422 3812 691 3882 ὀρφανῶν,
717 3812 808 3863 καὶ
825 3813 1005 3882 χηρῶν
1023 3828 1163 3883 προσ.
1172 3812 1421 3884 σπιστὴς,
1449 3814 1542 3866 καὶ
1562 3815 1718 3868 πλοῦ-

140 3921 229 3967 τος
266 3902 481 3973 πένησι,
501 3902 607 3954 τῶν
633 3903 999 3957 ἀσθενούντων
1026 3908 1059 3976 ἡ
1102 3904 1447 3977 παράκλησις
1481 3906 1577 3958 καὶ
1608 3908 1715 3960 τῶν

140 3998 470 4049 πλοιούντων
523 3995 866 4066 κυϐέρνησις,
899 4000 1101 4069 γήρους
1142 3998 1411 4069 βακτηρία
1452 3998 1714 4071 ὲδείχθης,

143 4089 486 4155 παιδαγωγία
513 4088 778 4157 νεότητος,
806 4089 899 4140 καὶ⁹
928 4090 1266 4158 μοναξόντων
1294 4092 1495 4163 ἀρετῆς
1510 4093 1709 4161 κανὼν,

144 4179 411 4233 Βασίλειε.

806 4361 935 4413 ΩΔΗ
969 4362 1051 4415 H'.

3172 408 3372 453 (τοίην

1812 607 2110 660 recludens.

2454 757 2589 814 ODE
2623 758 2711 814 Vl.

1878 910 2101 964 Animas
2133 924 2451 980 pauperum,
2475 911 2815 967 tabescentes
2839 913 3003 977 fame,
3028 912 3147 968 sine
3171 912 3373 968 invidia

1811 1002 2104 1067 nutrivisti,
2134 1012 2188 1055 et
2218 1002 2573 1057 esurientium
2599 1004 2781 1069 corda,
2810 1003 3163 1069 Basili,omni
3196 1005 3374 1059 divina

1811 1092 2100 1162 prudentia
2132 1094 2445 1163 implevisti.

1883 1205 2103 1260 Animas
2136 1206 2439 1261 esurientes
2472 1206 2748 1260 nutrivisti
2804 1206 3010 1262 cmlesti
3070 1207 3374 1263 alimento:

1816 1313 1939 1351 nam
1997 1299 2149 1367 panis
2190 1299 2499 1369 angelorum
2525 1337 2540 1364 ,
2573 1314 2605 1353 υ
2636 1298 2828 1365 Basili,
2854 1306 2939 1357 est
2982 1313 3185 1363 sermo,
3226 1298 3381 1370 cuius

1812 1405 1935 1445 eras
1967 1391 2193 1461 largitor
2218 1392 2475 1461 optimus.

1883 1502 2037 1557 Sicut
2094 1502 2211 1572 apis
2250 1543 2265 1569 ,
2321 1502 2534 1569 Basili,
2590 1517 2818 1573 operose
2863 1502 3129 1574 collegisti
3189 1502 3374 1559 ﬂorem

1812 1597 1987 1650 omnis
2036 1594 2252 1651 virtutis
2278 1633 2295 1661 ,
2324 1604 2379 1651 et
2428 1602 2488 1649 ut
2522 1597 2741 1666 sapiens
2780 1611 2877 1667 per
2926 1611 3043 1652 eam
3099 1597 3378 1655 beatiﬁca—

1814 1702 1908 1740 1³13.

1886 1799 2211 1855 AcceleraSti
2240 1798 2479 1856 abscindi
2520 1815 2548 1855 a
2583 1801 2787 1856 nmndo
2830 1813 2885 1857 et
2928 1801 3035 1857 Deo
3064 1804 3262 1858 vivere.
3296 1802 3382 1858 Id—

1814 1894 1962 1948 circo
1987 1908 2083 1963 pro
2112 1893 2271 1947 rebus
2293 1892 2637 1947 instabilibus
2668 1908 2731 1948 ac
2754 1894 2913 1948 ﬂuxis
2941 1934 2956 1959 ,
2983 1892 3143 1949 Pater
3165 1892 3209 1947 Β
3228 1893 3376 1959 asili,

1813 1993 2013 2037 aeterna
2040 1982 2313 2053 sapienter
2341 1994 2670 2039 consecutus
2709 1998 2790 2041 es.

2460 2176 2597 2235 ODE
2626 2178 2736 2235 VII.

1886 2371 2051 2411 rtims
2105 2368 2280 2424 Imago
2328 2362 2410 2408 est
2444 2352 2701 2424 Spiritus,
2744 2362 2800 2409 et
2849 2353 3086 2425 Spiritus
3112 2354 3277 2424 Filii;
3325 2368 3381 2413 tu

1815 2463 1965 2511 vero,
2001 2444 2188 2509 Basili,
2217 2444 2453 2513 Spiritus
2508 2444 2909 2501 immaculatum
2964 2446 3240 2517 speculum
3268 2486 3284 2512 ,
3328 2458 3385 2504 et

1818 2539 2181 2593 habitaculum
2216 2538 2384 2591 totius
2419 2534 2729 2592 Trinitatis.
2756 2537 2920 2593 Beata
2951 2548 3037 2594 est
3072 2539 3146 2595 tui
3175 2554 3383 2596 memo-

1817 2631 1917 2694 ria,
1953 2640 2016 2683 et
2063 2628 2151 2696 qui
2204 2642 2321 2679 cam
2354 2626 2619 2693 recolunt,
2673 2628 2943 2697 recipiunt
2994 2631 3385 2685 remuneratio-

1815 2739 1880 2776 IIC
1891 2738 1937 2774 m
1948 2761 1958 2773 .

1886 2833 2115 2889 Mentem
2160 2834 2688 2904 incomprehensibili
2743 2835 3094 2905 profunditati
3156 2837 3381 2891 immer-

1818 2944 1967 2997 gens,
2008 2938 2062 2982 et
2086 2927 2340 2997 colligens
2362 2928 2823 2997 pretiosissimam
2863 2929 3187 2999 cognitionis
3236 2946 3385 2986 mar-

1817 3020 2044 3087 garitam
2074 3059 2087 3082 ,
2120 3020 2459 3088 locupletasti
2506 3021 2689 3075 orbem
2747 3020 3010 3089 sapientia
3034 3061 3052 3087 ,
3081 3030 3136 3077 et
3191 3022 3376 3078 docui-

1815 3112 1882 3163 sti
1924 3110 2200 3165 clamare:
2238 3109 2558 3166 Benedictus
2591 3125 2669 3176 es,
2721 3110 2861 3166 Deus
2889 3121 3105 3182 patrum
3158 3121 3382 3168 nostro—

1760 3218 1779 3260 λ
1817 3218 1953 3255 runt.

1888 3315 1933 3369 Ο
1966 3316 2247 3371 consensio
2278 3314 2574 3369 animorum
2622 3322 2675 3367 et
2724 3322 2909 3368 sancta
2970 3313 3197 3370 societas
3227 3354 3241 3369 .
3277 3330 3382 3385 qua

1818 3406 1961 3460 velut
1984 3422 2122 3461 unus
2149 3415 2201 3460 et
2242 3404 2548 3460 individuus
2600 3404 2651 3459 in
2705 3405 2921 3474 gemino
2950 3419 3178 3476 corpore
3208 3404 3382 3477 Spiri-

1818 3505 1903 3551 tns
1932 3536 1945 3561 ,
1974 3498 2025 3550 in
2058 3495 2324 3567 Gregorio
2361 3494 2593 3551 Basilius
2631 3494 2815 3550 divino
2852 3510 3038 3549 amore
3074 3497 3276 3565 unitus,
3329 3499 3381 3552 in

1816 3589 2018 3644 Basilio
2040 3588 2340 3657 Gregorius
2360 3587 2478 3643 fuit.
2512 3588 2675 3643 Orate
2709 3602 2853 3643 nunc
2882 3602 2979 3658 pro
3010 3602 3174 3659 grege
3196 3598 3381 3645 nostro

1817 3682 2092 3738 Christum

1885 3795 2216 3868 Pupillorum
2251 3803 2427 3865 pater,
2454 3802 2723 3863 protector
2753 3793 3035 3847 viduarum
3060 3833 3075 3858 ,
3108 3792 3383 3863 epulentia

1818 3903 2114 3962 pauperum
2137 3928 2153 3952 ,
2185 3886 2566 3955 agrotautium
2602 3884 2841 3940 solamen
2864 3924 2880 3949 ,
2916 3895 2972 3940 et
3014 3886 3066 3939 in
3108 3886 3210 3941 hoc
3249 3888 3383 3941 mari

1814 3980 2189 4038 ﬂuctuantium
2213 3977 2664 4049 gubernaculum,
2699 3976 2923 4032 baculus
2942 3977 3257 4043 senectutis,
3292 3976 3385 4048 jn-

1814 4073 2053 4128 ventutis
2088 4070 2395 4135 instructio,
2427 4068 2794 4125 solitariorum
2832 4066 3016 4137 regula
3068 4066 3139 4122 ad
3167 4081 3383 4121 onmem

1816 4166 2065 4219 virtutem
2090 4179 2169 4229 es,
2184 4178 2215 4218 ο
2249 4161 2413 4217 Basili

2444 4338 2579 4395 ODE
2607 4336 2738 4392 Vill.

209 4542 312 4593 Τὸν
340 4541 602 4611 ἀφράττῳ
650 4544 872 4615 προνοίᾳ
912 4542 1295 4611 δωρησάμενον
1330 4542 1608 4596 Βασίλειον
1636 4544 1710 4613 τῷ

1885 4560 2141 4617 Ineﬂ‘ahili
2198 4558 2539 4628 providentia
2588 4573 2905 4616 concessum
2960 4575 3157 4615 munoo
3214 4578 3366 4616 oast-

144 4634 354 4703 κὸσμῳ,
400 4633 512 4703 φῶς
549 4634 826 4699 εὐσεϐείας
880 4635 1152 4705 σάλπιγγά
1206 4652 1265 4687 τε
1300 4636 1395 4706 τῆς
1440 4636 1713 4703 θεολογίας

145 4724 460 4795 [ὑμνοῦντες
483 4726 753 4798 λέγομεν]·
786 4729 1090 4797 Εὑλογεῖτε,
1119 4728 1185 4782 τὰ
1205 4729 1341 4801 ἔργα
1373 4730 1465 4782 τοῦ
1484 4731 1708 4803 Κυρίου,

143 4821 227 4873 τὸν
260 4820 487 4891 Κύριον.

212 4939 315 4991 Τὸν
344 4938 556 5007 δαψιλεί
582 4936 829 5008 ἐνεργείᾳ
860 4938 1212 5009 ὲνοικήσαντα
1248 4936 1324 5007 τῷ
1366 4938 1513 5006 cogat?)
1547 4938 1709 4989 Βασι-

144 5031 285 5101 λείῳ,
320 5034 417 5084 καὶ
461 5032 524 5083 δι’
554 5032 717 5085 αὑτοῦ
751 5029 987 5093 εὐσεϐῶς
1024 5030 1431 5101 θεολογηθέντα·
1469 5031 1711 5097 Εὑλογεῖ-

145 5137 217 5177 τε.
248 5124 317 5176 τὰ
341 5123 479 5191 ἔργα
498 5123 589 5175 τοῦ
629 5124 857 5193 Κυρίου,
905 5121 994 5174 τὸν
1030 5122 1251 5194 Κύριον.

216 5236 275 5288 Οἱ
300 5236 413 5287 τῶν
468 5234 621 5289 θείων
672 5253 763 5289 σου
796 5237 966 5304 λόγων
1013 5236 1398 5300 ἀπολαϐόντες,
1434 5237 1707 5302 Βασίλειε,

149 5328 436 5390 ἀπαύστοις
468 5329 523 5378 ἐν
548 5331 611 5399 τῇ
646 5345 737 5379 σου
774 5332 958 5401 μνήμῃ
986 5327 1440 5399 πανηγυρίζοντες
1474 5327 1704 5397 βοῶμεν·

150 5418 451 5489 Εὑλογείτε,
478 5419 543 5471 τὰ
562 5422 695 5491 ἔργα
729 5419 820 5472 τοῦ
854 5422 1077 5492 Κυρίου,
1099 5420 1188 5473 τὸν
1215 5421 1434 5489 Κύριον.

215 5534 321 5597 Τὰς
358 5535 579 5595 ἀκτῖνας
624 5533 730 5585 τῶν
777 5533 947 5600 λόγων
988 5533 1393 5599 ἐξαπέστειλας,
1444 5532 1707 5595 Βασίλειε,

152 5625 221 5693 τῷ
277 5628 488 5697 κόσμῳ,
558 5626 993 5694 φωταγωγούσας
1057 5628 1184 5694 μίαν
1242 5625 1416 5677 σέϐειν
1486 5626 1709 5696 Τριάδος

154 5717 321 5780 φύσιν·
376 5719 682 5785 Εὑλογεῖτε,
740 5718 808 5769 τὰ
857 5717 989 5786 ἔργα
1034 5717 1124 5769 τοῦ
1186 5716 1389 5784 Κυρίου
1467 5718 1555 5769 τὸν
1599 5716 1710 5769 Κύ-

157 5824 276 5866 ριον.

1818 4655 1945 4708 lium
1975 4693 1990 4716 ,
2031 4651 2256 4720 pietatis
2308 4650 2632 4718 lucernam,
2682 4652 2861 4705 tubam
2916 4652 3194 4724 theologia:
3241 4650 3385 4727 [lau-

1815 4747 2001 4800 dantes
2029 4742 2299 4816 dicimus]
2333 4759 2349 4797 :
2381 4742 2711 4808 Benedicite,
2743 4757 2904 4813 opera
2934 4741 3168 4809 Domini,
3199 4745 3383 4800 Domi-

1812 4853 1882 4891 1111
1892 4852 1963 4894 In.

1886 4947 2115 5019 Copiosa
2146 4947 2464 5017 operatione
2514 4948 2903 5004 inbahitantem
2933 4948 3152 5014 Basilio,
3180 4960 3231 5005 et
3264 4952 3380 5021 ipso

1816 5043 2084 5097 mediante
2111 5041 2196 5110 pie
2225 5041 2528 5111 expositum
2552 5060 2565 5096 :
2590 5040 2917 5104 Benedicite,
2944 5055 3102 5110 opera
3141 5040 3380 5109 Domini,

1815 5133 2123 5187 Dominum.

1885 5245 1983 5312 Qui
2016 5244 2209 5302 divinis
2245 5246 2349 5301 tuis
2382 5244 2726 5301 sermonibus
2757 5246 3009 5310 fruimur,
3039 5261 3073 5301 ο
3107 5246 3293 5309 Basili,
3316 5248 3367 5301 in

1818 5336 1889 5388 tui
1928 5338 2239 5389 memoriam
2277 5336 2463 5390 festive
2490 5338 2825 5407 congregati,
2854 5336 3149 5392 clamamus
3172 5353 3187 5391 :
3210 5336 3384 5393 Bene-

1819 5430 2001 5493 dicite,
2024 5446 2185 5499 opera
2216 5430 2447 5494 Domini,
2480 5430 2762 5485 Dominum

1887 5541 2086 5597 Badios
2120 5558 2427 5598 sermonum
2462 5552 2671 5597 tuorum
2710 5542 2907 5596 mundo
2940 5545 3189 5607 emisisti,
3221 5562 3253 5597 ο
3282 5545 3380 5598 Ba-

1812 5633 1919 5698 sili,
1954 5633 2257 5687 illuminans
2288 5648 2432 5697 eum,
2469 5646 2526 5687 ut
2558 5648 2716 5687 unam
2751 5633 2799 5686 in
2830 5632 3093 5688 Trinitate
3124 5647 3372 5690 naturam

1812 5737 2094 5788 venerans,
2121 5726 2295 5779 dicat:
2336 5723 2660 5789 Benedicite,
2700 5738 2859 5791 opera
2915 5724 3148 5788 Domini,
3196 5725 3374 5779 Domi-

1812 5825 1958 5861 num.
