4060 6316
1483 349 1895 360 mm
1935 343 2704 356 Mm-v
2793 341 2856 347 -
2920 330 2955 337 ’ν
3251 338 3315 343 -..

159 360 903 373 ς...
2467 371 2636 377 ..μ’-..-
2659 370 2826 375 _*—__-
2849 370 2866 372 _
2887 368 2932 371 μ’
2957 368 2968 372 -
2989 365 3102 371 'ﬁ—v.‘
3149 365 3278 370 h—V‘wv
3320 372 3325 378 .

437 682 1011 782 MONITUM
1084 680 1233 791 AD
1307 673 1896 771 HOMILIAS
1969 674 2095 765 IN
2170 669 3000 766 HEXAEMERON

205 1341 348 1401 Sunt
374 1346 468 1417 qui
503 1348 812 1404 existiment
836 1346 1093 1404 Basilium
1130 1346 1379 1417 Magnum
1406 1342 1827 1402 commentarios
1853 1346 1904 1398 in
1931 1352 2098 1398 totam
2132 1340 2466 1410 Scripturam
2484 1334 2939 1405 contexuisseU):
2972 1332 3065 1389 sed
3100 1346 3223 1388 curn
3248 1333 3366 1386 hcc

141 1436 321 1503 opinio
350 1438 473 1491 sola
524 1437 829 1493 Cassiodori
883 1440 1207 1494 auctoritate
1234 1439 1461 1503 nitatur,
1492 1452 1556 1491 ea
1589 1440 1653 1492 de
1696 1451 1755 1490 re
1786 1434 2020 1491 dubitari
2052 1448 2211 1503 posse
2239 1432 2570 1487 arbitramur
2591 1470 2605 1495 ,
2652 1426 2952 1498 praesertim
2998 1438 3121 1479 cum
3163 1424 3229 1479 de
3261 1422 3364 1478 hac

137 1528 653 1583 commentariorum
687 1532 822 1585 mole
853 1532 1020 1585 altum
1053 1532 1121 1585 sit
1159 1532 1433 1586 silentium
1465 1530 1603 1599 apud
1630 1528 1984 1599 antiquiores.
2022 1526 2294 1581 Habemus
2328 1525 2623 1581 etiamnum
2650 1520 2899 1577 homilias
2929 1533 3117 1574 novem
3152 1517 3206 1571 in
3229 1531 3364 1585 opus

138 1633 226 1673 sex
260 1619 496 1682 dierum.
534 1623 635 1677 hoc
664 1634 782 1689 est,
820 1628 873 1679 in
910 1625 1291 1687 Hexaemeron,
1326 1622 1602 1678 orationes
1634 1622 1817 1677 decem
1861 1630 1913 1674 et
1954 1631 2158 1687 septem
2207 1620 2261 1673 in
2299 1618 2563 1688 quosdam
2597 1615 2862 1679 Psalmos,
2884 1604 3275 1681 amplissimum
3308 1610 3365 1668 in

140 1710 310 1777 priora
336 1712 613 1767 sexdecim
650 1715 798 1770 Isaiae
828 1719 1004 1785 capita
1038 1715 1511 1771 commentarium.
1550 1712 1728 1767 Pauca
1760 1712 1980 1783 quidem
2017 1710 2134 1765 hazc
2168 1719 2319 1774 sunt,
2344 1710 2388 1764 si
2427 1718 2808 1777 comparentur
2836 1720 2958 1762 cum
2996 1705 3063 1760 iis
3092 1716 3368 1759 commenv

140 1802 288 1856 tariis
311 1804 404 1872 qui
443 1805 575 1859 olim
605 1806 805 1862 Basilio
835 1808 1016 1862 tributi
1062 1808 1211 1863 fuere
1245 1827 1259 1862 :
1289 1808 1383 1863 sed
1423 1815 1600 1859 tamen
1627 1807 1978 1861 nuorumdam
2020 1801 2332 1874 γνησιότης,
2387 1812 2447 1856 ut
2487 1802 2619 1856 mihi
2655 1800 2865 1869 quidem
2890 1798 3118 1859 videtur,
3158 1795 3279 1865 jure
3301 1807 3369 1850 au

146 1896 331 1948 merito
355 1906 607 1965 suspecta
639 1900 803 1953 videri
834 1909 1028 1967 potest.
1061 1901 1134 1955 De
1162 1900 1249 1955 bis
1287 1900 1340 1953 in
1367 1897 1722 1965 Praefatione,
1749 1899 1839 1955 ubi
1874 1899 1939 1955 de
1964 1898 2206 1970 qualibet
2244 1912 2300 1951 re
2332 1910 2430 1949 suo
2458 1895 2649 1949 ordine
2676 1909 2738 1949 ac
2768 1897 2885 1949 loco
2910 1892 3227 1961 disputatur.
3263 1889 3368 1942 Ve-

144 1990 277 2036 teres
305 1994 487 2039 autem
513 1986 697 2053 quanti
742 1985 1102 2043 Hexaemeron
1156 1990 1407 2055 fecerint,
1446 2004 1570 2045 esse
1614 1989 1888 2044 hominem
1920 1990 2010 2059 qui
2053 1990 2265 2058 ignoret
2296 1988 2534 2042 arbitror
2565 1984 2854 2039 neminem.
2904 1983 3031 2051 Ejus
3072 1982 3369 2037 meminere

142 2069 426 2143 Gregorius
457 2076 845 2143 Nazianzenus,
900 2080 1192 2153 Gregorius
1218 2083 1513 2154 Nyssenus,
1563 2083 1941 2155 Hieronymus,
1971 2082 2222 2137 Socrates
2247 2080 2328 2151 (2)
2353 2090 2407 2136 et
2441 2080 2553 2135 alii.
2598 2080 2899 2149 Optandum
2934 2087 3080 2131 certe
3109 2084 3273 2139 esset,
3307 2084 3367 2127 ιιι

143 2162 366 2221 lectores
393 2167 482 2222 his
513 2172 849 2228 orationibus
876 2174 1114 2245 legendis
1147 2176 1219 2229 ita
1248 2178 1403 2231 hodie
1436 2176 1800 2242 adicerentur,
1829 2186 1886 2230 ut
1924 2175 2257 2231 afﬁciebatur
2295 2173 2423 2229 olim
2465 2173 2759 2243 Gregorius
2792 2170 3183 2243 Nazianzenus,
3212 2165 3367 2235 cuius

146 2253 249 2309 hac
268 2267 392 2312 sunt
420 2260 585 2315 verba
620 2281 632 2316 :
668 2264 834 2321 Ὅταν
867 2268 966 2339 τὴν
1004 2266 1369 2337 Ἐεαήμερον
1399 2267 1562 2323 αὐτοῦ
1598 2267 2086 2338 μεταχειρίζωμαι,
2118 2265 2209 2320 καὶ
2240 2266 2326 2320 διὰ
2366 2263 2617 2337 γλώσσης
2640 2265 2809 2338 φέρω,
2847 2262 2984 2335 μετὰ
3012 2260 3104 2314 τοῦ
3131 2259 3367 2315 κτίστου

144 2346 372 2421 γίνομαι,
400 2356 497 2408 καὶ
530 2359 780 2425 γινώσκω
822 2362 1049 2425 κτίσεως
1082 2362 1272 2429 λόγους
1292 2402 1305 2426 ,
1348 2363 1442 2416 καὶ
1483 2361 1746 2433 θαυμάζω
1772 2359 1864 2413 τὸν
1888 2358 2127 2429 Κτίστην
2161 2359 2321 2413 πλέον
2354 2358 2387 2429 ἢ
2430 2359 2712 2430 πρότερον,
2738 2357 2857 2426 ὕψει
2898 2354 3035 2428 μόνῃ
3070 2351 3372 2421 διδασκάλῳ

148 2438 439 2511 κρώμενος.
480 2464 500 2497 r
542 2448 675 2503 Cum
708 2450 1069 2506 Hexaemeron
1102 2452 1245 2507 illius
1284 2453 1337 2506 in
1376 2467 1569 2507 manus
1595 2467 1773 2516 sumo,
1811 2463 1973 2521 atque
2007 2453 2061 2506 in
2091 2465 2185 2505 ore
2217 2450 2411 2517 habeo,
2453 2465 2575 2504 cum
2606 2448 2863 2504 Creatore
2904 2446 3205 2516 conjungor
3239 2484 3254 2504 .
3307 2457 3371 2496 ac

149 2533 432 2589 creationis
460 2536 701 2593 rationes
744 2554 1002 2609 agnosco,
1038 2539 1467 2609 Creatoremque
1509 2539 1681 2606 magis
1712 2540 1953 2594 admiror
1993 2554 2057 2595 ac
2095 2538 2355 2608 suspicio,
2407 2552 2565 2608 quam
2601 2537 2752 2607 prius
2784 2535 3046 2598 solebam,
3088 2548 3210 2589 cum
3254 2533 3371 2587 solo

155 2636 360 2693 aspectu
387 2627 654 2698 magistro
687 2639 887 2685 uterer.
934 2650 953 2683 ι
988 2631 1273 2686 Ascribam
1322 2642 1376 2687 et
1410 2631 1573 2686 verba
1610 2628 1863 2697 Gregorii
1906 2627 2156 2699 Nysseni,
2189 2628 2280 2698 qui
2311 2628 2378 2684 de
2403 2627 2594 2683 eodem
2626 2626 2716 2681 illo
2751 2638 2915 2693 opere
2946 2635 3052 2679 tam
3084 2624 3371 2694 magnifice

163 2715 363 2771 locutus
400 2730 508 2781 est.
546 2731 602 2775 ut
638 2724 852 2776 modum
885 2726 1151 2778 excedere
1189 2726 1463 2779 videatur.
1502 2720 1580 2777 lta
1609 2733 1766 2775 auten

1767 2736 1788 2774 rt
1821 2721 2037 2789 scripsit
2066 2740 2081 2774 :
2117 2720 2240 2774 Τῶν
2264 2721 2373 2793 γὰρ
2410 2721 2550 2774 κατὰ
2578 2719 2729 2772 θείαν
2756 2717 3041 2771 ἐπίπνοιαν
3066 2718 3121 2771 ὲν
3154 2716 3221 2787 τῇ
3273 2730 3370 2769 κο-

153 2811 401 2883 σμογονίᾳ
432 2811 901 2885 φιλοσοφηθέντων
921 2815 998 2886 τῷ
1026 2815 1246 2886 μεγάλῳ
1271 2817 1477 2887 Μωῦσῇ
1500 2858 1515 2874 ,
1540 2854 1553 2868 .
1574 2857 1589 2871 .
1613 2856 1627 2869 .
1654 2814 1916 2881 ἐπέταξας
1933 2817 2062 2887 ἡμῖν
2086 2814 2175 2869 διά
2192 2832 2335 2878 τινος
2356 2812 2648 2869 ἀκολούθου
2668 2810 2899 2875 διανοίας
2929 2813 3007 2874 είς
3027 2808 3213 2880 εἱρμὸν
3241 2808 3373 2889 ἀγα-

152 2903 276 2969 γεῖν,
298 2903 392 2955 καὶ
424 2904 823 2975 συμφωνοῦσαν
850 2906 987 2977 πρὸς
1009 2908 1207 2980 ἑαυτὴν
1232 2908 1510 2975 ἀποδεῖξαι
1536 2909 1634 2979 τὴν
1662 2905 1822 2974 ἁγίαν
1846 2907 2067 2979 Γραφήν
2087 2924 2101 2936 ·
2146 2906 2240 2959 καὶ
2272 2905 2448 2959 ταῦτα
2485 2903 2621 2975 μετὰ
2652 2904 2751 2975 τὴν
2783 2901 3134 2954 θεόπνευστον
3160 2900 3373 2973 ἐκείνην

154 2993 238 3049 τοῦ
266 2995 473 3064 [ἰατρὸς
502 2995 659 3065 ἡμῶν
692 2998 771 3059 είς
801 2996 862 3049 τὸ
890 3000 1251 3069 προκείμενον
1276 2999 1526 3070 θεωρίαν,
1551 3000 1618 3071 ἣν
1651 3001 1699 3053 οἱ
1723 3000 2022 3065 ἐγνωκότες
2053 2998 2276 3062 πάντες,
2304 2997 2455 3050 οὐδὲν
2477 2996 2695 3049 ἔλαττον
2731 2994 2838 3047 τῶν
2864 2992 3011 3065 αὐτῷ
3044 2994 3248 3064 Μωῦσῇ
3274 3010 3372 3047 πι-

157 3086 588 3157 φιλοσοφημὲνων
630 3087 1020 3160 θαυμάσωσιν,
1063 3088 1121 3145 εὖ
1157 3092 1248 3143 καὶ
1282 3091 1534 3155 εἰκότως,
1573 3085 1760 3161 οἶμαι,

1795 3090 1952 3145 τοῦτο
1985 3090 2285 3153 ποιοῦντες.
2319 3108 2337 3140 r
2380 3088 2471 3143 Vis
2503 3087 2643 3143 enim
2674 3094 2732 3139 ut
2766 3100 2884 3155 qua:
2912 3086 3118 3141 cwlesti
3156 3101 3374 3139 numeue

160 3174 351 3232 amatus
381 3178 448 3233 de
479 3180 662 3232 mundi
687 3180 1063 3249 procreatione
1102 3195 1327 3251 magnus
1362 3179 1574 3251 Moyses
1603 3180 1839 3251 prodidit
1878 3181 2226 3236 monimentis
2258 3180 2584 3243 litterarum,
2608 3178 2795 3233 ordine
2820 3177 3050 3246 quodam
3070 3178 3372 3248 disponam.

167 3278 504 3340 sanctamque
536 3269 875 3341 Scripturam
910 3272 1014 3329 sibi
1044 3272 1141 3342 ipsi
1170 3274 1598 3331 consentientem
1630 3290 1697 3329 ac
1724 3283 2064 3331 constantem
2091 3287 2211 3330 esse
2241 3275 2644 3337 demonstrem;
2676 3272 2839 3341 idque
2874 3279 2996 3341 post
3025 3272 3262 3326 divinam
3306 3271 3376 3324 il-

164 3356 255 3412 lam
288 3359 462 3415 Patris
488 3363 660 3418 nostri
702 3364 754 3419 in
797 3366 934 3419 idem
986 3376 1368 3435 argumentum
1410 3366 1946 3431 commentationem,
1973 3381 2135 3436 quam
2176 3365 2266 3435 qui
2298 3364 2565 3433 legerunt,
2603 3376 2709 3417 non
2743 3362 2922 3417 minus
2948 3377 3108 3432 quam
3136 3377 3223 3425 ea.
3252 3377 3377 3433 quas

166 3452 224 3505 ab
252 3455 358 3521 ipso
392 3455 578 3526 Moyse
606 3458 900 3529 perscripta
928 3470 1075 3522 sunt,
1114 3475 1302 3516 omnes
1328 3460 1666 3515 admirantur
1697 3478 1713 3515 :
1748 3468 1805 3514 et
1839 3461 2054 3524 merito,
2082 3473 2198 3514 mea
2232 3458 2448 3529 quidem
2478 3457 2770 3512 sententia.
2814 3474 2833 3510 ι

234 3544 347 3597 Alia
374 3547 597 3613 quidem
635 3549 867 3617 ratione,
902 3552 996 3606 sed
1030 3549 1331 3607 eﬂicaciore
1361 3552 1530 3608 multo
1556 3562 1612 3607 et
1640 3551 1707 3605 ad
1748 3550 2181 3621 persuadendum
2210 3552 2421 3621 aptiore
2465 3552 2568 3605 hoc
2618 3550 2759 3603 idem
2807 3564 2944 3618 opus
2978 3548 3379 3605 commendavit

168 3634 488 3705 Ambrosius,
523 3640 674 3705 dum,
711 3644 855 3710 quod
880 3642 1107 3700 Basilius
1129 3644 1422 3714 scripserat
1448 3646 1657 3710 Graece,
1682 3643 1736 3700 id
1764 3645 1879 3715 ipse
1912 3640 2104 3698 Latine
2130 3642 2381 3696 reddidit.
2431 3641 2495 3696 Et
2532 3655 2685 3706 vero,
2731 3653 2889 3695 nemo
2925 3640 3137 3711 opinor.
3188 3640 3374 3707 homo,

178 3727 256 3795 qui
279 3743 566 3802 utrumque
588 3748 725 3802 opus
755 3733 970 3805 legerit.
1002 3736 1329 3791 inficiabitur
1357 3737 1699 3792 Ambrosium
1732 3737 1786 3792 in
1829 3736 1935 3791 illis
1957 3736 2068 3790 suis
2108 3734 2447 3790 orationibus
2482 3734 2812 3803 interpretis,
2854 3748 2959 3788 non
2991 3733 3228 3788 auctoris
3261 3748 3381 3787 niu-

175 3836 285 3876 nere
312 3824 656 3891 perfunctum
694 3825 882 3881 fuisse.
915 3827 1113 3882 Fateor
1146 3827 1362 3897 quidem
1394 3828 1741 3885 Ambrosium
1793 3844 1899 3885 non
1930 3827 2064 3881 nihil
2104 3828 2171 3881 de
2222 3841 2320 3882 suo
2347 3827 2566 3891 addere,
2607 3826 2843 3889 demere,
2875 3833 3245 3893 transponere,
3276 3824 3380 3879 im-

175 3923 361 3968 mature
390 3931 404 3967 :
437 3917 534 3970 sed
571 3917 642 3970 ita
694 3927 894 3985 tamen,
928 3928 987 3973 ut
1035 3920 1389 3989 interpretem
1426 3932 1571 3991 agat,
1599 3922 1984 3989 interpretem,
2040 3918 2280 3986 inquam,
2324 3932 2429 3972 non
2477 3916 2873 3986 scrupulosum,
2921 3914 3013 3971 sed
3048 3913 3374 3971 liberiorem.

172 4002 329 4072 Quare
360 4008 403 4062 si
435 4012 653 4075 quando
688 4010 741 4064 in
783 4011 1073 4066 Ambrosio
1110 4021 1401 4066 occurrant
1447 4011 1564 4066 loca
1600 4013 1845 4081 quaedam
1894 4008 2151 4073 diﬂicilia,
2203 4008 2473 4079 perplexa,
2506 4009 2869 4074 subobscura,
2934 4018 3207 4077 corrupta,
3261 4022 3381 4079 qua:

176 4094 419 4154 lacessant
449 4100 721 4172 negotium
758 4102 966 4167 lectori,
996 4102 1044 4157 ei
1078 4113 1267 4158 auctor
1300 4118 1417 4157 sum
1443 4113 1500 4156 ut
1535 4102 1599 4155 ad
1628 4102 1881 4157 Basilium
1901 4101 2193 4171 confugiat,
2227 4115 2395 4172 eoque
2429 4101 2686 4171 magistro
2708 4115 2771 4154 ac
2798 4101 2935 4156 duce
2960 4111 3162 4155 utatur.

238 4187 450 4246 Constat
472 4188 730 4246 Basilium
768 4193 851 4247 bis
878 4193 965 4247 die
1000 4194 1381 4249 concionaturn
1410 4193 1604 4259 fuisse,
1660 4196 1943 4249 matutinis
1976 4196 2124 4249 boris
2160 4203 2323 4263 atque
2370 4192 2724 4263 vespertinis;
2770 4193 2930 4261 idque
2969 4203 3210 4262 tempore
3239 4189 3379 4257 Qua-

179 4278 470 4350 dragesima:
500 4304 513 4339 :
568 4285 661 4338 sed
695 4299 803 4354 quo
832 4299 995 4350 anno,
1048 4285 1207 4339 valde
1254 4286 1543 4341 incertum.
1572 4286 1689 4341 Non
1714 4288 1939 4343 defuere
1962 4289 2052 4356 qui
2080 4304 2143 4341 es
2170 4286 2433 4342 orationis
2455 4294 2656 4341 octava
2686 4283 2868 4340 verbis
2895 4285 3191 4357 judicarint
3225 4283 3380 4338 Basi-

180 4370 313 4437 lium,
341 4391 455 4443 qua:
493 4387 617 4432 erat
646 4379 745 4432 viri
774 4375 1048 4440 facundia,
1080 4378 1368 4432 conciones
1401 4380 1497 4433 has
1525 4378 1591 4433 ad
1620 4380 1875 4448 populum
1904 4396 1971 4434 ex
2001 4390 2245 4449 tempore
2277 4378 2544 4433 habuisse.
2574 4378 2641 4433 Et
2677 4378 2919 4448 quidem,
2947 4381 2991 4434 si
3023 4379 3152 4433 fides
3190 4376 3383 4435 Rufino

183 4465 455 4523 adhibenda
488 4470 561 4524 sit
604 4468 705 4541 (5),
728 4471 807 4526 sic
836 4470 1145 4526 concionari
1174 4469 1383 4524 solebat
1410 4469 1667 4527 Basilius.

250 4560 602 4618 Hexaemeron
629 4563 812 4619 Basilii
852 4566 980 4620 olim
1003 4568 1051 4619 in
1082 4566 1314 4634 linguam
1343 4565 1589 4622 Latinam
1624 4568 1903 4622 transtulit
1928 4568 2239 4623 Eustathius
2264 4585 2280 4623 :
2309 4566 2402 4621 sed
2432 4565 2564 4621 nihil
2592 4575 2675 4622 est
2708 4564 2849 4633 quod
2874 4565 2962 4620 hic
2989 4565 3055 4619 de
3074 4564 3189 4634 ejus
3211 4574 3385 4623 Inter-

188 4659 462 4724 pretatione
493 4657 903 4729 proloquamur,
937 4674 1060 4712 cum
1087 4658 1140 4712 id
1173 4672 1310 4727 opus
1336 4657 1391 4711 in
1426 4659 1965 4729 Appendice_editum
2002 4661 2183 4715 videre
2214 4659 2413 4730 cuique
2446 4658 2625 4713 liceat.
2666 4653 2892 4713 Easdem
2922 4657 3017 4712 has
3045 4655 3229 4714 Basilii
3259 4675 3381 4715 ora-

190 4748 351 4807 tiones
377 4751 646 4807 transtulit
671 4764 907 4820 quoque,
936 4753 1295 4821 quorumdam
1331 4752 1542 4823 judicio
1572 4752 1673 4824 (4),
1696 4752 1987 4823 Dionysius
2013 4752 2255 4823 Exiguus
2287 4770 2299 4806 :
2346 4754 2438 4809 sed
2469 4768 2573 4808 uua
2626 4754 2953 4807 auctoritate
2988 4760 3045 4806 et
3072 4761 3269 4813 uulnus
3295 4764 3381 4809 te-

189 4844 428 4901 stimoniis
456 4847 657 4902 dictum
683 4846 733 4901 id
759 4845 847 4909 sit,
876 4846 1213 4917 ignoramus.
3472 4837 3475 4841 7

252 4934 472 4991 Necesse
495 4954 601 4993 non
636 4949 721 4993 est
748 4937 914 4993 multa
947 4940 1049 4993 hoc
1076 4938 1197 4994 loco
1224 4940 1403 4995 dicere
1428 4952 1497 4995 ue
1521 4939 1705 4996 tribus
1733 4940 2089 5004 orationibus,
2113 4954 2340 5010 quarum
2371 4940 2490 4996 dure
2518 4940 2726 5011 priores
2758 4939 2969 5010 scripta:
3016 4948 3144 4995 sunt
3188 4941 3255 4997 de
3285 4940 3381 4995 ho-

195 5026 334 5081 minis
358 5027 695 5095 formatione,
726 5032 885 5085 tertia
909 5029 975 5084 de
1005 5031 1277 5099 paradiso.
1310 5030 1442 5087 Nam
1471 5045 1534 5086 ea
1567 5033 1636 5087 de
1667 5047 1729 5088 re
1778 5032 1909 5089 satis
1936 5030 2053 5088 fuse
2099 5031 2156 5087 in
2204 5031 2529 5088 Prmfatione
2566 5031 2871 5101 disputatur
2905 5050 2917 5087 :
2960 5046 3123 5104 quam
3159 5033 3252 5104 qui
3294 5048 3395 5089 vo-

196 5120 305 5189 lent,
330 5124 497 5196 legere
523 5134 775 5196 poterunt
802 5125 829 5198 ᾗ
856 5124 897 5193 l,
926 5141 980 5181 ιι.
1008 5127 1101 5181 l3.

283 5390 325 5459 ι)
348 5391 531 5450 Baron.
569 5393 707 5458 378;
740 5389 983 5446 Cassiod.
1013 5388 1089 5445 De
1116 5390 1243 5444 inst.
1272 5403 1328 5459 p.
1367 5388 1491 5445 558.

683 5474 823 5589 agat.
853 5462 945 5529 20,
984 5476 1038 5533 p.
1079 5460 1216 5525 365;
1258 5457 1419 5531 Greg.
1462 5459 1619 5531 Nyss.
1664 5459 1912 5519 ﬂexam.
1967 5478 2019 5534 p.
2060 5462 2125 5530 l,
2168 5463 2205 5518 2
2252 5471 2303 5518 et
2354 5478 2408 5534 p.
2445 5463 2549 5531 45;
2589 5461 2902 5538 llieronym.
2948 5460 3009 5517 V.
3040 5462 3121 5517 ill.
3170 5477 3219 5519 c.
3250 5460 3395 5532 “6;

324 5568 336 5584 .
359 5550 461 5600 ιω.
496 5550 569 5600 ιν,
598 5550 649 5590 c.
686 5550 779 5589 zu.

266 5597 330 5741 ﬁ)
354 5598 463 5684 Lib.
485 5597 626 5683 ιι,οε

315 5673 331 5741 )
354 5671 472 5730 Elim
496 5675 707 5741 Duptnr,

288 5670 331 5741 5)
354 5671 472 5730 Elite
496 5675 707 5745 Dupini,
749 5685 855 5731 etc.

488 5773 759 5835 PaTnOL.
816 5775 934 5835 Gtt.
1016 5774 1255 5837 XXIX.
3060 5782 3095 5842 1
