4098 6326
672 354 709 410 Ἰ
2000 352 2059 409 S.
2100 352 2343 409 BASILII
2389 354 2603 409 MAGNI
3866 356 3893 411 8

674 474 956 527 veritatem
985 480 1224 526 nostram
1253 468 1499 525 laudibus
1523 469 1776 525 efferam?
1805 470 2160 528 Prodiderunt
2181 476 2230 546 3

2345 475 2629 547 ἀνυμνήσω
2657 476 2755 547 τὴν
2781 474 3053 546 ἡμετέραν
3092 471 3376 543 ἀλήθειαν;
3434 470 3617 526 Πολλά
3653 472 3779 541 περὶ
3810 470 3896 539 φύς

676 564 839 618 multa
870 563 1178 619 Graecorum
1217 566 1491 634 sapientes
1525 566 1589 620 de
1621 573 1811 619 natura
1842 582 1856 620 :
1885 567 1977 621 sed
2032 581 2100 623 ne
2132 582 2234 621 una

675 661 888 729 quidem
944 659 1153 728 Opinio,
1204 662 1503 729 posteriore
1547 661 1780 731 priorem
1831 675 2039 730 semper
2101 661 2239 716 anti—

675 761 875 820 quante
900 790 914 816 ,
944 751 1045 805 lixa
1078 752 1219 806 inter
1248 754 1392 821 ipsos
1424 761 1587 822 atque
1635 752 1953 809 inconcussa
1989 768 2239 822 perman-

677 847 767 900 sit.
806 845 984 911 Quare
1015 844 1154 899 dicta
1187 860 1372 900 eorum
1421 845 1703 902 coiil‘ntare
1749 848 1877 901 nihil
1909 848 2064 904 nobis
2099 862 2236 919 Opus

674 943 794 1001 est;
822 937 864 989 si
914 934 1130 1004 quidem
1155 937 1221 989 ad
1268 946 1503 990 mutuam
1539 953 1691 993 suam
1728 938 2064 995 eversionem
2098 938 2240 994 sniii-

675 1029 847 1081 ciunt.
877 1026 1085 1081 Etenim
1131 1026 1294 1080 Deum
1325 1030 1413 1096 qui
1442 1030 1777 1099 ignoravere,
1816 1045 2034 1085 causam
2064 1032 2241 1101 provi-

678 1118 799 1174 dam
833 1119 975 1173 ortui
1023 1133 1252 1188 praeesse
1306 1120 1679 1176 universorum
1730 1137 1835 1177 non
1876 1138 2236 1180 concessere:

676 1212 770 1267 sed
817 1212 1202 1280 consequentia
1231 1215 1617 1268 convenienter
1643 1216 1828 1284 prima:
1865 1233 1975 1272 sua:
2020 1219 2241 1273 inscitia:

677 1305 1084 1360 concludebant.
1116 1306 1474 1372 Quamobrem
1518 1308 1779 1372 nonnulli,
1798 1310 2003 1378 origine
2028 1310 2242 1362 univer-

681 1397 861 1451 sitatis
897 1412 1075 1451 rerum
1107 1398 1390 1453 elementis
1423 1398 1607 1454 mundi
1646 1402 1910 1467 ascripta,
1954 1400 2020 1453 ad
2051 1414 2244 1457 causas

675 1491 986 1546 materiales
1010 1489 1407 1561 confugerunt:
1448 1492 1537 1547 alii
1570 1509 1696 1548 vero
1726 1492 1937 1553 atomis.
1967 1502 2021 1546 et
2054 1508 2243 1556 corpo-

678 1583 825 1636 ribus
850 1584 1085 1653 partium
1114 1583 1443 1652 expertibus,
1470 1584 1606 1638 mole
1628 1600 1688 1638 ac
1709 1586 1973 1638 meatibus
1999 1594 2241 1639 naturam

678 1688 861 1735 rerum
890 1672 1175 1729 visibilium
1208 1676 1474 1730 contineri
1513 1677 1805 1728 tinxerunt.
1838 1673 1992 1731 Nunc
2028 1677 2241 1745 quidem

675 1764 1065 1821 insecabilibus
1103 1768 1419 1837 corporibus
1452 1768 1590 1819 inter
1621 1780 1678 1819 se
1719 1766 2025 1837 conjunctis
2047 1808 2061 1832 ,
2100 1786 2241 1823 nunc

2340 585 2474 633 σεως
2512 568 3029 639 ἐπραγματεύσαντο
3056 569 3105 621 οἱ
3145 565 3250 619 τῶν
3301 565 3571 637 Ἐλλήνων
3610 567 3788 631 σοφοὶ,
3816 565 3899 616 καὶ

2336 664 2458 717 οὐδὲ
2513 659 2592 725 εἷς
2643 665 2775 733 παρ’
2831 663 3013 724 αὐτοῖς
3061 662 3215 731 λόγος
3250 660 3479 731 ἔστηκεν
3517 658 3780 726 ἀκίνητος
3823 657 3902 710 καὶ

2338 753 2649 815 ἀσάλευτος,
2681 752 2767 805 ἀεὶ
2800 752 2890 804 τοῦ
2923 752 3179 823 δευτέρου
3208 751 3298 805 τὸν
3324 752 3428 821 πρὸ
3450 750 3618 805 αὑτοῦ
3648 749 3901 803 καταϐάλ-

2337 845 2537 909 λοντος
2584 844 2723 897 ὥστε
2778 847 2906 916 ἡμῖν
2963 844 3127 914 μηδὲν
3186 844 3342 915 ἔργον
3393 838 3532 897 εἶναι
3574 841 3648 895 τὰ
3692 841 3903 892 ἐκείνων

2340 938 2597 1008 ὲλέγχειψ
2650 938 2879 1007 ἀρκοῦσι
2930 936 3036 1007 γὰρ
3091 936 3337 1007 ἀλλήλοις
3371 936 3507 1005 πρὸς
3549 938 3653 1008 τὴν
3713 934 3905 986 οἰκείαν

2341 1031 2664 1101 ἀνατροπήν.
2700 1031 2762 1081 Οἱ
2792 1030 2899 1101 γὰρ
2928 1028 3057 1081 Θεὸν
3084 1030 3441 1097 ἀγνοήσαντες
3461 1028 3645 1082 αἰτίαν
3671 1028 3907 1098 ἔμφρονα

2342 1122 2668 1192 προεστάναι
2700 1120 2800 1190 τῆς
2821 1120 3085 1189 γενέσεως
3118 1119 3224 1173 τῶν
3252 1122 3386 1174 ὅλων
3409 1119 3467 1171 οὑ
3507 1120 3905 1190 συνεχώρησαν,

2341 1212 2457 1265 ἀλλ’
2490 1212 2707 1274 οἰκείως
2741 1213 2804 1281 τῇ
2852 1212 2909 1279 ἐξ
2944 1210 3114 1284 ἀρχῆς
3147 1211 3337 1282 ἀγνοίᾳ
3369 1210 3434 1263 τὰ
3459 1210 3659 1281 ἐφεξῆς
3690 1207 3907 1262 συνεπέ-

2345 1321 2531 1375 ραναν.
2580 1304 2677 1356 Διὰ
2720 1302 2878 1354 τοῦτο
2900 1306 2946 1355 οἱ
2986 1304 3081 1375 μὲν
3111 1302 3202 1354 ἐπὶ
3226 1302 3321 1363 τὰς
3353 1302 3463 1369 (15,
3506 1300 3698 1366 ὑλικὰς
3725 1299 3909 1355 ὐποθέ-

2343 1413 2454 1458 σεις
2479 1396 2803 1465 κατέφυγον,
2845 1398 2955 1467 τοζς
2994 1396 3087 1452 τοῦ
3122 1395 3327 1464 κόσμου
3373 1392 3661 1463 στοιχείοις
3700 1396 3801 1464 τὴν
3831 1394 3909 1446 αι.

2340 1468 2581 1542 τίανήτοῦ
2611 1474 2834 1549 animi};
2854 1468 3181 1551 ἀναθέντες·
3231 1487 3279 1538 0i
3314 1485 3370 1538 δὲ
3404 1486 3579 1555 ἄτομα
3612 1484 3710 1536 καὶ
3740 1484 3911 1555 ἀμερῆ

2344 1581 2591 1651 σώματα,
2629 1582 2720 1634 καὶ
2752 1580 2946 1646 ὄγκους
2997 1581 3088 1633 καὶ
3140 1580 3334 1651 πόρους
3365 1578 3607 1646 συνέχειν
3634 1576 3736 1646 τὴν
3761 1577 3912 1643 φύσιν

2341 1671 2449 1725 τῶν
2502 1674 2709 1745 ὁρατῶν
2758 1672 3191 1741 ὲφαντάσθησαν.
3226 1672 3338 1724 Νῦν
3369 1671 3463 1742 μὲν
3506 1668 3617 1739 (16)
3651 1666 3763 1737 γὰρ
3801 1684 3916 1718 συν-

2348 1766 2532 1819 ιόντων
2564 1766 2810 1838 ἀλλήλοις
2830 1763 2935 1817 τῶν
2963 1764 3182 1833 ἀμερῶν
3214 1766 3498 1833 σωμάτων,
3534 1762 3631 1815 νῦν
3660 1760 3718 1814 δὲ
3762 1772 3915 1831 μεται

674 1871 806 1912 vero
847 1874 1032 1913 rursus
1059 1859 1331 1924 discretis,
1368 1859 1747 1927 generationes
1785 1872 1839 1915 et
1869 1863 2240 1930 corruptiones

2347 1859 2806 1929 συγκρινομένων,
2842 1855 2940 1919 τὰς
2970 1855 3209 1924 γενέσεις
3257 1854 3351 1905 καὶ
3384 1854 3482 1916 τὰς
3540 1851 3754 1923 φθορὰς
3801 1852 3914 1903 ἑπι-

674 1947 815 2012 ﬁeri,
850 1959 1010 2017 atque
1048 1948 1538 2004 indurabilioribus
1572 1952 1891 2020 corporibus
1924 1953 2243 2009 diuturnita-

674 2040 745 2097 tis
795 2056 1016 2095 cansatn
1048 2056 1112 2095 ex
1166 2050 1472 2096 atomorum
1519 2043 1661 2097 inter
1692 2060 1750 2099 se
1792 2045 2071 2114 complexu
2114 2047 2242 2101 vali-

675 2132 826 2186 diore
860 2132 1125 2201 proﬁcisci
1181 2132 1427 2186 arbitrati
1472 2143 1617 2189 sunt.
1655 2131 1799 2187 Sane
1831 2147 2040 2188 araneae
2081 2134 2240 2188 telam

675 2232 863 2277 texunt
915 2224 1004 2293 qui
1051 2224 1175 2278 talia
1232 2225 1496 2286 scribunt,
1545 2224 1635 2293 qui
1696 2224 1816 2279 creti
1866 2234 2130 2294 terra'que
2190 2233 2243 2279 et

674 2317 851 2370 maris
877 2315 1134 2385 principia
1173 2326 1377 2385 ponunt
1433 2316 1566 2369 adeo
1623 2317 1823 2380 tenuia,
1879 2330 1977 2370 nec
2035 2318 2239 2387 uspiam

671 2408 1047 2464 consistentia.
1074 2407 1190 2461 Non
1220 2407 1361 2462 enim
1394 2417 1659 2461 noverunt
1694 2408 1915 2464 dicere:
1948 2406 2016 2461 In
2050 2409 2242 2478 princi-

668 2501 756 2571 pio
788 2500 908 2570 {erit
951 2499 1091 2555 Deus
1123 2500 1305 2555 calum
1333 2512 1380 2555 et
1423 2510 1639 2555 terram.
1687 2499 2024 2572 Quapropter
2054 2503 2123 2556 ob
2162 2501 2243 2556 iu-

672 2592 1006 2649 babitantem
1034 2594 1086 2646 in
1126 2593 1256 2661 ipsis
1283 2593 1577 2648 divinitatis
1600 2593 1986 2663 ignorationem
2014 2592 2067 2647 in
2100 2592 2241 2646 hunc

672 2697 917 2738 errorem
964 2682 1292 2745 inciderunt,
1329 2692 1387 2736 ut
1436 2694 1653 2747 cuncta,
1706 2693 1961 2751 tanquam
2010 2698 2137 2737 casu
2188 2692 2267 2747 et,

674 2780 882 2827 temere
901 2782 1065 2834 tnota,
1093 2776 1318 2826 credant
1352 2786 1450 2827 nec
1474 2773 1582 2841 regi
1622 2788 1718 2826 nec
1745 2774 2053 2843 gubernari.
2086 2773 2241 2838 Quod

674 2865 850 2932 ipsum
878 2864 1035 2919 nobis
1061 2879 1127 2919 ne
1155 2865 1384 2930 accidat,
1414 2864 1461 2919 is
1490 2864 1580 2934 qui
1619 2866 1799 2917 mundi
1828 2864 2084 2917 fabricam
2113 2878 2241 2918 con-

671 2954 910 3025 scripsit,
958 2955 1141 3009 statim
1197 2957 1250 3011 in
1299 2958 1487 3026 primis
1524 2958 1700 3010 verbis
1746 2972 1841 3027 per
1897 2956 1989 3012 Dei
2044 2973 2239 3012 nomen

675 3058 909 3102 mentem
950 3057 1187 3100 nostram
1238 3047 1559 3110 illustravit,
1594 3048 1781 3103 dicens
1816 3067 1829 3104 :
1875 3047 1938 3101 In
1987 3050 2242 3117 principio

678 3136 797 3205 fecit
836 3136 993 3195 Deus.
1031 3135 1201 3203 Quam
1232 3135 1453 3205 pulcher
1479 3144 1559 3189 est
1583 3138 1715 3191 ordo
1756 3138 1889 3191 i5tel
1929 3138 2108 3190 i'rimo
2146 3155 2239 3206 ap-

2345 1950 2605 2019 γίνεσθαι·
2661 1951 2751 2002 καὶ
2784 1948 2892 2001 τῶν
2923 1947 3034 2017 (17)
3063 1946 3466 2016 διαρκεστέρων
3502 1946 3778 2013 σωμάτων
3824 1946 3914 2012 τὴν

2348 2042 2697 2113 ἰσχυροτέραν
2721 2041 2825 2094 τῶν
2863 2042 3079 2110 ἀτόμων
3116 2038 3493 2109 ἀντεμπλοκὴν
3526 2038 3626 2107 τῆς
3661 2035 3915 2107 διαμονῆς

2341 2135 2438 2204 τὴν
2473 2133 2649 2186 αἰτίαν
2689 2132 2967 2202 παρέχειν.
3018 2132 3221 2194 Ὄντως
3286 2131 3428 2184 ἱστὸν
3475 2130 3719 2200 ἀράχνης
3765 2126 3917 2195 6330i-

2342 2240 2521 2276 νουσιν
2580 2225 2627 2277 oi
2676 2223 2851 2278 ταῦτα
2895 2225 3217 2295 γράφοντες,
3277 2226 3325 2276 οἱ
3378 2222 3521 2275 οὕτω
3564 2220 3769 2281 λεπτάς
3830 2217 3919 2272 καὶ

2340 2314 2741 2380 ἀνυποστάτους
2766 2315 2939 2386 ἀρχὰς
2982 2314 3211 2387 οὐρανοῦ
3264 2314 3357 2367 καὶ
3395 2312 3498 2381 γῆς
3531 2312 3626 2365 καὶ
3648 2310 3916 2381 θαλάσσης

2341 2408 2733 2478 ὑποτιθέμενοι.
2794 2409 2869 2462 Οὐ
2929 2406 3037 2479 γὰρ
3086 2408 3280 2478 ᾔδεσαν
3334 2407 3527 2458 εἰπεῖν·
3595 2405 3695 2459 Ἐν
3765 2403 3915 2473 ἀρχῇ

2340 2501 2628 2569 ἐποίησεν
2661 2505 2693 2555 ὁ
2736 2502 2881 2567 Θεὸς
2919 2502 3027 2554 τὸν
3059 2499 3321 2568 οὐρανὸν
3366 2497 3465 2551 καὶ
3492 2496 3605 2563 τὴν
3648 2496 3787 2565 γῆν.
3827 2499 3917 2551 Διά

2340 2592 2498 2645 τοῦτο
2522 2592 2865 2663 ἀκυϐέρνητα
2904 2593 2997 2644 καὶ
3022 2591 3303 2658 ἀδιοίκητα
3332 2585 3469 2642 εἶναι
3504 2588 3574 2642 τά
3605 2590 3915 2661 σύμπςντα.

2342 2686 2416 2749 ὡς
2445 2684 2509 2737 ἀν
2542 2685 2677 2754 τύχῃ
2723 2682 2835 2752 (18)
2886 2682 3182 2753 φερόμενα,
3216 2682 3321 2734 ὑπὸ
3353 2681 3452 2751 τῆς
3480 2683 3801 2753 ἐνοικούσης
3829 2683 3917 2735 αὖ·

2341 2781 2453 2841 τοῖς
2483 2776 2768 2846 ἀθεότητος
2806 2774 3186 2847 ἠπατήθησαν.
3220 2774 3396 2846 Ὅπερ
3432 2775 3518 2829 ἵνα
3550 2775 3625 2847 μὴ
3661 2776 3918 2845 πάθωμεν

2341 2872 2501 2941 ἡμεῖς
2527 2870 2660 2939 (i9),
2691 2870 2720 2921 6
2756 2869 2853 2939 τὴν
2892 2868 3249 2939 κοσμοποιίαν
3303 2868 3637 2938 συγγράφων
3667 2867 3827 2928 εὐθὺς
3866 2866 3917 2917 ὲν

2342 2963 2451 3023 τοῖς
2505 2960 2741 3032 πρώτοις
2795 2961 3001 3031 ῥήμασι
3066 2959 3141 3029 τῷ
3194 2959 3416 3029 ὀνόματι
3478 2958 3572 3010 τοῦ
3626 2956 3764 3009 Θεοῦ
3828 2956 3917 3025 τὴν

2342 3054 2577 3107 διάνοιαν
2640 3051 2798 3121 ἡμῶν
2864 3050 3258 3117 κατεφώτισεν,
3316 3050 3503 3103 εἰπών·
3591 3050 3698 3101 Ἐν
3761 3045 3912 3117 ἀρχῇ

2343 3144 2629 3208 ἐποίησεν
2659 3146 2691 3195 d
2768 3142 2910 3207 Θεός
2960 3140 3093 3210 (20).
3144 3140 3208 3192 Τί
3250 3141 3385 3209 καλὴ
3414 3143 3448 3211 ἡ
3500 3140 3690 3207 τάξιςς
3722 3141 3919 3212 Ἀρχὴν

678 3200 852 3293 posuit
880 3200 1333 3293 prilICiDiultt,-lie
1363 3224 1450 3293 qui
1484 3224 1737 3278 mundum
1777 3228 2023 3294 principii
2050 3200 2241 3294 expc-r—

2354 3200 2565 3304 πρώτον
2619 3200 2904 3302 ὲπέθηκενξ
2964 3200 3064 3284 έναι
3106 3232 3180 3301 μὴ
3226 3200 3457 3302 ἀναργον
3501 3200 3919 3301 αὺτὸν-ώηθιὶσί

679 3323 785 3367 tem
817 3328 936 3367 esise
979 3316 1348 3382 opinarentur.
1396 3314 1593 3369 Deinde
1644 3315 1887 3387 adjecit:
1945 3314 2093 3369 Fecit
2120 3358 2134 3379 .
2184 3328 2243 3372 ut

674 3407 1013 3472 ostendatur,
1061 3422 1148 3461 res
1198 3409 1447 3464 conditas
1503 3410 1774 3465 minimam
1834 3426 1953 3465 esse
1993 3412 2242 3480 potentiae

673 3497 887 3569 opiﬁcis
932 3508 1163 3567 partem.
1221 3498 1682 3566 Quemadmodum
1725 3504 1867 3558 enim
1914 3503 2105 3575 ﬁgulus
2152 3506 2243 3575 qui

681 3590 871 3646 eadem
905 3603 1021 3645 arte
1058 3592 1337 3647 innumera
1380 3594 1586 3650 ellinxit
1618 3612 1745 3657 vasa
1773 3638 1787 3663 ,
1830 3615 2003 3665 neque
2032 3610 2241 3663 artem,

675 3698 851 3750 nequc
886 3684 1176 3752 potentiam
1218 3686 1468 3740 exhausit
1513 3707 1527 3742 :
1579 3688 1649 3742 ita
1702 3699 1755 3743 et
1807 3694 2039 3745 universi
2090 3693 2246 3759 hujus

674 3773 856 3843 opifex
917 3773 1240 3832 eﬂ‘ectricem
1308 3777 1601 3848 potentiam
1669 3780 1912 3844 nabens,
1971 3796 2075 3834 non
2138 3797 2245 3835 uno

677 3866 879 3921 mundo
908 3868 1364 3939 circumscriptam
1388 3912 1402 3927 .
1444 3872 1535 3925 sed
1576 3872 1627 3926 in
1674 3871 1943 3925 inlinitum
1974 3874 2244 3927 exceden-

677 3968 807 4025 tem,
838 3975 1018 4015 rerum
1054 3978 1174 4033 quae
1228 3964 1633 4034 conspiciuntur
1680 3966 2077 4035 magnitudines
2124 3968 2241 4020 solo

677 4050 967 4105 voluntatis
990 4065 1121 4106 nutu
1158 4055 1417 4108 condidit.
1440 4057 1643 4125 Itaque,
1678 4058 1723 4112 si
1765 4058 1992 4113 mundus
2014 4069 2069 4113 et
2096 4059 2246 4129 prin-

678 4140 876 4209 cipium
910 4142 1091 4208 habet,
1130 4155 1183 4199 et
1218 4145 1391 4202 factus
1415 4159 1516 4216 est,
1556 4151 1793 4221 inquire,
1834 4154 1956 4223 quis
1984 4153 2054 4207 sit
2081 4153 2169 4221 qui
2195 4154 2243 4208 ei

682 4231 831 4284 dedit
862 4233 1204 4303 principium,
1234 4246 1289 4290 et
1316 4238 1437 4306 quis
1464 4240 1607 4294 illius
1635 4242 1705 4295 sit
1739 4245 2008 4298 conditor.
2038 4244 2149 4299 lmo
2179 4260 2245 4301 ne

677 4320 837 4389 forte,
870 4325 914 4379 si
956 4327 1203 4383 humanis
1237 4329 1476 4398 inquiras
1514 4333 2022 4392 ratiocinationibus
2083 4353 2111 4391 a
2149 4353 2243 4392 ve-

678 4412 843 4469 ritate
890 4416 1149 4484 aberres,
1216 4420 1318 4475 hoc
1359 4437 1455 4475 nos
1512 4426 1833 4478 documento
1878 4437 2240 4493 prazoccupat,

679 4503 809 4559 dum
839 4504 1087 4565 videlicet
1121 4512 1619 4580 praestantissimum
1646 4513 1736 4568 Dei
1768 4530 1962 4570 nomen
1987 4525 2239 4587 tauquam

2351 3343 2492 3388 τινες
2526 3325 2655 3391 (ἓω-
2688 3321 2806 3379 εἶτα
2832 3326 3076 3396 ἐπήγαγε
3106 3325 3187 3389 τὸ,
3225 3325 3567 3390 Ἐποίησεν,
3597 3323 3689 3375 ἵνα
3720 3323 3917 3393 δειχθῇ,

2352 3417 2432 3469 ὅτι
2471 3416 2750 3487 ἐλάχιστον
2799 3416 2963 3488 μέρος
3003 3415 3098 3486 τῆς
3152 3414 3245 3469 τοῦ
3279 3413 3605 3486 δημιουργοῦ
3650 3411 3922 3484 δυνάμεώς

2353 3513 2470 3563 ὲστι
2499 3510 2558 3564 τὸ
2591 3509 2831 3581 ποιηθέν.
2862 3509 2949 3571 Ὠς
2971 3508 3079 3578 γὰρ
3100 3508 3128 3560 6
3157 3507 3451 3579 κεραμεὺς,
3487 3506 3594 3559 ἀπὸ
3626 3506 3727 3575 τῆς
3763 3505 3922 3575 αὐτῆς

2352 3600 2547 3670 τέχνης
2594 3599 2763 3669 μυρία
2800 3598 3101 3661 διαπλάσας
3149 3596 3337 3665 σκεύη,
3403 3594 3527 3648 οὔτε
3578 3593 3678 3664 τὴν
3734 3596 3923 3665 τέχνην

2353 3692 2473 3744 οὗτε
2504 3692 2599 3762 τὴν
2626 3691 2853 3760 δύναμιν
2887 3689 3238 3753 ὲξανάλωσεν·
3273 3686 3412 3739 οὕτω
3431 3687 3524 3740 καὶ
3557 3685 3698 3739 ὁτοῦ
3727 3686 3924 3749 παντὸς

2353 3784 2542 3837 τούτου
2597 3783 2945 3853 δημιουργὸς,
2979 3782 3077 3851 οὐχ
3106 3781 3185 3831 ἐν).
3230 3779 3418 3849 κόσμῳ
3475 3777 3789 3849 σύμμετρον
3832 3778 3922 3849 τὴν

2353 3876 2639 3946 ποιητικὴν
2669 3876 2804 3944 ἔχων
2826 3873 3057 3944 δύναμιν
3108 3872 3220 3926 ἀλλ’
3279 3873 3359 3935 είς
3403 3872 3461 3924 τὺ
3502 3870 3923 3941 ἀπιροπλάσιον

2352 3968 2803 4040 ὑπερδαίνουσαν,
2854 3970 2921 4038 τῇ
2981 3968 3120 4037 ῥοπῇ
3166 3963 3262 4019 τοῦ
3311 3962 3613 4033 θελήματος
3658 3963 3799 4035 μόνῃ
3848 3966 3924 4028 εις

2351 4064 2411 4117 τὸ
2442 4060 2579 4116 εἶναι
2615 4062 2902 4133 παρήγαγε
2927 4059 2995 4113 τὰ
3023 4059 3225 4131 μεγέθη
3261 4057 3368 4111 τῶν
3392 4055 3710 4128 δρωμένων.
3736 4058 3800 4111 Ei
3835 4052 3923 4111 οὖν

2353 4155 2448 4208 καὶ
2490 4154 2662 4226 ἀρχὴν
2715 4153 2827 4223 ἔχει
2858 4153 2887 4205 6
2911 4152 3133 4223 κόσμος,
3166 4150 3260 4203 καὶ
3292 4149 3603 4217 πεποίηται,
3630 4145 3808 4218 ζήτει,
3846 4148 3925 4210 τίς

2352 4249 2381 4301 6
2415 4246 2510 4317 τὴν
2570 4246 2680 4317 (22)
2722 4244 2899 4316 ἀρχὴν
2954 4243 3103 4314 αὐτῷ
3144 4243 3286 4307 δοὺς,
3320 4241 3413 4295 καὶ
3462 4240 3548 4304 τίς
3592 4242 3620 4294 6
3678 4242 3921 4311 ποιητής.

2353 4339 2567 4393 Μᾶλλον
2618 4338 2694 4399 δὲ,
2731 4337 2818 4389 ἵνα
2849 4335 2924 4406 μὴ
2979 4334 3338 4405 ἀνθρωπίνοις
3362 4332 3647 4402 λογισμοῖς
3685 4331 3922 4401 ἐκζητῶν

2354 4433 2717 4501 παρατραπῇς
2758 4446 2860 4481 που
2898 4430 2996 4498 τῆς
3048 4427 3326 4500 ἀληθείας,
3374 4426 3686 4497 προέφθασε
3738 4426 3806 4493 τῇ
3854 4422 3924 4475 διο

2350 4520 2635 4593 δασκαλία,
2683 4521 2845 4573 οἱονεὶ
2900 4519 3170 4592 σφραγῖδα
3227 4521 3321 4573 καὶ
3386 4519 3756 4587 φυλακτήριον
3809 4518 3924 4579 ταῖς

762 4664 872 4737 (15)
923 4664 1014 4721 Sic
1050 4667 1196 4737 Regii
1217 4670 1519 4745 _primus_et
1547 4671 1805 4745 septimus
1839 4686 1961 4745 cum
1991 4670 2232 4745 Combei.
2270 4677 2313 4731 D
2342 4675 2443 4745 legi
2473 4684 2722 4745 oportere
2756 4676 2837 4728 ὅτι
2863 4674 3121 4727 divinavit
3156 4670 3449 4745 Morellus;
3500 4679 3555 4724 et
3606 4669 3682 4722 ita
3720 4669 3777 4723 in
3815 4671 3922 4723 edi-

680 4750 875 4814 etcum
928 4747 1153 4805 utroque
1206 4741 1371 4799 Coisl.
1429 4740 1601 4795 E:.litio
1655 4741 1825 4797 Paris.
1869 4744 1931 4795 οι
1978 4744 2077 4814 μὲν
2126 4744 2235 4812 γὰρ

677 4813 799 4875 τάς,
826 4821 931 4861 non
973 4819 1134 4862 recte.

755 4877 868 4949 (16)
904 4876 1115 4953 ltatres
1146 4895 1274 4934 mss.
1307 4882 1465 4937 Deest
1498 4882 1594 4953 μέν
1625 4881 1675 4935 in
1705 4882 1867 4937 editis
1897 4893 1949 4937 et
1980 4884 2031 4937 in
2061 4884 2249 4952 aliqui.

680 4948 783 5007 bus
808 4948 935 5004 mss.
970 4948 1166 5003 Ibidem
1205 4966 1297 5005 sex
1336 4968 1461 5006 mss.
1493 4948 1612 5005 eum
1655 4954 1889 5009 editione
1930 4954 2089 5009 Basil.
2125 4948 2249 5008 συν-

683 5022 889 5076 ιόντων.
918 5018 1092 5073 Editio
1111 5018 1280 5078 Paris.
1310 5023 1617 5075 συνιέντων.

756 5090 985 5163 (l7)§_ic
1011 5100 1379 5163 septe_m_mss_.
1412 5103 1607 5161 praeter
1634 5092 1781 5148 Bodl.
1811 5094 1900 5163 qui
1932 5110 2055 5148 mox
2087 5094 2249 5149 habet

683 5158 1115 5249 ὑπερτιθέμενοι.
1147 5160 1324 5249 Editiu
1345 5158 1517 5247 Paris.
1544 5164 1637 5249 xuii:
1665 5164 1769 5236 γὰρ
1787 5158 1965 5249 uelim“
2032 5235 2043 5245 ο

754 5230 865 5357 818)
896 5228 1168 5313 Unusms.
1195 5231 1270 5295 ὼς
1299 5232 1365 5286 ἂν
1384 5232 1556 5314 τύχοι.
1593 5228 1709 5287 Mox
1734 5228 1905 5316 editio.
1926 5232 2096 5288 Paris.
2120 5235 2250 5288 ἀπα-

668 5305 945 5427 ξὲθγγὲἒγ.
975 5300 1152 5357 Edttto
1183 5317 1308 5357 vero
1342 5303 1507 5358 Basu.
1541 5313 1595 5357 et
1616 5308 1721 5359 duo
1756 5306 1908 5376 Begu
1942 5321 2072 5359 mss.
2106 5307 2247 5375 ἡπα-

682 5388 943 5444 τηυησαν.

764 5439 877 5515 (i9)
927 5439 1207 5515 ita‘editio
1232 5442 1399 5498 Basil.
1428 5460 1549 5499 cum
1598 5445 1782 5500 multis
1821 5461 1951 5501 mss.
1988 5445 2056 5500 At
2084 5445 2247 5501 editio

683 5512 859 5569 Paris.
881 5512 973 5582 καὶ
1003 5513 1183 5582 ἡμεῖς.

756 5580 1089 5657 (QD‘LEusiijs
1120 5584 1224 5657 duo
1246 5581 1534 5657 Cplbertini
1568 5593 1620 5639 et
1649 5585 1798 5657 Beg.
1831 5595 2017 5640 sextus
2059 5585 2245 5655 ἐποίη-

686 5651 777 5709 σεν
801 5656 829 5707 6
856 5651 985 5714 Θεὸς
1008 5651 1098 5704 τὸν
1122 5652 1347 5725 οὐρανὸν
1369 5656 1462 5708 κα).
1486 5654 1581 5725 τὴν
1608 5651 1871 5725 γῆνῘΗοο
1901 5657 2014 5724 ipso
2044 5658 2093 5709 in
2131 5651 2246 5711 loco

688 5737 833 5777 recte
856 5732 911 5794 et
941 5694 1225 5794 διηθεηάιῶ
1276 5725 1330 5777 in
1366 5694 1635 5780 veteribus
1668 5694 1991 5779 editionibius
2031 5726 2243 5794 legeba-

687 5806 794 5858 tur,
824 5793 885 5847 Ti
915 5792 1083 5864 καλή;
1117 5794 1235 5861 sed,
1265 5805 1321 5851 ut
1351 5796 1525 5853 verbis
1553 5805 1670 5852 utar
1694 5794 2025 5864 Combelisii,
2060 5792 2159 5868 p'ro
2191 5796 2243 5849 τί

2348 4742 2717 4800 ιίὀηεῬιηίε.
2767 4745 3032 4799 edendum
3073 4744 3301 4797 curavit.
3337 4742 3533 4794 Sanam
3588 4748 3644 4793 et
3689 4749 3922 4793 veterem

2345 4817 2667 4883 scripturam
2694 4815 2745 4867 τί
2776 4816 2977 4884 pariter
3005 4828 3124 4867 cum
3158 4811 3486 4867 editionibus
3522 4810 3923 4879 antiquioribus

2348 4895 2567 4939 tuentur
2593 4896 2646 4939 et
2682 4885 2835 4940 Bodl.
2867 4896 2922 4940 et
2947 4884 3114 4937 nostri
3154 4892 3277 4937 octo
3304 4896 3432 4935 mss.

2416 4956 2530 5029 (21)
2553 5028 2559 5029 γ
2580 4956 2727 5029 Beg._
2753 4964 2949 5029 sestus
2987 4955 3220 5029 ἄναρχον
3253 4950 3479 5029 οιηθῶσι
3525 4948 3740 5029 ταύτην
3763 4951 3921 5029 τινές.

2350 4991 3493 5089 δείίῖιίιὶξίηεέιάῗῖίίιΙῗιιιῗἰιξλειηοηδοιυιη
3527 5031 3612 5073 est
3640 4991 3713 5073 ab
3744 4991 3917 5088 aliqu‘o

2348 5095 2612 5157 Graeculo,
2657 5106 2715 5149 ut
2757 5111 2858 5149 vox
2913 5093 3120 5163 ταύτην
3170 5093 3248 5163 ad
3285 5106 3472 5145 vocem
3526 5092 3919 5163 praecedentem

2350 5166 2707 5237 κοσμοποιίαν
2750 5166 2934 5219 referri
2967 5160 3389 5237 posset.Neq_ue
3427 5172 3609 5215 tamen
3662 5162 3917 5237 emenda-

2353 5230 2501 5292 tione
2555 5238 2658 5290 ulla
2691 5252 2823 5303 opus
2853 5230 2989 5289 erat.
3032 5233 3263 5287 Basilius
3317 5233 3504 5303 igitur,
3553 5245 3676 5303 meo
3711 5230 3917 5303 quidem

2344 5307 2570 5376 judicio,
2605 5322 2707 5379 non
2730 5299 2953 5379 scripsit
2982 5304 3219 5379 ταύτην..
3242 5299 3553 5379 εωαυτω,
3588 5301 3667 5353 uti
3728 5299 3921 5379 habent

2349 5370 2478 5432 editi
2514 5370 2568 5432 et
2616 5376 2807 5443 reliqui
2842 5370 2971 5428 mss.
3008 5370 3351 5443 Respiciebat
3390 5370 3532 5443 enim
3559 5379 3753 5443 orator
3780 5370 3914 5436 opti-

2351 5463 2473 5503 mus
2500 5448 2565 5500 ad
2595 5438 2778 5499 vocem
2810 5444 3034 5515 κόσμος,
3087 5438 3153 5497 ei
3187 5457 3291 5514 qua
3345 5438 3672 5499 vocabulum
3722 5454 3915 5508 κοσμο·

2356 5518 2509 5584 ποιία
2534 5516 2892 5583 componitur.

2428 5578 2555 5662 (Ξῖ)
2574 5576 2671 5662 εἰς’
2688 5587 2854 5639 codex
2889 5582 3132 5639 Combel‘.
3168 5593 3223 5637 et
3245 5578 3628 5662 uterqueDuc.
3652 5589 3730 5662 _et

2354 5647 2474 5714 cuin
2510 5647 2630 5710 aliis
2662 5666 2892 5725 quatuor
2946 5668 3075 5725 mss.
3105 5663 3323 5725 etcum
3370 5647 3607 5725 editione
3652 5649 3816 5706 Basil.
3852 5647 3916 5701 At

2353 5729 2513 5787 editio
2537 5718 2715 5784 Paris.
2749 5740 2870 5781 cum
2901 5722 3112 5795 Anglic.
3148 5719 3389 5795 ζητεῖται
3417 5721 3445 5773 6
3469 5718 3591 5789 τήν.
