4098 6326
217 357 255 407 D
1345 362 1619 421 HOMILIA
1660 366 1681 419 Ι
1722 368 1784 419 IN
1826 366 2318 427 ΙΙΕΧΛΕΜΕΠΟΝ.
3369 375 3435 434 ιο

217 487 417 553 qaut;
468 480 622 549 ἡμῶν
669 480 917 551 ἐμϐαλὼν
965 482 1026 535 τὸ
1069 484 1429 557 πολυτίμητον
1469 486 1635 559 ὄνομα
1670 489 1781 559 (23)

1899 492 2110 562 sigillam
2163 507 2215 548 et
2266 497 2567 551 antidotum
2610 493 2661 548 in
2691 492 2885 548 animis
2926 499 3121 555 nostris
3156 497 3435 567 imprimit,

217 573 311 625 τοῦ
338 568 494 631 Θεοῦ,
546 568 731 623 εἰπών’
788 572 889 626 Ἐν
913 571 1070 642 ἀρχῇ
1109 574 1447 645 ἐποίησενό
1489 580 1649 645 Θεός.
1718 580 1781 632 Ἡ

1899 586 2110 642 licens:
2159 586 2224 641 In
2252 590 2503 656 principio
2543 588 2663 656 fecit
2699 586 2854 642 Deus.
2898 585 3057 641 Beata
3090 603 3309 654 natura,
3352 590 3437 645 iu-

224 660 470 734 μακαρία
519 660 758 734 φύσις,ἡ
808 664 1033 732 ἄφθονος
1078 668 1365 739 ἀγαθότης,
1419 670 1479 722 τὸ
1506 670 1782 743 ἀγαπητὸν

1899 692 2019 745 gens
2048 680 2279 743 bonitas,
2308 680 2535 747 idipsnm
2572 679 2711 748 quod
2740 679 2988 732 omnibus
3024 680 3242 736 rationis
3271 681 3440 751 parti-

222 756 358 806 πᾶσι
383 754 493 814 τοῖς
518 752 672 823 λόγου
706 755 1069 825 μετειληφόσι.
1093 761 1153 813 τὸ
1180 761 1547 831 πολυπόθητον
1570 764 1780 827 κάλλος,

221 844 254 910 ὴ
286 841 434 910 ἀρχὴ
451 840 764 905 τῶν-ὅντων,
799 844 831 912 ἡ
861 846 1009 918 πηγὴ
1032 849 1131 919 τῆς
1159 849 1320 919 ζωῆς.
1346 849 1407 902 τὸ
1428 850 1611 919 νοερὸν
1645 855 1781 922 φῶς,

223 932 257 1000 ἡ
287 930 570 1001 ἀπρόσιτος
627 934 807 1000 σοφία,
847 930 996 1001 οὗτος
1046 939 1357 1003 Ἐποίησεν
1391 940 1461 993 ἐν
1494 942 1649 1011 ἀρχῇ
1682 946 1786 998 τὸν

223 1024 485 1090 οὐρανὸν
509 1024 605 1077 καὶ
634 1022 747 1090 τὴν
770 1023 903 1093 γῆν.

297 1116 348 1170 3.
384 1118 473 1186 Μὴ
501 1111 592 1168 οὖν
610 1113 815 1187 ἄναρχα
847 1116 1139 1185 φαντάζου,
1162 1118 1433 1191 ἄνθρωπε,
1474 1124 1541 1177 τά
1579 1124 1787 1196 ὁρώμε-

223 1222 311 1265 να,
351 1206 506 1277 μηδὲ,
542 1205 726 1277 ἐπειδὴ
757 1207 983 1259 κυκλόσε
1008 1210 1395 1280 περιτρέχειτὰ
1417 1214 1535 1263 κατ’
1562 1215 1789 1284 οὐρανὸν

225 1298 589 1366 κινούμενα,ή
626 1298 682 1349 δὲ
714 1296 807 1349 τοῦ
828 1298 1023 1351 κύκλου
1057 1301 1195 1372 άρχὴ
1218 1305 1280 1371 τῇ
1309 1302 1578 1372 προχείρῳ
1604 1305 1791 1375 αἰσθή-

228 1403 311 1438 σει
353 1384 506 1453 ἡμῶν
538 1386 637 1438 οὐκ
662 1385 942 1456 εὔληπτος,
976 1389 1206 1459 ἄναρχον
1244 1385 1383 1443 εἶναι
1415 1394 1641 1466 νομίσῃς
1683 1392 1791 1446 τῶν

226 1475 635 1547 κυκλοφορικῶν
672 1482 934 1550 σωμάτων
964 1483 1059 1551 τὴν
1114 1479 1290 1547 φύσιν.
1316 1481 1447 1535 Οὐδὲ
1479 1484 1588 1555 γὰρ
1638 1486 1666 1537 ό
1693 1486 1791 1538 κύ-

228 1563 566 1633 κλοςηοῦτος,
614 1572 674 1623 τὸ
718 1572 967 1624 ἐπίπεδον
1004 1571 1146 1639 λέγω
1201 1573 1382 1644 σχῆμα
1418 1577 1477 1629 τὸ
1508 1578 1610 1630 ὑπὸ
1666 1580 1794 1649 μιᾶς

226 1659 491 1729 γραμμῆς
540 1661 942 1730 περιεχόμενον,
991 1662 1175 1733 ἐπειδὴ
1222 1663 1497 1735 διαφεύγει
1525 1668 1635 1739 (24)
1694 1671 1793 1741 τὴν

228 1748 500 1819 ἡμετέραν
529 1751 794 1820 αἴσθησιν,
818 1751 908 1804 καὶ
928 1749 1046 1805 οὕτε
1072 1753 1189 1807 ὅθεν
1206 1755 1406 1825 ἦρξατο
1419 1756 1657 1831 ἐξευρεῖν
1682 1760 1791 1832 (25)

227 1837 520 1907 δυνάμεθα,
545 1837 667 1891 οὔτε
694 1841 772 1903 είς
805 1840 833 1894 δ
869 1843 1180 1914 κατέληξεν.
1207 1846 1303 1915 ήδη
1338 1849 1428 1899 καὶ
1457 1830 1796 1919 ἄναρχοναύν-
1827 1830 1866 1882 Β

228 1928 320 1980 τὸν
352 1928 633 1999 ὀφείλομεν
663 1930 1024 1985 ὑποτίθεσθαι.
1070 1934 1227 1987 Ἀλλά
1275 1935 1376 1989 κᾶν
1414 1937 1512 2007 τὴν
1544 1939 1793 2009 αἴσθησιν

226 2018 517 2092 διαφεύγῃ,
563 2022 628 2091 τῇ
665 2037 727 2089 γε
774 2020 998 2094 ἀληθείᾳ
1026 2024 1240 2088 πάντως
1280 2026 1390 2080 ἀπό
1418 2045 1559 2093 τινος
1589 2031 1792 2103 ἤρξατο

223 2110 482 2183 όκέντρῳ
514 2114 605 2167 καὶ
627 2114 951 2186 διαστήματι
979 2134 1082 2171 τινι
1107 2120 1451 2191 περιγράψας
1483 2122 1660 2179 αὐτόν.
1692 2124 1796 2178 0‘5-

226 2218 306 2256 τω
339 2204 434 2257 καὶ
468 2206 529 2258 σὺ
569 2205 661 2276 μὴ,
687 2207 871 2280 ἐπειδὴ
924 2210 1004 2273 είς
1042 2210 1209 2264 ἑαυτὰ
1252 2213 1490 2267 συννεύει
1516 2214 1584 2269 τὰ
1612 2215 1794 2288 κύκλῳ

225 2297 547 2368 κινούμενα,
572 2300 631 2351 τὸ
654 2299 752 2366 τῆς
790 2301 1051 2370 κινήσεως
1098 2303 1276 2355 αὐτῶν
1302 2307 1519 2375 ὁμαλὸν,
1572 2309 1663 2360 καὶ
1694 2326 1794 2379 μη·

224 2387 341 2440 δενὶ
380 2388 526 2457 μέσῳ
553 2388 662 2457 (26)
701 2390 1140 2459 διακοπτόμενον,
1176 2394 1273 2464 τὴν
1303 2395 1395 2447 τοῦ
1431 2397 1663 2468 ἄναρχον
1704 2401 1795 2453 τὸν

230 2478 437 2548 κόσμον
485 2481 579 2531 καὶ
612 2479 960 2551 ἀτελεύτητον
988 2479 1122 2536 εἶναι
1160 2501 1240 2537 σοι
1273 2486 1475 2558 πλάνην
1506 2492 1797 2559 ἐγκαταλί.

231 2586 333 2643 πῃ.
363 2569 613 2639 Παράγει
643 2572 750 2641 γὰρ
786 2571 853 2625 τὸ
901 2574 1110 2643 σχῆμα
1160 2576 1266 2632 τοῦ
1298 2580 1793 2648 κόσμου.τούτου’

232 2664 349 2723 καὶ.
410 2663 471 2715 '0
516 2665 766 2731 οὐρανὸς
816 2664 914 2717 καὶ
967 2668 1002 2734 ὴ
1048 2666 1121 2736 γῆ
1155 2672 1625 2736 παρελεύσονται
1658 2674 1790 2745 (27).

231 2753 694 2825 Προαναφώνησις
715 2757 821 2808 τῶν
858 2758 985 2828 περὶ
1019 2760 1325 2822 συντελείας
1371 2761 1651 2831 δογμάτων
1701 2766 1797 2819 καὶ

234 2845 369 2915 περὶ
406 2845 505 2914 τῆς
537 2846 629 2898 τοῦ
664 2847 867 2917 κόσμου
910 2852 1335 2919 μεταποιήσεως,
1362 2852 1429 2904 τά
1456 2853 1547 2905 νῦν
1580 2856 1635 2907 ὲν
1669 2856 1803 2926 ppu;

233 2936 356 3007 χέσι
398 2938 534 2990 κατὰ
583 2938 680 3007 τὴν
727 2939 1058 3009 στοιχείωσιν
1112 2942 1210 3011 τῆς
1259 2941 1611 2999 θεοπνεύστου
1656 2947 1797 3001 διδα-

235 3030 465 3094 σκαλίας
502 3031 915 3103 παραδιδόμενα.
946 3032 1046 3085 Ἐν
1072 3032 1227 3102 ἀρχῇ
1261 3034 1545 3103 ἐποίησεν
1571 3041 1604 3091 ό
1634 3041 1793 3107 Θεός.

1885 770 2091 838 cipibns
2122 782 2207 826 est
2232 772 2479 836 amabile,
2500 768 2839 839 pulchritudo
2867 771 3019 825 valde
3047 770 3435 842 desiderabilis,

1885 873 2067 912 eorum
2095 875 2212 927 quae
2240 860 2503 914 exsistunt
2555 861 2873 931 principium
2892 899 2908 928 ,
2938 858 3058 912 fons
3087 861 3208 912 vitae
3230 900 3246 926 ,
3280 862 3439 927 spiri-

1889 949 2049 1001 tualis
2087 948 2197 1012 lux,
2247 951 2508 1017 sapientia
2572 951 2865 1016 inaccessa,
2919 950 3041 1013 hic,
3090 948 3154 1003 In
3183 951 3441 1020 principio

1886 1038 2007 1109 fecit
2043 1041 2226 1094 caelum
2255 1051 2304 1094 et
2336 1053 2545 1095 terram.

1956 1133 2010 1187 '5.
2054 1131 2128 1186 Ne
2155 1134 2315 1203 igitur
2336 1136 2563 1204 cogites,
2600 1149 2632 1187 ο
2654 1133 2833 1195 homo,
2859 1148 2917 1188 ea
2949 1149 3067 1204 qua:
3094 1132 3439 1202 conspiciun-

1891 1236 1994 1287 tur,
2027 1226 2291 1295 principio
2324 1241 2510 1280 carere
2543 1244 2555 1279 :
2592 1236 2646 1280 et
2674 1230 2797 1296 quia
2829 1240 2890 1279 ea
2922 1241 3037 1293 quae
3075 1226 3125 1280 iu
3161 1224 3298 1280 caan
3331 1240 3446 1276 mo-

1890 1328 2100 1379 ventur.
2164 1320 2605 1386 circumaguntur
2654 1317 2995 1383 circulatim,
3046 1318 3339 1387 circulique
3391 1313 3448 1381 Δ

1892 1410 2204 1478 principium
2235 1416 2483 1477 prompto
2520 1422 2680 1461 sensu
2722 1422 2751 1460 a
2787 1406 2939 1461 nobis
2975 1407 3175 1476 percipi
3219 1421 3322 1459 non
3353 1421 3447 1472 po-

1894 1508 2018 1561 test,
2056 1514 2120 1552 ne
2149 1499 2348 1553 idcirco
2375 1509 2622 1552 naturam
2643 1511 2827 1549 eorum
2852 1510 3135 1563 corporum
3163 1508 3281 1565 quae
3304 1494 3448 1547 orbi-

1892 1587 2112 1641 culatim
2136 1600 2416 1641 moventur
2442 1588 2715 1657 putaveris
2738 1586 2986 1655 principii
3008 1600 3126 1639 esse
3149 1592 3446 1654 expertem.

1894 1678 2075 1747 Neque
2101 1678 2241 1731 enim
2292 1678 2546 1731 circulum
2595 1679 2733 1732 hunc
2767 1676 3020 1747 (ﬁguram
3072 1676 3190 1730 dico
3229 1677 3447 1747 planam

1895 1783 1997 1822 una
2054 1767 2187 1821 linea
2226 1766 2744 1839 circumscriptam),
2793 1768 3050 1839 quoniam
3099 1780 3315 1822 sensum
3358 1782 3454 1821 no-

1895 1868 2064 1912 atrum
2117 1858 2302 1927 ell'ugit
2328 1898 2343 1924 ,
2380 1867 2472 1910 aut
2501 1858 2755 1926 quoniam
2810 1874 2982 1929 neque
3015 1860 3154 1912 unde
3201 1857 3447 1926 coeperit,

1897 1961 2067 2015 neque
2099 1949 2148 1999 in
2181 1948 2304 2016 quid
2336 1946 2807 2001 desinatinvenire
2846 1963 3147 2016 possumus,
3186 1948 3447 2003 continuo

1894 2049 1948 2093 et
1972 2038 2217 2108 principii
2246 2050 2512 2092 exsortem
2538 2054 2655 2093 esse
2678 2047 2911 2093 statuere
2927 2038 3199 2093 debemus.
3227 2039 3453 2105 Verum,

1897 2131 2108 2186 tametsi
2140 2145 2352 2185 sensum
2395 2131 2562 2201 fugit,
2597 2148 2780 2188 revera
2813 2142 2989 2187 tamen
3025 2132 3243 2187 omnino
3282 2133 3451 2200 capit

1895 2238 1922 2277 a
1954 2224 2204 2294 quopiam
2232 2262 2248 2287 ,
2280 2222 2369 2290 qui
2416 2238 2538 2277 eum
2592 2233 2780 2278 centro
2813 2235 2869 2278 et
2913 2226 3139 2293 quodam
3171 2223 3453 2280 intervallo

1894 2314 2398 2382 circumscripserit.
2430 2314 2519 2370 Sic
2550 2327 2605 2369 et
2640 2326 2717 2378 tn,
2744 2317 2999 2383 quoniam
3033 2330 3152 2383 qua:
3188 2317 3238 2368 in
3266 2315 3451 2369 orbem

1896 2414 2199 2466 versantur,
2228 2405 2412 2459 eodem
2448 2406 2699 2471 redeunt,
2733 2420 2799 2459 ne
2828 2404 2897 2459 ob
2929 2406 3065 2459 hanc
3100 2414 3275 2459 motus
3304 2404 3451 2473 ipso-

1899 2510 2016 2548 rum
2073 2495 2496 2563 aequabilitatem
2546 2497 2693 2551 unllo
2746 2497 3033 2551 interstitio
3073 2497 3449 2564 interruptam,

1896 2583 2030 2639 falso
2058 2582 2363 2648 arbitreris,
2402 2584 2655 2637 mundum
2682 2584 2941 2652 principio
2971 2597 3036 2637 ac
3069 2583 3172 2637 llue
3201 2583 3442 2636 destitui.

1897 2675 2104 2730 Transit
2130 2677 2265 2730 enim
2290 2676 2460 2745 ﬁgura
2482 2676 2638 2744 hujus
2658 2676 2836 2727 mundi
2853 2675 2895 2729 ⁸.
2918 2673 3001 2740 Et,
3025 2672 3224 2729 Caelum
3240 2684 3287 2726 et
3306 2681 3451 2726 terra

1895 2767 2246 2820 transibunt‘.
2288 2767 2416 2832 Quae
2455 2779 2595 2819 nunc
2623 2764 2855 2819 breviter
2882 2764 3033 2819 initio
3075 2764 3333 2819 doctrina
3366 2765 3449 2817 di—

1896 2858 2091 2912 vinitus
2136 2858 2405 2925 inspirata:
2433 2857 2742 2922 «traduntur,
2795 2855 3045 2926 dogmata
3085 2854 3151 2908 de
3197 2868 3451 2908 consum-

1898 2948 2152 3011 matione,
2180 2948 2351 3015 deque
2386 2946 2566 2999 mundi
2592 2946 2967 2998 immutatione
2999 2942 3337 3013 praecinunt:
3371 2939 3440 2996 In

1896 3041 2153 3109 principio
2188 3040 2308 3107 fecit
2335 3037 2495 3091 Deus.
2538 3038 2667 3105 Quae
2695 3051 2723 3088 a
2756 3045 2995 3103 tempore
3036 3034 3245 3089 initium
3286 3033 3456 3089 disse-

234 3124 318 3177 Τά
338 3123 445 3176 ἀπὸ
468 3122 657 3194 χρόνου
694 3122 971 3195 ἀρξάμενα
1004 3126 1149 3179 πᾶσα
1176 3126 1381 3198 ἀνάγκη
1414 3128 1505 3182 καὶ
1537 3128 1593 3181 ὲν
1626 3130 1798 3203 χρόνῳ

1902 3138 2044 3195 runt,
2077 3144 2137 3183 ea
2168 3128 2220 3182 in
2248 3137 2485 3196 tempore
2507 3126 2668 3180 etiam
2702 3138 2923 3180 necesse
2945 3132 3029 3179 est
3049 3122 3270 3178 omnino
3294 3121 3456 3175 inter

236 3215 665 3286 συντελεσθῆναι.
684 3218 744 3270 Et
769 3217 881 3287 (98)
910 3218 1082 3289 ἀρχὴν
1139 3218 1248 3289 ἔχει
1278 3219 1549 3290 χρονικὴν,
1583 3220 1657 3292 μὴ
1684 3223 1792 3293 άμ-

237 3307 475 3377 φισάλῃς
508 3309 631 3379 περὶ
685 3307 776 3360 τοῦ
821 3308 1023 3371 τέλους.
1072 3310 1401 3380 Γεωμετρίαι
1433 3313 1540 3383 γάρ
1562 3316 1654 3366 καὶ
1677 3316 1797 3387 ἀριο

236 3399 503 3470 θμητικαὶ
534 3398 769 3471 μέθοδοι,
796 3401 889 3452 καὶ
918 3400 1111 3471 αἱπερὶ
1132 3400 1239 3453 τῶν
1283 3402 1513 3471 στερεῶν
1544 3421 1801 3475 πραγμα-

234 3493 400 3550 τεῖαι.
426 3490 519 3543 καὶ
562 3490 1041 3561 ἠπολυθρύλλητος
1077 3491 1422 3562 ἀστρονομία.
1451 3495 1484 3563 ή
1512 3493 1804 3566 πολυάσχο-

234 3579 328 3644 λος
391 3582 706 3651 ματαιότης,
759 3581 892 3652 πρὸς
940 3584 1086 3634 ποῖον
1139 3583 1567 3653 καταστρέφουσι
1617 3584 1795 3651 τέλος;

236 3672 414 3743 Εἴπερ
454 3672 503 3725 οἱ
546 3674 671 3744 περὶ
714 3673 884 3727 ταῦτα
912 3671 1307 3737 ἐσπουδακότες
1365 3675 1629 3738 συναῖδιον
1661 3672 1800 3731 εἶναι

237 3762 317 3831 τῷ
362 3763 555 3836 κτίστῃ
604 3762 711 3816 τῶν
742 3764 877 3817 ὅλων
912 3763 1030 3835 Θεῷ
1073 3764 1166 3817 καὶ
1196 3764 1285 3817 τὸν
1322 3764 1591 3837 ὁρώμενον
1616 3768 1799 3823 τοῦτον

238 3854 445 3922 κόσμον
468 3854 838 3925 διενοήθησαν,
882 3855 1017 3928 πρὸς
1056 3856 1153 3927 τὴν
1187 3855 1356 3928 αὐτὴν
1386 3857 1540 3923 δόξαν
1568 3861 1796 3929 ἀγαγόν-

312 3964 334 3995 ³
366 3963 532 4019 lCor.
563 3979 658 4026 vu,
682 3964 770 4019 3i.
846 3965 867 3995 ⁸
897 3965 1083 4022 Matth.
1116 3983 1262 4029 xxiv,
1286 3967 1373 4021 55.

311 4082 430 4153 (εδ)
464 4080 630 4154 Colb.
670 4086 933 4137 secundus
983 4082 1276 4154 πολύτιμον
1309 4084 1514 4154 δνσμα.
1560 4080 1682 4154 Nec
1725 4082 1798 4136 ita

239 4150 420 4209 multo
443 4162 561 4217 post
585 4152 723 4206 idem
752 4154 918 4207 codex
951 4169 1069 4206 cum
1097 4150 1336 4207 Coiubef.
1360 4151 1420 4204 τὸ
1450 4150 1798 4219 ἀγαπητὸν...

239 4223 481 4305 agitatus,
511 4223 756 4305 maiestas
772 4224 1027 4305 amabilia.
1064 4223 1257 4305 Ibidem
1286 4237 1423 4305 unus
1456 4219 1801 4305 Βθβκμετει-

240 4290 454 4361 ληχόσι.
510 4290 647 4344 Infra
681 4290 827 4344 Bodl.
871 4308 1004 4362 cum
1036 4292 1190 4347 editis
1235 4291 1425 4362 ἐπειδὴ
1482 4290 1666 4360 κύκλῳ
1716 4307 1795 4345 σε.

241 4361 411 4417 Coisl.
445 4362 711 4414 secundus
731 4362 787 4413 ὲν
814 4361 996 4431 κύκλῳ
1012 4378 1091 4425 σε,
1124 4361 1329 4415 duabus
1359 4361 1539 4414 itidem
1556 4362 1796 4431 vocibus.

244 4432 317 4485 At
358 4430 487 4498 Reg.
519 4438 705 4483 sextus
735 4433 886 4483 unica
920 4430 1047 4486 voce
1091 4431 1335 4485 κύκλωσε
1366 4449 1380 4485 :
1421 4431 1512 4485 sed
1558 4430 1802 4484 scriben-

243 4502 398 4562 dum,
428 4500 478 4551 ni
515 4498 684 4555 fallor.
719 4498 965 4565 κυκλόσε,
994 4517 1094 4554 non
1120 4501 1382 4557 κύκλωσε.

327 4568 444 4649 (ειλ
475 4567 613 4649 Editi
663 4567 944 4649 διαρεύγῃ.
972 4571 1037 4623 At
1064 4582 1285 4638 uterque
1309 4571 1448 4649 _Du_c.
1480 4566 1653 4649 et_alii
1699 4568 1803 4649 duo

248 4654 385 4693 mss.
409 4636 708 4707 διαφεύγει.
740 4636 931 4692 Statim
961 4655 1090 4693 mss.
1122 4636 1210 4693 sex
1240 4642 1332 4693 xci.
1355 4639 1498 4693 οὕτε.
1527 4640 1683 4693 Deest
1708 4637 1801 4691 καί

247 4707 305 4763 in
331 4707 510 4760 editis.

326 4775 445 4848 (25)
471 4776 620 4848 Colb.
647 4776 851 4848 primus
882 4776 1233 4848 ebpeiv._Mox
1264 4779 1401 4835 idem
1449 4794 1552 4831 ms.
1576 4776 1636 4829 τὸ
1668 4773 1803 4842 εἶδος

246 4843 545 4915 διαφεύγῃ.
570 4846 708 4917 Editi
734 4843 1031 4917 διαφεύγει.
1060 4846 1168 4917 Nec
1200 4850 1268 4900 ita
1300 4850 1465 4903 multo
1505 4855 1626 4917 post
1671 4864 1803 4905 mss.

250 4917 549 4989 quinqued
576 4915 798 4987 κέντρῳ.
823 4915 961 4989 [nun
985 4919 1012 4970 ὁ
1036 4916 1367 4989 τῷγκέντρῳ.

327 4983 443 5054 (26)
476 4984 571 5056 Sic
589 4983 822 5056 uterque,
852 4986 982 5041 Duc.
1010 4983 1334 5056 et'Auglic.:
1347 4999 1400 5042 et
1425 4986 1579 5044 Colb.
1613 5000 1805 5044 secun-

252 5052 360 5125 dus
390 5052 510 5107 cum
544 5052 722 5125 Regiis
736 5054 917 5125 primo
945 5066 997 5109 et
1041 5052 1249 5125 quinto.
1311 5055 1453 5110 Editi
1494 5073 1620 5125 cum
1650 5056 1803 5113 Colb.

252 5124 433 5202 Eritno
460 5122 867 5202 μηδενίμέσον.
909 5122 1227 5202 [μειοῖ-μοι
1278 5127 1453 5202 editio
1487 5124 1647 5202 Basil.
1685 5141 1805 5180 cum

251 5191 411 5267 9911).
448 5191 620 5267 primo
647 5191 1033 5267 ἐγκαταλείπῃ.
1069 5195 1199 5267 Reg.
1256 5198 1521 5251 secundus
1578 5199 1810 5265 ἐγκατα-

248 5259 650 5337 λίποιζΕάὶιίο
691 5259 881 5320 Paris.
922 5259 1043 5318 cuiu
1090 5259 1356 5335 aliquibus
1397 5282 1529 5321 mss.
1580 5259 1813 5337 ἐγκαταο

246 5330 442 5471 “73%)
460 5399 597 5455 ΕΜιὶ
622 5414 742 5456 cum
760 5400 890 5525 Reg.
912 5402 1083 5470 primo
1101 5412 1155 5459 et
1173 5420 1295 5459 cum
1321 5420 1475 5460 sacro
1498 5414 1642 5460 textu
1666 5422 1812 5476 παρ-

250 5470 590 5525 ελεύσονται.
652 5472 724 5525 At
766 5488 835 5525 ou
861 5487 1001 5525 naue
1064 5474 1153 5525 alii
1212 5490 1340 5525 mas.
1400 5475 1809 5525 παρελεύσεται.

250 5471 590 5553 ελεύσογται.
628 5472 737 5553 “At
766 5471 1001 5553 quinque
1064 5474 1153 5527 alii
1204 5490 1340 5553 tuas.
1372 5471 1809 5553 παρελεύσεται.

257 5541 598 5615 Ηδιειίλιριιεο
623 5539 1011 5615 ροιὴέρτῇιὶιυε
1049 5543 1475 5615 παραδεδομένα.

325 5609 442 5680 (28)
473 5608 564 5664 Sic
582 5610 931 5666 editioBasiI.
956 5627 1077 5667 cum
1106 5608 1197 5668 εἰει
1238 5608 1366 5667 mss.
1401 5616 1466 5667 At
1503 5615 1666 5669 editio
1699 5613 1800 5667 Pa-

1898 3222 1996 3278 ire.
2026 3221 2081 3276 Si
2110 3219 2403 3288 temporale
2432 3217 2641 3272 initium
2672 3229 2966 3284 accepere,
3018 3225 3085 3266 ue
3131 3210 3341 3266 dubites
3388 3212 3455 3265 de

1898 3314 2023 3368 ﬁne.
2055 3311 2188 3366 Nam
2221 3311 2509 3381 geometria
2532 3349 2547 3373 ,
2580 3308 2813 3361 rationes
2858 3303 3244 3369 arithmetica,
3280 3302 3456 3372 inqui-

1898 3406 2116 3460 sitiones
2145 3405 2210 3459 de
2246 3404 2430 3459 solidis
2452 3442 2467 3465 ,
2498 3399 2825 3455 astronomia
2862 3398 2995 3451 adeo
3021 3396 3324 3461 decantata,
3354 3409 3454 3450 ne-

1902 3494 2258 3564 gotiosissima
2294 3492 2499 3545 vanitas
2522 3531 2537 3556 ,
2573 3490 2637 3543 ad
2685 3487 2896 3560 qualem
2938 3486 3097 3541 linem
3150 3483 3455 3541 divortunt?

1903 3583 2177 3652 Siquidem
2223 3582 2480 3637 harumce
2529 3596 2705 3635 rerum
2754 3579 2980 3634 studiosi
3027 3579 3169 3633 hunc
3198 3578 3454 3632 mundum

1898 3674 2161 3730 visibilem
2193 3674 2579 3741 sempiternum
2605 3686 2727 3726 esse
2753 3686 2855 3726 una
2888 3684 3009 3725 cum
3040 3670 3321 3725 conditore
3342 3669 3457 3722 uni-

1899 3781 2176 3821 versorum
2222 3766 2328 3819 Deo
2354 3767 2740 3832 decreverunt;
2783 3766 2980 3819 mundo
3009 3760 3451 3831 circumscripto,

1902 3859 2185 3928 eidemque
2231 3873 2427 3926 corpus
2474 3871 2537 3911 ex
2578 3859 2804 3912 materia
2858 3864 3194 3912 comoactum
3236 3852 3456 3909 babenti

1904 4083 2131 4139 ctrinam
2174 4080 2303 4135 nihil
2333 4081 2537 4151 ﬁrmam
2564 4095 2695 4151 esse,
2750 4080 2800 4134 id
2832 4088 3034 4137 temere
3069 4080 3271 4135 dictum
3301 4093 3454 4150 puta-

1905 4168 2045 4207 mns.
2075 4152 2247 4206 Causa
2276 4148 2451 4205 autem
2472 4165 2569 4203 cur
2593 4150 2662 4202 ita
2679 4148 2899 4215 iudicet,
2928 4152 3040 4206 haec
3064 4160 3167 4218 est,
3192 4148 3332 4219 quod
3358 4170 3456 4207 au-

1904 4222 2005 4289 geli
2047 4223 2329 4291 animaque
2376 4220 2788 4291 creperint.uec
2828 4228 3004 4274 tamen
3038 4222 3159 4291 sint
3196 4236 3451 4291 unquam

1904 4292 2145 4345 desituri.
2172 4289 2277 4345 Sed
2301 4291 2421 4360 quis
2446 4305 2546 4342 uon
2591 4290 2729 4343 videt
2752 4290 3048 4345 immerenti
3084 4289 3281 4344 Basilio
3304 4292 3452 4346 litem

1908 4361 2113 4424 inferri,
2138 4376 2258 4413 cum
2312 4368 2520 4414 constet
2544 4373 2666 4430 eum
2712 4360 2811 4412 hoc
2857 4360 2974 4430 loco
3001 4375 3104 4413 non
3155 4363 3226 4430 de
3247 4362 3453 4430 angelis

1907 4441 1998 4484 aut
2031 4436 2095 4484 de
2133 4430 2330 4493 anima,
2359 4430 2449 4483 sed
2476 4430 2541 4483 de
2574 4428 2702 4482 solis
2723 4430 2881 4482 rebus
2901 4428 3196 4483 visibilibus
3218 4428 3451 4483 locutum

1908 4499 2108 4555 fuisse?
2129 4500 2302 4567 ipsum
2327 4500 2637 4553 audiamus:
2661 4498 2952 4567 Siquidem,
2988 4499 3178 4566 inquit,
3206 4498 3455 4554 harumce

1908 4586 2076 4623 rerum
2106 4570 2327 4623 studiosi
2359 4567 2608 4622 visibilem
2648 4568 2781 4619 hunc
2810 4568 3057 4635 mundum
3089 4570 3455 4635 sempiternum

1907 4658 2014 4693 esse
2039 4657 2142 4693 una
2176 4657 2289 4693 cum
2313 4639 2577 4691 conditore
2605 4637 2961 4688 universorum
2981 4634 3086 4690 Deo
3102 4634 3454 4693 decreverunt.

1835 4723 1879 4778 ι)
1908 4710 2037 4764 Cum
2070 4710 2231 4780 igitur
2259 4709 2431 4780 angeli
2462 4717 2516 4761 et
2537 4706 2726 4780 anima
2744 4719 2838 4772 per
2866 4718 2923 4759 se
2951 4708 3184 4780 nonsiut
3206 4718 3443 4776 aspecto-

1908 4781 2059 4837 biles.
2092 4775 2188 4833 nec
2208 4778 2375 4832 oculis
2402 4777 2555 4845 cerni
2586 4775 2811 4842 possint,
2840 4789 3009 4845 neque
3030 4777 3096 4829 de
3124 4776 3246 4840 hac,
3270 4775 3459 4845 neque

1909 4852 1973 4903 de
1997 4850 2100 4903 illis
2130 4847 2288 4901 verba
2322 4844 2723 4916 Basiliidebent
2748 4844 2935 4916 accipi.
2966 4844 3013 4916 ls
3040 4847 3228 4899 unicus
3264 4844 3458 4916 scopus

1908 4929 1991 4972 est
2020 4917 2197 4973 Patris
2224 4914 2526 4987 gravissimi
2591 4929 2653 4967 ac
2706 4912 3058 4982 propositum,
3092 4923 3150 4967 ut
3186 4912 3452 4979 ostendat,

1909 4987 2163 5042 mundum
2199 5002 2294 5053 per
2322 5000 2381 5040 se
2406 4993 2460 5039 et
2490 4993 2675 5051 suapte
2698 4991 2879 5035 natura
2906 4994 3162 5053 aeternum
3190 4999 3293 5038 non
3314 5000 3453 5051 esse,

1909 5058 2001 5111 sed
2036 5052 2295 5126 quidquid
2330 5054 2541 5126 visibile
2573 5063 2670 5126 est
2691 5053 2741 5105 in
2773 5052 2970 5126 mundo
2995 5061 3156 5121 atque
3181 5054 3454 5117 sensibile,

1913 5126 1965 5180 id
1991 5119 2150 5181 omne
2176 5119 2504 5193 corruptioui
2557 5122 2852 5192 subiacere.
2901 5119 3288 5193 _Hanc"autem
3341 5126 3458 5193 eius

1915 5198 1989 5249 rei
2019 5210 2236 5251 causam
2264 5188 2492 5248 Basilius
2524 5194 2636 5263 ipse
2652 5188 2833 5246 statim
2858 5189 3012 5244 aﬂ'ert
3040 5207 3055 5244 :
3080 5188 3191 5244 Nec
3216 5195 3313 5246 hoc
3341 5188 3455 5262 qui-

1912 5266 2052 5328 dem,
2084 5265 2275 5333 inquit,
2301 5264 2709 5317 animadvertere
2740 5269 3042 5333 potuerunt,
3087 5265 3225 5329 quod
3255 5277 3455 5333 necesse

1912 5336 1980 5387 sit
2011 5330 2194 5399 totum,
2219 5336 2371 5401 cujus
2402 5345 2569 5403 partes
2593 5330 2910 5403 corruptioui
2937 5341 2984 5403 et
3024 5332 3300 5403 mutationi
3326 5332 3453 5385 sub-

1904 5405 2105 5473 jm'em,
2134 5400 2301 5468 ipsum
2330 5400 2531 5472 quoque
2552 5402 2835 5473 aliquando
2867 5400 3052 5473 iisdem
3092 5401 3453 5469 affectionibus

1912 5471 2188 5527 Obnoxiam
2233 5471 2363 5539 esse,
2388 5485 2539 5541 atque
2572 5471 2717 5525 illius
2747 5480 2937 5541 partes.
2969 5471 3139 5541 LQuod
3166 5485 3453 5540 argumen-

1912 5544 2055 5597 tandi
2094 5558 2263 5614 genus
2311 5538 2577 5614 pace'viri
2622 5540 2916 5614 doctissimi
2953 5538 3178 5614 dixerim
3232 5538 3454 5595 inultum

1904 5607 2384 5669 habere'momeuti
2415 5624 2581 5681 atque,
2610 5610 2837 5665 roboris.
2864 5607 3112 5681 Basiliam
3139 5621 3352 5681 secutus
3374 5621 3457 5666 est

257 5678 354 5736 ris.
384 5682 433 5752 et
472 5682 613 5752 γάρ.
660 5680 796 5752 Mox,
825 5682 1066 5752 quinque
1106 5698 1237 5737 mss.
1281 5683 1608 5752 άμφιὸάλῃς.
1659 5684 1798 5737 Editi

1903 5682 2240 5748 Ambrosius,
2286 5683 2376 5739 lib.
2406 5699 2423 5737 ι
2456 5678 2507 5735 iii
2537 5680 2791 5737 Hexaem.
2816 5693 2935 5749 pag.
2960 5678 3013 5743 6,
3044 5695 3188 5734 uum.
3227 5679 3314 5734 10.

251 5750 619 5825 ἀμφισᾶλλης.
652 5751 802 5819 Quod
823 5750 897 5807 ait
920 5750 1289 5818 Combeﬁsius,
1324 5750 1461 5809 hanc
1500 5750 1677 5807 Basilii
1707 5755 1799 5809 do-
