4060 6316
637 326 696 382 Η
2015 332 2074 388 5.
2113 330 2356 387 BASILII
2393 330 2610 387 MAGNI
3823 331 3883 385 19.

632 443 880 505 eamdem
904 444 1132 514 gloriam
1161 452 1326 516 atque
1354 444 1886 517 incomprehensibili
1929 455 2135 501 natura:
2154 455 2205 499 et

2309 460 2402 508 τες
2467 443 2580 514 (29)
2627 444 2718 497 τὸν
2782 443 3294 515 περιγεγραμμένον
3337 443 3429 496 καὶ
3479 444 3642 514 σῶμα
3691 443 3881 513 ἔχοντα

637 535 892 593 invisibili
933 538 1258 594 tribuentes.
1291 538 1368 594 Ne
1398 541 1500 595 hoc
1529 541 1746 610 quidem
1771 540 2204 595 animadvertere

635 640 969 700 potuerunt,
1005 631 1147 699 quod
1187 644 1410 686 necesse
1448 632 1520 686 sit
1551 642 1602 686 et
1645 642 1814 688 totum
1846 631 1998 699 cujus
2024 643 2207 702 partes

633 722 967 791 corruptioni
992 732 1045 777 et
1065 723 1346 778 mutationi
1373 724 1675 794 subjacent,
1698 726 1888 780 iisdem
1916 724 2208 795 aliquando

636 813 928 867 obnoxium
976 827 1098 868 esse
1140 812 1520 869 aliectionibus
1547 856 1561 877 ,
1592 825 1755 883 atque
1787 814 1958 885 ipsius
2001 824 2203 884 partes.

631 902 738 958 Sed
764 919 932 971 usque
972 906 1105 960 adeo
1135 904 1475 959 Evanuerunt
1516 907 1568 959 in
1615 906 2025 976 cogitationibus
2059 907 2204 970 suis,

630 1003 680 1051 et
706 995 1042 1048 obscuratum
1073 1006 1148 1050 est
1178 998 1428 1065 insipiens
1463 1015 1552 1052 cor
1583 1016 1786 1063 eorum,
1820 1012 1867 1052 et
1892 1001 2119 1054 dicentes
2150 1017 2207 1055 se

628 1104 742 1143 esse
766 1091 1026 1156 sapientes
1054 1130 1068 1152 ,
1106 1091 1175 1143 ita
1217 1091 1369 1144 stulti
1393 1092 1520 1158 [acti
1549 1094 1731 1158 sum",
1773 1102 1829 1144 ut
1855 1093 1947 1145 alii
1987 1094 2203 1161 quidem

631 1176 790 1229 simul
826 1192 947 1231 cum
976 1177 1085 1232 Deo
1125 1179 1320 1232 (telum
1353 1182 1418 1234 ab
1441 1190 1646 1236 aeterno
1680 1183 1940 1236 exsistere
1970 1183 2206 1237 allirtna-

631 1272 776 1336 rint;
805 1269 893 1323 alii
930 1285 1055 1324 vero
1086 1271 1213 1326 illud
1243 1273 1415 1336 ipsum
1441 1289 1498 1327 es
1530 1291 1561 1327 e
1595 1274 1759 1329 Deum
1791 1275 1907 1329 sine
1937 1277 2204 1345 principio

632 1375 688 1419 et
709 1365 827 1419 sine
851 1363 975 1426 line,
1012 1374 1172 1434 atque
1201 1368 1612 1435 gubernationis
1652 1385 1829 1423 rerum
1867 1369 2202 1440 singularum

633 1467 853 1507 causam
887 1468 1008 1508 esse
1030 1458 1341 1510 statuerint.

701 1545 756 1600 4.
798 1545 1049 1601 Proiecto
1074 1548 1262 1602 istltaec
1303 1549 1585 1605 mundana:
1631 1553 1910 1622 sapientiae
1933 1554 2091 1622 copia
2125 1554 2206 1610 eis

631 1639 924 1710 aliquando
979 1643 1483 1698 condenmationem
1552 1655 1796 1700 accerset
1867 1648 2202 1717 graviorem,

630 1731 830 1800 quippe
856 1731 983 1800 quia
1016 1733 1152 1787 adeo
1176 1744 1390 1788 acutum
1426 1736 1478 1789 in
1510 1737 1665 1790 vanis
1690 1737 1848 1792 rebus
1883 1747 2166 1793 cernentes
2185 1777 2200 1802 ,

2311 536 2513 599 ὑλικὸν,
2562 539 2626 606 τῇ
2672 536 3028 607 ἀπεριλήπτῳ
3072 535 3167 590 καὶ
3226 536 3440 607 ἀοράτῳ
3496 537 3681 606 φύσει,
3742 537 3873 608 [una

2304 628 2558 681 τοσοῦτον
2583 627 2898 697 δυνηθέντες
2924 625 3262 698 ὲννοηθῆναι,
3305 629 3383 680 ὅτι
3402 621 3462 680 οὗ
3493 627 3719 698 τὰμέρη
3754 627 3883 696 9:00-

2309 722 2430 791 ραίς
2462 718 2556 772 καί¹
2581 718 2928 772 ἀλλοιώσεσιν
2965 719 3268 781 ὑπόκειται,
3293 717 3482 770 τούτου
3515 719 3612 770 καὶ
3664 717 3716 770 τὸ
3768 718 3887 771 ὅλον

2307 811 2518 883 ἀνάγκη
2547 812 2675 865 ποτὲ
2706 811 2773 864 τὰ
2821 810 2959 864 αύτά
2989 811 3284 881 παθήματα
3315 813 3425 874 τοίς
3449 811 3673 873 οἰκείοις
3726 812 3887 883 μέρε-

2309 923 2390 958 σιν
2424 905 2740 974 ὑποστῆναι.
2781 903 2940 957 Ἀλλά
2973 903 3221 956 τοσοῦτον
3255 901 3740 972 Ἔματαιώθησαν
3767 903 3888 967 τοῖς

2306 996 2713 1065 διαλογισμοῖς
2752 993 2970 1060 αὐτῶν,
3021 995 3119 1048 καὶ
3152 996 3477 1062 ἐσκοτίσθη
3512 996 3551 1062 ἠ
3588 996 3889 1060 ἀσύνετος

2306 1089 2503 1141 αὐτῶν
2535 1088 2767 1156 καρδία,
2812 1087 2908 1142 καὶ
2949 1087 3288 1156 φάσκοντες
3335 1087 3488 1141 εἶναι
3531 1086 3712 1154 σοφοὶ
3742 1087 3889 1154 ἐμω-

2299 1180 2639 1250 ράνθησαν,
2674 1181 2814 1233 ὥστε
2847 1183 2894 1233 οἰ
2936 1181 3033 1252 μὲν
3071 1181 3435 1252 συνυπάρχειν
3479 1180 3537 1246 ἐξ
3588 1179 3764 1232 ἀῖδίου
3813 1180 3888 1250 τῷ

2306 1273 2425 1342 Θεῷ
2452 1274 2544 1326 τὸν
2574 1274 2801 1344 οὐρανὸν
2823 1275 3187 1346 ἀπεφήναντο·
3223 1276 3271 1327 οἰ
3305 1275 3360 1327 δὲ
3391 1274 3553 1330 αὑτὸν
3587 1269 3726 1326 εἶναι
3754 1272 3888 1326 Θεὸν

2305 1367 2538 1438 ἀναρχόν
2570 1384 2626 1419 τε
2663 1366 2770 1436 (50)
2816 1367 2908 1419 καὶ
2937 1367 3313 1439 ἀτελεύτητον,
3357 1368 3450 1420 καὶ
3477 1367 3574 1438 τῆς
3597 1366 3709 1419 τῶν
3743 1366 3888 1419 κατὰ

2309 1457 2474 1528 μέρος
2508 1456 2820 1526 οἰκονομίας
2845 1457 3035 1509 αἴτιον.

2375 1552 2428 1605 4.
2454 1546 2634 1604 τΗττον
2681 1550 2860 1612 αὐτοῖς
2901 1551 2932 1619 ἡ
2965 1549 3250 1620 περιουσία
3290 1551 3387 1621 τῆς
3429 1551 3524 1604 τοῦ
3560 1552 3764 1621 κόσμου
3803 1567 3886 1604 σο-

2306 1645 2432 1714 φίας
2475 1643 2788 1715 προσθήκην
2828 1641 2963 1694 οἴσει
3022 1642 3151 1695 ποτὲ
3194 1642 3294 1710 τῆς
3340 1643 3580 1714 χαλεπῆς
3621 1645 3886 1714 κατακρί-

2309 1754 2463 1802 σεως,
2490 1737 2572 1790 ὅτι
2599 1735 2770 1799 οὕτως
2801 1735 2893 1802 ὀξὺ
2918 1735 3046 1807 περὶ
3069 1735 3136 1788 τὰ
3165 1735 3364 1804 μάταια
3389 1734 3699 1802 βλέποντες,
3729 1737 3883 1790 ἐκόν-

630 1832 823 1890 suapte
852 1830 1040 1889 sponte
1069 1823 1120 1876 in
1151 1824 1495 1895 intelligenda
1523 1827 1746 1880 veritate
1771 1826 2026 1882 obcaecati
2052 1837 2199 1883 sunt.

2309 1847 2393 1892 τες
2433 1830 2567 1900 πρὸς
2598 1830 2694 1899 τὴν
2727 1829 2936 1886 σύνεσιν
2965 1827 3066 1897 τῆς
3097 1826 3351 1898 ἀληθείας
3389 1828 3877 1897 ἀπετυφλώθησαν.

630 1911 731 1978 Qui
773 1927 937 1982 porro
964 1914 1134 1984 spatia
1166 1915 1523 1970 dimetiuntur
1554 1915 1854 1978 stellarum,
1893 1919 2200 1985 assignant-

629 2018 734 2074 qne
763 2020 1011 2073 quamam
1047 2021 1262 2074 semper
1295 2005 1608 2074 allulgeaut,
1634 2016 1688 2061 et
1718 2023 1963 2074 quasnam
1994 2017 2204 2076 septen-

629 2096 889 2150 trionalcs
920 2097 1045 2163 sint,
1089 2107 1144 2152 et
1189 2098 1277 2166 qui
1313 2099 1446 2152 sitas
1496 2098 1639 2153 circa
1675 2100 1978 2154 austrinum
2019 2101 2200 2169 polum

628 2187 814 2242 stellas
845 2188 950 2244 illic
977 2189 1189 2258 quidem
1218 2191 1588 2245 habitantibus
1623 2191 1673 2262 5
1713 2194 2070 2262 conspicuas.
2104 2209 2201 2248 no.

629 2279 717 2335 bis
747 2295 872 2334 vero
905 2280 1114 2351 ignotas
1138 2283 1454 2337 describunt
1481 2324 1495 2347 ,
1531 2293 1585 2338 et
1609 2284 1946 2339 latitudinem
1989 2287 2200 2354 aquilo-

627 2389 811 2429 uarem
848 2391 910 2428 ac
941 2376 1219 2432 zodiacum
1244 2377 1504 2431 circulum
1531 2378 1829 2431 innumeris
1859 2378 2048 2447 spatiis
2070 2380 2204 2433 divi-

629 2471 787 2532 dunt,
825 2478 880 2524 et
909 2479 1180 2524 astrorum
1213 2471 1609 2535 conversiones,
1641 2471 2010 2537 stabilitatem,
2041 2473 2203 2526 decli-

632 2563 901 2625 nationes,
936 2577 1231 2634 eorumque
1255 2565 1494 2618 omnium
1542 2566 1607 2618 ad
1643 2566 1818 2634 prima
1850 2566 1962 2622 loca
1998 2575 2201 2620 motum

628 2651 913 2722 diligenter
941 2653 1256 2716 observant,
1288 2663 1338 2707 et
1368 2665 1571 2722 quanto
1597 2664 1835 2724 tempore
1864 2657 2202 2724 unumquod-

628 2759 732 2812 que
757 2743 995 2800 siderum
1044 2745 1350 2800 errantium
1387 2745 1674 2799 circuitum
1727 2761 1883 2800 suum
1940 2747 2198 2814 expleat:

627 2837 665 2892 ii
689 2854 848 2893 unam
884 2855 948 2893 ex
975 2840 1226 2895 omnibus
1248 2848 1417 2894 artem
1443 2853 1548 2892 non
1586 2837 1873 2905 invenere,
1907 2854 2009 2908 qua
2040 2853 2206 2908 agno—

629 2940 845 2987 scerent
880 2933 1046 2987 Deum
1075 2948 1196 2988 esse
1225 2933 1460 2988 universi
1486 2933 1757 3002 opificem,
1794 2941 1849 2988 et
1877 2931 2085 3001 justum
2115 2931 2203 3000 ju-

627 3021 802 3075 dicem
830 3060 846 3084 ,
877 3023 1118 3078 actiones
1149 3025 1269 3079 vita:
1319 3041 1416 3094 pro
1467 3027 1660 3080 merito
1713 3034 2148 3080 remunerantem
2182 3043 2197 3092 ;

630 3130 805 3184 neque
852 3117 996 3172 hanc
1052 3120 1529 3172 consummationis
1577 3120 1964 3187 cogitationem
2013 3117 2199 3186 iudicii

2319 1921 2457 1973 Ἀλλ’
2489 1923 2537 1973 οἱ
2572 1921 2680 1974 τῶν
2727 1923 2836 1992 (51)
2901 1921 3114 1992 ἄστρων
3151 1921 3219 1974 τὰ
3261 1920 3602 1991 διαστήματα
3642 1938 3882 1989 καταμε-

2303 2013 2588 2084 τροῦντες,
2626 2015 2717 2067 καὶ
2755 2017 2879 2078 τοὺς
2930 2017 3207 2084 ἀειφανεῖς
3254 2013 3432 2066 αὐτῶν
3471 2015 3566 2066 καὶ
3605 2012 3880 2083 ἁρκτῴους

2302 2106 2742 2179 ἀπογραφόμενοι
2783 2106 2914 2177 (52),
2952 2108 3043 2160 καὶ
3071 2108 3183 2160 ὅσοι
3213 2108 3339 2178 περὶ
3375 2106 3463 2158 τὸν
3501 2105 3676 2158 νότιον
3728 2104 3882 2159 πόλον

2305 2199 2544 2269 κείμενοι
2589 2202 2701 2262 τοῖς
2739 2199 2836 2268 μέν
2886 2201 2990 2254 εἰσι
3026 2199 3284 2270 φανεροὶ,
3329 2202 3459 2270 ἡμῖν
3491 2199 3548 2252 δὲ
3583 2200 3878 2266 ἄγνωστοι·

2303 2293 2398 2345 καὶ
2440 2292 2648 2363 βόρειον
2690 2291 2926 2355 πλάτος,
2980 2293 3074 2344 καὶ
3120 2292 3380 2357 ζωδιακὸν
3429 2292 3627 2345 κύκλον
3677 2292 3883 2362 μυρίοις

2303 2385 2630 2454 διαστήμασι
2679 2383 3043 2456 διαιροῦντες·
3091 2385 3185 2437 καὶ
3239 2384 3594 2456 ἐπαναφοράς
3647 2386 3880 2456 ἄστρων,

2304 2475 2396 2527 καὶ
2446 2476 2802 2548 στηριγμοὺς,
2853 2475 2944 2528 καὶ
2986 2475 3328 2540 ἀποκλίσεις,
3385 2477 3478 2528 καὶ
3527 2477 3748 2529 πάντων
3791 2476 3882 2546 τὴν

2305 2567 2397 2619 ἐπὶ
2427 2566 2494 2618 τὰ
2523 2566 2907 2636 προηγούμενα
2942 2568 3157 2636 κίνησιν
3192 2568 3256 2620 δι’
3283 2569 3567 2639 ἀκριϐείας
3608 2571 3880 2639 τηρήσαν-

2304 2677 2394 2721 τες
2415 2674 2428 2688 ·
2463 2659 2556 2710 καὶ
2588 2657 2673 2710 διά
2703 2659 2869 2710 πόσου
2896 2659 3087 2729 χρόνου
3117 2661 3224 2712 τῶν
3259 2662 3625 2729 πλανωμένων
3656 2661 3882 2722 ἕκαστος

2304 2749 2401 2822 τὴν
2436 2749 2626 2802 ἑαυτοῦ
2651 2749 2896 2820 περίοδον
2920 2751 3220 2820 ὲκπλιηροῖο
3258 2751 3384 2820 μίαν
3419 2751 3526 2803 τῶν
3561 2752 3752 2804 πασῶν
3786 2769 3882 2820 μη-

2307 2846 2472 2916 χανὴν
2513 2846 2612 2897 οὐκ
2653 2843 2871 2913 ἐξεῦρον
2918 2845 3054 2915 πρὸς
3101 2844 3162 2897 τὸ
3200 2844 3290 2896 τὸν
3317 2843 3449 2896 Θεὸν
3482 2846 3735 2914 ἐννοῆσαι
3778 2859 3884 2896 κτοι-

2303 2937 2439 3006 ητὴν
2466 2935 2557 2988 τοῦ
2587 2936 2802 2998 παντὸς,
2834 2936 2926 2987 καὶ
2960 2935 3150 3006 κριτὴν
3175 2933 3401 2992 δίκαιον.
3429 2934 3525 3005 τὴν
3554 2933 3715 2998 ἀξίαν
3743 2931 3884 2986 ἀντί-

2303 3028 2446 3082 δοσιν
2477 3031 2586 3092 τοῖς
2623 3027 2977 3099 βεϐιωμένοις
3009 3028 3282 3098 ἐπάγοντα
3303 3044 3317 3056 ⁸
3353 3026 3474 3080 οὐδὲ
3512 3025 3591 3096 τῷ
3626 3026 3758 3096 περὶ
3787 3026 3884 3097 τῆς

2305 3123 2536 3193 κρίσεως
2563 3121 2704 3193 λόγῳ
2748 3121 2845 3192 τὴν
2873 3121 3162 3175 ἀκόλουθον
3192 3123 3291 3192 τῆς
3323 3119 3634 3184 συντελείας
3674 3120 3880 3173 ἔννοιαν

630 3207 890 3260 doctrina:
923 3217 1342 3262 consentaneam
1368 3209 1419 3260 in
1451 3209 1688 3261 animum
1713 3210 1814 3262 sibi
1843 3210 2202 3272 induxerunt,

2309 3212 2620 3280 ἐπιγνῶναι,
2648 3213 2726 3264 ὅτι
2757 3212 2969 3282 ἀνάγκη
2998 3207 3428 3280 μεταποιηθῆναι
3459 3209 3550 3261 τὸν
3579 3208 3808 3278 κόσμον,
3836 3207 3882 3260 εἰ

635 3300 894 3361 mundum
926 3296 1184 3352 'videlicet
1226 3301 1540 3353 necessario
1606 3311 1868 3353 mutatum
1919 3301 2020 3364 iri,
2073 3302 2117 3354 si
2151 3310 2206 3354 et

632 3392 935 3453 animarum
967 3401 1141 3446 status
1170 3392 1235 3444 ad
1265 3392 1425 3449 aliam
1463 3392 1586 3450 vita:
1617 3391 1879 3446 rationem
1909 3393 1978 3445 sit
2008 3391 2204 3445 transi-

635 3492 810 3536 turus.
843 3482 1302 3550 Quemadmodum
1334 3485 1476 3538 enim
1512 3499 1748 3552 przescns
1793 3483 1902 3536 vita
1952 3491 2200 3536 naturam

634 3575 757 3627 huic
789 3576 988 3631 mundo
1015 3575 1225 3630 aﬂinem
1269 3578 1538 3631 habebat:
1579 3579 1650 3631 ita
1685 3591 1848 3632 etiam
1875 3577 2053 3632 futura
2084 3579 2203 3634 ani—

635 3681 846 3719 marum
890 3675 1196 3722 nostrarum
1238 3668 1450 3724 vivendi
1485 3673 1621 3723 ratio
1664 3681 1864 3724 sortem
1910 3679 2200 3738 exceptura

633 3771 718 3816 est
743 3776 840 3816 suo
868 3763 1032 3816 statui
1061 3764 1489 3817 convenientem.
1523 3763 1589 3816 At
1617 3779 1744 3817 vero
1777 3773 1982 3816 tantum
2015 3762 2200 3828 abest,

636 3864 697 3906 ut
718 3853 772 3907 hi
797 3854 1035 3906 studium
1069 3855 1380 3920 impertiant
1409 3856 1558 3910 hisce
1584 3857 1928 3920 vcritatibus,
1956 3863 2014 3907 ut
2039 3855 2200 3907 etiam

637 3942 823 4003 eﬂ'usis
849 3945 1128 3999 cachinnis
1157 3945 1418 3999 irrideant
1441 3961 1556 4009 nos,
1593 3960 1714 3998 cum
1747 3947 1813 3997 de
1840 3944 2020 3997 mundi
2047 3943 2204 4013 hujus

633 4039 1096 4094 consummatione
1143 4046 1198 4091 et
1241 4039 1307 4092 de
1353 4035 1530 4091 Sicculi
1578 4036 1994 4107 regeneratione
2040 4040 2203 4091 verba

634 4129 882 4185 facimus.
913 4129 1046 4184 Cum
1099 4139 1276 4183 autem
1324 4129 1647 4200 principium
1708 4131 1999 4183 secundum
2041 4139 2203 4181 natu-

638 4238 750 4275 ram
781 4224 929 4292 prius
967 4232 1258 4286 statuatur,
1298 4239 1460 4292 quam
1508 4241 1592 4290 ea,
1630 4240 1747 4293 quae
1779 4222 1847 4278 ab
1881 4222 1997 4289 ipso
2041 4220 2204 4291 proli-

636 4317 942 4379 ciscuntur,
971 4317 1275 4372 necessario
1307 4326 1417 4371 tutn
1459 4333 1582 4373 cum
1608 4319 1675 4372 de
1721 4318 1806 4372 his
1845 4333 1963 4387 (iure
1996 4332 2025 4369 a
2072 4326 2206 4372 tem-

634 4425 766 4480 pore
803 4409 1037 4473 habent,
1075 4410 1216 4479 quod
1255 4412 1383 4477 sint,
1421 4411 1745 4476 dissereret;
1785 4411 1923 4465 hanc
1952 4411 2206 4468 omnibus

634 4503 946 4571 anteposuit
970 4516 1178 4566 vocem,
1213 4503 1460 4572 inquiens
1498 4521 1512 4557 :
1546 4502 1613 4561 In
1646 4504 1904 4571 principio
1933 4501 2075 4572 fecit.

763 4615 919 4672 Rom.
947 4634 985 4683 ι,
1011 4619 1103 4685 21,
1133 4618 1222 4672 22.

730 4740 820 4811 ἳθ)
848 4739 999 4795 Colh.
1025 4741 1292 4814 secundus
1335 4742 1584 4814 ἄγοντες.
1617 4741 1724 4799 Nec
1764 4743 1836 4798 ita
1864 4741 2031 4796 multo
2082 4751 2203 4814 post
2235 4747 2279 4801 D

635 4799 1144 4885 colligpriinusqu
1173 4799 1451 4885 ἀσωμάτῳ
1483 4799 1662 4881 φύσει.

709 4880 821 4954 (30)
860 4883 950 4954 Sic
988 4880 1111 4934 lihri
1140 4880 1366 4939 veteres.
1398 4880 1642 4954 Deest'ce
1684 4885 1736 4937 in
1774 4884 2023 4954 Vulgatis.

710 4953 821 5023 (3|)
856 4951 1008 5008 Colb.
1045 4957 1312 5010 secundus
1337 4953 1486 5008 ἄλλοι
1511 4953 1617 5006 τῶν
1653 4969 1665 5003 :
1696 4956 1779 5004 cui
1814 4951 2026 5009 lectioni
2067 4953 2213 5008 favet

638 5022 976 5083 Eustathius,
1002 5024 1092 5093 qui
1138 5025 1215 5078 sic
1245 5028 1407 5080 vertit
1438 5041 1453 5079 :
1491 5025 1598 5079 Alii
1624 5023 1898 5078 stellarum
1933 5026 2211 5080 intervalla

638 5097 996 5147 dimtmeranl.

711 5165 824 5236 (δὲ)
848 5163 923 5218 lla
952 5166 1164 5220 codices
1177 5176 1406 5238 septem.
1440 5166 1576 5238 Editi
1604 5165 2064 5238 ύπογραφόμενοι.
2090 5167 2210 5222 Mox

639 5247 873 5304 quatuor
900 5250 1028 5290 mss.
1061 5237 1167 5292 εἰσὶ
1194 5236 1454 5307 κείμενοι.
1490 5237 1599 5291 Vox
1629 5236 1734 5291 εἰσί
1756 5236 1914 5291 deest
1948 5241 1997 5291 in
2023 5239 2212 5305 aliqui—

641 5307 742 5360 bus
770 5320 899 5358 mss.
931 5309 1061 5361 etin
1091 5309 1270 5362 editis.
1301 5309 1410 5363 lloc
1438 5309 1555 5373 ipso
1590 5309 1640 5359 in
1676 5309 1793 5361 loco
1822 5317 2046 5376 uterque
2081 5312 2208 5362 Duc.

641 5391 762 5429 οιιιιι
791 5387 1016 5449 utroque
1045 5379 1196 5433 Colb.
1227 5389 1282 5430 et
1315 5395 1434 5434 cunt
1464 5378 1592 5445 Reg.
1620 5379 1806 5446 quinto
1838 5381 1950 5441 τοῖς
1977 5380 2074 5449 μέν
2107 5381 2213 5432 εἰσι

641 5445 888 5519 ςρανεροί.
927 5445 1066 5500 Editi
1119 5463 1246 5519 cum
1300 5449 1430 5519 Reg.
1490 5445 1662 5519 primo
1722 5449 1828 5503 εἰσί
1875 5445 2209 5519 φαινόμενοι.

643 5517 795 5570 Haud
830 5519 1182 5589 lnnge_editio
1215 5517 1806 5589 ile‘ilrd‘ﬁOXlElO'Etg,
1867 5517 2210 5582 exclusiones,

643 5587 947 5656 corrupte.—
978 5587 1156 5649 Editio
1210 5588 1382 5644 Paris.
1421 5606 1542 5645 cum
1597 5593 1781 5643 ttutltis
1816 5606 1942 5644 mss.
1990 5590 2215 5644 ἀποκλί-

643 5673 777 5720 σεις,
793 5661 1092 5712 etnendale.

708 5728 822 5797 (55)
849 5730 999 5802 ςυιι).
1019 5731 1239 5802 primus
1271 5733 1475 5786 οἰκείαν
1508 5731 1603 5802 τὴν
1637 5733 1964 5786 κατάστασιν
1995 5731 2216 5796 ἀποδέξ-

633 5813 752 5854 om
781 5799 873 5852 καὶ
894 5801 990 5870 τὴν
1018 5798 1190 5868 λῆξιν,
1212 5807 1479 5872 proprium
1502 5798 1693 5856 stutum
1715 5813 1759 5856 et
1777 5805 1947 5857 sedent
1978 5804 2220 5873 excipiet.

2310 3304 2489 3375 μέλλοι
2522 3305 2614 3357 καὶ
2669 3306 2703 3373 ἠ
2751 3304 2859 3357 τῶν
2901 3303 3087 3373 ψυχῶν
3142 3303 3467 3362 κατάστασις
3503 3302 3639 3372 πρὸς
3700 3301 3884 3371 ἓτερον

2307 3393 2444 3460 εἶδος
2495 3395 2638 3466 ζωῆς
2685 3394 3052 3465 μεταϐάλλειν.
3115 3393 3324 3463 ’Ὠσπερ
3380 3391 3487 3460 γὰρ
3535 3393 3566 3461 ἠ
3635 3392 3882 3462 παροῦσα

2306 3490 2418 3562 ζωὴ
2481 3487 2714 3557 συγγενῆ
2779 3487 2902 3556 ἔσχε
2965 3483 3058 3537 τοῦ
3123 3483 3326 3554 κόσμου
3371 3483 3560 3536 τούτου
3628 3482 3728 3552 τὴν
3787 3481 3881 3549 φύ-

2306 3597 2424 3641 σιν,
2473 3577 2742 3630 οὕτωκαὶ
2795 3577 2827 3645 ἡ
2880 3573 3143 3640 μέλλουσα
3181 3573 3288 3626 τῶν
3331 3573 3515 3644 ψυχῶν
3565 3573 3725 3642 ἡμῶν
3772 3573 3881 3626 δια·

2304 3672 2458 3742 γωγὴ
2507 3668 2710 3722 οἰκείαν
2764 3667 2873 3735 (55)
2925 3668 2989 3738 τῇ
3037 3666 3366 3721 καταστάσει
3414 3664 3737 3729 ὑποδέξεται
3784 3664 3878 3733 τὴν

2304 3763 2472 3835 λῆξιν.
2509 3763 2572 3815 Οἰ
2630 3762 2685 3815 δὲ
2735 3761 2983 3826 τοσοῦτον
3023 3762 3317 3831 ἀπέχουσιν
3371 3759 3445 3822 ὡς
3492 3758 3718 3829 ἀληθέσι
3767 3757 3882 3810 τού.

2302 3875 2414 3921 τοις
2471 3855 2794 3928 προσέχειν,
2849 3855 2988 3908 ὥστε
3040 3854 3132 3906 καὶ
3187 3852 3390 3906 πλατὺν
3444 3852 3656 3919 γέλωτα
3720 3867 3877 3903 κατα-

2305 3950 2514 4021 χέουσιν
2565 3948 2721 4019 ήμῶν
2767 3948 2896 4017 περὶ
2935 3944 3240 4008 συντελείας
3282 3943 3374 3997 τοῦ
3427 3941 3632 4012 κόσμου
3687 3939 3871 3994 τούτου

2304 4044 2398 4095 καὶ
2440 4040 2856 4109 παλιγγενεσίας
2900 4037 3097 4098 αἰῶνος
3138 4035 3611 4102 ἀπαγγελλόντων.
3662 4032 3874 4103 Ἐπειδὴ

2303 4135 2360 4188 δὲ
2390 4137 2421 4203 ὴ
2460 4133 2602 4203 ἀρχὴ
2636 4131 2777 4184 κατά
2814 4129 2974 4197 φύσιν
3005 4126 3368 4200 προτέτακται
3409 4126 3516 4178 τῶν
3562 4126 3658 4175 ἀπ’
3685 4125 3869 4190 αὐτῆς,

2305 4223 2617 4292 ἀναγκαίως
2661 4222 2786 4290 περὶ
2836 4219 2942 4272 τῶν
2983 4219 3089 4272 ἀπὸ
3138 4218 3328 4290 χρόνου
3377 4216 3436 4268 τὸ
3484 4209 3622 4268 εἶναι
3653 4214 3878 4284 ἐχόντων

2305 4316 2704 4385 διαλεγόμενος,
2740 4311 2938 4381 ταύτην
2971 4312 3225 4366 ἀπάντων
3261 4307 3518 4378 προέταξε
3548 4307 3647 4378 τὴν
3678 4306 3875 4376 φωνὴν,

2307 4411 2474 4464 εἰπών
2502 4428 2514 4447 ν
2561 4410 2663 4463 Ἐν
2700 4406 2858 4478 ἀρχῇ
2886 4407 3176 4465 ἐποίησεν
3205 4403 3337 4473 (BM.

2379 4741 2490 4814 (34)
2515 4740 2732 4814 Antiqui
2756 4741 2862 4814 duo
2897 4739 3014 4792 libri
3051 4738 3304 4814 εποίησεν
3332 4735 3532 4814 ὀ-Θεός.
3559 4734 3712 4814 illud,
3735 4739 3870 4814 quod

2312 4807 2579 4882 sequitur,
2611 4807 2678 4882 ἦν
2709 4812 2816 4882 γάρ
2854 4828 2926 4874 τι,
2963 4820 3095 4882 e_lc.,
3131 4807 3268 4882 male
3297 4826 3325 4862 a
3356 4807 3869 4882 (loruhelisiogccipi

2314 4877 2459 4952 pniu.
2492 4877 2749 4949 Ejushtee
2780 4877 2900 4937 sunt
2933 4896 2946 4931 :
2980 4880 3169 4934 Basilii
3200 4883 3309 4932 lucc
3341 4881 3622 4936 sententia.
3669 4877 3870 4931 σηπο-

2314 4964 2430 5008 rum
2463 4955 2776 5013 communis.
2817 4961 3016 5004 creatos
3066 4952 3276 5018 angelos
3320 4960 3439 5004 ante
3483 4954 3730 5000 ntuntlum
3759 4963 3869 4998 cor-

2313 5040 2546 5092 poreum,
2579 5026 2632 5075 in
2663 5039 2818 5092 quam
2852 5022 3110 5092 nihildum
3143 5029 3517 5092 slalttlttm‘est,
3553 5020 3643 5070 sed
3673 5019 3725 5069 in
3757 5033 3868 5071 cur-

2316 5088 2486 5148 cerem
2538 5088 2836 5146 animorum
2891 5090 3287 5161 Origenitrnum.
3314 5088 3733 5161 Sedpropterea
3773 5103 3866 5141 non

2320 5167 2500 5219 statim
2533 5166 2716 5218 debuit
2747 5159 3100 5217 Comhelisins
3123 5159 3372 5212 Basilium
3406 5172 3664 5225 reponere
3689 5159 3737 5210 in
3777 5176 3869 5210 nu-

2321 5251 2472 5291 mero
2497 5249 2703 5293 eorum,
2750 5236 2838 5300 qui
2887 5246 3140 5301 expresse
3188 5243 3241 5282 et
3287 5239 3662 5284 asseveranter
3695 5229 3869 5282 dit-unt

2322 5307 2539 5378 angelos
2562 5316 2686 5361 ante
2716 5305 2973 5378 mundum
2999 5302 3260 5378 visibilem
3285 5314 3712 5378 corporenintpte
3743 5315 3870 5378 esse

2322 5371 2692 5440 CI'Ealos,cutn
2732 5373 2961 5427 Basilius
3008 5374 3143 5428 hanc
3169 5372 3471 5442 Opinionem
3506 5385 3608 5442 non
3641 5371 3870 5437 proferat

2325 5460 2576 5517 tanquam
2626 5457 2825 5499 certant
2861 5457 3020 5511 atque
3079 5443 3450 5517 illtIltililalaI-tl,
3501 5441 3592 5492 sed
3626 5451 3868 5517 tanquam

2324 5510 2696 5578 veli-altliilt'ttt,
2748 5524 2802 5568 et
2851 5510 3008 5582 quam
3064 5515 3214 5566 tnutti
3258 5510 3672 5582 :uuplmtlanlur.
3724 5511 3872 5562 Addit

2322 5593 2485 5649 enim.
2514 5589 2588 5650 ὠς
2612 5587 2776 5647 ἔοικε,
2806 5581 3155 5639 ιιιυετὶιὶηιίίε
3181 5593 3276 5644 est,
3305 5597 3354 5631 ut
3385 5581 3602 5639 videtur,
3627 5581 3696 5650 r'ut
3723 5583 3873 5642 conji-

2328 5676 2440 5713 cere
2468 5649 2604 5712 licet.
2645 5658 2772 5720 Ιηιο,
2809 5658 2949 5725 quod
2977 5671 3116 5723 sepe
3143 5654 3221 5717 ﬁt,
3258 5653 3302 5725 si
3343 5650 3488 5715 Illud,
3511 5651 3584 5712 ὡς
3609 5649 3772 5725 ἔοικε,
3807 5653 3868 5725 ita

2329 5733 2747 5801 interpretemur
2784 5745 2798 5780 :
2829 5723 2882 5780 ut
2935 5726 3122 5794 fertur,
3149 5735 3203 5778 ut
3253 5723 3438 5777 aiunt;
3481 5723 3648 5791 magis
3679 5723 3872 5792 patebit
