4060 6316
181 356 256 414 13

1317 360 1597 415 HOMILIA
1634 359 1654 413 Ι
1697 359 1761 414 IN
1797 358 2284 414 HEXAEMERON.
3339 358 3410 416 M

258 475 319 529 5.
353 472 458 529 Ἦν
485 477 591 548 γάρ
622 494 694 540 τι,
718 478 801 541 -ὼς
831 478 970 532 ἔοικε
995 521 1008 543 ,
1033 477 1125 531 καὶ
1157 478 1259 549 πρὸ
1287 479 1378 531 τοῦ
1414 481 1618 550 κόσμου
1647 479 1744 531 τού

1933 479 1984 532 5.
2029 477 2156 531 Nam
2180 489 2232 532 et
2266 485 2388 530 ante
2411 478 2554 532 hunc
2584 485 2856 540 mundum,
2894 486 2950 531 ut
2985 477 3268 533 verisimile
3303 491 3408 544 est,

171 584 301 631 του,
319 567 346 619 δ
363 570 428 637 τῇ
451 569 546 636 μὲν
562 568 766 638 διανοίᾳ
787 571 819 633 ἡ
828 569 940 638 μῶν
957 570 1069 621 ἐστι
1091 568 1381 641 θεωρητὸν,
1406 571 1751 642 ἀνιστόρητον

173 659 234 710 δὲ
255 659 584 728 κατελείφθη
607 660 694 711 διὰ
715 659 774 711 τὸ
791 663 899 722 τοῖς
922 661 1287 731 εἰσαγομένοις
1314 662 1391 713 ἔτι
1423 663 1514 715 καὶ
1544 662 1752 730 νηπίοις

175 750 328 802 κατὰ
365 749 464 821 τὴν
503 752 700 818 γνῶσιν
728 753 1110 824 ἀνεπιτήδειον.
1144 749 1248 805 ’Ἦν
1286 771 1366 816 τις
1411 754 1751 826 πρεσϐυτέρα

172 841 282 909 τῆς
339 840 433 892 τοῦ
467 841 669 910 κόσμου
707 843 968 909 γενέσεως
998 843 1324 906 κατάστασις
1361 848 1477 908 ταῖς
1523 848 1750 914 ὑπερκο-

175 932 370 1000 attici;
399 933 656 1001 δυνάμεσι
681 935 978 1004 πρέπουσα.
1066 935 1412 1006 ὑπέρχρονος,
1445 941 1476 1008 ἡ
1501 940 1748 1018 αἱωνίακή

174 1025 372 1087 ἀΐδιος.
399 1028 472 1094 Δη
483 1030 710 1097 μιουργή
721 1045 862 1096 ματα
877 1027 931 1079 δὲ
953 1029 1009 1080 ἐν
1036 1029 1170 1098 αὐτῇ
1196 1032 1222 1080 ὁ
1239 1030 1340 1080 τῶν
1370 1031 1502 1082 ὅλων
1533 1032 1752 1102 κτίστης

172 1116 276 1169 καὶ
298 1116 624 1188 δημιουργὸς
652 1118 961 1180 ἀπετέλεσε,
991 1119 1100 1187 φῶς
1131 1122 1316 1190 νοητὸν
1340 1124 1541 1191 πρέπον
1569 1129 1631 1195 τῇ
1661 1142 1755 1194 μα-

173 1208 468 1278 καριότητι
515 1209 622 1261 τῶν
669 1208 956 1277 φιλούντων
1005 1210 1094 1263 τὸν
1124 1211 1324 1282 Κύριον
1349 1253 1361 1274 ,
1403 1215 1498 1276 τὰς
1535 1215 1754 1280 λογικὰς

176 1301 274 1350 καὶ
325 1301 589 1370 ἁοράτους
625 1300 847 1367 φυσεις,
895 1302 986 1352 καὶ
1035 1303 1211 1353 πᾶσαν
1257 1303 1353 1372 τὴν
1396 1305 1502 1356 τῶν
1551 1307 1752 1373 νοητῶν

169 1390 566 1462 διακόσμησιν,
595 1392 691 1442 ὃσα
721 1392 818 1460 τὴν
850 1392 1120 1462 ἡμετέραν
1155 1393 1387 1446 διάνοιαν
1417 1398 1748 1466 ὑπερϐαίνει,

172 1483 252 1539 ὄιν
282 1489 404 1542 οὐδὲ
435 1488 528 1546 τὰς
557 1487 844 1555 ὀνομασίας
875 1487 1112 1558 ἐξευρεῖν
1141 1490 1381 1544 δυνατόν.
1423 1491 1607 1544 Ταῦτα
1639 1493 1748 1562 (55)

171 1578 273 1631 τοῦ
302 1580 532 1646 ἀοράτου
579 1579 781 1648 κόσμου
812 1582 1117 1652 συμπληροῖ
1159 1584 1254 1652 τὴν
1287 1584 1474 1636 οὐσίαν
1500 1624 1514 1646 ,
1557 1585 1629 1648 ὼς
1674 1585 1750 1636 δι-

173 1670 372 1722 δάσκει
410 1671 554 1739 ἡμᾶς
591 1673 618 1722 ὁ
643 1671 849 1735 Παῦλος
876 1715 890 1736 ,
926 1673 1127 1740 λέγων·
1171 1676 1287 1727 ’Ότι
1315 1676 1383 1729 ἐν
1417 1675 1574 1741 αὐτῷ
1606 1678 1754 1729 ἐκτί-

172 1763 297 1826 σθη
328 1760 399 1811 τὰ
436 1759 648 1824 πάντα,
676 1763 792 1814 εἴτε
815 1765 1012 1830 ὁρατὰ,
1045 1766 1162 1818 εἴτε
1194 1767 1433 1833 ἀόρατα,
1468 1768 1586 1819 εἴτε
1631 1770 1756 1834 θρό-

1854 579 1970 623 erat
2007 569 2204 637 aliquid
2237 569 2373 638 quod
2413 576 2595 621 nostra
2631 569 2846 636 quidem
2874 567 3194 636 cogitatione
3223 582 3411 636 possu—

1854 675 1971 714 mus
1992 658 2224 727 assequi,
2250 657 2342 712 sed
2376 658 2737 712 narrationem
2771 657 2888 711 ideo
2921 655 3102 726 cffugit
3133 696 3147 720 ,
3179 657 3320 725 quod
3359 657 3410 710 id

1853 751 1969 812 his,
2001 749 2090 818 qui
2145 749 2513 814 instituuntur,
2550 756 2778 815 suntque
2812 747 2986 800 adhuc
3012 749 3062 799 in
3103 746 3411 814 cognitione

1853 840 2111 903 infantes,
2139 854 2474 907 nequaquam
2520 841 2862 908 congruebat.
2911 839 3042 892 Erat
3077 849 3246 892 status
3291 841 3410 908 qui-

1854 935 1972 988 dam
2003 934 2186 986 mundi
2227 943 2346 987 ortu
2383 933 2670 1001 antiquior,
2707 933 3016 988 cmlestibus
3057 935 3408 1002 potestatibus

1853 1025 2172 1079 conveniens
2194 1065 2208 1088 ,
2260 1028 2645 1080 transcenderis
2683 1035 2885 1093 tempus
2928 1039 3089 1078 omne
3110 1065 3125 1088 ,
3155 1035 3405 1087 aeternus,

1853 1126 2157 1184 perpetuus.
2197 1115 2420 1186 Opificia
2461 1127 2639 1170 autern
2684 1117 2931 1170 conditor
2960 1125 3012 1169 et
3053 1115 3241 1167 artifex
3290 1129 3408 1167 om-

1854 1211 1997 1262 nium
2021 1225 2085 1263 eo
2109 1211 2159 1262 in
2185 1219 2325 1262 statu
2357 1207 2605 1278 perfecit,
2641 1209 2973 1278 spiritualem
3005 1209 3198 1270 lucem,
3223 1224 3408 1261 eorum

1853 1299 1940 1365 qui
1970 1299 2245 1353 Dominum
2279 1299 2501 1366 diligunt
2541 1298 2854 1351 beatitudini
2890 1313 3200 1360 consonam,
3244 1300 3407 1352 ratio-

1855 1388 2001 1440 nales
2029 1399 2081 1442 et
2105 1389 2400 1443 invisibiles
2434 1399 2672 1452 naturas,
2715 1400 2768 1441 et
2806 1390 3221 1459 intelligibilium
3258 1406 3410 1443 crea-

1855 1489 2092 1532 turarum
2128 1496 2247 1549 qua:
2299 1491 2535 1534 nostrum
2588 1492 2801 1549 captum
2857 1491 3111 1550 superant
3160 1495 3405 1536 ornatum

1852 1585 2062 1623 onmem
2099 1590 2112 1626 :
2150 1587 2374 1639 quorum
2406 1589 2472 1626 ne
2505 1574 2719 1626 nomina
2755 1573 2967 1640 quidem
3006 1589 3287 1642 possumus
3317 1590 3408 1627 ex-

1855 1664 2113 1733 cogitare.
2137 1664 2259 1718 Htec
2281 1666 2551 1732 complent
2573 1666 2857 1720 invisibilis
2885 1667 3065 1718 mundi
3091 1669 3404 1731 essentiam,

1858 1759 1998 1809 velut
2033 1772 2129 1811 nos
2177 1760 2331 1812 docet
2359 1756 2554 1810 Paulus
2582 1799 2594 1823 ,
2637 1759 2820 1812 dicens
2853 1778 2863 1811 :
2905 1759 3166 1824 Quoniam
3210 1762 3262 1811 in
3295 1761 3406 1826 ipso

174 1865 296 1914 rat,
330 1848 452 1902 εἴτε
480 1852 839 1919 κυριότητες,
888 1854 1004 1906 εἴτε
1049 1857 1244 1922 ἀρχαὶ,
1292 1857 1410 1909 εἴτε
1454 1857 1744 1921 ἐξουσίαι,

1854 1851 2062 1903 condita
2085 1862 2202 1904 sunt
2228 1854 2462 1906 universa
2481 1895 2495 1919 ,
2534 1853 2636 1906 sive
2663 1853 2885 1905 visibitia
2904 1893 2920 1918 ,
2959 1854 3062 1906 sive
3088 1853 3368 1906 invisibilia
3386 1891 3403 1917 ,

172 1941 299 1992 εἴτε
330 1940 634 2009 δυνάμεις,
666 1945 772 1996 εἴτε
800 1945 1046 2009 ἀγγέλων
1084 1947 1364 2016 στρατιαὶ,
1395 1948 1502 2000 εἴτε
1537 1950 1747 2019 ἀρχαγ-

174 2033 353 2098 γέλων
385 2034 692 2087 ἐπιστασίαι
713 2051 725 2062 ·
757 2035 843 2085 ὅτε
867 2035 921 2085 δὲ
951 2034 1052 2085 ἔδει
1077 2036 1259 2089 λοιπὸν
1299 2039 1393 2090 καὶ
1427 2038 1515 2092 τὸν
1549 2042 1749 2110 κόσμον

173 2125 370 2178 τοῦτον
419 2126 802 2195 ἐπεισαχθῆναι
839 2129 948 2190 τοῖς
990 2124 1139 2190 οὖσι,
1190 2134 1610 2202 προηγουμένως
1639 2134 1748 2202 (56)

178 2219 283 2286 μὲν
328 2217 694 2271 διδασκαλεῖον
725 2221 816 2271 καὶ
846 2222 1226 2293 παιδευτήριον
1256 2223 1360 2277 τῶν
1398 2223 1750 2296 ἀνθρωπίνων

173 2310 403 2381 ψυχῶν·
451 2311 639 2363 ἔπειτα
683 2313 862 2382 μέντοι
911 2315 1003 2367 καὶ
1032 2315 1364 2379 ἁπαξαπλῶς
1405 2319 1618 2370 πάντων
1642 2319 1750 2371 τῶν

175 2406 234 2456 ὲν
286 2404 499 2470 γενέσει
549 2406 640 2457 καὶ
682 2405 850 2477 φθορᾷ
894 2407 1191 2478 ἐπιτήδειον
1231 2409 1563 2479 ἐνδιαίτημα.
1610 2411 1752 2481 Συμ-

175 2500 321 2569 φυὴς
365 2499 472 2568 ἄρα
508 2498 584 2568 τῷ
613 2499 799 2568 κόσμῳ
834 2500 923 2550 καὶ
958 2503 1068 2561 τοῖς
1106 2503 1162 2553 ἐν
1198 2501 1344 2570 αὐτῷ
1380 2500 1539 2565 ζώοις
1566 2519 1625 2555 τε
1656 2503 1750 2556 καὶ

179 2593 370 2657 φυτοῖς
425 2593 455 2659 ἡ
508 2591 600 2642 τοῦ
645 2591 832 2659 χρόνου
880 2590 1104 2654 διέξοδος
1151 2593 1383 2661 ὑπέστη,
1423 2594 1748 2663 ἐπειγομένη

175 2684 264 2735 ἀεὶ
311 2683 405 2734 καὶ
453 2683 869 2754 παραρῤέουσα,
920 2685 1012 2735 καὶ
1056 2683 1299 2754 μηδαμοῦ
1336 2686 1612 2753 παυομένη
1657 2685 1749 2738 τοῦ

175 2774 404 2852 δρόμουἔ
438 2777 505 2827 Ἦ
539 2777 656 2845 οὑχί
681 2776 917 2839 τοιοῦτος
944 2779 970 2828 ὁ
1003 2777 1222 2848 χρόνος,
1247 2770 1307 2828 οὗ
1336 2777 1394 2828 τὺ
1422 2778 1518 2848 μὲν
1548 2778 1747 2848 παρελ-

178 2865 269 2918 θὸν
328 2867 634 2937 ὴψανίσθη,
673 2868 733 2920 τὸ
780 2868 834 2920 δὲ
871 2867 1059 2937 μέλλον
1105 2867 1255 2921 οὔπω
1296 2869 1561 2939 πάρεστι,
1593 2869 1651 2922 τὸ
1693 2869 1749 2922 δὲ

179 2961 354 3029 παρὸν
391 2963 517 3031 πρὶν
562 2960 868 3030 γνωσθῆναι
913 2961 1274 3032 διαδιδράσκει
1325 2963 1422 3030 τὴν
1466 2961 1745 3031 αἰ’σθησιν;

179 3052 418 3122 Τοιαύτη
453 3053 509 3104 δέ
539 3071 620 3115 τις
650 3056 739 3105 καὶ
776 3055 885 3106 τῶν
925 3054 1278 3122 γινομένωνή
1323 3053 1513 3122 φύσις,
1581 3055 1612 3122 ἢ
1662 3055 1750 3106 αὑ-

179 3142 448 3211 ξανομένη
506 3144 750 3205 παντως,
806 3145 837 3213 ἢ
891 3143 1180 3211 φθίνουσα,
1245 3144 1303 3196 τὸ
1351 3145 1405 3196 δὲ
1464 3145 1743 3215 ἱδρυμένον
1773 3183 1817 3243 C

180 3239 270 3289 καὶ
323 3237 582 3305 στάσιμον
631 3236 730 3286 οὐκ
782 3235 1030 3304 ἐπίδηλον
1075 3235 1286 3305 ἔχουσα.
1331 3237 1610 3306 Ἔπρεπεν
1653 3234 1744 3290 οὖν

179 3333 287 3393 τοῖς
321 3330 475 3394 ζώων
514 3345 569 3380 τε
609 3329 701 3380 καὶ
737 3327 914 3396 φυτῶν
961 3329 1231 3398 σώμασιν,
1275 3329 1433 3381 οἱονεὶ
1472 3329 1583 3399 (57)
1633 3330 1747 3400 ῥεύ-

182 3424 308 3494 ματι
334 3441 441 3476 τινι
481 3422 614 3491 πρὸς
652 3421 894 3490 ἀνάγκην
935 3422 1326 3491 ἐνδεδεμένοις,
1375 3422 1467 3473 καὶ
1512 3423 1576 3491 τῇ
1611 3421 1745 3491 πρὸς

181 3515 392 3578 γένεσιν
419 3513 451 3582 ἢ
485 3511 686 3582 φθορὰν
720 3511 928 3584 ἀγούσῃ
963 3512 1172 3580 κινήσει
1203 3509 1575 3578 συνεχομένοις
1595 3547 1608 3569 ,
1638 3506 1742 3558 ὑπὸ

178 3606 272 3674 τῆς
319 3605 412 3656 τοῦ
459 3605 646 3674 χρόνου
690 3603 898 3671 φύσεως
939 3600 1321 3671 περιέχεσθαι,
1367 3603 1595 3670 συγγενῆ
1631 3601 1742 3661 τοῖς

179 3695 579 3763 ἁλλοιουμένοις
615 3696 946 3765 κεκτημένου
975 3693 1083 3762 (58)
1113 3694 1210 3761 τὴν
1252 3691 1502 3760 ἰδιότητα.
1543 3689 1743 3742 Ἑντεῦ-

182 3788 267 3838 Οεν
309 3788 523 3850 οἰκείως
561 3787 788 3839 ἐπέϐαλε
840 3785 914 3853 τῷ
950 3785 1075 3854 περὶ
1123 3782 1284 3836 αὑτὸν
1330 3782 1468 3851 λόγῳ
1507 3786 1533 3834 ὁ
1566 3780 1741 3849 σοφῶς

183 3880 290 3947 (59)
341 3880 486 3947 ἡμᾶς
524 3879 616 3930 τοῦ
653 3879 852 3947 κόσμου
884 3877 979 3947 τὴν
1019 3876 1227 3943 γένεσιν
1258 3874 1612 3936 ἐκδιδάσκων,
1661 3876 1741 3926 εἰεέ

179 3969 312 4023 πών·
361 3970 452 4021 Ἑν
491 3969 645 4036 ἀρχῇ
677 3969 942 4036 ἐποίησε
979 3969 1273 4030 τουτέστιν,
1307 3970 1361 4019 ἐν
1395 3968 1532 4036 ἀρχῇ
1568 3965 1737 4036 ταύτῃ

179 4065 239 4130 τῇ
277 4058 422 4112 κατὰ
451 4059 656 4128 χρόνον.
689 4061 761 4112 Οὐ
783 4061 887 4130 γὰρ
914 4060 975 4130 δὴ
1003 4061 1140 4111 κατὰ
1167 4059 1584 4129 πρεσϐυγένειαν
1608 4058 1752 4110 πάν-ι

181 4167 286 4204 των
321 4150 432 4202 τῶν
463 4151 768 4220 γενομένων
806 4153 1054 4222 προέχειν
1093 4151 1252 4204 αὑτὸν
1289 4143 1572 4221 μαρτυρῶν
1594 4151 1737 4217 λέγει

181 4245 234 4294 ἐν
289 4245 436 4314 ἀρχῇ
476 4243 772 4311 γεγονέναι,
809 4244 941 4296 ἀλλά
982 4246 1118 4314 μετὰ
1146 4245 1210 4296 τὰ
1243 4244 1446 4314 ἀόρατα
1480 4243 1571 4296 καὶ
1594 4241 1740 4294 νοού-

185 4353 318 4402 μενα
349 4336 456 4388 τῶν
494 4336 703 4425 ὁρατῶν
741 4336 941 4389 τούτων
990 4337 1082 4388 καὶ
1132 4334 1374 4405 αἰσθήσει
1406 4333 1621 4403 ληπτῶν
1647 4333 1742 4401 τὴν

180 4425 355 4498 ἀρχὴν
407 4429 504 4499 τῆς
551 4419 831 4500 ὗπάρξεως
886 4428 1170 4498 διηγεῖται.
1228 4426 1455 4495 Λέγεται
1503 4424 1600 4495 μὲν
1651 4419 1742 4478 οὖν

245 4589 268 4620 ⁸
302 4587 511 4643 Coloss.
541 4603 583 4654 t,
615 4590 702 4643 16.

180 4749 440 4808 Basilium
465 4752 604 4836 bapc
636 4751 971 4836 sententiant‘
990 4765 1090 4833 non
1137 4752 1350 4836 proprie
1393 4751 1734 4836 praposu'isse
1769 4759 1810 4814 ο

180 4834 229 4872 ιιι
253 4837 430 4884 ευιιιιι,
461 4823 552 4876 sed
581 4834 635 4875 ut
669 4823 914 4875 aliorum.
941 4821 1062 4876 Seio
1087 4821 1300 4888 quidem
1327 4837 1482 4874 voces
1508 4821 1579 4882 ὡς
1617 4820 1721 4872 ἕοι-

180 4907 233 4942 κε
268 4894 416 4942 [ειΜί
461 4908 613 4958 posse
651 4893 934 4962 aliquando
960 4905 1014 4943 ut
1043 4901 1264 4956 constat,
1313 4893 1485 4957 plane,
1528 4892 1723 4958 utique,

179 4964 266 5014 sed
319 4962 433 5012 haec
461 4963 838 5027 interpretandi
875 4964 1008 5016 ratio
1044 4977 1163 5013 rara
1205 4971 1286 5013 est
1315 4973 1367 5012 et
1394 4962 1637 5024 insolita;
1674 4970 1727 5012 et

179 5031 350 5083 Solum
385 5032 623 5084 adhiberi
656 5033 811 5086 debet
848 5044 978 5094 tum,
1015 5048 1132 5084 cum
1164 5032 1332 5084 series
1367 5032 1625 5083 orationis
1655 5031 1724 5082 ita

178 5101 407 5166 posuulal
442 5118 456 5154 :
491 5102 538 5153 id
570 5105 708 5166 quod
736 5105 819 5154 hic
842 5103 1010 5153 locum
1046 5119 1146 5152 non
1175 5101 1368 5152 habere
1393 5102 1588 5162 vident,
1615 5099 1729 5166 opi-

177 5185 295 5231 ttor,
326 5186 528 5224 omnes.
555 5173 634 5224 Ad
664 5172 772 5225 haec
800 5172 1019 5224 Basilius
1043 5173 1184 5223 hom.
1208 5171 1261 5232 ‘2,
1292 5185 1437 5222 nmn.
1464 5171 1513 5229 5,
1534 5185 1589 5222 se
1619 5171 1729 5235 ipse

176 5240 320 5292 clare
352 5255 415 5291 ac
438 5241 635 5294 diserte
675 5245 924 5308 explicat,
946 5244 1067 5291 dum
1097 5242 1170 5290 ait
1205 5256 1215 5289 :
1255 5240 1424 5308 Εἴπερ
1454 5256 1502 5290 τι
1531 5235 1596 5308 ἦν
1621 5239 1726 5308 πρὸ

175 5311 267 5380 τῆς
295 5310 551 5378 αἰσθητοῦ
581 5310 766 5362 τούτου
794 5314 884 5364 καὶ
909 5308 1142 5380 φθαρτοῦ
1175 5311 1374 5380 κόσμου
1399 5313 1721 5371 συστάσεως,

179 5378 226 5431 Si
259 5382 385 5448 quid
415 5392 524 5432 erat
571 5393 687 5433 ante
719 5378 1133 5433 constitutionem
1165 5378 1342 5432 mundi
1379 5380 1533 5446 hujus
1561 5396 1720 5432 setis;-

176 5449 287 5500 bilts
315 5460 466 5517 atque
517 5453 837 5518 corruptioni
887 5450 1118 5509 obnoxii,
1178 5463 1266 5501 aut
1302 5453 1343 5500 si
1382 5457 1533 5500 modo
1566 5449 1718 5516 fuerit

174 5522 457 5586 quidpiam,
479 5533 584 5574 etc.
617 5521 693 5573 Ex
722 5523 914 5587 quibus
939 5519 1272 5587 intelligitur,
1305 5518 1555 5570 Bastltum
1584 5521 1722 5571 hanc

176 5591 232 5640 de
266 5593 580 5659 angelorum
615 5592 1032 5658 przeexsistentia
1053 5600 1370 5642 sententiam
1392 5591 1718 5652 dubitanter,

177 5671 676 5730 ll0ttAtISaeVCIaIllel‘
700 5663 1054 5730 proposuisse.

203 5799 208 5805 Ι
239 5727 470 5807 (55)_lta
511 5733 676 5807 editio
700 5727 857 5787 Basil.
897 5742 946 5786 et
974 5743 1099 5785 mss.
1146 5739 1371 5797 septem.
1412 5728 1586 5783 ﬁdit-io
1617 5729 1720 5784 Pa-

176 5800 259 5852 ris.
283 5800 455 5852 ταῦτα
487 5800 607 5870 γάρ.

1850 1945 1954 1995 sive
1985 1946 2179 2008 throni,
2209 1947 2317 1999 sive
2343 1940 2722 1999 dominationes
2742 1986 2756 2010 ,
2793 1948 2895 1999 sire
2927 1947 3272 2014 principatus,
3299 1949 3406 2000 sive

1850 2049 2144 2105 potestates,
2180 2043 2283 2096 sive
2307 2047 2522 2097 virtutes
2546 2043 2588 2108 ⁸,
2609 2044 2722 2098 sire
2754 2043 3062 2115 angelorum
3098 2047 3365 2100 exercitus
3383 2086 3399 2110 ,

1851 2131 1963 2185 sive
2001 2132 2440 2202 archangelorum
2475 2133 2824 2200 prmfecturze.
2853 2135 2985 2188 Tum
3009 2137 3220 2189 demum
3252 2153 3401 2205 opor-

1853 2224 2016 2286 tebat,
2051 2234 2102 2278 et
2133 2225 2271 2279 hunc
2313 2227 2564 2278 mundum
2605 2228 2763 2279 rebus
2790 2226 2898 2293 jam
2929 2229 3261 2282 exstantibus
3312 2228 3406 2282 ad-

1846 2314 2020 2385 jungi,
2057 2317 2145 2385 qui
2182 2329 2326 2371 esset
2367 2319 2416 2370 in
2454 2317 2638 2387 primis
2675 2318 2900 2371 idoneus
2935 2317 3082 2372 locus
3119 2323 3405 2376 edocendis

1851 2407 2135 2461 animabus
2165 2408 2436 2461 hominum
2474 2419 2632 2476 atque
2675 2410 2979 2463 ermliendis
3005 2427 3018 2462 :
3046 2409 3166 2462 dein
3201 2412 3248 2461 in
3287 2411 3406 2463 uni-

1852 2513 2082 2561 versum,
2134 2509 2384 2568 ut~nptum
2417 2501 2621 2553 cunctis
2649 2503 2807 2553 rebus
2832 2517 2949 2569 quae
2980 2506 3313 2570 generationi
3350 2514 3404 2559 et

1851 2593 2174 2662 corruptioni
2205 2594 2447 2648 obnoxia:
2493 2605 2636 2658 sunt,
2670 2595 2991 2648 domicilium
3023 2599 3181 2649 foret.
3216 2596 3404 2665 Itaque

1851 2681 1974 2735 huic
2010 2685 2205 2736 mundo
2250 2683 2634 2752 productisque
2669 2684 2720 2736 in
2773 2685 2886 2752 ipso
2939 2693 3047 2738 tum
3082 2686 3403 2742 animalibus

1851 2781 1959 2823 tum
1994 2772 2188 2838 piantis
2240 2772 2296 2843 6
2326 2770 2498 2825 amnis
2533 2773 2671 2825 facta
2701 2787 2783 2827 est
2825 2776 3076 2844 temporis
3108 2779 3400 2844 Successio,

1848 2879 1964 2933 qua:
1987 2878 2199 2933 semper
2227 2875 2467 2933 urgetur,
2499 2863 2914 2934 pratterﬂuitque
2935 2906 2949 2930 ,
2982 2882 3081 2920 nec
3103 2882 3336 2936 unquam
3370 2885 3400 2922 a

1849 2972 2004 3010 cursu
2036 2957 2280 3025 quiescit.
2322 2958 2510 3010 Annon
2552 2956 2807 3025 ejusmodi
2847 2967 2927 3012 est
2978 2968 3216 3027 tempus,
3252 2961 3402 3029 cujus

1849 3066 1971 3118 pars
2000 3051 2263 3119 praeterita
2294 3051 2530 3116 evanuit,
2567 3051 2743 3103 futura
2775 3053 3007 3104 nondum
3036 3053 3220 3115 adest,
3260 3069 3398 3119 prae-

1849 3154 1971 3192 sens
2006 3155 2217 3192 sensum
2258 3143 2405 3208 prius
2456 3141 2588 3210 fugit
2631 3156 2790 3209 quam
2836 3144 3227 3212 cognoscatur?
3260 3144 3398 3212 Quin

1847 3233 2007 3284 etiam
2043 3232 2160 3284 talis
2187 3233 2396 3284 exsistit
2429 3246 2612 3284 eorum
2650 3248 2767 3300 quae
2798 3234 2930 3286 fiunt
2958 3246 3167 3298 natura,
3198 3249 3286 3289 aut
3307 3254 3399 3291 au-

1847 3339 2069 3392 gescens
2118 3325 2369 3388 omnino,
2421 3333 2515 3377 aut
2563 3325 2856 3394 deﬁciens,
2913 3343 3010 3382 nec
3055 3332 3399 3398 conspicuam

1849 3417 2152 3470 firtnitatem
2180 3425 2268 3468 aut
2307 3415 2652 3471 stabilitatem
2678 3420 2939 3473 obtinens.
2978 3419 3160 3488 Itaque
3194 3425 3397 3476 anima.

1851 3506 1977 3559 lium
2008 3507 2361 3576 stirpiumque
2386 3524 2634 3577 corpora,
2668 3525 2781 3578 qua:
2808 3512 2872 3564 ad
2897 3510 3181 3568 ﬂuxionem
3211 3530 3401 3584 quam-

1850 3600 1989 3668 piam
2024 3602 2342 3654 necessitate
2378 3603 2763 3672 astringuntur,
2802 3619 3024 3673 quaeque
3061 3608 3278 3659 motioni
3310 3625 3400 3676 ge-

1846 3691 2140 3744 nerationis
2219 3694 2682 3762 corruptionisque
2749 3697 3097 3750 conciliatrici
3165 3699 3392 3753 obnoxia

1847 3792 1989 3847 sunt,
2017 3796 2115 3848 par
2137 3791 2251 3835 erat
2277 3798 2303 3833 a
2331 3784 2586 3849 temporis
2606 3793 2790 3836 natura
2817 3787 3197 3854 proprietatem
3225 3803 3395 3842 muta-

1845 3875 2039 3929 bilibus
2081 3886 2360 3944 cognatam
2404 3876 2632 3928 habente
2678 3879 2962 3932 contineri.
3006 3879 3138 3934 llinc
3170 3883 3258 3950 qui
3298 3898 3395 3936 nos

1847 3967 2026 4020 mundi
2058 3977 2233 4019 ortum
2285 3968 2549 4034 sapienter
2596 3971 2800 4034 edocet,
2840 3972 3137 4025 habendum
3184 3975 3248 4027 de
3280 3977 3395 4042 ipso

1843 4073 2143 4111 sermonem
2175 4069 2294 4127 apte
2323 4075 2602 4130 aggressus
2632 4075 2712 4115 est
2736 4105 2750 4128 ,
2777 4064 2958 4117 dicens
2986 4081 2998 4114 :
3043 4063 3105 4116 In
3135 4065 3390 4132 principio

1844 4147 1998 4216 fecit;
2028 4150 2131 4200 hoc
2157 4156 2258 4210 est,
2284 4149 2334 4201 in
2363 4164 2425 4203 eo
2458 4146 2710 4220 tempOris
2733 4153 3010 4220 principio.
3046 4153 3250 4207 Etenim
3287 4165 3391 4208 non

1844 4240 1985 4308 quod
2028 4238 2279 4292 mundum
2325 4241 2482 4293 rebus
2521 4241 2764 4294 omnibus
2810 4243 3038 4297 conditis
3071 4245 3390 4313 antiquitate

1844 4334 2034 4399 pra-ire
2069 4342 2310 4398 testetur,
2339 4335 2411 4386 ait
2432 4349 2550 4388 eum
2579 4335 2629 4385 in
2671 4334 2929 4403 principio
2959 4332 3156 4388 factum
3188 4334 3389 4400 fuisse;

1845 4425 1937 4479 sed
1968 4435 2152 4478 narrat
2192 4427 2288 4480 has
2321 4440 2404 4479 res
2433 4425 2672 4481 visibiles
2703 4440 2765 4481 ac
2796 4428 3072 4481 sensibiles
3097 4437 3216 4495 post
3249 4427 3386 4480 invi-

1909 4747 2018 4819 (56)
2052 4747 2180 4818 Reg.
2229 4750 2444 4818 quintus
2484 4748 2907 4820 προηγούμενον.
2971 4751 3106 4805 Editi
3138 4761 3188 4804 et
3236 4755 3384 4808 multi

1839 4837 1965 4874 mss.
1983 4821 2433 4894 προηγουμένως.
2469 4821 2588 4873 Mox
2627 4822 2777 4875 Colb.
2817 4823 3023 4890 primus
3063 4821 3168 4874 τῶν
3191 4825 3388 4894 ἡμετέ-

1835 4909 1938 4962 ρων
1967 4888 2170 4958 ψυχῶν.

1902 4953 2008 5031 (δῖ’)
2040 4953 2176 5015 Editi
2224 4953 2355 5031 οἷον.
2387 4959 2455 5012 At
2488 4977 2612 5014 mss.
2663 4972 2890 5030 quatuor
2942 4961 3122 5018 οἱονεί.
3181 4963 3376 5020 Statim

1832 5029 2212 5099 Colb.'primus
2235 5029 2443 5097 γένεσιν
2474 5031 2567 5083 καὶ
2599 5029 2688 5098 cpe.

1905 5101 2016 5171 ('58)
2042 5101 2138 5153 Hic
2193 5101 2330 5153 inter
2371 5118 2429 5154 se
2459 5104 2662 5154 variant
2691 5101 2855 5154 nostri
2890 5111 2997 5154 tum
3041 5102 3246 5158 calamo
3292 5120 3389 5158 no-

1836 5173 1951 5235 tati,
1992 5185 2098 5224 tum
2127 5171 2262 5242 typis
2297 5171 2721 5242 descriptilibri.
2759 5172 2933 5226 Editio
2971 5173 3130 5226 Basil.
3151 5183 3203 5226 et
3237 5175 3384 5242 Regii

1833 5243 2038 5309 primus
2059 5241 2388 5308 etseptimus
2411 5257 2530 5294 cum
2555 5240 2706 5293 Colb.
2737 5245 2968 5297 secundo
2987 5254 3038 5296 et
3067 5259 3185 5294 eum
3220 5240 3381 5299 ρυιξι.

1832 5312 2012 5383 itidem
2033 5312 2261 5383 secundo
2279 5310 2803 5383 xsxrqpéwp._Etlitio
2821 5311 2997 5364 Paris.
3020 5314 3381 5383 κεκτημένης.

1827 5379 1977 5434 Colb.
2010 5381 2210 5453 primus
2237 5379 2578 5451 κεκτημένοι.
2619 5381 2748 5448 Heg.
2782 5393 2963 5453 sextus
3004 5379 3380 5453 κεκτημένοιςε

1829 5452 1980 5525 ltegii
2010 5451 2273 5503 secundus
2303 5463 2355 5525 et
2376 5455 2594 5525 quintus
2627 5467 2747 5504 cum
2776 5451 2936 5505 Coisl.
2976 5451 3385 5525 ιιι-ιιιιοκεκτη-

1830 5522 1989 5591 μένου
2024 5533 2036 5570 :
2066 5536 2225 5588 quam
2268 5522 2514 5593 ultimam
2553 5522 2850 5574 lectionem.
2883 5526 3090 5578 t'tL'teris
3142 5522 3380 5593 praetuli-

1828 5590 1974 5651 inns;
2009 5606 2109 5641 non
2143 5590 2279 5657 quod
2328 5595 2609 5643 conveniat
2659 5593 2826 5660 magis
2875 5609 3032 5659 qnam
3080 5590 3238 5656 lectio
3271 5606 3383 5646 mll-

1829 5664 1985 5740 tionis
2023 5660 2360 5740 Parisiensis,
2390 5663 2484 5714 sed
2508 5663 2644 5728 quod
2669 5664 2871 5731 aliquot
2915 5666 3156 5719 codicum
3199 5679 3382 5720 aucto.-

1829 5743 1984 5784 Γιιίιιθ
2019 5743 2238 5782 ηιιλιιιι·.
2511 5757 2513 5759 ί

1903 5802 2008 5872 ςὸθ)
2041 5801 2112 5856 |;a
2145 5815 2276 5855 mss.
2308 5804 2561 5869 quinque.
2596 5801 2734 5856 Editi
2761 5817 2884 5857 vero
2910 5806 2937 5856 ὁ
2970 5804 3147 5872 σοφός.
